{"host":"sav7uxregyirlf69","time":1610117211,"event":{"mods":["AchievementEnabler","BaseMod","Colored Map","DeckTracker","Keyboard Shortcuts","Minty Spire (QoL Compilation)","READ ME - Guardian Mod","StSLib","SuperFastMode"],"gold_per_floor":[115,125,136,136,146,146,163,163,213,241,263,263,263],"floor_reached":12,"playtime":186,"items_purged":[],"score":160,"play_id":"c90b5284-c09f-48d9-93f3-d8bb7a2806ca","local_time":"20210108234651","is_ascension_mode":true,"campfire_choices":[{"data":"Predator","floor":6.0,"key":"SMITH"}],"circlet_count":0,"master_deck":["AscendersBane","Strike_G","Strike_G","Strike_G","Strike_G","Defend_G","Defend_G","Defend_G","Defend_G","Defend_G","Survivor","Neutralize","Poisoned Stab","Predator+1","Backstab","Dagger Spray","Dash","Crippling Poison"],"relics":["Ring of the Snake","NeowsBlessing","Blood Vial","Odd Mushroom"],"acts_visited":["Exordium"],"potions_floor_usage":[12,12],"damage_taken":[{"damage":0.0,"enemies":"Small Slimes","floor":1.0,"turns":1.0},{"damage":0.0,"enemies":"2 Louse","floor":2.0,"turns":1.0},{"damage":0.0,"enemies":"Jaw Worm","floor":3.0,"turns":1.0},{"damage":26.0,"enemies":"Exordium Thugs","floor":5.0,"turns":6.0},{"damage":2.0,"enemies":"Lots of Slimes","floor":7.0,"turns":6.0},{"damage":15.0,"enemies":"Lagavulin","floor":10.0,"turns":5.0},{"damage":11,"enemies":"The Mushroom Lair","floor":11,"turns":4},{"damage":4,"enemies":"Gremlin Nob","floor":12,"turns":2}],"seed_played":"-3257647988483228605","potions_obtained":[{"floor":1.0,"key":"EntropicBrew"},{"floor":5.0,"key":"Swift Potion"},{"floor":10,"key":"Poison Potion"}],"is_trial":false,"path_per_floor":["M","M","M","?","M","R","M","?","T","E","?","E"],"character_chosen":"THE_SILENT","items_purchased":[],"campfire_rested":0,"item_purchase_floors":[],"current_hp_per_floor":[59,59,59,59,33,33,31,24,24,11,2,0,0],"gold":263,"neow_bonus":"THREE_ENEMY_KILL","is_daily":false,"chose_seed":false,"campfire_upgraded":1,"win_rate":0.0,"timestamp":1610117211,"path_taken":["M","M","M","?","M","R","M","?","T","E","?","E"],"items_purchased_type":[],"build_version":"2020-12-22","purchased_purges":0,"victory":false,"max_hp_per_floor":[66,66,66,66,66,66,66,66,66,66,66,66,66],"card_choices":[{"not_picked":["Skewer","Underhanded Strike"],"picked":"Poisoned Stab","floor":1.0},{"not_picked":["PiercingWail","Cloak And Dagger"],"picked":"Predator","floor":2.0},{"not_picked":["Cloak And Dagger","Underhanded Strike","Outmaneuver"],"picked":"SKIP","floor":3.0},{"not_picked":["PiercingWail","Slice"],"picked":"Backstab","floor":5.0},{"not_picked":["Masterful Stab","Poisoned Stab"],"picked":"Dagger Spray","floor":7.0},{"not_picked":["Dagger Spray","Backstab"],"picked":"Dash","floor":10},{"not_picked":["Sucker Punch","Slice"],"picked":"Crippling Poison","floor":11}],"player_experience":1205210,"relics_obtained":[{"floor":9.0,"key":"Blood Vial"},{"floor":11,"key":"Odd Mushroom"}],"event_choices":[{"damage_healed":0.0,"max_hp_gain":0.0,"max_hp_loss":0.0,"gold_gain":0.0,"event_name":"Liars Game","player_choice":"Ignored","floor":4.0,"gold_loss":0.0,"damage_taken":0.0},{"cards_removed":["Strike_G"],"damage_healed":0.0,"max_hp_gain":0.0,"max_hp_loss":0.0,"gold_gain":0.0,"event_name":"Golden Wing","player_choice":"Card Removal","floor":8.0,"gold_loss":0.0,"damage_taken":7.0},{"damage_healed":0,"gold_gain":0,"player_choice":"Fought Mushrooms","damage_taken":0,"max_hp_gain":0,"max_hp_loss":0,"event_name":"Mushrooms","floor":11,"gold_loss":0}],"is_beta":false,"boss_relics":[],"items_purged_floors":[],"is_endless":false,"potions_floor_spawned":[1,5,10],"killed_by":"Gremlin Nob","ascension_level":20}}