{"host":"fm9e0lfunjlbhzxv","time":1610075657,"event":{"mods":["2.2 Compatiblity","Astrologer","BaseMod","Better Match","Better Skull","Better Third Choice","Colored Map","Colored Powertips","Downfall","Friendly Minions","Key Reminder","Kiyohime????","Marisa????????","Minty Spire (QoL Compilation)","Permanent Neow","Rare Cards Sparkle","Relic Stats","Remilia??????","StSLib","The Administrix","The Bug Knight","The Cursed","The Disciple","The Mystic","The Servant 0.9.4","The Vixen","slay the spire mod where everything is the same but ironclad has a cowboy hat"],"gold_per_floor":[13,13,13,25,3,3,35,35,35,52,68,93,93,103,103,203,203,217,65,76,88,107,107,107],"floor_reached":23,"playtime":2459,"items_purged":["KiyohimeMod:FlameKiss"],"score":228,"play_id":"e05e733f-7cc8-400d-b0ab-490d64c559c1","local_time":"20210107191417","is_ascension_mode":false,"campfire_choices":[{"data":"KiyohimeMod:Shapeshift","floor":6,"key":"SMITH"},{"data":"KiyohimeMod:Track","floor":8,"key":"SMITH"},{"floor":15,"key":"REST"}],"circlet_count":0,"master_deck":["KiyohimeMod:Strike","KiyohimeMod:Strike","KiyohimeMod:Strike","KiyohimeMod:Strike","KiyohimeMod:Defend","KiyohimeMod:Defend+1","KiyohimeMod:Defend","KiyohimeMod:Defend+1","KiyohimeMod:Track+1","KiyohimeMod:Shapeshift+1","KiyohimeMod:HotSpringOfTheMoon","KiyohimeMod:CommandCard_Quick","KiyohimeMod:MagicCrystal","KiyohimeMod:Berserker","KiyohimeMod:FirstPremonition","KiyohimeMod:Tenacious","KiyohimeMod:AVerseOfBurningLoveStory","KiyohimeMod:DragonVein","KiyohimeMod:Grimoire","KiyohimeMod:BeElegant+1","KiyohimeMod:CelestialInvertedMoon"],"relics":["KiyohimeMod:FireDragon","TheVixenMod:UmbreonRelic","betterThird:SlimedRelic","War Paint","Singing Bowl","Blood Vial","Black Star"],"acts_visited":["Exordium","TheCity"],"potions_floor_usage":[2,16,16,22],"damage_taken":[{"damage":0,"enemies":"2 Louse","floor":1,"turns":3},{"damage":7,"enemies":"2 Louse","floor":2,"turns":5},{"damage":0,"enemies":"Small Slimes","floor":4,"turns":4},{"damage":29,"enemies":"Gremlin Nob","floor":7,"turns":5},{"damage":0,"enemies":"Cultist","floor":10,"turns":2},{"damage":6,"enemies":"Exordium Thugs","floor":11,"turns":5},{"damage":14,"enemies":"Lagavulin","floor":12,"turns":9},{"damage":3,"enemies":"Blue Slaver","floor":14,"turns":3},{"damage":29,"enemies":"Slime Boss","floor":16,"turns":11},{"damage":16,"enemies":"Chosen","floor":18,"turns":8},{"damage":6,"enemies":"Shell Parasite","floor":20,"turns":7},{"damage":0,"enemies":"Snake Plant","floor":21,"turns":6},{"damage":34,"enemies":"Sentry and Sphere","floor":22,"turns":9},{"damage":36,"enemies":"Slavers","floor":23,"turns":7}],"seed_played":"-2271272254437829044","potions_obtained":[{"floor":1,"key":"EssenceOfSteel"},{"floor":7,"key":"sneckomod:MuddlingPotion"},{"floor":14,"key":"SpeedPotion"},{"floor":16,"key":"LiquidMemories"}],"is_trial":false,"path_per_floor":["M","?","?","M","?","R","E","R","T","M","M","E","?","M","R","B",null,"M","$","M","M","M","E"],"character_chosen":"Kiyohime","items_purchased":["KiyohimeMod:Grimoire"],"campfire_rested":1,"item_purchase_floors":[19],"current_hp_per_floor":[72,65,65,65,54,54,25,25,25,27,21,7,7,6,28,1,74,58,58,54,58,26,0,0],"gold":107,"neow_bonus":"TWENTY_PERCENT_HP_BONUS","is_daily":false,"chose_seed":false,"campfire_upgraded":2,"win_rate":0.0,"timestamp":1610075657,"path_taken":["M","?","?","M","?","R","E","R","T","M","M","E","?","M","R","BOSS","M","$","M","M","?","E"],"items_purchased_type":["Card"],"build_version":"2020-12-22","purchased_purges":1,"victory":false,"max_hp_per_floor":[72,72,72,72,72,72,72,72,72,74,74,74,74,74,74,74,74,74,74,74,76,76,76,76],"relic_stats":{"Blood Vial":12,"Singing Bowl":4,"counters":[14,84],"Black Star":0,"War Paint":["KiyohimeMod:Defend","KiyohimeMod:Defend"],"obtain_stats":[{"Blood Vial":12,"KiyohimeMod:FireDragon":0,"Singing Bowl":9,"betterThird:SlimedRelic":5,"Black Star":17,"War Paint":7,"TheVixenMod:UmbreonRelic":2},{"Blood Vial":7,"KiyohimeMod:FireDragon":0,"Singing Bowl":4,"betterThird:SlimedRelic":3,"Black Star":9,"War Paint":4,"TheVixenMod:UmbreonRelic":1},{"Blood Vial":33,"KiyohimeMod:FireDragon":0,"Singing Bowl":17,"betterThird:SlimedRelic":12,"Black Star":47,"War Paint":17,"TheVixenMod:UmbreonRelic":3}]},"card_choices":[{"not_picked":["KiyohimeMod:FirstPremonition","KiyohimeMod:EatSoul"],"picked":"KiyohimeMod:HotSpringOfTheMoon","floor":1},{"not_picked":["KiyohimeMod:BlueBlackKey","KiyohimeMod:Tenacious"],"picked":"KiyohimeMod:CommandCard_Quick","floor":4},{"not_picked":["KiyohimeMod:FacelessMoon","KiyohimeMod:RedBlackKey"],"picked":"KiyohimeMod:MagicCrystal","floor":7},{"not_picked":["KiyohimeMod:GreenBlackKey","KiyohimeMod:Preemptive","KiyohimeMod:WaterTurn"],"picked":"Singing Bowl","floor":10},{"not_picked":["KiyohimeMod:WaterTurn","KiyohimeMod:RedBlackKey"],"picked":"KiyohimeMod:Berserker","floor":11},{"not_picked":["KiyohimeMod:BeastOfBillows","KiyohimeMod:WaterTurn"],"picked":"KiyohimeMod:FirstPremonition","floor":12},{"not_picked":["KiyohimeMod:AgainstMagic","KiyohimeMod:DragonVein"],"picked":"KiyohimeMod:Tenacious","floor":14},{"not_picked":["KiyohimeMod:HeroCreation","KiyohimeMod:FiringTheFirstArrow"],"picked":"KiyohimeMod:AVerseOfBurningLoveStory","floor":16},{"not_picked":["KiyohimeMod:GreenBlackKey","KiyohimeMod:Projection"],"picked":"KiyohimeMod:DragonVein","floor":18},{"not_picked":["KiyohimeMod:RedBlackKey+1","KiyohimeMod:RealityMarble+1"],"picked":"KiyohimeMod:BeElegant+1","floor":20},{"not_picked":["KiyohimeMod:WaterTurn","KiyohimeMod:HotSpringOfTheMoon+1","KiyohimeMod:RedBlackKey+1"],"picked":"Singing Bowl","floor":21},{"not_picked":["KiyohimeMod:RedBlackKey+1","KiyohimeMod:SteelTraining+1"],"picked":"KiyohimeMod:CelestialInvertedMoon","floor":22}],"player_experience":726816,"relics_obtained":[{"floor":7,"key":"War Paint"},{"floor":9,"key":"Singing Bowl"},{"floor":12,"key":"Blood Vial"}],"event_choices":[{"damage_healed":0,"gold_gain":0,"player_choice":"Fight the Beast\u0027s assailants","damage_taken":0,"relics_obtained":["TheVixenMod:UmbreonRelic"],"max_hp_gain":0,"max_hp_loss":0,"event_name":"Creature of the Night","floor":2,"gold_loss":0},{"damage_healed":65,"gold_gain":0,"player_choice":"Embrace Burn","damage_taken":0,"max_hp_gain":0,"max_hp_loss":72,"event_name":"betterThird:BetterShining","floor":3,"gold_loss":0},{"damage_healed":0,"gold_gain":0,"player_choice":"Slimed","damage_taken":11,"max_hp_gain":0,"max_hp_loss":0,"event_name":"betterThird:BetterGoop","floor":5,"gold_loss":22},{"cards_removed":["Burn"],"damage_healed":0,"gold_gain":0,"player_choice":"Purged","damage_taken":0,"max_hp_gain":0,"max_hp_loss":0,"event_name":"Purifier","floor":13,"gold_loss":0}],"is_beta":false,"boss_relics":[{"not_picked":["Busted Crown","KiyohimeMod:Necromancy"],"picked":"Black Star"}],"items_purged_floors":[19],"is_endless":false,"potions_floor_spawned":[1,7,14,16],"killed_by":"Slavers","ascension_level":0}}