{"host":"rhrkddapnlgqm7yj","time":1610067087,"event":{"mods":["AchievementEnabler","BaseMod","Bestiary","Better Note","Colored Map","Colored Powertips","Filter the Spire","Gold Saver","Minty Spire (QoL Compilation)","Rare Cards Sparkle","Relic Stats","Remove Card Discount Mod","StSLib","SuperFastMode","The IronCluck","Waifu the Spire","everything is the same but u backflip on backflip"],"gold_per_floor":[115,115,129,127,137,167,167,187,210,210,239,255,255,268,268,365,365,382,382,402,421,421,451,451,476,476,476,486,519,519,533,533,629,629,640,473,573,586,596,596,596,596],"floor_reached":41,"playtime":2237,"items_purged":["Strike_R","Parasite","Defend_R","Injury","Defend_R","Bite","Bite","Regret"],"score":487,"play_id":"b99e589f-fc5d-45fa-88a6-8da3d668b0b8","local_time":"20210108015127","is_ascension_mode":true,"campfire_choices":[{"data":"Whirlwind","floor":7,"key":"SMITH"},{"data":"Bash","floor":10,"key":"SMITH"},{"data":"Inflame","floor":15,"key":"SMITH"},{"data":"Limit Break","floor":24,"key":"SMITH"},{"data":"Disarm","floor":30,"key":"SMITH"},{"data":"Metallicize","floor":32,"key":"SMITH"},{"data":"Limit Break","floor":40,"key":"SMITH"}],"circlet_count":0,"master_deck":["Defend_R","Defend_R","Bash+1","Thunderclap","Whirlwind+1","Reaper","Shockwave","Inflame+1","Sword Boomerang","Limit Break+1","Flex","Bite","Bite","Bite","Sword Boomerang","Disarm+1","Metallicize+1","Pommel Strike","Limit Break+1","Intimidate+1","Cleave","Flex+1"],"relics":["Cursed Key","Regal Pillow","Centennial Puzzle","Boot","Letter Opener","Sozu","Unceasing Top","Pantograph","Bronze Scales","Red Mask","Runic Pyramid","Chemical X"],"acts_visited":["Exordium","TheCity","TheBeyond"],"potions_floor_usage":[31],"damage_taken":[{"damage":0,"enemies":"Small Slimes","floor":1,"turns":2},{"damage":0,"enemies":"2 Louse","floor":3,"turns":2},{"damage":7,"enemies":"Jaw Worm","floor":5,"turns":3},{"damage":6,"enemies":"Gremlin Nob","floor":6,"turns":3},{"damage":6,"enemies":"3 Louse","floor":8,"turns":2},{"damage":26,"enemies":"Lagavulin","floor":11,"turns":5},{"damage":2,"enemies":"2 Fungi Beasts","floor":12,"turns":3},{"damage":12,"enemies":"Blue Slaver","floor":14,"turns":3},{"damage":26,"enemies":"Slime Boss","floor":16,"turns":6},{"damage":0,"enemies":"3 Byrds","floor":18,"turns":2},{"damage":11,"enemies":"Chosen","floor":20,"turns":3},{"damage":0,"enemies":"3 Cultists","floor":21,"turns":2},{"damage":29,"enemies":"Gremlin Leader","floor":23,"turns":4},{"damage":19,"enemies":"Slavers","floor":25,"turns":2},{"damage":23,"enemies":"Sentry and Sphere","floor":28,"turns":4},{"damage":0,"enemies":"Masked Bandits","floor":29,"turns":2},{"damage":20,"enemies":"Centurion and Healer","floor":31,"turns":5},{"damage":16,"enemies":"Champ","floor":33,"turns":7},{"damage":48,"enemies":"3 Shapes","floor":35,"turns":4},{"damage":8,"enemies":"3 Darklings","floor":38,"turns":2},{"damage":16,"enemies":"4 Shapes","floor":39,"turns":2},{"damage":34,"enemies":"Nemesis","floor":41,"turns":2}],"seed_played":"-4869279092880781853","potions_obtained":[{"floor":5,"key":"Weak Potion"},{"floor":6,"key":"FearPotion"},{"floor":8,"key":"Dexterity Potion"},{"floor":11,"key":"BloodPotion"},{"floor":16,"key":"Dexterity Potion"}],"is_trial":false,"path_per_floor":["M","?","M","$","M","E","R","M","T","R","E","M","?","M","R","B",null,"M","?","M","M","?","E","R","E","T","?","M","?","R","M","R","B",null,"M","$","?","M","M","R","E"],"character_chosen":"IRONCLAD","items_purchased":["Chemical X"],"campfire_rested":0,"item_purchase_floors":[36],"current_hp_per_floor":[80,80,80,80,73,67,67,73,73,73,50,58,58,51,51,55,80,80,80,69,69,56,35,35,20,20,11,10,12,12,44,44,59,61,28,28,28,38,26,26,0,0],"gold":596,"neow_bonus":"BOSS_RELIC","is_daily":false,"chose_seed":false,"campfire_upgraded":7,"win_rate":0.0,"timestamp":1610067087,"path_taken":["M","?","M","$","M","E","R","M","T","R","E","M","?","M","R","BOSS","M","?","M","M","?","E","R","E","T","?","M","?","R","M","R","BOSS","M","$","?","M","M","R","E"],"items_purchased_type":["Relic"],"build_version":"2020-12-22","purchased_purges":8,"victory":false,"max_hp_per_floor":[80,80,80,80,80,80,80,80,80,80,80,80,80,80,80,80,80,80,80,80,80,56,56,56,56,56,61,61,61,61,61,61,61,61,61,58,58,58,58,58,58,58],"relic_stats":{"Sozu":6,"Regal Pillow":0,"Centennial Puzzle":[42],"counters":[22,70],"Pantograph":17,"Bronze Scales":[42],"Letter Opener":[36],"Chemical X":[4],"Cursed Key":2,"Boot":[60],"obtain_stats":[{"Regal Pillow":6,"Letter Opener":13,"Cursed Key":0,"Boot":11,"Burning Blood":0,"Sozu":17,"Centennial Puzzle":9,"Pantograph":25,"Bronze Scales":26,"Red Mask":29,"Chemical X":36,"Unceasing Top":23,"Runic Pyramid":34},{"Regal Pillow":4,"Letter Opener":7,"Cursed Key":0,"Boot":6,"Burning Blood":0,"Sozu":9,"Centennial Puzzle":5,"Pantograph":14,"Bronze Scales":14,"Red Mask":16,"Chemical X":19,"Unceasing Top":13,"Runic Pyramid":18},{"Regal Pillow":10,"Letter Opener":20,"Cursed Key":0,"Boot":17,"Burning Blood":0,"Sozu":29,"Centennial Puzzle":12,"Pantograph":42,"Bronze Scales":42,"Red Mask":48,"Chemical X":64,"Unceasing Top":40,"Runic Pyramid":60}],"Unceasing Top":[2]},"card_choices":[{"not_picked":["Perfected Strike","Clothesline"],"picked":"Thunderclap","floor":1},{"not_picked":["Twin Strike","Rage"],"picked":"Whirlwind","floor":3},{"not_picked":["Dropkick","Intimidate","Warcry"],"picked":"SKIP","floor":5},{"not_picked":["Clothesline","Rage"],"picked":"Reaper","floor":6},{"not_picked":["Thunderclap","Hemokinesis","Twin Strike"],"picked":"SKIP","floor":8},{"not_picked":["Corruption","Warcry"],"picked":"Shockwave","floor":11},{"not_picked":["Armaments","Heavy Blade"],"picked":"Inflame","floor":12},{"not_picked":["Perfected Strike","Body Slam"],"picked":"Sword Boomerang","floor":14},{"not_picked":["Reaper","Fiend Fire"],"picked":"Limit Break","floor":16},{"not_picked":["Thunderclap","Warcry","Burning Pact"],"picked":"SKIP","floor":18},{"not_picked":["Sever Soul","Clash"],"picked":"Flex","floor":20},{"not_picked":["Clash+1","Hemokinesis","Fiend Fire"],"picked":"SKIP","floor":21},{"not_picked":["Headbutt","Twin Strike"],"picked":"Sword Boomerang","floor":23},{"not_picked":["Pommel Strike+1","Fire Breathing"],"picked":"Disarm","floor":25},{"not_picked":["Blood for Blood+1","Feel No Pain"],"picked":"Metallicize","floor":28},{"not_picked":["Body Slam","Sword Boomerang"],"picked":"Pommel Strike","floor":31},{"not_picked":["Bludgeon","Impervious"],"picked":"Limit Break","floor":33},{"not_picked":["Thunderclap","Perfected Strike+1"],"picked":"Intimidate+1","floor":35},{"not_picked":["Reckless Charge","Combust"],"picked":"Cleave","floor":38},{"not_picked":["Rampage+1","Clothesline+1"],"picked":"Flex+1","floor":39}],"player_experience":54204,"relics_obtained":[{"floor":6,"key":"Regal Pillow"},{"floor":9,"key":"Centennial Puzzle"},{"floor":11,"key":"Boot"},{"floor":23,"key":"Unceasing Top"},{"floor":25,"key":"Pantograph"},{"floor":26,"key":"Bronze Scales"},{"floor":29,"key":"Red Mask"}],"event_choices":[{"damage_healed":0,"gold_gain":0,"player_choice":"Leave","damage_taken":0,"max_hp_gain":0,"max_hp_loss":0,"event_name":"The Cleric","floor":2,"gold_loss":0},{"damage_healed":0,"gold_gain":0,"player_choice":"Box","damage_taken":0,"relics_obtained":["Letter Opener"],"max_hp_gain":0,"max_hp_loss":0,"event_name":"Big Fish","floor":13,"gold_loss":0,"cards_obtained":["Regret"]},{"damage_healed":0,"gold_gain":0,"player_choice":"Ignored","damage_taken":0,"max_hp_gain":0,"max_hp_loss":0,"event_name":"Ghosts","floor":19,"gold_loss":0},{"damage_healed":0,"gold_gain":0,"player_choice":"Became a vampire","damage_taken":0,"max_hp_gain":0,"max_hp_loss":24,"event_name":"Vampires","floor":22,"gold_loss":0,"cards_obtained":["Bite","Bite","Bite","Bite","Bite"]},{"damage_healed":0,"gold_gain":0,"player_choice":"Shed Blood","damage_taken":14,"max_hp_gain":5,"max_hp_loss":0,"event_name":"Forgotten Altar","floor":27,"gold_loss":0},{"damage_healed":0,"gold_gain":0,"player_choice":"Fought Bandits","damage_taken":0,"max_hp_gain":0,"max_hp_loss":0,"event_name":"Masked Bandits","floor":29,"gold_loss":0},{"damage_healed":0,"gold_gain":100,"player_choice":"Pray","damage_taken":0,"max_hp_gain":0,"max_hp_loss":0,"event_name":"Golden Shrine","floor":37,"gold_loss":0}],"is_beta":false,"boss_relics":[{"not_picked":["Astrolabe","Empty Cage"],"picked":"Sozu"},{"not_picked":["Tiny House","Runic Dome"],"picked":"Runic Pyramid"}],"items_purged_floors":[4,36,36,36,36,36,36,36],"is_endless":false,"potions_floor_spawned":[5,6,8,11,16,18,23,28,29,35,38,39],"killed_by":"Nemesis","ascension_level":2}}