{"host":"6hzrz31j95f2y1pa","time":1610071334,"event":{"mods":["BaseMod","Colored Map","Downfall","Minty Spire (QoL Compilation)","StSLib"],"gold_per_floor":[399,399,418,437,456,491,514,534,103,28,56,76,106,117,134,134,134,134],"floor_reached":16,"playtime":510,"items_purged":["Writhe"],"score":217,"play_id":"1ad5c9da-409c-44dc-95f7-172e8abdd679","local_time":"20210107210214","is_ascension_mode":true,"campfire_choices":[{"data":"hexamod:Float","floor":1.0,"key":"SMITH"},{"floor":10.0,"key":"REST"}],"circlet_count":0,"master_deck":["AscendersBane","hexamod:Strike","hexamod:Strike","hexamod:Strike+1","hexamod:Strike","hexamod:Defend","hexamod:Defend","hexamod:Defend","hexamod:Defend","hexamod:Sear","hexamod:Float+1","hexamod:RetreatToShadows","hexamod:SpectersWail+1","hexamod:GhostLash","hexamod:Rewind","hexamod:NightmareStrike","hexamod:ThermalTransfer","hexamod:GhostLash","hexamod:RadiantFlame","hexamod:GhostShield","hexamod:ThermalTransfer","hexamod:PhantomCloak"],"relics":["hexamod:SpiritBrand","Old Coin","Bronze Scales","Whetstone","Blood Vial","Vajra","downfall:HeartBlessingGreen","Sundial","Pen Nib"],"acts_visited":["Exordium"],"potions_floor_usage":[16,16],"damage_taken":[{"damage":2.0,"enemies":"Jaw Worm","floor":3.0,"turns":4.0},{"damage":0.0,"enemies":"Cultist","floor":4.0,"turns":3.0},{"damage":2.0,"enemies":"2 Louse","floor":5.0,"turns":3.0},{"damage":41.0,"enemies":"Gremlin Nob","floor":6.0,"turns":6.0},{"damage":3.0,"enemies":"Red Slaver","floor":8.0,"turns":3.0},{"damage":0.0,"enemies":"downfall:FleeingMerchant","floor":9.0,"turns":4.0},{"damage":8.0,"enemies":"3 Sentries","floor":11.0,"turns":6.0},{"damage":0.0,"enemies":"Gremlin Gang","floor":12.0,"turns":2.0},{"damage":12.0,"enemies":"Gremlin Nob","floor":13.0,"turns":4.0},{"damage":5.0,"enemies":"Exordium Thugs","floor":14.0,"turns":3.0},{"damage":0,"enemies":"Large Slime","floor":15,"turns":2},{"damage":25,"enemies":"downfall:Ironclad","floor":16,"turns":5}],"seed_played":"6228602978063061382","potions_obtained":[{"floor":4.0,"key":"SteroidPotion"},{"floor":5.0,"key":"Fire Potion"},{"floor":6.0,"key":"LiquidMemories"},{"floor":8.0,"key":"DistilledChaos"}],"is_trial":false,"path_per_floor":["R","?","M","M","M","E","T","M","$","R","E","M","E","M","M","B"],"character_chosen":"THE_SPIRIT","items_purchased":["Blood Vial","Vajra","hexamod:GhostLash"],"campfire_rested":1,"item_purchase_floors":[9,9,9],"current_hp_per_floor":[57,62,60,60,58,17,17,14,14,34,28,30,20,17,19,0,0,0],"gold":134,"neow_bonus":"ONE_RARE_RELIC","is_daily":false,"chose_seed":false,"campfire_upgraded":1,"win_rate":0.0,"timestamp":1610071334,"path_taken":["R","?","M","M","M","E","T","M","$","R","E","M","E","M","M","BOSS"],"items_purchased_type":["Relic","Relic","Card"],"build_version":"2020-12-22","purchased_purges":1,"victory":false,"max_hp_per_floor":[63,68,68,68,68,68,68,68,68,68,68,68,68,68,68,68,68,68],"card_choices":[{"not_picked":["hexamod:GhostflameBarrier","hexamod:FlamesFromBeyond"],"picked":"hexamod:RetreatToShadows","floor":3.0},{"not_picked":["hexamod:ChargedBarrage","hexamod:NightmareStrike"],"picked":"hexamod:SpectersWail","floor":4.0},{"not_picked":["hexamod:EtherealExpedition","hexamod:PhantomFireball"],"picked":"hexamod:GhostLash","floor":5.0},{"not_picked":["hexamod:GhostflameBarrier","hexamod:PowerFromBeyond"],"picked":"hexamod:Rewind","floor":6.0},{"not_picked":["hexamod:PhantomCloak","hexamod:SkipABeat"],"picked":"hexamod:NightmareStrike","floor":8.0},{"not_picked":["hexamod:DynamicBlow","hexamod:SpectersWail"],"picked":"hexamod:ThermalTransfer","floor":9.0},{"not_picked":["hexamod:BacktrackSmack","hexamod:CatchUp","hexamod:RecurringNightmare"],"picked":"SKIP","floor":11.0},{"not_picked":["hexamod:Again","hexamod:FastForward"],"picked":"hexamod:RadiantFlame","floor":12.0},{"not_picked":["hexamod:ThermalTransfer","hexamod:TurnItUp"],"picked":"hexamod:GhostShield","floor":13.0},{"not_picked":["hexamod:AdvancingGuard","hexamod:ExtraCrispy"],"picked":"hexamod:ThermalTransfer","floor":14.0},{"not_picked":["hexamod:PhantomFireball","hexamod:GhostOfSpirePresent"],"picked":"hexamod:PhantomCloak","floor":15}],"player_experience":1300676,"relics_obtained":[{"floor":6.0,"key":"Bronze Scales"},{"floor":7.0,"key":"Whetstone"},{"floor":11.0,"key":"Sundial"},{"floor":13.0,"key":"Pen Nib"}],"event_choices":[{"damage_healed":0.0,"max_hp_gain":5.0,"max_hp_loss":0.0,"gold_gain":0.0,"event_name":"Big Fish","player_choice":"Donut","floor":2.0,"gold_loss":0.0,"damage_taken":0.0}],"is_beta":false,"boss_relics":[],"items_purged_floors":[9],"is_endless":false,"potions_floor_spawned":[4,5,6,8,11,14,15],"killed_by":"downfall:Ironclad","ascension_level":15}}