{"host":"eeuhgv8goqdjv4ip","time":1610093050,"event":{"mods":["2.2 Compatiblity","AchievementEnabler","BaseMod","Challenge The Spire","Colored Map","Colored Powertips","Conspire","Dark Map","Hubris","Infinite Spire","Marisa????????","Minty Spire (QoL Compilation)","Remilia??????","Replay The Spire","SIMod","StSLib","The Animator","The Saiyan","The Servant 0.9.4","The Wild Card"],"gold_per_floor":[118,328,341,341,341,341,376,376,431,457,474,474,493,11,11,112,112,128,128,128,141,141,167,167,201,225,225,28,46,62,62,62,160,160,180,192,192,192,209,209,237,250,250,250,250,264,276,296,296,296,296,296,43,71,71],"floor_reached":56,"playtime":4747,"items_purged":["Strike_R","Strike_R"],"score":1220,"play_id":"bda5b083-64d5-41cf-955e-0e45ee57822d","local_time":"20210108040410","is_ascension_mode":true,"campfire_choices":[{"data":"Rage","floor":6,"key":"SMITH"},{"data":"Body Slam","floor":8,"key":"SMITH"},{"data":"Flame Barrier","floor":12,"key":"SMITH"},{"data":"Armaments","floor":15,"key":"SMITH"},{"data":"Dark Embrace","floor":24,"key":"SMITH"},{"data":"Dual Wield","floor":27,"key":"SMITH"},{"data":"Fire Breathing","floor":32,"key":"SMITH"},{"data":"Pommel Strike","floor":40,"key":"SMITH"},{"floor":44,"key":"RECALL"},{"data":"theWildCard:Sakuya","floor":49,"key":"SMITH"},{"data":"Offering","floor":52,"key":"SMITH"}],"circlet_count":0,"master_deck":["Strike_R","Strike_R","Defend_R","Defend_R","Defend_R","Defend_R","Bash","Flame Barrier+1","Body Slam+1","Rage+1","Fire Breathing+1","Pommel Strike+1","Armaments+1","Dual Wield+1","Offering+1","Rage+1","theWildCard:Sakuya+1","Dark Embrace+1","Shrug It Off","hubris:ReadiedAction+1","Immolate","Seeing Red+1","Fire Breathing+1","Feel No Pain+1","ReplayReversal+1","ReplayTheSpireMod:Stacked+1","Metallicize+1","Barricade+1"],"relics":["Burning Blood","ReplayTheSpireMod:Ninjato","Omamori","Blood Vial","Anchor","TheAbacus","Mark of Pain","hubris:Towel","Incense Burner","Replay:Bottled Flurry","Bronze Scales","Replay:Baseball","Calling Bell","Oddly Smooth Stone","Frozen Egg 2","Lizard Tail","Replay:Kaleidoscope","Bottled Flame"],"acts_visited":["Exordium","TheCity","TheBeyond","TheEnding"],"potions_floor_usage":[13,48,50,55,55,55],"damage_taken":[{"damage":1,"enemies":"Jaw Worm","floor":1,"turns":3},{"damage":3,"enemies":"conspire:RoseBush","floor":3,"turns":3},{"damage":30,"enemies":"Replay:BlueRogue","floor":7,"turns":10},{"damage":50,"enemies":"Lagavulin","floor":10,"turns":7},{"damage":0,"enemies":"2 Louse","floor":11,"turns":3},{"damage":0,"enemies":"Exordium Wildlife","floor":13,"turns":3},{"damage":24,"enemies":"Slime Boss","floor":16,"turns":8},{"damage":6,"enemies":"Chosen","floor":18,"turns":3},{"damage":7,"enemies":"Shell Parasite","floor":21,"turns":5},{"damage":26,"enemies":"conspire:SneckoGhost","floor":23,"turns":9},{"damage":10,"enemies":"Replay:Snechameleon","floor":25,"turns":9},{"damage":0,"enemies":"conspire:HollyBat","floor":29,"turns":7},{"damage":6,"enemies":"Snake Plant","floor":30,"turns":4},{"damage":37,"enemies":"Collector","floor":33,"turns":8},{"damage":0,"enemies":"Orb Walker","floor":35,"turns":4},{"damage":6,"enemies":"3 Shapes","floor":36,"turns":2},{"damage":7,"enemies":"Jaw Worm Horde","floor":39,"turns":3},{"damage":33,"enemies":"Giant Head","floor":41,"turns":7},{"damage":6,"enemies":"Writhing Mass","floor":42,"turns":5},{"damage":19,"enemies":"3 Darklings","floor":46,"turns":4},{"damage":6,"enemies":"Jaw Worm Horde","floor":47,"turns":3},{"damage":8,"enemies":"Sphere and 2 Shapes","floor":48,"turns":5},{"damage":61,"enemies":"Awakened One","floor":50,"turns":11},{"damage":15,"enemies":"Shield and Spear","floor":54,"turns":5},{"damage":39,"enemies":"The Heart","floor":55,"turns":9}],"seed_played":"-8450523927302283981","potions_obtained":[{"floor":1,"key":"Dexterity Potion"},{"floor":7,"key":"Elixir"},{"floor":10,"key":"Adrenaline Potion"},{"floor":21,"key":"Block Potion"},{"floor":25,"key":"Block Potion"},{"floor":36,"key":"Dexterity Potion"},{"floor":48,"key":"ColorlessPotion"}],"is_trial":false,"path_per_floor":["M","?","M","?","?","R","E","R","T","E","M","R","M","$","R","B",null,"M","?","?","M","?","E","R","E","T","R","$","M","M","$","R","B",null,"M","M","?","?","M","R","E","M","T","R","?","M","M","M","R","B",null,"R","$","E","B",null],"character_chosen":"IRONCLAD","items_purchased":["Anchor","TheAbacus","Armaments","Dual Wield","Replay:Baseball","Shrug It Off","Metallicize+1","Reflective Coating"],"campfire_rested":0,"item_purchase_floors":[14,14,14,14,28,28,53,53],"current_hp_per_floor":[85,85,85,85,78,78,54,54,54,10,18,18,26,26,26,10,85,85,85,85,84,84,65,65,63,63,63,63,71,73,73,73,44,85,85,85,85,85,84,84,58,60,60,60,60,49,51,51,51,69,85,85,85,76,45],"gold":71,"neow_bonus":"RANDOM_EVENT","is_daily":false,"chose_seed":false,"campfire_upgraded":10,"win_rate":0.0,"timestamp":1610093050,"path_taken":["M","?","M","?","?","R","E","R","T","E","M","R","M","?","R","BOSS","M","?","?","?","?","E","R","E","T","R","$","?","M","?","R","BOSS","M","M","?","?","M","R","E","M","T","R","?","?","M","?","R","BOSS","R","$","E","BOSS"],"items_purchased_type":["Relic","Relic","Card","Card","Relic","Card","Card","Potion"],"build_version":"2020-12-22","purchased_purges":2,"victory":true,"max_hp_per_floor":[85,85,85,85,85,85,85,85,85,85,85,85,85,85,85,85,85,85,85,85,85,85,85,85,85,85,85,85,85,85,85,85,85,85,85,85,85,85,85,85,85,85,85,85,85,85,85,85,85,85,85,85,85,85,85],"card_choices":[{"not_picked":["Replay:Undeath\u0027s Touch","Thunderclap"],"picked":"Flame Barrier","floor":1},{"not_picked":["Anger","True Grit"],"picked":"Body Slam","floor":2},{"not_picked":["Pummel","Sever Soul"],"picked":"Rage","floor":3},{"not_picked":["Heavy Blade","Replay:Undeath\u0027s Touch","Searing Blow"],"picked":"SKIP","floor":7},{"not_picked":["Pommel Strike","Dropkick"],"picked":"Fire Breathing","floor":10},{"not_picked":["Rupture","Rampage","Thunderclap"],"picked":"SKIP","floor":11},{"not_picked":["Life Link","Headbutt"],"picked":"Pommel Strike","floor":13},{"not_picked":["Exhume","Fiend Fire"],"picked":"Offering","floor":16},{"not_picked":["Twin Strike+1","Anger","Sever Soul"],"picked":"SKIP","floor":18},{"not_picked":["Anger","Searing Blow+1"],"picked":"Rage","floor":21},{"not_picked":["conspire:ExplosiveBarrier","Heavy Blade"],"picked":"Dark Embrace","floor":23},{"not_picked":["Pommel Strike","hubris:SharpeningStone","Replay:Many Hands"],"picked":"SKIP","floor":25},{"not_picked":["Pommel Strike","Exhume"],"picked":"hubris:ReadiedAction+1","floor":29},{"not_picked":["Havoc","Flex+1","Abandon"],"picked":"SKIP","floor":30},{"not_picked":["Demonic Infusion","Brutality"],"picked":"Immolate","floor":33},{"not_picked":["Replay:Undeath\u0027s Touch","ReplayTheSpireMod:Strike From Hell+1"],"picked":"Seeing Red+1","floor":35},{"not_picked":["Replay:Undeath\u0027s Touch+1","Anger"],"picked":"Fire Breathing+1","floor":36},{"not_picked":["Perfected Strike+1","conspire:Charge+1","Heavy Blade"],"picked":"SKIP","floor":39},{"not_picked":["hubris:SharpeningStone+1","Twin Strike+1"],"picked":"Feel No Pain+1","floor":41},{"not_picked":["Twin Strike","Run Through+1"],"picked":"ReplayReversal","floor":42},{"not_picked":["Perfected Strike+1","ReplayTheSpireMod:Limb From Limb+1","Cleave"],"picked":"SKIP","floor":46},{"not_picked":["Havoc+1","Armaments"],"picked":"ReplayTheSpireMod:Stacked+1","floor":47},{"not_picked":["True Grit","Pommel Strike","ReplayReversal"],"picked":"SKIP","floor":48},{"not_picked":["Warcry","Havoc+1"],"picked":"Barricade+1","floor":54}],"player_experience":410062,"relics_obtained":[{"floor":7,"key":"ReplayTheSpireMod:Ninjato"},{"floor":9,"key":"Omamori"},{"floor":10,"key":"Blood Vial"},{"floor":23,"key":"Incense Burner"},{"floor":25,"key":"Replay:Bottled Flurry"},{"floor":26,"key":"Bronze Scales"},{"floor":34,"key":"Oddly Smooth Stone"},{"floor":34,"key":"Frozen Egg 2"},{"floor":34,"key":"Lizard Tail"},{"floor":41,"key":"Replay:Kaleidoscope"},{"floor":54,"key":"Bottled Flame"}],"event_choices":[{"damage_healed":0,"gold_gain":0,"player_choice":"Donut","damage_taken":0,"max_hp_gain":5,"max_hp_loss":0,"event_name":"Big Fish","floor":0,"gold_loss":0},{"damage_healed":0,"gold_gain":0,"player_choice":"Ignored","damage_taken":0,"max_hp_gain":0,"max_hp_loss":0,"event_name":"Liars Game","floor":4,"gold_loss":0},{"cards_removed":["Strike_R"],"damage_healed":0,"gold_gain":0,"player_choice":"Card Removal","damage_taken":7,"max_hp_gain":0,"max_hp_loss":0,"event_name":"Golden Wing","floor":5,"gold_loss":0},{"damage_healed":0,"gold_gain":0,"player_choice":"Ignored","damage_taken":0,"max_hp_gain":0,"max_hp_loss":0,"event_name":"Ghosts","floor":20,"gold_loss":0},{"damage_healed":0,"gold_gain":0,"player_choice":"Read","damage_taken":0,"max_hp_gain":0,"max_hp_loss":0,"event_name":"The Library","floor":22,"gold_loss":0,"cards_obtained":["theWildCard:Sakuya"]},{"damage_healed":0,"gold_gain":0,"player_choice":"Forge","damage_taken":0,"max_hp_gain":0,"max_hp_loss":0,"event_name":"Accursed Blacksmith","floor":45,"gold_loss":0,"cards_upgraded":["ReplayReversal"]}],"is_beta":false,"boss_relics":[{"not_picked":["Kintsugi","conspire:RunicOctahedron"],"picked":"Mark of Pain"},{"not_picked":["Replay:Grab Bag","hubris:GrandSneckoEye"],"picked":"Calling Bell"}],"items_purged_floors":[14,53],"is_endless":false,"potions_floor_spawned":[1,7,10,21,25,29,36,41,47,48],"ascension_level":1}}