{"host":"dtm4abeon6jfxj1d","time":1610130453,"event":{"mods":["BaseMod","Downfall","Minty Spire (QoL Compilation)","Rare Cards Sparkle","StSLib"],"gold_per_floor":[20,40,315,326,14,14,42,42,92,108,8,8,22,57,57,153,153,164,175,175,50,50,50,76,76,76,76,96,114,114,114,114,114,114],"floor_reached":33,"playtime":1202,"items_purged":["Regret","Pain","Strike_R+1"],"score":369,"play_id":"be7b57a4-93ae-438c-a098-b1d09dd5ad39","local_time":"20210108132733","is_ascension_mode":true,"campfire_choices":[{"data":"Juggernaut","floor":6,"key":"SMITH"},{"data":"Armaments","floor":15,"key":"SMITH"},{"data":"Bash","floor":23,"key":"SMITH"},{"data":"Metallicize","floor":25,"key":"SMITH"},{"data":"Entrench","floor":30,"key":"SMITH"},{"floor":32,"key":"REST"}],"circlet_count":0,"master_deck":["Strike_R+1","Strike_R+1","Strike_R+1","Strike_R+1","Defend_R+1","Defend_R+1","Defend_R+1","Defend_R+1","Bash+1","Armaments+1","Metallicize+1","Entrench+1","Juggernaut+1","Good Instincts","Shrug It Off","Feed+1","Shame"],"relics":["Burning Blood","TungstenRod","Bag of Marbles","WarpedTongs","Centennial Puzzle","Pen Nib","Sozu","Tiny Chest","Orichalcum","FossilizedHelix"],"acts_visited":["Exordium","TheCity"],"potions_floor_usage":[7,16],"damage_taken":[{"damage":10,"enemies":"2 Louse","floor":1,"turns":3},{"damage":3,"enemies":"Cultist","floor":2,"turns":5},{"damage":20,"enemies":"Jaw Worm","floor":4,"turns":7},{"damage":20,"enemies":"3 Sentries","floor":7,"turns":6},{"damage":14,"enemies":"Lots of Slimes","floor":10,"turns":4},{"damage":0,"enemies":"Red Slaver","floor":13,"turns":4},{"damage":3,"enemies":"Lagavulin","floor":14,"turns":6},{"damage":24,"enemies":"Hexaghost","floor":16,"turns":10},{"damage":8,"enemies":"3 Byrds","floor":18,"turns":5},{"damage":3,"enemies":"Shell Parasite","floor":19,"turns":5},{"damage":36,"enemies":"Slavers","floor":24,"turns":6},{"damage":0,"enemies":"3 Cultists","floor":28,"turns":6},{"damage":0,"enemies":"Centurion and Healer","floor":29,"turns":6},{"damage":92,"enemies":"Automaton","floor":33,"turns":12}],"seed_played":"-6090105017603120093","potions_obtained":[{"floor":1,"key":"champ:CounterPotion"},{"floor":10,"key":"Strength Potion"},{"floor":16,"key":"GamblersBrew"}],"is_trial":false,"path_per_floor":["M","M","?","M","$","R","E","?","T","M","$","$","M","E","R","B",null,"M","M","?","$","?","R","E","R","T","?","M","M","R","?","R","B"],"character_chosen":"IRONCLAD","items_purchased":["Juggernaut","Good Instincts"],"campfire_rested":1,"item_purchase_floors":[5,5],"current_hp_per_floor":[68,71,71,57,57,57,43,43,43,35,35,35,41,44,44,26,67,65,68,68,68,68,68,42,42,42,42,52,61,61,61,88,0,0],"gold":114,"neow_bonus":"ONE_RARE_RELIC","is_daily":false,"chose_seed":false,"campfire_upgraded":5,"win_rate":0.0,"timestamp":1610130453,"path_taken":["M","M","?","?","$","R","E","?","T","?","?","$","M","E","R","BOSS","M","M","?","$","?","R","E","R","T","?","M","M","R","?","R","BOSS"],"items_purchased_type":["Card","Card"],"build_version":"2020-12-22","purchased_purges":3,"victory":false,"max_hp_per_floor":[80,80,80,80,80,80,80,80,80,80,80,80,80,80,80,80,80,80,80,80,80,80,80,84,84,84,84,88,91,91,91,91,91,91],"card_choices":[{"not_picked":["Dropkick","Wild Strike"],"picked":"Armaments","floor":1},{"not_picked":["Dual Wield","Disarm"],"picked":"Metallicize","floor":2},{"not_picked":["Blood for Blood","Uppercut"],"picked":"Entrench","floor":4},{"not_picked":["Bloodletting","Wild Strike"],"picked":"Shrug It Off","floor":7},{"not_picked":["Clash","Pommel Strike","Anger"],"picked":"SKIP","floor":10},{"not_picked":["Warcry","Hemokinesis","Intimidate"],"picked":"SKIP","floor":13},{"not_picked":["Brutality","Clothesline","Clash"],"picked":"SKIP","floor":14},{"not_picked":["Limit Break","Brutality"],"picked":"Feed","floor":16},{"not_picked":["Perfected Strike+1","Dual Wield","Sword Boomerang"],"picked":"SKIP","floor":18},{"not_picked":["Armaments","Perfected Strike","Sever Soul"],"picked":"SKIP","floor":19},{"not_picked":["Rage+1","Evolve","Seeing Red"],"picked":"SKIP","floor":24},{"not_picked":["Twin Strike","Iron Wave","Burning Pact"],"picked":"SKIP","floor":28},{"not_picked":["Heavy Blade","Perfected Strike","Entrench"],"picked":"SKIP","floor":29}],"player_experience":191622,"relics_obtained":[{"floor":7,"key":"Bag of Marbles"},{"floor":9,"key":"Centennial Puzzle"},{"floor":14,"key":"Pen Nib"},{"floor":24,"key":"Tiny Chest"},{"floor":26,"key":"Orichalcum"}],"event_choices":[{"damage_healed":0,"gold_gain":275,"player_choice":"Desecrate","damage_taken":0,"max_hp_gain":0,"max_hp_loss":0,"event_name":"Golden Shrine","floor":3,"gold_loss":0,"cards_obtained":["Regret"]},{"damage_healed":0,"gold_gain":0,"player_choice":"Rummage","damage_taken":0,"relics_obtained":["WarpedTongs"],"max_hp_gain":0,"max_hp_loss":0,"event_name":"Accursed Blacksmith","floor":8,"gold_loss":0,"cards_obtained":["Pain"]},{"damage_healed":0,"gold_gain":0,"player_choice":"Simplicity","damage_taken":0,"max_hp_gain":0,"max_hp_loss":0,"event_name":"Back to Basics","floor":20,"gold_loss":0,"cards_upgraded":["Strike_R","Strike_R","Strike_R","Strike_R","Strike_R","Defend_R","Defend_R","Defend_R","Defend_R"]},{"damage_healed":0,"gold_gain":0,"player_choice":"Ignored","damage_taken":0,"max_hp_gain":0,"max_hp_loss":0,"event_name":"Ghosts","floor":22,"gold_loss":0},{"damage_healed":0,"gold_gain":0,"player_choice":"Stole Relic","damage_taken":0,"relics_obtained":["FossilizedHelix"],"max_hp_gain":0,"max_hp_loss":0,"event_name":"Addict","floor":27,"gold_loss":0,"cards_obtained":["Shame"]},{"damage_healed":0,"gold_gain":0,"player_choice":"Upgraded","damage_taken":0,"max_hp_gain":0,"max_hp_loss":0,"event_name":"Upgrade Shrine","floor":31,"gold_loss":0,"cards_upgraded":["Feed"]}],"is_beta":false,"boss_relics":[{"not_picked":["Runic Dome","Calling Bell"],"picked":"Sozu"}],"items_purged_floors":[5,11,21],"is_endless":false,"potions_floor_spawned":[1,10,16,19,24],"killed_by":"Automaton","ascension_level":7}}