{"host":"ox77rn1xcurm2t5a","time":1610147788,"event":{"mods":["2.2 Compatiblity","AchievementEnabler","Act Like it!","Aspiration","BaseMod","Best Route Mod","Better Match","Better Note","Better Sensory Stone","Block Reminder","Colored Map","Colored Powertips","Conjunction","Conspire","Custom Start","Energized Spire","GifTheSpireLib","Gold Saver","Gremlin Skip","Halation","Highlight Path","Hubris","Infinite Spire","Minty Spire (QoL Compilation)","Pale of the Ancients","Quick Restart","Replay The Spire","Reworked Bosses","ShortenTheSpire","Spire Exporter","StSLib","Stuff the Spire","Wandering Minibosses","vexMod"],"gold_per_floor":[119,44,44,60,60,60,92,92,115,144,104,139,150,166,166,166,166],"floor_reached":16,"playtime":285,"items_purged":["Strike_B"],"score":236,"play_id":"041a560c-4584-4e42-83ae-d7e70efac3c5","local_time":"20210109011628","is_ascension_mode":true,"campfire_choices":[{"floor":6,"key":"RECALL"},{"data":"Zap","floor":8,"key":"SMITH"},{"data":"StuffTheSpire:Synthwave","floor":15,"key":"SMITH"}],"circlet_count":0,"master_deck":["AscendersBane","Strike_B","Strike_B","Strike_B","Defend_B","Defend_B","Defend_B","Defend_B","Zap+1","Dualcast","StuffTheSpire:Synthwave+1","Gash"],"relics":["Cracked Core","NeowsBlessing","Pen Nib","StuffTheSpire:GrapeVine","Bronze Scales"],"acts_visited":["Exordium"],"potions_floor_usage":[10,11,12,12],"damage_taken":[{"damage":0,"enemies":"Cultist","floor":1,"turns":1},{"damage":0,"enemies":"Small Slimes","floor":4,"turns":1},{"damage":0,"enemies":"3 Sentries","floor":7,"turns":1},{"damage":34,"enemies":"Gremlin Nob","floor":10,"turns":4},{"damage":18,"enemies":"3 Sentries","floor":12,"turns":6},{"damage":6,"enemies":"2 Louse","floor":13,"turns":2},{"damage":9,"enemies":"Red Slaver","floor":14,"turns":3},{"damage":0,"enemies":"The Guardian","floor":16,"turns":2}],"seed_played":"3454730464999248875","potions_obtained":[{"floor":4,"key":"SneckoOil"},{"floor":10,"key":"BlessingOfTheForge"},{"floor":11,"key":"Fruit Juice"},{"floor":11,"key":"BlessingOfTheForge"}],"is_trial":false,"path_per_floor":["M","$","$","M","?","R","E","R","T","E","?","E","M","M","R","B"],"character_chosen":"DEFECT","items_purchased":[],"campfire_rested":0,"item_purchase_floors":[],"current_hp_per_floor":[68,68,68,68,68,68,68,68,68,34,39,21,15,6,6,6,6],"gold":166,"neow_bonus":"THREE_ENEMY_KILL","is_daily":false,"chose_seed":false,"campfire_upgraded":2,"win_rate":0.0,"timestamp":1610147788,"path_taken":["M","?","$","M","?","R","E","R","T","E","?","E","?","M","R","BOSS"],"items_purchased_type":[],"build_version":"2020-12-22","purchased_purges":1,"victory":false,"max_hp_per_floor":[75,75,75,75,75,75,75,75,75,75,80,80,80,80,80,80,80],"card_choices":[{"not_picked":["ReplayTheSpireMod:Dual Polarity","Turbo","StuffTheSpire:Plugnplay"],"picked":"SKIP","floor":1},{"not_picked":["ReplayGash","Barrage","Blizzard"],"picked":"SKIP","floor":4},{"not_picked":["ReplayTheSpireMod:Reroute Power","Consume","Double Energy"],"picked":"SKIP","floor":7},{"not_picked":["StuffTheSpire:Plugnplay","Steam"],"picked":"StuffTheSpire:Synthwave","floor":10},{"not_picked":["Compile Driver","Leap"],"picked":"Gash","floor":12},{"not_picked":["Sweeping Beam","Steam","Reboot"],"picked":"SKIP","floor":13},{"not_picked":["Go for the Eyes","Fusion","conspire:Rain"],"picked":"SKIP","floor":14}],"player_experience":2973990,"relics_obtained":[{"floor":7,"key":"Pen Nib"},{"floor":10,"key":"StuffTheSpire:GrapeVine"},{"floor":12,"key":"Bronze Scales"}],"event_choices":[{"damage_healed":0,"gold_gain":0,"player_choice":"Bought 3 Potions","damage_taken":0,"max_hp_gain":0,"max_hp_loss":0,"event_name":"The Woman in Blue","floor":11,"gold_loss":0}],"is_beta":false,"boss_relics":[],"items_purged_floors":[2],"is_endless":false,"potions_floor_spawned":[4,10],"killed_by":"The Guardian","ascension_level":13}}