{"host":"52jmisti11ysmja4","time":1610136690,"event":{"mods":["Aspiration","BaseMod","Better Third Choice","Minty Spire (QoL Compilation)","Remove Card Discount Mod","StSLib"],"gold_per_floor":[117,101,101,118,129,162,162,191,191,191,208,240,252,281,281,352,352,369,385,385,381,392,420,420,454,481,481,501,516,535,570,570,641,641,659,403,415,415,428,453,453,486,558,589,603,627,654,498,498,498],"floor_reached":51,"playtime":1996,"items_purged":["Defend_G","Defend_G","Defend_G","Defend_G","Defend_G","Strike_G","Strike_G","Strike_G","Strike_G","Strike_G"],"score":1977,"play_id":"819dd150-3405-4fbd-bc98-249ccd451488","local_time":"20210108121130","is_ascension_mode":true,"campfire_choices":[{"data":"Blade Dance","floor":7,"key":"SMITH"},{"data":"Finisher","floor":10,"key":"SMITH"},{"data":"Phantasmal Killer","floor":15,"key":"SMITH"},{"data":"Accuracy","floor":24,"key":"SMITH"},{"data":"Accuracy","floor":32,"key":"SMITH"},{"data":"Blade Dance","floor":49,"key":"SMITH"}],"circlet_count":0,"master_deck":["AscendersBane","Survivor+1","Neutralize","Blade Dance+1","Finisher+1","Cloak And Dagger","Blade Dance+1","Deflect+1","Finisher","Finisher","Phantasmal Killer+1","Glass Knife","Accuracy+1","Accuracy+1","Blade Dance+1","Pummel+1","Beam Cell","Finesse","Flex+1","Infernal Blade+1"],"relics":["Ring of the Serpent","aspiration:Nostalgia","Burning Blood","Singing Bowl","aspiration:SeaSaltIceCream","aspiration:Nostalgia","PureWater","White Beast Statue","Smiling Mask","War Paint","Coffee Dripper","HornCleat","CaptainsWheel","Boot","PrismaticShard","Anchor","Matryoshka","FossilizedHelix","Nunchaku","Oddly Smooth Stone","Gremlin Horn","CeramicFish","Akabeko"],"acts_visited":["Exordium","TheCity","TheBeyond"],"potions_floor_usage":[12,12,16,30,31,42,44],"damage_taken":[{"damage":2,"enemies":"2 Louse","floor":1,"turns":4},{"damage":1,"enemies":"Jaw Worm","floor":4,"turns":2},{"damage":0,"enemies":"Small Slimes","floor":5,"turns":1},{"damage":4,"enemies":"3 Sentries","floor":6,"turns":4},{"damage":0,"enemies":"Gremlin Nob","floor":8,"turns":2},{"damage":0,"enemies":"Looter","floor":11,"turns":1},{"damage":0,"enemies":"3 Sentries","floor":12,"turns":2},{"damage":0,"enemies":"Blue Slaver","floor":13,"turns":1},{"damage":0,"enemies":"Gremlin Nob","floor":14,"turns":1},{"damage":0,"enemies":"Slime Boss","floor":16,"turns":2},{"damage":0,"enemies":"3 Byrds","floor":18,"turns":3},{"damage":0,"enemies":"Spheric Guardian","floor":19,"turns":1},{"damage":0,"enemies":"Cultist and Chosen","floor":22,"turns":2},{"damage":0,"enemies":"Slavers","floor":23,"turns":1},{"damage":0,"enemies":"Book of Stabbing","floor":25,"turns":2},{"damage":0,"enemies":"Snecko","floor":28,"turns":2},{"damage":12,"enemies":"Snake Plant","floor":29,"turns":2},{"damage":0,"enemies":"Shelled Parasite and Fungi","floor":30,"turns":2},{"damage":0,"enemies":"Gremlin Leader","floor":31,"turns":1},{"damage":0,"enemies":"Champ","floor":33,"turns":4},{"damage":0,"enemies":"3 Darklings","floor":35,"turns":3},{"damage":0,"enemies":"Orb Walker","floor":37,"turns":1},{"damage":0,"enemies":"Sphere and 2 Shapes","floor":39,"turns":2},{"damage":0,"enemies":"Reptomancer","floor":40,"turns":2},{"damage":0,"enemies":"Nemesis","floor":42,"turns":3},{"damage":0,"enemies":"Reptomancer","floor":44,"turns":2},{"damage":0,"enemies":"3 Darklings","floor":45,"turns":2},{"damage":0,"enemies":"Jaw Worm Horde","floor":46,"turns":1},{"damage":0,"enemies":"Sphere and 2 Shapes","floor":47,"turns":2},{"damage":26,"enemies":"Time Eater","floor":50,"turns":5}],"seed_played":"372291995219511255","potions_obtained":[{"floor":4,"key":"EssenceOfSteel"},{"floor":5,"key":"SmokeBomb"},{"floor":6,"key":"PowerPotion"},{"floor":11,"key":"Fruit Juice"},{"floor":12,"key":"Explosive Potion"},{"floor":13,"key":"FearPotion"},{"floor":14,"key":"FairyPotion"},{"floor":16,"key":"Explosive Potion"},{"floor":19,"key":"Fire Potion"},{"floor":30,"key":"BlessingOfTheForge"},{"floor":31,"key":"LiquidMemories"},{"floor":42,"key":"SteroidPotion"},{"floor":44,"key":"Poison Potion"}],"is_trial":false,"path_per_floor":["M","$","?","M","M","E","R","E","T","R","M","E","M","E","R","B",null,"M","M","?","$","M","E","R","E","T","?","M","M","M","E","R","B",null,"M","$","M","?","M","E","?","E","T","E","M","M","M","$","R","B",null],"character_chosen":"THE_SILENT","items_purchased":["Matryoshka","Akabeko"],"campfire_rested":0,"item_purchase_floors":[36,48],"current_hp_per_floor":[63,63,63,66,66,66,66,66,66,66,66,73,73,73,73,73,73,75,75,75,75,77,79,79,79,79,73,79,73,81,85,85,87,87,89,89,91,91,93,95,95,97,97,99,101,101,101,101,101,81],"gold":498,"neow_bonus":"NOSTALGIA","is_daily":false,"chose_seed":false,"campfire_upgraded":6,"win_rate":0.0,"timestamp":1610136690,"path_taken":["M","$","?","M","M","E","R","E","T","R","M","E","M","E","R","BOSS","M","M","?","$","M","E","R","E","T","?","M","M","M","E","R","BOSS","M","$","M","?","M","E","?","E","T","E","M","M","M","$","R","BOSS"],"items_purchased_type":["Relic","Relic"],"build_version":"2020-12-22","purchased_purges":10,"victory":true,"max_hp_per_floor":[66,66,66,66,66,66,66,66,66,66,66,73,73,73,73,73,73,75,75,75,75,77,79,79,79,79,81,81,81,83,85,85,87,87,89,89,91,91,93,95,95,97,97,99,101,101,101,101,101,101],"card_choices":[{"not_picked":["Quick Slash","Underhanded Strike"],"picked":"Blade Dance","floor":1},{"not_picked":["Distraction","Backflip"],"picked":"Finisher","floor":4},{"not_picked":["Slice","Infinite Blades"],"picked":"Cloak And Dagger","floor":5},{"not_picked":["Slice","Quick Slash"],"picked":"Blade Dance","floor":6},{"not_picked":["Caltrops","Outmaneuver"],"picked":"Deflect","floor":8},{"not_picked":["Distraction","Dodge and Roll"],"picked":"Finisher","floor":11},{"not_picked":["Doppelganger","Well Laid Plans","Riddle With Holes"],"picked":"Singing Bowl","floor":12},{"not_picked":["Endless Agony","Poisoned Stab"],"picked":"Finisher","floor":13},{"not_picked":["Caltrops","Prepared"],"picked":"Phantasmal Killer","floor":14},{"not_picked":["A Thousand Cuts","aspiration:Lunge"],"picked":"Glass Knife","floor":16},{"not_picked":["Setup","All Out Attack","Prepared"],"picked":"Singing Bowl","floor":18},{"not_picked":["Poisoned Stab","Endless Agony"],"picked":"Accuracy","floor":19},{"not_picked":["Underhanded Strike","Riddle With Holes","Sucker Punch"],"picked":"Singing Bowl","floor":22},{"not_picked":["Prepared","Outmaneuver","Die Die Die"],"picked":"Singing Bowl","floor":23},{"not_picked":["Dodge and Roll","Predator"],"picked":"Blade Dance","floor":25},{"not_picked":["Bane","All Out Attack","PiercingWail"],"picked":"Singing Bowl","floor":27},{"not_picked":["Steam+1","Turbo+1"],"picked":"Pummel+1","floor":28},{"not_picked":["Infernal Blade+1","Sunder"],"picked":"Beam Cell","floor":29},{"not_picked":["Deadly Poison","Sever Soul","Machine Learning"],"picked":"Singing Bowl","floor":30},{"not_picked":["Rebound","Evaluate","Clash"],"picked":"Singing Bowl","floor":31},{"not_picked":["Multi-Cast","Apotheosis","Bullet Time"],"picked":"Singing Bowl","floor":33},{"not_picked":["Steam","Ghostly Armor","Wild Strike"],"picked":"Singing Bowl","floor":35},{"not_picked":["Dodge and Roll+1","Prostrate","Choke"],"picked":"Singing Bowl","floor":37},{"not_picked":["Transmutation","Dark Shackles"],"picked":"Finesse","floor":38},{"not_picked":["Heavy Blade","Halt","Bane+1"],"picked":"Singing Bowl","floor":39},{"not_picked":["Cold Snap","Wild Strike","Prepared"],"picked":"Singing Bowl","floor":40},{"not_picked":["Feel No Pain","Hyperbeam","Sword Boomerang+1"],"picked":"Singing Bowl","floor":42},{"not_picked":["Havoc","FollowUp","Stack"],"picked":"Singing Bowl","floor":44},{"not_picked":["Halt+1","Dropkick+1","Feel No Pain+1"],"picked":"Singing Bowl","floor":45},{"not_picked":["Loop","Compile Driver"],"picked":"Flex+1","floor":46},{"not_picked":["Armaments","Doppelganger"],"picked":"Infernal Blade+1","floor":47}],"player_experience":462319,"relics_obtained":[{"floor":6,"key":"Singing Bowl"},{"floor":8,"key":"aspiration:SeaSaltIceCream"},{"floor":9,"key":"White Beast Statue"},{"floor":12,"key":"Smiling Mask"},{"floor":14,"key":"War Paint"},{"floor":23,"key":"HornCleat"},{"floor":25,"key":"CaptainsWheel"},{"floor":26,"key":"Boot"},{"floor":27,"key":"PrismaticShard"},{"floor":31,"key":"Anchor"},{"floor":40,"key":"FossilizedHelix"},{"floor":42,"key":"Nunchaku"},{"floor":43,"key":"Oddly Smooth Stone"},{"floor":43,"key":"Gremlin Horn"},{"floor":44,"key":"CeramicFish"}],"event_choices":[{"damage_healed":0,"gold_gain":0,"player_choice":"Grow","damage_taken":0,"max_hp_gain":0,"max_hp_loss":0,"event_name":"Living Wall","floor":3,"gold_loss":0,"cards_upgraded":["Blade Dance"]},{"damage_healed":0,"gold_gain":0,"player_choice":"Read","damage_taken":0,"max_hp_gain":0,"max_hp_loss":0,"event_name":"The Library","floor":20,"gold_loss":0,"cards_obtained":["Accuracy"]},{"damage_healed":0,"gold_gain":0,"player_choice":"Memory 1","damage_taken":0,"max_hp_gain":0,"max_hp_loss":0,"event_name":"SensoryStone","floor":38,"gold_loss":0},{"damage_healed":0,"gold_gain":0,"player_choice":"Ignored","damage_taken":0,"max_hp_gain":0,"max_hp_loss":0,"event_name":"Tomb of Lord Red Mask","floor":41,"gold_loss":0}],"is_beta":false,"boss_relics":[{"not_picked":["Snecko Eye","Astrolabe"],"picked":"Coffee Dripper"},{"not_picked":["Runic Pyramid","SacredBark"],"picked":"Ring of the Serpent"}],"items_purged_floors":[2,2,2,2,2,2,2,2,21,21],"is_endless":false,"potions_floor_spawned":[4,5,6,11,12,13,14,16,18,19,22,23,25,28,29,30,31,33,35,37,39,40,42,44,45,46,47],"ascension_level":14}}