{"host":"l60rmjjsfi0fipmi","time":1610069380,"event":{"mods":["BaseMod","Colored Map","DeckTracker","Highlight Path","Minty Spire (QoL Compilation)"],"gold_per_floor":[112,126,14,24,24,53,53,53,76,51,51,70,70,89,89,188,188,205,222,172,192,208,208,208,208,235,235,249,249,268,301,301,403,403,416,416,435,448,448,448],"floor_reached":39,"playtime":2645,"items_purged":["Strike_R"],"score":428,"play_id":"8d8179d2-4c0e-499b-99e8-c4999cf899fb","local_time":"20210107202940","is_ascension_mode":false,"campfire_choices":[{"floor":8,"key":"REST"},{"data":"True Grit","floor":11,"key":"SMITH"},{"data":"Shrug It Off","floor":13,"key":"SMITH"},{"data":"Armaments","floor":15,"key":"SMITH"},{"floor":23,"key":"REST"},{"data":"Immolate","floor":25,"key":"SMITH"},{"data":"Rampage","floor":27,"key":"SMITH"},{"data":"Spot Weakness","floor":32,"key":"SMITH"}],"circlet_count":0,"master_deck":["Strike_R","Strike_R","Strike_R","Defend_R","Defend_R","Defend_R","Bash+1","Panache+1","Shrug It Off+1","Rage","Spot Weakness+1","Dropkick","Headbutt+1","Sentinel","True Grit+1","Rampage+1","Armaments+1","Immolate+1","Feel No Pain","Inflame+1"],"relics":["Burning Blood","Smiling Mask","Blood Vial","Snecko Eye","GremlinMask","Nunchaku","Whetstone","Runic Dome","Anchor"],"acts_visited":["Exordium","TheCity","TheBeyond"],"potions_floor_usage":[6,6,16,16,31,31,33,33],"damage_taken":[{"damage":0,"enemies":"Small Slimes","floor":1,"turns":5},{"damage":7,"enemies":"2 Louse","floor":2,"turns":3},{"damage":1,"enemies":"Jaw Worm","floor":4,"turns":4},{"damage":39,"enemies":"3 Sentries","floor":6,"turns":9},{"damage":6,"enemies":"Red Slaver","floor":12,"turns":5},{"damage":2,"enemies":"Large Slime","floor":14,"turns":6},{"damage":36,"enemies":"Hexaghost","floor":16,"turns":12},{"damage":12,"enemies":"Shell Parasite","floor":18,"turns":8},{"damage":20,"enemies":"2 Thieves","floor":19,"turns":4},{"damage":30,"enemies":"Centurion and Healer","floor":21,"turns":6},{"damage":11,"enemies":"Cultist and Chosen","floor":22,"turns":5},{"damage":2,"enemies":"Chosen and Byrds","floor":28,"turns":4},{"damage":5,"enemies":"Snecko","floor":30,"turns":4},{"damage":0,"enemies":"Slavers","floor":31,"turns":3},{"damage":77,"enemies":"Automaton","floor":33,"turns":11},{"damage":8,"enemies":"3 Darklings","floor":35,"turns":4},{"damage":1,"enemies":"Orb Walker","floor":37,"turns":3},{"damage":37,"enemies":"Spire Growth","floor":38,"turns":4},{"damage":62,"enemies":"2 Orb Walkers","floor":39,"turns":4}],"seed_played":"8201659175901115797","potions_obtained":[{"floor":2,"key":"ColorlessPotion"},{"floor":4,"key":"Dexterity Potion"},{"floor":6,"key":"PowerPotion"},{"floor":14,"key":"DuplicationPotion"},{"floor":16,"key":"PowerPotion"},{"floor":18,"key":"EssenceOfSteel"},{"floor":22,"key":"Weak Potion"},{"floor":31,"key":"HeartOfIron"},{"floor":37,"key":"ElixirPotion"}],"is_trial":false,"path_per_floor":["M","M","$","M","?","E","?","R","T","$","R","M","R","M","R","B",null,"M","M","$","M","M","R","?","R","T","R","M","?","M","E","R","B",null,"M","T","M","M","?"],"character_chosen":"IRONCLAD","items_purchased":["Spot Weakness","Dropkick","True Grit"],"campfire_rested":2,"item_purchase_floors":[3,3,10],"current_hp_per_floor":[62,61,61,66,50,17,10,34,34,34,34,36,36,42,42,14,80,74,62,62,40,37,61,61,61,61,61,67,67,70,78,78,9,80,78,78,80,49,0,0],"gold":448,"neow_bonus":"RANDOM_COLORLESS_2","is_daily":false,"chose_seed":false,"campfire_upgraded":6,"win_rate":0.0,"timestamp":1610069380,"path_taken":["M","M","$","M","?","E","?","R","T","$","R","M","R","M","R","BOSS","M","M","$","M","M","R","?","R","T","R","?","?","M","E","R","BOSS","M","?","M","?","?"],"items_purchased_type":["Card","Card","Card"],"build_version":"2020-12-22","purchased_purges":1,"victory":false,"max_hp_per_floor":[80,80,80,80,80,80,80,80,80,80,80,80,80,80,80,80,80,80,80,80,80,80,80,80,80,80,80,80,80,80,80,80,80,80,80,80,80,80,80,80],"card_choices":[{"not_picked":["Master of Strategy","Secret Technique"],"picked":"Panache","floor":0},{"not_picked":["Rupture","Twin Strike"],"picked":"Shrug It Off","floor":1},{"not_picked":["Pummel","Rupture"],"picked":"Rage","floor":2},{"not_picked":["Thunderclap","Heavy Blade"],"picked":"Headbutt","floor":4},{"not_picked":["Fiend Fire","Searing Blow"],"picked":"Sentinel","floor":6},{"not_picked":["Shrug It Off","Entrench"],"picked":"Rampage","floor":12},{"not_picked":["Sword Boomerang","Heavy Blade"],"picked":"Armaments","floor":14},{"not_picked":["Impervious","Offering"],"picked":"Immolate","floor":16},{"not_picked":["Headbutt+1","Heavy Blade","Dark Embrace"],"picked":"SKIP","floor":18},{"not_picked":["Havoc","Power Through+1","Searing Blow"],"picked":"SKIP","floor":19},{"not_picked":["Havoc+1","Ghostly Armor+1","Exhume"],"picked":"SKIP","floor":21},{"not_picked":["Body Slam","Twin Strike+1"],"picked":"Feel No Pain","floor":22},{"not_picked":["Fire Breathing+1","Combust+1"],"picked":"Inflame+1","floor":28},{"not_picked":["Feel No Pain","Searing Blow","Flex+1"],"picked":"SKIP","floor":30},{"not_picked":["Dual Wield","Thunderclap+1","Searing Blow+1"],"picked":"SKIP","floor":31},{"not_picked":["Hemokinesis+1","Twin Strike+1","Heavy Blade"],"picked":"SKIP","floor":35},{"not_picked":["Thunderclap","Havoc","Rampage"],"picked":"SKIP","floor":37},{"not_picked":["Headbutt","Combust","Pommel Strike"],"picked":"SKIP","floor":38}],"player_experience":269011,"relics_obtained":[{"floor":6,"key":"Smiling Mask"},{"floor":9,"key":"Blood Vial"},{"floor":26,"key":"Nunchaku"},{"floor":31,"key":"Whetstone"},{"floor":36,"key":"Anchor"}],"event_choices":[{"damage_healed":0,"gold_gain":0,"player_choice":"Entered Light","damage_taken":16,"max_hp_gain":0,"max_hp_loss":0,"event_name":"Shining Light","floor":5,"gold_loss":0,"cards_upgraded":["Panache","Defend_R"]},{"cards_removed":["Strike_R"],"damage_healed":0,"gold_gain":0,"player_choice":"Card Removal","damage_taken":7,"max_hp_gain":0,"max_hp_loss":0,"event_name":"Golden Wing","floor":7,"gold_loss":0},{"damage_healed":0,"gold_gain":0,"player_choice":"Trade","damage_taken":0,"relics_obtained":["GremlinMask"],"max_hp_gain":0,"max_hp_loss":0,"event_name":"FaceTrader","floor":24,"gold_loss":0},{"cards_removed":["Defend_R"],"damage_healed":0,"gold_gain":0,"player_choice":"Offered Basic","damage_taken":0,"max_hp_gain":0,"max_hp_loss":0,"event_name":"Bonfire Elementals","floor":29,"gold_loss":0},{"damage_healed":0,"gold_gain":0,"player_choice":"Fight","damage_taken":0,"max_hp_gain":0,"max_hp_loss":0,"event_name":"Mysterious Sphere","floor":39,"gold_loss":0}],"is_beta":false,"boss_relics":[{"not_picked":["Pandora\u0027s Box","Mark of Pain"],"picked":"Snecko Eye"},{"not_picked":["Cursed Key","Fusion Hammer"],"picked":"Runic Dome"}],"items_purged_floors":[20],"is_endless":false,"potions_floor_spawned":[2,4,6,14,16,18,22,31,37],"killed_by":"2 Orb Walkers","ascension_level":0}}