{"host":"3vgzk5mhz751jdrj","time":1610065587,"event":{"mods":["2.2 Compatiblity","AchievementEnabler","Act Like it!","Aspiration","BaseMod","Better Altar","Better Match","Better Note","Better Sensory Stone","Better Skull","Better Third Choice","Block Reminder","Colored Map","Conspire","Curses Come First","Dark Map","Displayed Cursed Tome","Downfall","Friendly Minions","GifTheSpireLib","Halation","Hubris","Marked Mod","Mimic Mod","Minty Spire (QoL Compilation)","Quick Restart","Rare Cards Sparkle","Replay The Spire","Reworked Bosses","Shop Mod","Spicy Shops","Spikes Relics","StSLib","Stuff the Spire","Thieving Mod","Trackpad","vexMod"],"gold_per_floor":[0,14,26,36,55,55,55,83,96,7,38,23,23,35,48,148,148,73,83,83,8,20,20,20,20,55,90,90,190,190,202,221,326,326,326,336,336,336,311,31,31,43,57,87,12,12,12,24,37,37],"floor_reached":51,"playtime":6137,"items_purged":["champ:RecklessLeap","champ:Defend","Reflex"],"score":741,"play_id":"9afc627a-a14e-46f4-a1db-25cce5995544","local_time":"20210107192627","is_ascension_mode":true,"campfire_choices":[{"data":"champ:SwordThrow","floor":1.0,"key":"SMITH"},{"data":"champ:Taunt","floor":6.0,"key":"SMITH"},{"data":"champ:FanOfKnives","floor":13.0,"key":"SMITH"},{"data":"champ:FocusedBerserking","floor":18.0,"key":"SMITH"},{"data":"champ:TornadoPunch","floor":23,"key":"SMITH"},{"data":"champ:Circumvent","floor":25,"key":"SMITH"},{"data":"champ:VampiricStrike","floor":35,"key":"SMITH"},{"floor":45,"key":"RECALL"},{"data":"champ:Improvising","floor":47,"key":"SMITH"}],"circlet_count":0,"master_deck":["champ:Execute","champ:Taunt+1","champ:SwordThrow+1","champ:Backstep","champ:RageSigil","champ:EnragedBash","champ:StanceDance","champ:FanOfKnives+1","champ:FaceSlap","champ:EnragedBash","champ:DeathBlow","champ:FocusedBerserking+1","champ:BerserkersShout","champ:ShieldThrow","champ:ShieldSigil+1","champ:GutPunch+1","champ:TornadoPunch+1","champ:Shatter+1","champ:SwordSigil","champ:RecklessLeap","champ:Encircle","champ:TornadoPunch+1","champ:AdrenalArmor","champ:SwordSigil","champ:VampiricStrike+1","hubris:SlightOfHand","StuffTheSpire:Sprint","champ:Improvising+1","ReplayTheSpireMod:IOU","ReplayTheSpireMod:Private Reserves+1","champ:BladeFlurry","champ:SteelEdge+1","champ:Duel+1"],"relics":["champ:ChampionCrown","Replay:WaspNest","Kunai","TungstenRod","trackpad:StolenKidneys","downfall:HeartBlessingGreen","Snack Pack","Membership Card","Replay:Towering Pillar of Hats","champ:BlackKnightHelmet","Iron Hammer","SlaversCollar","conspire:GiftBox","Replay:Wax Seal","Replay:Rubber Ducky","Golden Egg","MerchantsRug","hubris:CuriousFeather","downfall:HeartBlessingBlue"],"acts_visited":["Exordium","TheCity","TheBeyond"],"potions_floor_usage":[21,26,27,33,44,50,50],"damage_taken":[{"damage":0.0,"enemies":"Cultist","floor":2.0,"turns":3.0},{"damage":0.0,"enemies":"Small Slimes","floor":3.0,"turns":2.0},{"damage":3.0,"enemies":"Jaw Worm","floor":4.0,"turns":2.0},{"damage":7.0,"enemies":"3 Louse","floor":5.0,"turns":3.0},{"damage":22.0,"enemies":"Gremlin Nob","floor":8.0,"turns":4.0},{"damage":14.0,"enemies":"Exordium Thugs","floor":9.0,"turns":4.0},{"damage":5.0,"enemies":"downfall:FleeingMerchant","floor":10.0,"turns":4.0},{"damage":24.0,"enemies":"3 Sentries","floor":11.0,"turns":4.0},{"damage":24.0,"enemies":"downfall:FleeingMerchant","floor":12.0,"turns":4.0},{"damage":10.0,"enemies":"Blue Slaver","floor":14.0,"turns":3.0},{"damage":8.0,"enemies":"Red Slaver","floor":15.0,"turns":3.0},{"damage":52.0,"enemies":"downfall:Defect","floor":16.0,"turns":5.0},{"damage":22.0,"enemies":"3 Byrds","floor":19.0,"turns":3.0},{"damage":27,"enemies":"downfall:FleeingMerchant","floor":21,"turns":4},{"damage":14,"enemies":"Spheric Guardian","floor":22,"turns":3},{"damage":14,"enemies":"downfall:FleeingMerchant","floor":26,"turns":2},{"damage":47,"enemies":"Book of Stabbing","floor":27,"turns":4},{"damage":71,"enemies":"Book of Stabbing","floor":29,"turns":5},{"damage":10,"enemies":"Snake Plant","floor":31,"turns":3},{"damage":27,"enemies":"Centurion and Healer","floor":32,"turns":2},{"damage":31,"enemies":"downfall:Silent","floor":33,"turns":3},{"damage":26,"enemies":"3 Darklings","floor":36,"turns":3},{"damage":18,"enemies":"Orb Walker","floor":42,"turns":2},{"damage":38,"enemies":"3 Darklings","floor":43,"turns":3},{"damage":92,"enemies":"Nemesis","floor":44,"turns":5},{"damage":64,"enemies":"Maw","floor":48,"turns":5},{"damage":45,"enemies":"Transient","floor":49,"turns":5},{"damage":94,"enemies":"downfall:Watcher","floor":50,"turns":4}],"seed_played":"-799013587867164409","potions_obtained":[{"floor":2.0,"key":"AttackPotion"},{"floor":3.0,"key":"Guardian:BlockOnCardUsePotion"},{"floor":11.0,"key":"SteroidPotion"},{"floor":14.0,"key":"Swift Potion"},{"floor":16.0,"key":"SpeedPotion"},{"floor":22,"key":"Energy Potion"},{"floor":29,"key":"FearPotion"},{"floor":31,"key":"FairyPotion"},{"floor":33,"key":"DuplicationPotion"},{"floor":42,"key":"FearPotion"},{"floor":48,"key":"LiquidMemories"}],"is_trial":false,"path_per_floor":["R","M","M","M","M","R","T","E","M","$","E","$","R","M","M","B",null,"R","M","?","$","M","R","T","R","$","E","?","?","?","M","M","B",null,"R","M","?","?","?","$","T","M","M","E","R","?","R","M","M","B",null],"character_chosen":"THE_CHAMP","items_purchased":["champ:DeathBlow","champ:TornadoPunch","Membership Card","champ:RecklessLeap","champ:Encircle","Replay:Wax Seal","Replay:Rubber Ducky","Golden Egg","ReplayTheSpireMod:Private Reserves","MerchantsRug"],"campfire_rested":0,"item_purchase_floors":[10,21,26,26,26,40,40,40,40,40],"current_hp_per_floor":[90,90,90,87,87,87,87,70,63,63,59,59,59,53,47,34,90,90,90,90,90,90,90,90,90,85,77,77,89,89,90,90,86,90,90,90,90,90,90,90,90,90,90,62,72,72,72,100,100,100],"gold":37,"neow_bonus":"THREE_RARE_CARDS","is_daily":false,"chose_seed":false,"campfire_upgraded":8,"win_rate":0.0,"timestamp":1610065587,"path_taken":["R","M","M","M","M","R","T","E","M","$","E","?","R","?","M","BOSS","R","M","?","$","M","R","T","R","$","E","?","?","?","M","M","BOSS","R","M","?","?","?","?","T","?","M","E","R","?","R","M","M","BOSS"],"items_purchased_type":["Card","Card","Relic","Card","Card","Relic","Relic","Relic","Card","Relic"],"build_version":"2020-12-22","purchased_purges":3,"victory":true,"max_hp_per_floor":[90,90,90,90,90,90,90,90,90,90,90,90,90,90,90,90,90,90,90,90,90,90,90,90,90,90,90,90,90,90,90,90,90,90,90,90,90,90,90,90,90,90,90,90,100,100,100,100,100,100],"card_choices":[{"not_picked":["champ:ShieldSlam","champ:HoldFirm"],"picked":"champ:SwordThrow","floor":0.0},{"not_picked":["champ:Riposte","champ:HeartStrike"],"picked":"champ:Backstep","floor":2.0},{"not_picked":["champ:EnGarde","champ:Haymaker"],"picked":"champ:RageSigil","floor":3.0},{"not_picked":["champ:BladeFlurry","champ:GutPunch"],"picked":"champ:EnragedBash","floor":4.0},{"not_picked":["champ:SwordSigil","champ:BringItOn"],"picked":"champ:StanceDance","floor":5.0},{"not_picked":["champ:PreciseThrust","champ:FocusedBerserking"],"picked":"champ:FanOfKnives","floor":8.0},{"not_picked":["champ:Haymaker","champ:GladiatorsShout"],"picked":"champ:FaceSlap","floor":9.0},{"not_picked":["champ:DefensiveShout","champ:BringItOn"],"picked":"champ:EnragedBash","floor":10.0},{"not_picked":["champ:RapidStrikes","champ:FanOfKnives"],"picked":"champ:FocusedBerserking","floor":11.0},{"not_picked":["champ:Haymaker","champ:BerserkersShout"],"picked":"champ:RecklessLeap","floor":12.0},{"not_picked":["champ:GladiatorsShout","champ:Riposte"],"picked":"champ:Circumvent","floor":14.0},{"not_picked":["champ:CrookedStrike","champ:FightOn"],"picked":"champ:BerserkersShout","floor":15.0},{"not_picked":["champ:HeavySlash","champ:StrikeOfGenius"],"picked":"champ:ShieldThrow","floor":16.0},{"not_picked":["champ:Circumvent","champ:RageSigil"],"picked":"champ:ShieldSigil+1","floor":19.0},{"not_picked":["champ:LastStand","champ:TornadoPunch+1"],"picked":"champ:GutPunch+1","floor":21},{"not_picked":["champ:Lariat","champ:CrookedStrike"],"picked":"champ:Shatter+1","floor":22},{"not_picked":["champ:GladiatorStyle","champ:PerfectedStrike+1"],"picked":"champ:SwordSigil","floor":26},{"not_picked":["champ:FaceSlap","champ:ShieldWall","champ:SkillfulDodge"],"picked":"SKIP","floor":27},{"not_picked":["champ:TornadoPunch","champ:GutPunch"],"picked":"champ:AdrenalArmor","floor":31},{"not_picked":["champ:GutPunch","champ:FaceSlap"],"picked":"champ:SwordSigil","floor":32},{"not_picked":["champ:SteelEdge","champ:HeavySlash"],"picked":"champ:VampiricStrike","floor":33},{"not_picked":["champ:Encircle+1","champ:FanOfKnives","champ:StanceDance"],"picked":"SKIP","floor":36},{"not_picked":["champ:ShieldThrow","champ:StrikeOfGenius"],"picked":"champ:Improvising","floor":39},{"not_picked":["champ:PerfectedStrike+1","champ:ShieldSigil","champ:EnragedBash+1"],"picked":"SKIP","floor":42},{"not_picked":["champ:FaceSlap+1","champ:DeathBlow+1"],"picked":"champ:BladeFlurry","floor":43},{"not_picked":["champ:IronFortress","champ:ArenaPreparation"],"picked":"champ:SteelEdge","floor":44},{"not_picked":["champ:BringItOn","champ:FaceSlap+1","champ:CrookedStrike+1"],"picked":"SKIP","floor":48},{"not_picked":["champ:Riposte+1","champ:GladiatorsShout+1"],"picked":"champ:Duel+1","floor":49}],"player_experience":348568,"relics_obtained":[{"floor":7.0,"key":"Replay:WaspNest"},{"floor":8.0,"key":"Kunai"},{"floor":11.0,"key":"TungstenRod"},{"floor":24,"key":"Snack Pack"},{"floor":27,"key":"Replay:Towering Pillar of Hats"},{"floor":29,"key":"champ:BlackKnightHelmet"},{"floor":29,"key":"Iron Hammer"},{"floor":44,"key":"hubris:CuriousFeather"}],"event_choices":[{"damage_healed":0.0,"max_hp_gain":0.0,"max_hp_loss":0.0,"gold_gain":0.0,"event_name":"Ghosts","player_choice":"Ignored","floor":20.0,"gold_loss":0.0,"damage_taken":0.0},{"damage_healed":0,"gold_gain":0,"player_choice":"Copied","damage_taken":0,"max_hp_gain":0,"max_hp_loss":0,"event_name":"Duplicator","floor":30,"gold_loss":0,"cards_obtained":["champ:TornadoPunch"]},{"cards_removed":["champ:Circumvent"],"damage_healed":0,"gold_gain":0,"player_choice":"Removed Skill","damage_taken":0,"max_hp_gain":0,"max_hp_loss":0,"event_name":"Falling","floor":38,"gold_loss":0}],"is_beta":false,"boss_relics":[{"not_picked":["StuffTheSpire:RunicConfusion","aspiration:WatcherSkillbook"],"picked":"trackpad:StolenKidneys"},{"not_picked":["Replay:Grab Bag","Velvet Choker"],"picked":"SlaversCollar"}],"items_purged_floors":[26,26,40],"is_endless":false,"potions_floor_spawned":[2,3,11,14,16,22,29,31,33,42,48,49],"ascension_level":1}}