{"host":"r0e4s450fexxrjel","time":1610136603,"event":{"mods":["AchievementEnabler","Act Like it!","AlwaysNeverKeys","BaseMod","Better Third Choice","Colored Map","Conspire","Dota2Spire","Downfall","Energized Spire","Evolution","Friendly Minions","GifTheSpireLib","Gold Saver","Hallownest","Hubris","Infinite Spire","Minty Spire (QoL Compilation)","Pale of the Ancients","RRrroohrrRGHHhhh!!","Replay The Spire","Shop Mod","StSLib","??????REMEMod"],"gold_per_floor":[1076,1076,1102,1120,1134,1164,1164,1164,1164,1178,1197,1197,1209,804,804,902,902,915,927,945,1397,1397,1397,1431,1431,1486,937,937,937,937,969,969,1068,1068,1080,1090,1090,1105,1105,1135,1135,1145,1172,185,185,185,293,418,418,713,1083,1407,1671,1151,1151,1785,1785,1240,1240,1720,1720],"floor_reached":60,"playtime":2652,"items_purged":[],"score":1121,"play_id":"dd9af86b-f0f2-4bf4-8e16-ef09dbc692a1","local_time":"20210108211003","is_ascension_mode":false,"campfire_choices":[{"floor":7.0,"key":"REST"},{"data":"rorgmod:Wraith Form 2","floor":12.0,"key":"SMITH"},{"floor":15.0,"key":"REST"},{"floor":23.0,"key":"REST"},{"floor":25.0,"key":"REST"},{"data":"REME_ShadowForm","floor":28.0,"key":"SMITH"},{"data":"Infinite Blades","floor":30.0,"key":"SMITH"},{"data":"Envenom","floor":32.0,"key":"SMITH"},{"floor":41,"key":"REST"},{"data":"Hallownest:curseDreamersLament","floor":46,"key":"PURGE"},{"floor":49,"key":"REST"},{"data":"conspire:DoublingDagger","floor":55,"key":"SMITH"},{"data":"Tactician","floor":57,"key":"SMITH"}],"circlet_count":1,"master_deck":["Strike_G","Strike_G","Strike_G","Strike_G","Strike_G","Defend_G+1","Defend_G","Defend_G","Defend_G","Defend_G","Survivor","Neutralize","Dagger Spray","Poison Darts+1","Blade Dance","Blade Dance","rorgmod:Wraith Form 2+1","rorgmod:Prepared","Doppelganger","Fluid Movement","Envenom+1","REME_ShadowForm+1","Infinite Blades+1","Backflip+1","rorgmod:Storm of Steel","REME_GreenPollution","REME_BattleFury","rorgmod:Wraith Form 2","Distraction+1","REME_SpectralBlade","ReplayTheSpireMod:Book of Names","Envenom","rorgmod:Prepared+1","Distraction+1","expansioncontent:DashGenerateEvil","Blade Dance+1","rorgmod:Tendon Slice+1","rorgmod:Tools of the Trade","Cloak And Dagger","Blade Dance+1","conspire:DoublingDagger+1","Tactician+1","Caltrops+1"],"relics":["EVO:Axolotl","energizedSpire:MagnifyingGlass","infinitespire:Golems Mask","infinitespire:WardingShard","Peace Pipe","Dota2Spire:LinkenSphere","hubris:Backtick","Gremlin Horn","Hallownest:NailmastersGloryRelic","Circlet","Oddly Smooth Stone","infinitespire:Lucky Rock","HandDrill","War Paint","hubris:ScarierMask","hubris:HollowSoul","conspire:GiftBox","conspire:GiftBox","Replay:Bandana","Lizard Tail","Calipers","Cauldron","Hallownest:BeastSealRelic","paleoftheancients:Timepiece","Bronze Scales","CultistMask","paleoftheancients:SoulOfTheIroncluck","paleoftheancients:SoulOfTheThorton","REME_PoisonedDagger","Dota2Spire:AghanimScepter","MerchantsRug"],"acts_visited":["Exordium","Hallownest:Greenpath","Hallownest:CityofTears","Hallownest:KingdomsEdge"],"potions_floor_usage":[36,40,42,44,48,51,56,56,60,60,60,60],"damage_taken":[{"damage":0.0,"enemies":"Hallownest:2_Tiktiks_and_1_Crawlid","floor":1.0,"turns":6.0},{"damage":16.0,"enemies":"Hallownest:eliteMossKnight","floor":3.0,"turns":13.0},{"damage":0.0,"enemies":"2_ Uuma","floor":4.0,"turns":3.0},{"damage":1.0,"enemies":"Hallownest:monsterHuskWarrior","floor":5.0,"turns":2.0},{"damage":13.0,"enemies":"Hallownest:eliteMossKnight","floor":6.0,"turns":6.0},{"damage":3.0,"enemies":"Hallownest:1_Baldur_1_Crawlid_1_Warrior","floor":10.0,"turns":5.0},{"damage":4.0,"enemies":"Hallownest:MossCreep_and_Mosskin","floor":11.0,"turns":5.0},{"damage":3.0,"enemies":"Hallownest:monsterFoolEater","floor":13.0,"turns":4.0},{"damage":32.0,"enemies":"Hallownest:BossHornet","floor":16.0,"turns":10.0},{"damage":9.0,"enemies":"Hallownest:Flukemon_and_Top","floor":18.0,"turns":7.0},{"damage":11.0,"enemies":"Hallownest:3_Youths","floor":19.0,"turns":7.0},{"damage":18.0,"enemies":"Hallownest:Master_and_Novice","floor":20.0,"turns":8.0},{"damage":16.0,"enemies":"Hallownest:eliteWatcherKnight","floor":24.0,"turns":13.0},{"damage":0.0,"enemies":"Hallownest:Nosk","floor":31.0,"turns":8.0},{"damage":26.0,"enemies":"Hallownest:BossSoulMaster","floor":33.0,"turns":9.0},{"damage":21,"enemies":"Hallownest:2_Littles","floor":35,"turns":7},{"damage":16,"enemies":"Hallownest:3_Siblings","floor":36,"turns":7},{"damage":10,"enemies":"Hallownest:2_Great","floor":38,"turns":4},{"damage":0,"enemies":"Hallownest:StalkingDevout","floor":40,"turns":6},{"damage":0,"enemies":"Hallownest:2_Soldiers_and_1_Guardian","floor":42,"turns":6},{"damage":0,"enemies":"Hallownest:2_Wandering_and_1_Horned","floor":47,"turns":4},{"damage":25,"enemies":"Hallownest:monsterPrimalAspid","floor":48,"turns":4},{"damage":111,"enemies":"Hallownest:BossHollowKnight","floor":50,"turns":9},{"damage":19,"enemies":"Hallownest:BossHollowKnight","floor":51,"turns":6},{"damage":15,"enemies":"Hallownest:BossHollowKnight","floor":52,"turns":9},{"damage":9,"enemies":"paleoftheancients:Thorton2","floor":53,"turns":8},{"damage":8,"enemies":"paleoftheancients:Thorton2","floor":56,"turns":5},{"damage":17,"enemies":"paleoftheancients:N","floor":60,"turns":1}],"seed_played":"-2711341520902329554","potions_obtained":[{"floor":1.0,"key":"EssenceOfSteel"},{"floor":4.0,"key":"Poison Potion"},{"floor":6.0,"key":"Poison Potion"},{"floor":13.0,"key":"EssenceOfSteel"},{"floor":16.0,"key":"Dota2Spire:Clarity"},{"floor":18.0,"key":"Fire Potion"},{"floor":20.0,"key":"SpeedPotion"},{"floor":33.0,"key":"EssenceOfSteel"},{"floor":38,"key":"LifebloodPotion"},{"floor":40,"key":"Block Potion"},{"floor":44,"key":"Adrenaline Potion"},{"floor":44,"key":"Fruit Juice"},{"floor":44,"key":"FairyPotion"},{"floor":48,"key":"Explosive Potion"},{"floor":53,"key":"Regen Potion"},{"floor":56,"key":"Languid Potion"}],"is_trial":false,"path_per_floor":["M","?","?","M","M","E","R","?","T","M","M","R","M","$","R","B",null,"M","M","M","?","?","R","E","R","T","$","R","?","R","E","R","B",null,"M","M","?","M","AVR","E","R","M","T","$","?","R","M","M","R","B","M","M","M","$","R","M","R","$","?","B"],"character_chosen":"THE_SILENT","items_purchased":["Dota2Spire:LinkenSphere","Envenom","REME_GreenPollution","REME_BattleFury","infinitespire:Lucky Rock","HandDrill","Lizard Tail","Calipers","expansioncontent:DashGenerateEvil","Blade Dance+1","Cauldron","conspire:DoublingDagger","Tactician","REME_PoisonedDagger","BlessingOfTheForge","Milkshake","Dota2Spire:AghanimScepter","MerchantsRug","REME_GoldPotion","DistilledChaos","SpeedPotion"],"campfire_rested":6,"item_purchase_floors":[14,14,27,27,27,27,44,44,44,44,44,54,54,54,54,54,58,58,58,58,58],"current_hp_per_floor":[70,70,54,54,53,40,61,52,52,49,45,45,42,42,63,31,70,61,50,32,32,32,53,37,58,58,58,58,54,54,54,54,28,70,49,33,33,23,23,35,56,56,56,61,61,61,61,36,58,75,56,58,62,62,62,69,69,69,69,0,0],"gold":1720,"neow_bonus":"BOSS_RELIC","is_daily":false,"chose_seed":false,"campfire_upgraded":6,"win_rate":0.0,"timestamp":1610136603,"path_taken":["M","?","?","?","?","E","R","?","T","M","M","R","M","?","R","BOSS","M","?","M","?","?","R","E","R","T","?","R","?","R","E","R","BOSS","M","M","?","M","AVR","E","R","M","T","$","?","R","M","M","R","BOSS","M","M","?","$","R","M","R","$","?","BOSS"],"items_purchased_type":["Relic","Card","Card","Card","Relic","Relic","Relic","Relic","Card","Card","Relic","Card","Card","Relic","Potion","Potion","Relic","Relic","Potion","Potion","Potion"],"build_version":"2020-12-22","purchased_purges":0,"victory":false,"max_hp_per_floor":[70,70,70,70,70,70,70,70,70,70,70,70,70,70,70,70,70,70,70,70,70,70,70,70,70,70,70,70,70,70,70,70,70,70,70,70,70,70,70,70,70,70,70,75,75,75,75,75,75,75,75,75,75,75,75,75,75,75,75,75,75],"card_choices":[{"not_picked":["Quick Slash","ReplayTheSpireMod:The Works"],"picked":"Dagger Spray","floor":1.0},{"not_picked":["Leg Sweep","Sucker Punch"],"picked":"Blade Dance","floor":3.0},{"not_picked":["Flying Knee","rorgmod:Tendon Slice"],"picked":"Blade Dance","floor":4.0},{"not_picked":["REME_ShadowStrike","ReplayTheSpireMod:The Works"],"picked":"rorgmod:Wraith Form 2","floor":5.0},{"not_picked":["Backflip","Unload"],"picked":"Footwork","floor":6.0},{"not_picked":["Outmaneuver","Hidden Blade"],"picked":"rorgmod:Prepared","floor":10.0},{"not_picked":["Hidden Blade","rorgmod:Tendon Slice"],"picked":"Doppelganger","floor":11.0},{"not_picked":["Blade Dance","conspire:DoublingDagger"],"picked":"Fluid Movement","floor":13.0},{"not_picked":["rorgmod:Wraith Form 2","Night Terror"],"picked":"REME_ShadowForm","floor":16.0},{"not_picked":["ReplayTheSpireMod:Exploit Weakness","hubris:Sniper","Bane+1"],"picked":"SKIP","floor":18.0},{"not_picked":["Hidden Blade","Poisoned Stab"],"picked":"Infinite Blades","floor":19.0},{"not_picked":["Dodge and Roll+1","Dagger Throw"],"picked":"Backflip+1","floor":20.0},{"not_picked":["rorgmod:Slice+1","Sucker Punch"],"picked":"rorgmod:Storm of Steel","floor":24.0},{"not_picked":["ReplayTheSpireMod:Shiv Toss+1","Backflip","hubris:SlightOfHand"],"picked":"SKIP","floor":31.0},{"not_picked":["REME_CopyPotion","Unload"],"picked":"rorgmod:Wraith Form 2","floor":33.0},{"not_picked":["Hidden Blade+1","rorgmod:Slice"],"picked":"Distraction+1","floor":35},{"not_picked":["Deflect","Dagger Throw","infinitespire:Neurotoxin"],"picked":"SKIP","floor":36},{"not_picked":["PiercingWail","ReplayTheSpireMod:The Works+1","rorgmod:Tendon Slice+1"],"picked":"SKIP","floor":38},{"not_picked":["infinitespire:Neurotoxin","Bullet Time"],"picked":"REME_SpectralBlade","floor":39},{"not_picked":["Doppelganger","infinitespire:Neurotoxin"],"picked":"Envenom","floor":40},{"not_picked":["Terror","Flying Knee+1"],"picked":"rorgmod:Prepared+1","floor":40},{"not_picked":["Skewer+1","hubris:Counter"],"picked":"Distraction+1","floor":42},{"not_picked":["Backflip","Outmaneuver"],"picked":"rorgmod:Tendon Slice+1","floor":47},{"not_picked":["Dagger Spray","Bane+1"],"picked":"rorgmod:Tools of the Trade","floor":48},{"not_picked":["Deadly Poison+1","Hidden Blade"],"picked":"Cloak And Dagger","floor":52},{"not_picked":["Backflip","PiercingWail"],"picked":"Blade Dance+1","floor":53},{"not_picked":["Blade Dance+1","conspire:PoisonWeapons"],"picked":"Caltrops+1","floor":56}],"player_experience":56096,"relics_obtained":[{"floor":3.0,"key":"infinitespire:Golems Mask"},{"floor":6.0,"key":"infinitespire:WardingShard"},{"floor":9.0,"key":"Peace Pipe"},{"floor":24.0,"key":"Circlet"},{"floor":26.0,"key":"Oddly Smooth Stone"},{"floor":31.0,"key":"War Paint"},{"floor":40,"key":"conspire:GiftBox"},{"floor":43,"key":"Replay:Bandana"},{"floor":52,"key":"paleoftheancients:SoulOfTheIroncluck"},{"floor":53,"key":"paleoftheancients:SoulOfTheThorton"},{"floor":56,"key":"paleoftheancients:SoulOfTheHexaghost"}],"event_choices":[],"is_beta":false,"boss_relics":[{"not_picked":["Velvet Choker","Circlet"],"picked":"hubris:Backtick"},{"not_picked":["Fusion Hammer","energizedSpire:HugeHouse"],"picked":"hubris:ScarierMask"}],"items_purged_floors":[],"is_endless":false,"potions_floor_spawned":[1,4,6,13,16,18,20,33,38,40,48,53,56],"killed_by":"paleoftheancients:N","ascension_level":0}}