{"host":"9n6i2vl93jt4o42q","time":1610143966,"event":{"mods":["BaseMod","Downfall","Minty Spire (QoL Compilation)","Relic Stats","StSLib"],"gold_per_floor":[99,111,121,139,149,149,149,74,100,200,211,17,17,34,50,154,154,154,167,65,65,84,84,84,95,130,55,74,91,91,91,101,198,198,198,216,216,266,266,176,176,187,203,217,142,177,177,210,224,224],"floor_reached":51,"playtime":34623,"items_purged":["Guardian:Defend_Guardian"],"score":1236,"play_id":"17c2040c-2ecb-4525-95e4-29bd91e7e372","local_time":"20210108231246","is_ascension_mode":true,"campfire_choices":[{"data":"Guardian:TwinSlam","floor":1,"key":"SMITH"},{"floor":6,"key":"RECALL"},{"data":"Guardian:PiercingHide","floor":8,"key":"SMITH"},{"data":"Guardian:FloatingOrbs","floor":13,"key":"SMITH"},{"data":"Guardian:FuturePlans","floor":18,"key":"SMITH"},{"data":"RitualDagger","floor":23,"key":"SMITH"},{"data":"Guardian:DonusPower","floor":27,"key":"SMITH"},{"data":"Guardian:Clone","floor":30,"key":"SMITH"},{"data":"Guardian:BronzeArmor","floor":35,"key":"SMITH"},{"data":"Guardian:TemporalShield","floor":45,"key":"SMITH"},{"data":"expansioncontent:DefensiveStance","floor":47,"key":"SMITH"}],"circlet_count":0,"master_deck":["AscendersBane","Guardian:Strike_Guardian","Guardian:Defend_Guardian","Guardian:CurlUp","Guardian:TwinSlam+1","Guardian:ShieldCharger","Guardian:PiercingHide+1","Guardian:Recover","Guardian:Reroute","Guardian:FastForward+1","Guardian:StasisField","Guardian:FloatingOrbs+1","Guardian:FuturePlans+1","Guardian:ChargeCore","Guardian:WalkerClaw+1","Guardian:VentSteam+1","Guardian:BronzeArmor+1","Guardian:TemporalShield+1","RitualDagger+1","Guardian:Clone+1","Guardian:DonusPower+1","Guardian:ChargeCore+1","expansioncontent:DecasProtection","expansioncontent:DefensiveStance+1","Guardian:Harden+1","Guardian:CrystalBeam+1","Guardian:PolyBeam+1"],"relics":["Guardian:ModeShifter","MealTicket","Kunai","downfall:HeartBlessingRed","Eternal Feather","PreservedInsect","Astrolabe","Bottled Tornado","Bag of Preparation","downfall:HeartBlessingGreen","SlaversCollar","Bird Faced Urn","downfall:HeartBlessingBlue","Darkstone Periapt","Question Card"],"acts_visited":["Exordium","TheCity","TheBeyond"],"potions_floor_usage":[10,14,26],"damage_taken":[{"damage":0,"enemies":"Cultist","floor":2,"turns":4},{"damage":0,"enemies":"2 Louse","floor":3,"turns":3},{"damage":2,"enemies":"Jaw Worm","floor":4,"turns":4},{"damage":3,"enemies":"2 Fungi Beasts","floor":5,"turns":4},{"damage":10,"enemies":"3 Sentries","floor":9,"turns":8},{"damage":24,"enemies":"downfall:Heads","floor":10,"turns":6},{"damage":3,"enemies":"3 Louse","floor":11,"turns":2},{"damage":0,"enemies":"downfall:FleeingMerchant","floor":12,"turns":4},{"damage":0,"enemies":"Lots of Slimes","floor":14,"turns":3},{"damage":9,"enemies":"2 Fungi Beasts","floor":15,"turns":2},{"damage":0,"enemies":"downfall:Watcher","floor":16,"turns":9},{"damage":1,"enemies":"Shell Parasite","floor":19,"turns":4},{"damage":0,"enemies":"downfall:FleeingMerchant","floor":20,"turns":4},{"damage":10,"enemies":"Snecko","floor":22,"turns":4},{"damage":9,"enemies":"Snake Plant","floor":25,"turns":5},{"damage":17,"enemies":"Slavers","floor":26,"turns":6},{"damage":0,"enemies":"Cultist and Chosen","floor":28,"turns":5},{"damage":0,"enemies":"Centurion and Healer","floor":29,"turns":5},{"damage":0,"enemies":"Snecko","floor":32,"turns":3},{"damage":10,"enemies":"downfall:Ironclad","floor":33,"turns":7},{"damage":0,"enemies":"Orb Walker","floor":36,"turns":3},{"damage":0,"enemies":"Mind Bloom Boss Battle","floor":38,"turns":5},{"damage":2,"enemies":"downfall:FleeingMerchant","floor":40,"turns":4},{"damage":12,"enemies":"3 Darklings","floor":42,"turns":4},{"damage":18,"enemies":"Sphere and 2 Shapes","floor":43,"turns":7},{"damage":4,"enemies":"4 Shapes","floor":44,"turns":6},{"damage":0,"enemies":"Reptomancer","floor":46,"turns":4},{"damage":11,"enemies":"Nemesis","floor":48,"turns":5},{"damage":18,"enemies":"3 Darklings","floor":49,"turns":5},{"damage":12,"enemies":"downfall:Defect","floor":50,"turns":7}],"seed_played":"-6761974652484940813","potions_obtained":[{"floor":2,"key":"FearPotion"},{"floor":10,"key":"ColorlessPotion"},{"floor":14,"key":"Regen Potion"},{"floor":16,"key":"FearPotion"},{"floor":19,"key":"DuplicationPotion"},{"floor":29,"key":"champ:CounterPotion"}],"is_trial":false,"path_per_floor":["R","M","M","M","M","R","T","R","E","?","M","$","R","M","M","B",null,"R","M","$","?","M","R","T","M","E","R","M","M","R","?","M","B",null,"R","M","?","?","?","$","T","M","M","M","R","E","R","E","M","B",null],"character_chosen":"GUARDIAN","items_purchased":["PreservedInsect","Guardian:ChargeCore","Guardian:BronzeArmor","Guardian:TemporalShield"],"campfire_rested":0,"item_purchase_floors":[12,12,20,20],"current_hp_per_floor":[72,72,72,70,67,67,67,67,57,33,30,45,54,54,45,45,71,80,79,80,74,64,76,76,67,50,62,62,62,74,59,59,49,76,85,85,80,80,80,85,85,73,63,65,93,95,95,84,72,68],"gold":224,"neow_bonus":"RANDOM_COMMON_RELIC","is_daily":false,"chose_seed":false,"campfire_upgraded":10,"win_rate":0.0,"timestamp":1610143966,"path_taken":["R","M","M","M","?","R","T","R","E","?","M","$","R","M","M","BOSS","R","M","$","?","M","R","T","M","E","R","M","M","R","?","M","BOSS","R","M","?","?","?","$","T","M","M","M","R","E","R","E","M","BOSS"],"items_purchased_type":["Relic","Card","Card","Card"],"build_version":"2020-12-22","purchased_purges":1,"victory":true,"max_hp_per_floor":[80,80,80,80,80,80,80,80,80,80,80,80,80,80,80,80,80,80,80,80,80,80,80,80,80,80,80,80,80,80,85,85,85,85,85,85,85,85,85,85,85,85,85,85,95,95,95,95,95,95],"relic_stats":{"Darkstone Periapt":0,"counters":[30,142],"Astrolabe":["Guardian:WalkerClaw","Guardian:Gem_White","Guardian:VentSteam"],"Bird Faced Urn":[32],"MealTicket":21,"Eternal Feather":81,"PreservedInsect":166,"Bag of Preparation":[28],"Kunai":[58],"Question Card":1,"obtain_stats":[{"Darkstone Periapt":46,"downfall:HeartBlessingRed":8,"Astrolabe":17,"Guardian:ModeShifter":0,"Eternal Feather":9,"downfall:HeartBlessingGreen":27,"PreservedInsect":12,"Bag of Preparation":26,"Bottled Tornado":24,"Question Card":48,"SlaversCollar":34,"downfall:HeartBlessingBlue":45,"Bird Faced Urn":38,"MealTicket":0,"Kunai":7},{"Darkstone Periapt":27,"downfall:HeartBlessingRed":4,"Astrolabe":11,"Guardian:ModeShifter":0,"Eternal Feather":5,"downfall:HeartBlessingGreen":16,"PreservedInsect":8,"Bag of Preparation":16,"Bottled Tornado":14,"Question Card":28,"SlaversCollar":20,"downfall:HeartBlessingBlue":26,"Bird Faced Urn":22,"MealTicket":0,"Kunai":4},{"Darkstone Periapt":125,"downfall:HeartBlessingRed":15,"Astrolabe":49,"Guardian:ModeShifter":0,"Eternal Feather":23,"downfall:HeartBlessingGreen":72,"PreservedInsect":35,"Bag of Preparation":72,"Bottled Tornado":61,"Question Card":130,"SlaversCollar":92,"downfall:HeartBlessingBlue":121,"Bird Faced Urn":100,"MealTicket":0,"Kunai":15}]},"card_choices":[{"not_picked":["Guardian:TimeBomb","Guardian:Orbwalk"],"picked":"Guardian:ShieldCharger","floor":2},{"not_picked":["Guardian:Gem_Cyan","Guardian:Gem_Blue"],"picked":"Guardian:PiercingHide","floor":3},{"not_picked":["Guardian:Suspension","Guardian:PrismaticBarrier"],"picked":"Guardian:Recover","floor":4},{"not_picked":["Guardian:Recover","Guardian:ShieldSpikes"],"picked":"Guardian:Reroute","floor":5},{"not_picked":["Guardian:Suspension","Guardian:VentSteam"],"picked":"Guardian:FastForward","floor":9},{"not_picked":["Guardian:PrimingBeam","Guardian:PiercingHide"],"picked":"Guardian:StasisField","floor":10},{"not_picked":["Guardian:RollAttack","Guardian:Gem_Lightblue"],"picked":"Guardian:FloatingOrbs","floor":11},{"not_picked":["Guardian:DecasProtection","Guardian:Gem_Red"],"picked":"Guardian:FuturePlans","floor":12},{"not_picked":["Guardian:VentSteam","Guardian:RollAttack","Guardian:FuturePlans"],"picked":"SKIP","floor":14},{"not_picked":["Guardian:Gem_Lightblue","Guardian:VentSteam","Guardian:ShieldCharger"],"picked":"SKIP","floor":15},{"not_picked":["Guardian:PiercingHide","Guardian:PrimingBeam"],"picked":"Guardian:Gem_Blue","floor":19},{"not_picked":["Guardian:PiercingHide+1","Guardian:VentSteam","Guardian:TemporalStrike"],"picked":"SKIP","floor":20},{"not_picked":["Guardian:Planning","Guardian:Suspension"],"picked":"Guardian:Clone","floor":22},{"not_picked":["Guardian:TemporalStrike","Guardian:CrystalBeam","Guardian:Reroute"],"picked":"SKIP","floor":25},{"not_picked":["Guardian:Gem_Cyan","Guardian:Reroute"],"picked":"Guardian:DonusPower","floor":26},{"not_picked":["Guardian:Reroute","Guardian:RollAttack","Guardian:TemporalStrike"],"picked":"SKIP","floor":28},{"not_picked":["Guardian:StasisField","Guardian:RefractedBeam","Guardian:GuardianWhirl"],"picked":"SKIP","floor":29},{"not_picked":["Guardian:FuturePlans","Guardian:Reroute","Guardian:RefractedBeam"],"picked":"SKIP","floor":32},{"not_picked":["Guardian:RollAttack+1","Guardian:Incinerate"],"picked":"Guardian:ChargeCore+1","floor":36},{"not_picked":["expansioncontent:Sear","expansioncontent:Flail"],"picked":"expansioncontent:DecasProtection","floor":37},{"not_picked":["expansioncontent:YouAreMine","expansioncontent:FaceSlap"],"picked":"expansioncontent:DefensiveStance","floor":37},{"not_picked":["Guardian:RollAttack","Guardian:Planning+1"],"picked":"Guardian:Harden+1","floor":38},{"not_picked":["Guardian:EvasiveProtocol+1","Guardian:Gem_Blue","Guardian:TemporalShield+1"],"picked":"SKIP","floor":40},{"not_picked":["Guardian:RollAttack+1","Guardian:Gem_Lightblue"],"picked":"Guardian:Gem_Fragmented","floor":42},{"not_picked":["Guardian:Planning+1","Guardian:Recover+1"],"picked":"Guardian:Gem_Yellow","floor":43},{"not_picked":["Guardian:TemporalStrike","Guardian:PiercingHide+1"],"picked":"Guardian:Gem_Fragmented","floor":44},{"not_picked":["Guardian:ShieldSpikes+1","Guardian:GatlingBeam","Guardian:Recover+1"],"picked":"SKIP","floor":46},{"not_picked":["Guardian:PrismaticBarrier+1","Guardian:Gem_Green"],"picked":"Guardian:CrystalBeam+1","floor":48},{"not_picked":["Guardian:Gem_Cyan","Guardian:ChargeCore","Guardian:Planning"],"picked":"Guardian:PolyBeam+1","floor":49}],"player_experience":2242568,"relics_obtained":[{"floor":7,"key":"Kunai"},{"floor":9,"key":"Eternal Feather"},{"floor":24,"key":"Bottled Tornado"},{"floor":26,"key":"Bag of Preparation"},{"floor":38,"key":"Bird Faced Urn"},{"floor":46,"key":"Darkstone Periapt"},{"floor":48,"key":"Question Card"}],"event_choices":[],"is_beta":false,"boss_relics":[{"not_picked":["Pandora\u0027s Box","Guardian:StasisSlotReductionRelic"],"picked":"Astrolabe"},{"not_picked":["Snecko Eye","Tiny House"],"picked":"SlaversCollar"}],"items_purged_floors":[40],"is_endless":false,"potions_floor_spawned":[2,10,14,16,19,22,25,29,32,38,43,44,48],"ascension_level":11}}