{"host":"oiw60b5ins9fyx34","time":1610081098,"event":{"mods":["BaseMod","Colored Powertips","DeckTracker","Minty Spire (QoL Compilation)","Quick Restart","Relic Stats","StSLib"],"gold_per_floor":[113,113,113,113,129,161,175,191,239,272,284,133,150,100,100,204,204,224,82,70,70],"floor_reached":20,"playtime":673,"items_purged":["Strike_R"],"score":211,"play_id":"6f678c74-3e44-40f9-b592-f2a88fbd904e","local_time":"20210108134458","is_ascension_mode":false,"campfire_choices":[{"data":"Brutality","floor":15,"key":"SMITH"}],"circlet_count":0,"master_deck":["Bash+1","Wild Strike","Pain","Battle Trance","Anger","Pommel Strike","Shrug It Off","Brutality+1","Power Through","Rupture","Heavy Blade","Limit Break","Rupture","True Grit","Clash","Rampage","Pommel Strike","Clash","Burning Pact","Spot Weakness+1","Second Wind","Exhume","Shockwave"],"relics":["Burning Blood","NeowsBlessing","WarpedTongs","Bottled Flame","Lantern","Oddly Smooth Stone","Pandora\u0027s Box"],"acts_visited":["Exordium","TheCity"],"potions_floor_usage":[20],"damage_taken":[{"damage":0,"enemies":"Small Slimes","floor":1,"turns":1},{"damage":2,"enemies":"2 Louse","floor":5,"turns":1},{"damage":0,"enemies":"Lagavulin","floor":6,"turns":1},{"damage":3,"enemies":"Cultist","floor":7,"turns":3},{"damage":6,"enemies":"Looter","floor":8,"turns":2},{"damage":23,"enemies":"3 Sentries","floor":10,"turns":6},{"damage":3,"enemies":"2 Fungi Beasts","floor":11,"turns":3},{"damage":2,"enemies":"Exordium Wildlife","floor":13,"turns":2},{"damage":45,"enemies":"The Guardian","floor":16,"turns":8},{"damage":47,"enemies":"3 Byrds","floor":18,"turns":5},{"damage":36,"enemies":"2 Thieves","floor":20,"turns":4}],"seed_played":"-8017227826014264434","potions_obtained":[{"floor":1,"key":"BlessingOfTheForge"},{"floor":5,"key":"ColorlessPotion"},{"floor":10,"key":"Block Potion"}],"is_trial":false,"path_per_floor":["M","?","?","?","M","E","M","M","T","E","M","$","M","?","R","B",null,"M","$","M"],"character_chosen":"IRONCLAD","items_purchased":["Rupture","Second Wind","Exhume"],"campfire_rested":0,"item_purchase_floors":[12,19,19],"current_hp_per_floor":[80,85,68,68,72,78,81,81,81,64,67,67,71,71,71,32,85,44,44,14,14],"gold":70,"neow_bonus":"THREE_ENEMY_KILL","is_daily":false,"chose_seed":false,"campfire_upgraded":1,"win_rate":0.0,"timestamp":1610081098,"path_taken":["M","?","?","?","M","E","M","?","T","E","M","$","M","?","R","BOSS","M","$","M"],"items_purchased_type":["Card","Card","Card"],"build_version":"2020-12-22","purchased_purges":1,"victory":false,"max_hp_per_floor":[80,85,85,85,85,85,85,85,85,85,85,85,85,85,85,85,85,85,85,85,85],"relic_stats":{"counters":[11,36],"Pandora\u0027s Box":["Rupture","True Grit","Clash","Rampage","Pommel Strike","Clash","Burning Pact"],"obtain_stats":[{"Bottled Flame":6,"Lantern":9,"NeowsBlessing":0,"Oddly Smooth Stone":10,"Pandora\u0027s Box":17,"Burning Blood":0,"WarpedTongs":4},{"Bottled Flame":3,"Lantern":5,"NeowsBlessing":0,"Oddly Smooth Stone":6,"Pandora\u0027s Box":9,"Burning Blood":0,"WarpedTongs":1},{"Bottled Flame":3,"Lantern":8,"NeowsBlessing":0,"Oddly Smooth Stone":14,"Pandora\u0027s Box":27,"Burning Blood":0,"WarpedTongs":1}],"Burning Blood":60,"WarpedTongs":[35]},"card_choices":[{"not_picked":["Sword Boomerang","Rage"],"picked":"Wild Strike","floor":1},{"not_picked":["Wild Strike","Searing Blow"],"picked":"Battle Trance","floor":5},{"not_picked":["Iron Wave","Heavy Blade"],"picked":"Anger","floor":6},{"not_picked":["Anger","Exhume"],"picked":"Pommel Strike","floor":7},{"not_picked":["Armaments","Sword Boomerang"],"picked":"Shrug It Off","floor":8},{"not_picked":["True Grit","Uppercut"],"picked":"Brutality","floor":10},{"not_picked":["Shrug It Off","Warcry"],"picked":"Power Through","floor":11},{"not_picked":["Clash","Body Slam"],"picked":"Heavy Blade","floor":13},{"not_picked":["Double Tap","Fiend Fire"],"picked":"Limit Break","floor":16},{"not_picked":["Clothesline","Wild Strike"],"picked":"Spot Weakness+1","floor":18},{"not_picked":["Whirlwind+1","Thunderclap"],"picked":"Shockwave","floor":20}],"player_experience":541210,"relics_obtained":[{"floor":6,"key":"Bottled Flame"},{"floor":9,"key":"Lantern"},{"floor":10,"key":"Oddly Smooth Stone"}],"event_choices":[{"damage_healed":0,"gold_gain":0,"player_choice":"Donut","damage_taken":0,"max_hp_gain":5,"max_hp_loss":0,"event_name":"Big Fish","floor":2,"gold_loss":0},{"damage_healed":0,"gold_gain":0,"player_choice":"Entered Light","damage_taken":17,"max_hp_gain":0,"max_hp_loss":0,"event_name":"Shining Light","floor":3,"gold_loss":0,"cards_upgraded":["Bash","Defend_R"]},{"damage_healed":0,"gold_gain":0,"player_choice":"Rummage","damage_taken":0,"relics_obtained":["WarpedTongs"],"max_hp_gain":0,"max_hp_loss":0,"event_name":"Accursed Blacksmith","floor":4,"gold_loss":0,"cards_obtained":["Pain"]},{"cards_removed":["Strike_R"],"damage_healed":0,"gold_gain":0,"player_choice":"Card Removal","damage_taken":0,"max_hp_gain":0,"max_hp_loss":0,"event_name":"The Cleric","floor":14,"gold_loss":50}],"is_beta":false,"boss_relics":[{"not_picked":["Empty Cage","Black Star"],"picked":"Pandora\u0027s Box"}],"items_purged_floors":[12],"is_endless":false,"potions_floor_spawned":[1,5,10,13],"killed_by":"2 Thieves","ascension_level":0}}