{"host":"ypphcgdomtfqpc2w","time":1610102118,"event":{"mods":["BaseMod","Minty Spire (QoL Compilation)","StSLib"],"gold_per_floor":[119,131,131,131,131,131,151,70,70,101,101,132,145,145,145,216,216,229,241,156,156,168,194,244,273,273,273,283,303,336,350,350,427,427,440,390,390,408,408,436,436,470,493,502,124,160,179,207,207,207,207],"floor_reached":50,"playtime":3201,"items_purged":["Strike_R+1","Immolate"],"score":1296,"play_id":"06931343-df1f-43e7-8de6-9fed83029ef9","local_time":"20210108193518","is_ascension_mode":true,"campfire_choices":[{"data":"Thunderclap","floor":6,"key":"SMITH"},{"data":"Pommel Strike","floor":11,"key":"SMITH"},{"floor":15,"key":"REST"},{"floor":27,"key":"REST"},{"floor":32,"key":"RECALL"},{"floor":41,"key":"REST"},{"data":"1","floor":49,"key":"LIFT"}],"circlet_count":0,"master_deck":["AscendersBane","Defend_R","Defend_R","Bash+1","Fiend Fire","Shrug It Off+1","Thunderclap+1","Dropkick","Evolve","Pommel Strike+1","Power Through","Dropkick","Blood for Blood","Uppercut+1","Carnage","Rampage","Headbutt","Power Through","Battle Trance","Demon Form","Bloodletting+1","Immolate+1","Carnage+1","Burning Pact","Madness","Madness","Armaments+1","Uppercut+1","Rage","Disarm","True Grit+1","Body Slam+1"],"relics":["Burning Blood","HornCleat","Dream Catcher","Gremlin Horn","Fusion Hammer","Nunchaku","Tiny Chest","Singing Bowl","Shuriken","Smiling Mask","Astrolabe","Matryoshka","Meat on the Bone","Regal Pillow","CeramicFish","Incense Burner","Girya"],"acts_visited":["Exordium","TheCity","TheBeyond"],"potions_floor_usage":[10,19,23,25,30,40,46,48,50],"damage_taken":[{"damage":10,"enemies":"Small Slimes","floor":1,"turns":4},{"damage":4,"enemies":"Jaw Worm","floor":2,"turns":4},{"damage":7,"enemies":"2 Louse","floor":7,"turns":2},{"damage":8,"enemies":"3 Sentries","floor":10,"turns":6},{"damage":30,"enemies":"Lagavulin","floor":12,"turns":6},{"damage":0,"enemies":"Blue Slaver","floor":13,"turns":3},{"damage":33,"enemies":"Slime Boss","floor":16,"turns":6},{"damage":2,"enemies":"2 Thieves","floor":18,"turns":3},{"damage":1,"enemies":"3 Byrds","floor":19,"turns":4},{"damage":8,"enemies":"Cultist and Chosen","floor":22,"turns":5},{"damage":18,"enemies":"Slavers","floor":23,"turns":4},{"damage":24,"enemies":"Book of Stabbing","floor":25,"turns":4},{"damage":0,"enemies":"Sentry and Sphere","floor":28,"turns":5},{"damage":11,"enemies":"Shelled Parasite and Fungi","floor":29,"turns":5},{"damage":0,"enemies":"Slavers","floor":30,"turns":4},{"damage":8,"enemies":"Chosen and Byrds","floor":31,"turns":4},{"damage":61,"enemies":"Champ","floor":33,"turns":8},{"damage":6,"enemies":"3 Darklings","floor":35,"turns":5},{"damage":6,"enemies":"3 Shapes","floor":38,"turns":5},{"damage":20,"enemies":"Nemesis","floor":40,"turns":5},{"damage":0,"enemies":"Reptomancer","floor":42,"turns":5},{"damage":33,"enemies":"Giant Head","floor":46,"turns":6},{"damage":24,"enemies":"Transient","floor":47,"turns":6},{"damage":3,"enemies":"3 Darklings","floor":48,"turns":4},{"damage":55,"enemies":"Awakened One","floor":50,"turns":9}],"seed_played":"6279380836698783974","potions_obtained":[{"floor":2,"key":"Explosive Potion"},{"floor":7,"key":"SkillPotion"},{"floor":13,"key":"SmokeBomb"},{"floor":16,"key":"FearPotion"},{"floor":22,"key":"PowerPotion"},{"floor":25,"key":"SteroidPotion"},{"floor":31,"key":"Block Potion"},{"floor":33,"key":"Ancient Potion"},{"floor":35,"key":"LiquidMemories"},{"floor":42,"key":"Strength Potion"},{"floor":47,"key":"DuplicationPotion"}],"is_trial":false,"path_per_floor":["M","M","?","?","?","R","M","$","T","E","R","E","M","?","R","B",null,"M","M","?","?","M","E","?","E","T","R","M","M","E","M","R","B",null,"M","$","T","M","?","E","R","E","T","?","$","E","M","M","R","B"],"character_chosen":"IRONCLAD","items_purchased":["Evolve","Incense Burner"],"campfire_rested":3,"item_purchase_floors":[8,45],"current_hp_per_floor":[46,48,48,25,50,50,49,49,49,47,47,23,29,29,51,24,62,66,71,71,71,69,57,50,32,32,56,62,59,67,67,67,12,65,67,67,67,67,52,40,66,72,72,72,72,57,51,54,54,0,0],"gold":207,"neow_bonus":"THREE_RARE_CARDS","is_daily":false,"chose_seed":false,"campfire_upgraded":2,"win_rate":0.0,"timestamp":1610102118,"path_taken":["M","M","?","?","?","R","M","$","T","E","R","E","M","?","R","BOSS","M","M","?","?","M","E","?","E","T","R","?","?","E","M","R","BOSS","M","$","?","M","?","E","R","E","T","?","$","E","M","?","R","BOSS"],"items_purchased_type":["Card","Relic"],"build_version":"2020-12-22","purchased_purges":2,"victory":false,"max_hp_per_floor":[75,75,75,75,75,75,75,75,75,75,75,75,75,75,75,75,75,75,75,75,75,75,75,75,75,75,77,77,79,81,83,83,83,83,85,85,85,85,85,87,87,87,87,87,87,87,87,87,87,87,87],"card_choices":[{"not_picked":["Limit Break","Exhume"],"picked":"Fiend Fire","floor":0},{"not_picked":["Thunderclap","Anger"],"picked":"Shrug It Off","floor":1},{"not_picked":["Reckless Charge","Shrug It Off"],"picked":"Thunderclap","floor":2},{"not_picked":["Thunderclap","Cleave"],"picked":"Dropkick","floor":7},{"not_picked":["Heavy Blade","Dual Wield"],"picked":"Pommel Strike","floor":10},{"not_picked":["Sever Soul","Combust"],"picked":"Power Through","floor":12},{"not_picked":["Clothesline","Sword Boomerang"],"picked":"Dropkick","floor":13},{"not_picked":["Entrench","Searing Blow"],"picked":"Blood for Blood","floor":15},{"not_picked":["Exhume","Brutality"],"picked":"Immolate","floor":16},{"not_picked":["Intimidate","Body Slam","Sword Boomerang"],"picked":"SKIP","floor":18},{"not_picked":["Cleave","Searing Blow"],"picked":"Uppercut+1","floor":19},{"not_picked":["Pummel","Warcry"],"picked":"Headbutt","floor":22},{"not_picked":["Wild Strike","Searing Blow","Armaments"],"picked":"SKIP","floor":23},{"not_picked":["Heavy Blade","Double Tap"],"picked":"Power Through","floor":25},{"not_picked":["Perfected Strike","Heavy Blade+1","Warcry"],"picked":"Singing Bowl","floor":27},{"not_picked":["Twin Strike","Body Slam"],"picked":"Battle Trance","floor":28},{"not_picked":["Cleave","Reckless Charge","Dual Wield"],"picked":"Singing Bowl","floor":29},{"not_picked":["Entrench","Fire Breathing","Rampage"],"picked":"Singing Bowl","floor":30},{"not_picked":["Armaments","Warcry","Wild Strike"],"picked":"Singing Bowl","floor":31},{"not_picked":["Exhume","Double Tap"],"picked":"Demon Form","floor":33},{"not_picked":["Perfected Strike+1","Hemokinesis","Havoc"],"picked":"Singing Bowl","floor":35},{"not_picked":["Shrug It Off","Body Slam"],"picked":"Burning Pact","floor":38},{"not_picked":["Iron Wave","Headbutt","Double Tap"],"picked":"Singing Bowl","floor":40},{"not_picked":["Rupture+1","Perfected Strike"],"picked":"Armaments+1","floor":41},{"not_picked":["Sentinel","Clash"],"picked":"Uppercut+1","floor":42},{"not_picked":["Flame Barrier","Uppercut+1"],"picked":"Disarm","floor":46},{"not_picked":["Rampage","Pommel Strike"],"picked":"True Grit+1","floor":47},{"not_picked":["Perfected Strike","Power Through"],"picked":"Body Slam+1","floor":48}],"player_experience":2000051,"relics_obtained":[{"floor":9,"key":"HornCleat"},{"floor":10,"key":"Dream Catcher"},{"floor":12,"key":"Gremlin Horn"},{"floor":23,"key":"Tiny Chest"},{"floor":25,"key":"Singing Bowl"},{"floor":26,"key":"Shuriken"},{"floor":30,"key":"Smiling Mask"},{"floor":40,"key":"Matryoshka"},{"floor":42,"key":"Meat on the Bone"},{"floor":43,"key":"Regal Pillow"},{"floor":43,"key":"CeramicFish"},{"floor":46,"key":"Girya"}],"event_choices":[{"damage_healed":0,"gold_gain":0,"player_choice":"Grow","damage_taken":0,"max_hp_gain":0,"max_hp_loss":0,"event_name":"Living Wall","floor":3,"gold_loss":0,"cards_upgraded":["Shrug It Off"]},{"damage_healed":0,"gold_gain":0,"player_choice":"Entered Light","damage_taken":23,"max_hp_gain":0,"max_hp_loss":0,"event_name":"Shining Light","floor":4,"gold_loss":0,"cards_upgraded":["Bash","Strike_R"]},{"damage_healed":25,"gold_gain":0,"player_choice":"Banana","damage_taken":0,"max_hp_gain":0,"max_hp_loss":0,"event_name":"Big Fish","floor":5,"gold_loss":0},{"damage_healed":0,"gold_gain":0,"player_choice":"Ignored","damage_taken":0,"max_hp_gain":0,"max_hp_loss":0,"event_name":"Liars Game","floor":14,"gold_loss":0},{"damage_healed":0,"gold_gain":0,"player_choice":"Obtained Relic","damage_taken":0,"relics_obtained":["Nunchaku"],"max_hp_gain":0,"max_hp_loss":0,"event_name":"Addict","floor":20,"gold_loss":85},{"damage_healed":0,"gold_gain":0,"cards_transformed":["Strike_R","Strike_R"],"player_choice":"Became Test Subject","damage_taken":0,"max_hp_gain":0,"max_hp_loss":0,"event_name":"Drug Dealer","floor":21,"gold_loss":0,"cards_obtained":["Carnage","Rampage"]},{"damage_healed":0,"gold_gain":50,"player_choice":"Touch","damage_taken":7,"max_hp_gain":0,"max_hp_loss":0,"event_name":"FaceTrader","floor":24,"gold_loss":0},{"damage_healed":0,"gold_gain":0,"player_choice":"Embrace Madness","damage_taken":15,"max_hp_gain":0,"max_hp_loss":0,"event_name":"Winding Halls","floor":39,"gold_loss":0,"cards_obtained":["Madness","Madness"]},{"damage_healed":0,"gold_gain":0,"cards_transformed":["Defend_R"],"player_choice":"Transformed","damage_taken":0,"max_hp_gain":0,"max_hp_loss":0,"event_name":"Transmorgrifier","floor":44,"gold_loss":0,"cards_obtained":["Rage"]}],"is_beta":false,"boss_relics":[{"not_picked":["Velvet Choker","SacredBark"],"picked":"Fusion Hammer"},{"not_picked":["Philosopher\u0027s Stone","Runic Cube"],"picked":"Astrolabe"}],"items_purged_floors":[36,45],"is_endless":false,"potions_floor_spawned":[2,7,13,16,22,25,31,33,35,42,47],"killed_by":"Awakened One","ascension_level":20}}