{"host":"51mqhfpmwwd4kxyt","time":1610096721,"event":{"mods":["BaseMod","Downfall","Googly Eyes","Highlight Path","Minty Spire (QoL Compilation)","READ ME - Guardian Mod","StSLib","The Cursed","The Servant 0.9.4"],"gold_per_floor":[113,128,138,158,13,42,42,56,107,107,107,142,157,157,157,283,283,304,325,325,340,118,154,253,269,292,311,324,324,324,324,324],"floor_reached":31,"playtime":2093,"items_purged":["Regret"],"score":269,"play_id":"d04c21fe-b157-4244-87b3-06706fc792d4","local_time":"20210108040521","is_ascension_mode":false,"campfire_choices":[{"floor":11,"key":"REST"},{"floor":15,"key":"REST"},{"floor":30,"key":"REST"}],"circlet_count":0,"master_deck":["Strike_P","Strike_P","Strike_P","Strike_P","Defend_P","Defend_P","Defend_P","Defend_P","Eruption","Vigilance","Apotheosis","Sanctity","Swivel","Collect","Crescendo","DeusExMachina","Sanctity","Prostrate","LikeWater","EmptyFist","Devotion","Sanctity","Worship+1","Consecrate+1","BattleHymn","Tantrum+1","WindmillStrike+1","EmptyBody","Evaluate+1","Establishment","LikeWater"],"relics":["HolyWater","Pear","HornCleat","Tiny Chest","MealTicket","Golden Idol","Molten Egg 2","Orichalcum","Dream Catcher"],"acts_visited":["Exordium","TheCity"],"potions_floor_usage":[6,16,19,27,28,28],"damage_taken":[{"damage":0,"enemies":"2 Louse","floor":1,"turns":2},{"damage":0,"enemies":"Jaw Worm","floor":2,"turns":3},{"damage":0,"enemies":"Cultist","floor":3,"turns":5},{"damage":0,"enemies":"Exordium Wildlife","floor":4,"turns":4},{"damage":18,"enemies":"3 Sentries","floor":6,"turns":11},{"damage":0,"enemies":"2 Fungi Beasts","floor":8,"turns":3},{"damage":12,"enemies":"Lagavulin","floor":12,"turns":9},{"damage":5,"enemies":"Exordium Thugs","floor":13,"turns":6},{"damage":37,"enemies":"Hexaghost","floor":16,"turns":12},{"damage":4,"enemies":"3 Byrds","floor":18,"turns":8},{"damage":3,"enemies":"Spheric Guardian","floor":19,"turns":5},{"damage":56,"enemies":"3 Cultists","floor":21,"turns":9},{"damage":2,"enemies":"Book of Stabbing","floor":23,"turns":5},{"damage":7,"enemies":"Snecko","floor":25,"turns":7},{"damage":4,"enemies":"Centurion and Healer","floor":27,"turns":4},{"damage":10,"enemies":"Snake Plant","floor":28,"turns":3},{"damage":33,"enemies":"3 Cultists","floor":31,"turns":5}],"seed_played":"-8520866101558059950","potions_obtained":[{"floor":1,"key":"PowerPotion"},{"floor":2,"key":"DistilledChaos"},{"floor":3,"key":"BlessingOfTheForge"},{"floor":16,"key":"ColorlessPotion"},{"floor":21,"key":"Strength Potion"},{"floor":25,"key":"DistilledChaos"},{"floor":27,"key":"SkillPotion"}],"is_trial":false,"path_per_floor":["M","M","M","M","$","E","?","M","T","?","R","E","M","?","R","B",null,"M","M","T","M","$","E","?","M","T","M","M","?","R","M"],"character_chosen":"WATCHER","items_purchased":["DeusExMachina","BattleHymn","Tantrum+1"],"campfire_rested":3,"item_purchase_floors":[5,22,22],"current_hp_per_floor":[51,51,51,51,51,43,43,43,43,43,67,55,50,30,54,17,82,78,75,75,19,34,32,32,25,25,21,11,2,26,0,0],"gold":324,"neow_bonus":"RANDOM_COLORLESS_2","is_daily":false,"chose_seed":false,"campfire_upgraded":0,"win_rate":0.0,"timestamp":1610096721,"path_taken":["M","M","M","M","$","E","?","M","T","?","R","E","?","?","R","BOSS","M","M","?","M","$","E","?","M","T","M","?","?","R","M"],"items_purchased_type":["Card","Card","Card"],"build_version":"2020-12-22","purchased_purges":1,"victory":false,"max_hp_per_floor":[72,72,72,72,72,82,82,82,82,82,82,82,82,82,82,82,82,82,82,82,82,82,82,82,82,82,82,82,82,82,82,82],"card_choices":[{"not_picked":["Sadistic Nature","Violence"],"picked":"Apotheosis","floor":0},{"not_picked":["BowlingBash","Nirvana"],"picked":"Sanctity","floor":1},{"not_picked":["SashWhip","ThirdEye"],"picked":"Swivel","floor":2},{"not_picked":["Nirvana","Consecrate"],"picked":"Collect","floor":3},{"not_picked":["Vengeance","CutThroughFate"],"picked":"Crescendo","floor":4},{"not_picked":["Nirvana","Perseverance"],"picked":"Sanctity","floor":6},{"not_picked":["JustLucky","CrushJoints"],"picked":"Prostrate","floor":8},{"not_picked":["ClearTheMind","Protect"],"picked":"EmptyFist","floor":12},{"not_picked":["JustLucky","Halt","Consecrate"],"picked":"SKIP","floor":13},{"not_picked":["LessonLearned","MasterReality"],"picked":"Devotion","floor":16},{"not_picked":["Weave","Meditate"],"picked":"Sanctity","floor":18},{"not_picked":["CrushJoints+1","Consecrate"],"picked":"Worship+1","floor":19},{"not_picked":["FlyingSleeves+1","Crescendo"],"picked":"Consecrate+1","floor":21},{"not_picked":["ReachHeaven+1","ThirdEye"],"picked":"WindmillStrike+1","floor":23},{"not_picked":["ReachHeaven+1","DeceiveReality"],"picked":"EmptyBody","floor":25},{"not_picked":["FlyingSleeves+1","FearNoEvil+1"],"picked":"Evaluate+1","floor":27},{"not_picked":["Evaluate","ReachHeaven+1"],"picked":"Establishment","floor":28},{"not_picked":["SignatureMove+1","Sanctity"],"picked":"LikeWater","floor":30}],"player_experience":337495,"relics_obtained":[{"floor":6,"key":"Pear"},{"floor":9,"key":"Tiny Chest"},{"floor":12,"key":"MealTicket"},{"floor":20,"key":"Molten Egg 2"},{"floor":23,"key":"Orichalcum"},{"floor":26,"key":"Dream Catcher"}],"event_choices":[{"damage_healed":0,"gold_gain":0,"player_choice":"Box","damage_taken":0,"relics_obtained":["HornCleat"],"max_hp_gain":0,"max_hp_loss":0,"event_name":"Big Fish","floor":7,"gold_loss":0,"cards_obtained":["Regret"]},{"damage_healed":0,"gold_gain":0,"player_choice":"1 cards matched","damage_taken":0,"max_hp_gain":0,"max_hp_loss":0,"event_name":"Match and Keep!","floor":10,"gold_loss":0,"cards_obtained":["LikeWater"]},{"damage_healed":0,"gold_gain":0,"player_choice":"Take Damage","damage_taken":20,"relics_obtained":["Golden Idol"],"max_hp_gain":0,"max_hp_loss":0,"event_name":"Golden Idol","floor":14,"gold_loss":0},{"damage_healed":0,"gold_gain":99,"player_choice":"Stole From Cult","damage_taken":0,"max_hp_gain":0,"max_hp_loss":0,"event_name":"Nest","floor":24,"gold_loss":0},{"damage_healed":0,"gold_gain":0,"player_choice":"Stopped","damage_taken":9,"max_hp_gain":0,"max_hp_loss":0,"event_name":"Cursed Tome","floor":29,"gold_loss":0}],"is_beta":false,"boss_relics":[{"not_picked":["Snecko Eye","Busted Crown"],"picked":"HolyWater"}],"items_purged_floors":[22],"is_endless":false,"potions_floor_spawned":[1,2,3,4,16,21,25,27],"killed_by":"3 Cultists","ascension_level":0}}