{"host":"cfnmff32z0ky6ioz","time":1610131829,"event":{"mods":["BaseMod","Bestiary","Colored Powertips","Downfall","Friendly Minions","Hermit","Highlight Path","KinomotoSakuraMod(木之本?)","Luminous","Minty Spire (QoL Compilation)","Quick Restart","Replay The Spire","StSLib","The Alterego","The Animator","The IronCluck","The Jungle","The Marked","【?物卡牌】REMEMod"],"gold_per_floor":[99,117,129,179,9,9,9,24,35,35,35,35,35,51,61,157,157,157,177,204,215,42,52,52,72,72,91,109,24,24,35,54,54,54,54],"floor_reached":33,"playtime":2849,"items_purged":["Normality"],"score":245,"play_id":"88217c16-c482-4e2f-b56a-365c4cebb1ed","local_time":"20210109025029","is_ascension_mode":false,"campfire_choices":[{"data":"Slimebound:Split","floor":1,"key":"SMITH"},{"data":"Slimebound:SplitBruiser","floor":6,"key":"SMITH"},{"data":"Slimebound:LeadByExample","floor":13,"key":"SMITH"},{"data":"Slimebound:Overexert","floor":18,"key":"SMITH"},{"data":"Slimebound:LeadByExample","floor":26,"key":"SMITH"},{"floor":30,"key":"REST"}],"circlet_count":0,"master_deck":["Slimebound:Strike_Slimebound","Slimebound:Strike_Slimebound","Slimebound:Strike_Slimebound","Slimebound:Tackle","Slimebound:Defend_Slimebound","Slimebound:Defend_Slimebound","Slimebound:Defend_Slimebound","Slimebound:Defend_Slimebound+1","Slimebound:Split+1","Slimebound:CorrosiveSpit+1","Slimebound:SplitMire","Slimebound:LivingWall","Slimebound:LeechEnergy","Slimebound:SplitBruiser+1","Slimebound:LeadByExample+1","Slimebound:MegaLick","Parasite","Slimebound:ComboTackle","Slimebound:GrowthPunch","REME_CurseOfMatryoshka","Slimebound:Overexert+1","Slimebound:LeadByExample","Slimebound:HauntingLick","Slimebound:SamplingLick","Slimebound:LeadByExample+1","Slimebound:GoopSpray+1","animator:Curse_Greed","Slimebound:SplitLeeching","Slimebound:FormOfPuddle","Slimebound:MassRepurpose","Slimebound:GrowthPunch","Slimebound:SamplingLick"],"relics":["Slimebound:AbsorbEndCombat","REME_ComplimentaryCards","War Paint","Ring of Greed","The Courier","Tiny Chest","Ring of Fangs","ReplayTheSpireMod:TigerMarble","Matryoshka","Philosopher\u0027s Stone","Bronze Scales","Replay:Wax Seal","Replay:Accelerometer","Anchor","Pantograph"],"acts_visited":["Exordium","TheCity"],"potions_floor_usage":[14,21,22,23,25,25,28],"damage_taken":[{"damage":9,"enemies":"2 Louse","floor":2,"turns":2},{"damage":15,"enemies":"Cultist","floor":3,"turns":2},{"damage":18,"enemies":"downfall:FleeingMerchant","floor":5,"turns":4},{"damage":11,"enemies":"Jaw Worm","floor":8,"turns":3},{"damage":34,"enemies":"Exordium Wildlife","floor":9,"turns":4},{"damage":19,"enemies":"Lots of Slimes","floor":14,"turns":3},{"damage":20,"enemies":"2 Fungi Beasts","floor":15,"turns":2},{"damage":41,"enemies":"downfall:Ironclad","floor":16,"turns":9},{"damage":29,"enemies":"Shell Parasite","floor":19,"turns":5},{"damage":16,"enemies":"3 Byrds","floor":21,"turns":2},{"damage":39,"enemies":"downfall:FleeingMerchant","floor":22,"turns":4},{"damage":27,"enemies":"Centurion and Healer","floor":23,"turns":4},{"damage":40,"enemies":"Sentry and Sphere","floor":25,"turns":4},{"damage":23,"enemies":"Snecko","floor":27,"turns":4},{"damage":25,"enemies":"Snake Plant","floor":28,"turns":3},{"damage":19,"enemies":"Cultist and Chosen","floor":29,"turns":4},{"damage":38,"enemies":"Shelled Parasite and Fungi","floor":31,"turns":5},{"damage":20,"enemies":"Snecko","floor":32,"turns":5},{"damage":94,"enemies":"downfall:Watcher","floor":33,"turns":6}],"seed_played":"5324046822696890563","potions_obtained":[{"floor":2,"key":"SteroidPotion"},{"floor":8,"key":"champ:CounterPotion"},{"floor":14,"key":"AttackPotion"},{"floor":16,"key":"Fire Potion"},{"floor":21,"key":"LiquidMemories"},{"floor":23,"key":"Regen Potion"},{"floor":25,"key":"Weak Potion"},{"floor":32,"key":"SpeedPotion"}],"is_trial":false,"path_per_floor":["R","M","M","?","$","R","T","M","M","?","?","?","R","M","M","B",null,"R","M","T","M","$","M","T","M","R","M","M","M","R","M","M","B"],"character_chosen":"SLIMEBOUND","items_purchased":["ReplayTheSpireMod:TigerMarble","Slimebound:SplitBruiser","Replay:Accelerometer"],"campfire_rested":1,"item_purchase_floors":[5,5,22],"current_hp_per_floor":[60,60,57,57,60,60,60,60,42,47,63,63,63,65,65,60,65,65,59,59,51,52,57,57,48,48,53,36,45,64,43,43,0,0,0],"gold":54,"neow_bonus":"RANDOM_COMMON_RELIC","is_daily":false,"chose_seed":false,"campfire_upgraded":5,"win_rate":0.0,"timestamp":1610131829,"path_taken":["R","M","M","?","$","R","T","M","M","?","?","?","R","M","M","BOSS","R","M","?","M","$","M","T","M","R","M","M","M","R","?","M","BOSS"],"items_purchased_type":["Relic","Card","Relic"],"build_version":"2020-12-22","purchased_purges":1,"victory":false,"max_hp_per_floor":[60,60,60,60,60,60,60,60,60,65,65,65,65,65,65,65,65,65,65,65,65,65,65,65,65,65,65,65,65,65,65,65,65,65,65],"card_choices":[{"not_picked":["Slimebound:Replication","Slimebound:LeechEnergy"],"picked":"Slimebound:SplitMire","floor":2},{"not_picked":["Slimebound:Repurpose","Slimebound:LevelUp"],"picked":"Slimebound:LivingWall","floor":3},{"not_picked":["Slimebound:PressTheAttack","Slimebound:Teamwork"],"picked":"Slimebound:LeechEnergy","floor":5},{"not_picked":["Slimebound:MegaLick","Slimebound:Equalize"],"picked":"Slimebound:LeadByExample","floor":8},{"not_picked":["Slimebound:SplitAcid","Slimebound:ComboTackle"],"picked":"Slimebound:MegaLick","floor":9},{"not_picked":["Slimebound:RollThrough","Slimebound:FinishingTackle"],"picked":"Slimebound:ComboTackle","floor":14},{"not_picked":["Slimebound:CheckThePlaybook","Slimebound:SlimeSpikes"],"picked":"Slimebound:GrowthPunch","floor":15},{"not_picked":["Slimebound:CheckThePlaybook","Slimebound:DouseInSlime"],"picked":"Slimebound:Overexert","floor":16},{"not_picked":["Slimebound:SamplingLick","Slimebound:SlimeBarrage"],"picked":"Slimebound:LeadByExample","floor":19},{"not_picked":["Slimebound:SplitBruiser","Slimebound:FinishingTackle"],"picked":"Slimebound:HauntingLick","floor":21},{"not_picked":["Slimebound:GrowthPunch","Slimebound:Grow"],"picked":"Slimebound:SamplingLick","floor":22},{"not_picked":["Slimebound:FinishingTackle","Slimebound:Repurpose"],"picked":"Slimebound:LeadByExample","floor":23},{"not_picked":["Slimebound:SplitAcid","Slimebound:RollThrough+1"],"picked":"Slimebound:GoopSpray+1","floor":25},{"not_picked":["Slimebound:PrepareCrush","Slimebound:LeechEnergy"],"picked":"Slimebound:SplitLeeching","floor":27},{"not_picked":["Slimebound:SplitAcid","Slimebound:FinishingTackle"],"picked":"Slimebound:FormOfPuddle","floor":28},{"not_picked":["Slimebound:SplitBruiser+1","Slimebound:RainOfGoop"],"picked":"Slimebound:MassRepurpose","floor":29},{"not_picked":["Slimebound:SplitMire","Slimebound:ViciousTackle"],"picked":"Slimebound:GrowthPunch","floor":31},{"not_picked":["Slimebound:FinishingTackle","Slimebound:ViciousTackle+1"],"picked":"Slimebound:SamplingLick","floor":32}],"player_experience":365964,"relics_obtained":[{"floor":4,"key":"Ring of Greed"},{"floor":4,"key":"The Courier"},{"floor":4,"key":"Tiny Chest"},{"floor":4,"key":"Ring of Fangs"},{"floor":7,"key":"Matryoshka"},{"floor":20,"key":"Bronze Scales"},{"floor":20,"key":"Replay:Wax Seal"},{"floor":24,"key":"Anchor"},{"floor":24,"key":"Pantograph"}],"event_choices":[{"damage_healed":0,"gold_gain":0,"player_choice":"Donut","damage_taken":0,"max_hp_gain":5,"max_hp_loss":0,"event_name":"Big Fish","floor":10,"gold_loss":0},{"damage_healed":16,"gold_gain":0,"player_choice":"Healed and dodged fight","damage_taken":0,"max_hp_gain":0,"max_hp_loss":0,"event_name":"Mushrooms","floor":11,"gold_loss":0,"cards_obtained":["Parasite"]},{"damage_healed":0,"gold_gain":0,"player_choice":"Ignored","damage_taken":0,"max_hp_gain":0,"max_hp_loss":0,"event_name":"NoteForYourself","floor":12,"gold_loss":0}],"is_beta":false,"boss_relics":[{"not_picked":["Runic Dome","Replay:Grab Bag"],"picked":"Philosopher\u0027s Stone"}],"items_purged_floors":[22],"is_endless":false,"potions_floor_spawned":[2,8,14,16,21,23,25,32],"killed_by":"downfall:Watcher","ascension_level":0}}