{"host":"ci7cmvrwpmzqnw7e","time":1610069284,"event":{"mods":["BaseMod","BetterRewards","Colored Map","Downfall","Hubris","Minty Spire (QoL Compilation)","Rare Cards Sparkle","Replay The Spire","Shop Mod","StSLib","The Necromancer","The Servant 0.9.4"],"gold_per_floor":[99,109,59,73,73,73,123,123,123,123,123,123,123,325,336,439,439,439,458,470,470,470,141,141,157,170,170,190,210,210,310,325,420,420,420,25,45,57,77,173,173,173,173],"floor_reached":42,"playtime":2616,"items_purged":["sneckomod:UnknownClassSILVER","sneckomod:Unknown1Cost"],"score":461,"play_id":"8d2c1a23-8db5-4d2c-9f22-f5af4bde0b4e","local_time":"20210107182804","is_ascension_mode":false,"campfire_choices":[{"data":"sneckomod:Unknown","floor":1,"key":"SMITH"},{"data":"sneckomod:MasterEye","floor":6,"key":"SMITH"},{"data":"sneckomod:UnknownUncommonPower","floor":8,"key":"SMITH"},{"data":"sneckomod:Unknown1Cost","floor":12,"key":"SMITH"},{"floor":18,"key":"REST"},{"floor":27,"key":"REST"},{"floor":30,"key":"REST"},{"floor":35,"key":"REST"}],"circlet_count":0,"master_deck":["sneckomod:TailWhip+1","sneckomod:SnekBite","sneckomod:Unknown+1","sneckomod:Unknown","sneckomod:MasterEye+1","sneckomod:QuickBite+1","sneckomod:SoulRoll","sneckomod:UnlimitedRolls","sneckomod:IronFang","sneckomod:Unknown1Cost+1","sneckomod:UnknownRarePower","sneckomod:UnknownClassSLIMEBOUND+2","sneckomod:UnknownEthereal","sneckomod:UnknownClassGUARDIAN","sneckomod:SoulRoll","sneckomod:SoulDraw","sneckomod:MasterEye","sneckomod:UnlimitedRolls","sneckomod:Unknown3Cost","sneckomod:SlitherStrike+1","sneckomod:DefensiveFlair+1","sneckomod:QuickMove","sneckomod:Mudshield","sneckomod:Nope","hubris:EnhanceAbility","sneckomod:UnknownUncommonAttack","sneckomod:SoulDraw+1"],"relics":["sneckomod:SneckoSoul","Juzu Bracelet","Whetstone","Fusion Hammer","DollysMirror","Unceasing Top","downfall:CloakOfManyFaces","CultistMask","FaceOfCleric","NlothsMask","GremlinMask","SsserpentHead","Replay:Drink Me","Meat on the Bone","PrismaticShard","TungstenRod"],"acts_visited":["Exordium","TheCity","TheBeyond"],"potions_floor_usage":[25,40],"damage_taken":[{"damage":7,"enemies":"2 Louse","floor":2,"turns":3},{"damage":5,"enemies":"downfall:FleeingMerchant","floor":3,"turns":4},{"damage":11,"enemies":"Jaw Worm","floor":4,"turns":2},{"damage":13,"enemies":"Small Slimes","floor":15,"turns":3},{"damage":2,"enemies":"downfall:Watcher","floor":16,"turns":8},{"damage":4,"enemies":"Chosen","floor":19,"turns":7},{"damage":22,"enemies":"3 Cultists","floor":20,"turns":5},{"damage":1,"enemies":"downfall:FleeingMerchant","floor":23,"turns":4},{"damage":30,"enemies":"Snecko","floor":25,"turns":4},{"damage":16,"enemies":"Snake Plant","floor":26,"turns":3},{"damage":10,"enemies":"Centurion and Healer","floor":28,"turns":4},{"damage":24,"enemies":"Snecko","floor":29,"turns":3},{"damage":39,"enemies":"downfall:FaceTrader","floor":31,"turns":5},{"damage":10,"enemies":"Shelled Parasite and Fungi","floor":32,"turns":4},{"damage":3,"enemies":"downfall:Defect","floor":33,"turns":8},{"damage":16,"enemies":"downfall:FleeingMerchant","floor":36,"turns":4},{"damage":28,"enemies":"3 Darklings","floor":37,"turns":4},{"damage":14,"enemies":"3 Shapes","floor":38,"turns":3},{"damage":30,"enemies":"Writhing Mass","floor":39,"turns":5},{"damage":30,"enemies":"2 Orb Walkers","floor":40,"turns":5},{"damage":22,"enemies":"Jaw Worm Horde","floor":42,"turns":1}],"seed_played":"-8248498281962035022","potions_obtained":[{"floor":2,"key":"LiquidMemories"},{"floor":15,"key":"champ:CounterPotion"},{"floor":19,"key":"ColorlessPotion"},{"floor":31,"key":"Slimebound:ThreeZeroPotion"},{"floor":32,"key":"ColorlessPotion"}],"is_trial":false,"path_per_floor":["R","M","$","M","?","R","T","R","?","?","?","R","?","?","M","B",null,"R","M","M","?","?","$","T","M","M","R","M","M","R","?","M","B",null,"R","$","M","M","M","?","T","M"],"character_chosen":"THE_SNECKO","items_purchased":["sneckomod:UnknownUncommonPower","sneckomod:SoulDraw","sneckomod:MasterEye","DollysMirror","Meat on the Bone","hubris:EnhanceAbility","PrismaticShard","sneckomod:UnknownUncommonAttack"],"campfire_rested":4,"item_purchase_floors":[3,23,23,23,36,36,36,36],"current_hp_per_floor":[99,93,89,78,71,71,71,71,76,76,76,76,76,34,24,22,109,109,105,84,78,82,85,85,56,40,75,65,42,77,42,37,35,90,90,76,49,48,31,14,14,0,0],"gold":173,"neow_bonus":"TEN_PERCENT_HP_BONUS","is_daily":false,"chose_seed":false,"campfire_upgraded":4,"win_rate":0.0,"timestamp":1610069284,"path_taken":["R","M","$","M","?","R","T","R","?","?","?","R","?","?","M","BOSS","R","M","M","?","?","$","T","M","M","R","M","M","R","?","M","BOSS","R","?","M","M","M","?","T","M"],"items_purchased_type":["Card","Card","Card","Relic","Relic","Card","Relic","Card"],"build_version":"2020-12-22","purchased_purges":2,"victory":false,"max_hp_per_floor":[99,100,101,101,101,101,101,101,106,106,106,106,106,106,109,109,109,109,109,110,112,116,116,116,117,117,117,117,118,118,118,119,120,90,90,92,93,94,95,96,96,96,96],"card_choices":[{"not_picked":["sneckomod:UnknownWeak","sneckomod:UnknownStrike"],"picked":"sneckomod:Unknown1Cost","floor":2},{"not_picked":["sneckomod:UnknownCommonSkill","sneckomod:CheapStock"],"picked":"sneckomod:MasterEye","floor":3},{"not_picked":["sneckomod:DiceCrush","sneckomod:RainOfDice"],"picked":"sneckomod:QuickBite","floor":4},{"not_picked":["sneckomod:UnknownEthereal","sneckomod:UnknownClassBLUE"],"picked":"sneckomod:CheapStock","floor":14},{"not_picked":["sneckomod:DiceBlock","sneckomod:RainOfDice"],"picked":"sneckomod:SoulRoll","floor":15},{"not_picked":["sneckomod:SoulExchange","sneckomod:MorePower"],"picked":"sneckomod:UnlimitedRolls","floor":16},{"not_picked":["sneckomod:SoulCleanse+1","sneckomod:Nope"],"picked":"sneckomod:IronFang","floor":19},{"not_picked":["sneckomod:QuickMove+1","sneckomod:Unknown0Cost"],"picked":"sneckomod:Unknown1Cost+1","floor":20},{"not_picked":["sneckomod:UnknownCommonSkill","sneckomod:Unknown0Cost+1"],"picked":"sneckomod:SoulRoll","floor":23},{"not_picked":["sneckomod:UnknownExhaust","sneckomod:RainOfDice+1"],"picked":"sneckomod:Unknown3Cost","floor":25},{"not_picked":["sneckomod:Unknown1Cost","sneckomod:UnknownClassGUARDIAN","sneckomod:UnknownVulnerable"],"picked":"SKIP","floor":26},{"not_picked":["sneckomod:QuickMove+1","sneckomod:MasterEye+1"],"picked":"sneckomod:SlitherStrike+1","floor":28},{"not_picked":["sneckomod:RainOfDice","sneckomod:UnknownWeak"],"picked":"sneckomod:UnknownClassRED","floor":29},{"not_picked":["sneckomod:Unknown2Cost","sneckomod:DiceCrush"],"picked":"sneckomod:DefensiveFlair+1","floor":31},{"not_picked":["sneckomod:UnknownEthereal","sneckomod:UnknownUncommonSkill"],"picked":"sneckomod:QuickMove","floor":32},{"not_picked":["sneckomod:SerpentMind","sneckomod:MorePower"],"picked":"sneckomod:Mudshield","floor":33},{"not_picked":["sneckomod:MasterEye","sneckomod:Unknown1Cost+1"],"picked":"sneckomod:Nope","floor":36},{"not_picked":["hexamod:SwordOfDarkness","Guardian:CrystalBeam","Guardian:DecasProtection+1"],"picked":"SKIP","floor":37},{"not_picked":["Guardian:EvasiveProtocol","Cold Snap+1","hexamod:ShieldOfDarkness+1"],"picked":"SKIP","floor":38},{"not_picked":["Dodge and Roll+1","hexamod:HauntingEcho+1","champ:FocusedGladiator+1"],"picked":"SKIP","floor":39},{"not_picked":["hexamod:PhantomFireball","champ:Backstep"],"picked":"sneckomod:SoulDraw+1","floor":40}],"player_experience":15297,"relics_obtained":[{"floor":7,"key":"Whetstone"},{"floor":24,"key":"Unceasing Top"},{"floor":31,"key":"downfall:CloakOfManyFaces"},{"floor":40,"key":"TungstenRod"}],"event_choices":[{"damage_healed":0,"gold_gain":0,"player_choice":"Success","damage_taken":7,"relics_obtained":["Juzu Bracelet"],"max_hp_gain":0,"max_hp_loss":0,"event_name":"Scrap Ooze","floor":5,"gold_loss":0},{"damage_healed":0,"gold_gain":0,"player_choice":"Donut","damage_taken":0,"max_hp_gain":5,"max_hp_loss":0,"event_name":"Big Fish","floor":9,"gold_loss":0},{"damage_healed":0,"gold_gain":0,"player_choice":"Fight","damage_taken":0,"max_hp_gain":0,"max_hp_loss":0,"event_name":"Mysterious Sphere","floor":40,"gold_loss":0}],"is_beta":false,"boss_relics":[{"not_picked":["ReplayTheSpireMod:DimensionalGlitch","hubris:HollowSoul"],"picked":"Fusion Hammer"},{"not_picked":["Replay:Bronze Core","SlaversCollar"],"picked":"Replay:Drink Me"}],"items_purged_floors":[23,36],"is_endless":false,"potions_floor_spawned":[2,15,19,20,31,32,39],"killed_by":"Jaw Worm Horde","ascension_level":0}}