{"host":"1c52r9kaxdyo25eq","time":1610095630,"event":{"mods":["AchievementEnabler","BaseMod","Minty Spire (QoL Compilation)","Rare Cards Sparkle","SuperFastMode","everything is the same but u backflip on backflip"],"gold_per_floor":[109,109,124,144,219,219,242,258,331,356,206,237,84,136,136,136,136],"floor_reached":16,"playtime":339,"items_purged":["Strike_R","Strike_R"],"score":158,"play_id":"6f36259c-edd9-454a-8d70-783a232e2037","local_time":"20210108174710","is_ascension_mode":true,"campfire_choices":[{"data":"Dark Embrace","floor":6,"key":"SMITH"},{"data":"True Grit","floor":15,"key":"SMITH"}],"circlet_count":0,"master_deck":["AscendersBane","Strike_R","Strike_R","Strike_R","Defend_R","Defend_R","Defend_R","Defend_R","Bash","Wild Strike","Dark Embrace+1","Evolve","True Grit+1","Shrug It Off"],"relics":["Burning Blood","NeowsBlessing","Golden Idol","Mummified Hand","Girya"],"acts_visited":["Exordium"],"potions_floor_usage":[10,12,16],"damage_taken":[{"damage":0,"enemies":"Small Slimes","floor":1,"turns":1},{"damage":0,"enemies":"2 Louse","floor":3,"turns":1},{"damage":0,"enemies":"Cultist","floor":4,"turns":1},{"damage":14,"enemies":"Red Slaver","floor":7,"turns":2},{"damage":17,"enemies":"Looter","floor":8,"turns":3},{"damage":21,"enemies":"3 Louse","floor":10,"turns":5},{"damage":38,"enemies":"Lagavulin","floor":12,"turns":6},{"damage":3,"enemies":"Hexaghost","floor":16,"turns":9}],"seed_played":"-418226054079291900","potions_obtained":[{"floor":3,"key":"Regen Potion"},{"floor":4,"key":"FearPotion"},{"floor":12,"key":"SkillPotion"}],"is_trial":false,"path_per_floor":["M","?","M","M","?","R","M","M","T","M","$","E","$","T","R","B"],"character_chosen":"IRONCLAD","items_purchased":["Evolve","Shrug It Off"],"campfire_rested":0,"item_purchase_floors":[11,13],"current_hp_per_floor":[78,58,64,70,62,62,54,43,43,42,42,10,10,10,10,7,7],"gold":136,"neow_bonus":"THREE_ENEMY_KILL","is_daily":false,"chose_seed":false,"campfire_upgraded":2,"win_rate":0.0,"timestamp":1610095630,"path_taken":["M","?","M","M","?","R","M","M","T","?","$","E","$","?","R","BOSS"],"items_purchased_type":["Card","Card"],"build_version":"2020-12-22","purchased_purges":2,"victory":false,"max_hp_per_floor":[80,80,80,80,80,80,80,80,80,80,80,80,80,80,80,80,80],"card_choices":[{"not_picked":["Clash","Armaments"],"picked":"Wild Strike","floor":1},{"not_picked":["Wild Strike","Body Slam"],"picked":"Dark Embrace","floor":3},{"not_picked":["Blood for Blood","Wild Strike","Rupture"],"picked":"SKIP","floor":4},{"not_picked":["Twin Strike","Anger","Armaments"],"picked":"SKIP","floor":7},{"not_picked":["Sword Boomerang","Inflame","Cleave"],"picked":"SKIP","floor":8},{"not_picked":["Combust","Double Tap","Iron Wave"],"picked":"SKIP","floor":10},{"not_picked":["Clash","Dark Embrace"],"picked":"True Grit","floor":12}],"player_experience":559963,"relics_obtained":[{"floor":9,"key":"Mummified Hand"},{"floor":12,"key":"Girya"}],"event_choices":[{"damage_healed":0,"gold_gain":0,"player_choice":"Take Damage","damage_taken":20,"relics_obtained":["Golden Idol"],"max_hp_gain":0,"max_hp_loss":0,"event_name":"Golden Idol","floor":2,"gold_loss":0},{"damage_healed":0,"gold_gain":75,"player_choice":"Touch","damage_taken":8,"max_hp_gain":0,"max_hp_loss":0,"event_name":"FaceTrader","floor":5,"gold_loss":0}],"is_beta":false,"boss_relics":[],"items_purged_floors":[11,13],"is_endless":false,"potions_floor_spawned":[3,4,8,12],"killed_by":"Hexaghost","ascension_level":11}}