{"host":"uu8qcv8llpcbwyus","time":1610092338,"event":{"mods":["100% Spire Juice","BaseMod","CapriCore","Conspire","Downfall","Hubris","Marisa（霧雨　魔理沙）","Minty Spire (QoL Compilation)","Reimu（博??梦）","Remilia（蕾米莉?）","Replay The Spire","StSLib","The Administrix","The Animator","The Gatherer","The Immortal","The Servant 0.9.4","TheSwordswoman","WarShipGirlsR/??少女R mod","Yakumo Yukari mod"],"gold_per_floor":[109,109,28,45,74,84,100,100,152,32,32,32,44,58,58,158,158,176,101,101,101,50,50,65,65,65,65,76,86,101,118,118,222,222,241,241,260,65,65,93,93,126,126,154,154,168,187,187,187,187,187,187,0,33,33],"floor_reached":56,"playtime":3622,"items_purged":["Moonworks:Strike","Moonworks:Strike"],"score":1409,"play_id":"b1c3fc0a-1a4b-4566-a921-3f13a819334a","local_time":"20210107235218","is_ascension_mode":true,"campfire_choices":[{"data":"Moonworks:x16BigRocket+1","floor":11,"key":"SMITH"},{"data":"Moonworks:x16BigRocket+2","floor":15,"key":"SMITH"},{"data":"Moonworks:AccelHyper","floor":23,"key":"SMITH"},{"data":"Moonworks:x16BigRocket+3","floor":25,"key":"SMITH"},{"data":"Moonworks:x16BigRocket+4","floor":27,"key":"SMITH"},{"data":"Moonworks:x16BigRocket+5","floor":32,"key":"SMITH"},{"floor":41,"key":"RECALL"},{"data":"Moonworks:x16BigRocket+6","floor":45,"key":"SMITH"},{"data":"Moonworks:x16BigRocket+7","floor":49,"key":"SMITH"},{"data":"Moonworks:x16BigRocket+8","floor":52,"key":"SMITH"}],"circlet_count":0,"master_deck":["Moonworks:Strike","Moonworks:Defend","Moonworks:Defend","Moonworks:Defend","Moonworks:Defend","Moonworks:Ambush","Moonworks:LongDistanceShot","Moonworks:SealedMemories+1","Moonworks:x16BigRocket+9","Moonworks:LulusLuckyEgg","Moonworks:Dinner","Moonworks:AccelHyper+1","Moonworks:AngelHand","Moonworks:EvilSpyWorkPreparation","Moonworks:WindyEnchantment","Moonworks:Bloodlust","Moonworks:PlushieMaster","Madness","Madness","Moonworks:HolyNight","Moonworks:BackdoorTrade+1","Moonworks:WindyEnchantment","Moonworks:UnpaidWork+1","Moonworks:LuckyCharm","expansioncontent:Collect","Moonworks:AwakeningOfTalent"],"relics":["Moonworks:BrokenBomb","Moonworks:Homemark","Replay:Baseball","Toy Ornithopter","Bag of Preparation","hubris:TerracottaHorce","hubris:Spice","hubris:Towel","Pantograph","Ice Cream","Replay:Towering Pillar of Hats","Turnip"],"acts_visited":["Exordium","TheCity","TheBeyond","TheEnding"],"potions_floor_usage":[30,33,33,50,55,55],"damage_taken":[{"damage":5,"enemies":"conspire:RoseBush","floor":1,"turns":4},{"damage":6,"enemies":"Jaw Worm","floor":4,"turns":3},{"damage":28,"enemies":"conspire:MimicChest","floor":5,"turns":7},{"damage":1,"enemies":"Cultist","floor":6,"turns":3},{"damage":1,"enemies":"Large Slime","floor":7,"turns":5},{"damage":0,"enemies":"Looter","floor":13,"turns":2},{"damage":0,"enemies":"Blue Slaver","floor":14,"turns":3},{"damage":15,"enemies":"The Guardian","floor":16,"turns":8},{"damage":10,"enemies":"conspire:FuzzyDice","floor":18,"turns":4},{"damage":12,"enemies":"Shell Parasite","floor":24,"turns":3},{"damage":0,"enemies":"3 Cultists","floor":28,"turns":4},{"damage":2,"enemies":"Snake Plant","floor":29,"turns":3},{"damage":12,"enemies":"Shelled Parasite and Fungi","floor":30,"turns":3},{"damage":9,"enemies":"Centurion and Healer","floor":31,"turns":2},{"damage":37,"enemies":"Collector","floor":33,"turns":5},{"damage":4,"enemies":"3 Shapes","floor":35,"turns":3},{"damage":15,"enemies":"3 Darklings","floor":37,"turns":5},{"damage":26,"enemies":"Giant Head","floor":40,"turns":7},{"damage":17,"enemies":"Nemesis","floor":42,"turns":5},{"damage":18,"enemies":"Reptomancer","floor":44,"turns":4},{"damage":0,"enemies":"Maw","floor":46,"turns":5},{"damage":4,"enemies":"4 Shapes","floor":47,"turns":6},{"damage":22,"enemies":"Time Eater","floor":50,"turns":7},{"damage":60,"enemies":"Shield and Spear","floor":54,"turns":5},{"damage":77,"enemies":"The Heart","floor":55,"turns":10}],"seed_played":"8998540859793881183","potions_obtained":[{"floor":4,"key":"Dexterity Potion"},{"floor":7,"key":"Toxic Potion"},{"floor":13,"key":"Elixir"},{"floor":18,"key":"SkillPotion"},{"floor":29,"key":"Swift Potion"},{"floor":33,"key":"Dexterity Potion"},{"floor":42,"key":"Ancient Potion"},{"floor":44,"key":"Guardian:BlockOnCardUsePotion"},{"floor":46,"key":"BlessingOfTheForge"}],"is_trial":false,"path_per_floor":["M","?","$","M","?","M","M","?","T","$","R","T","M","M","R","B",null,"M","?","?","?","$","R","M","R","T","R","M","M","M","M","R","B",null,"M","?","M","$","?","E","R","E","T","E","R","M","M","T","R","B",null,"R","$","E","B",null],"character_chosen":"THE_STARBREAKER","items_purchased":["Moonworks:x16BigRocket","Moonworks:EvilSpyWorkPreparation","expansioncontent:Collect"],"campfire_rested":0,"item_purchase_floors":[3,22,53],"current_hp_per_floor":[61,61,61,55,27,26,25,25,25,25,25,25,25,25,25,16,54,49,49,49,49,49,49,48,48,56,56,62,60,53,44,44,42,74,79,79,75,75,65,57,57,60,60,56,56,68,74,74,74,55,69,69,69,29,7],"gold":33,"neow_bonus":"TEN_PERCENT_HP_BONUS","is_daily":false,"chose_seed":false,"campfire_upgraded":9,"win_rate":0.0,"timestamp":1610092338,"path_taken":["M","?","?","?","?","M","M","?","T","$","R","?","M","M","R","BOSS","M","?","?","?","?","R","M","R","T","R","M","M","M","M","R","BOSS","M","?","M","$","?","E","R","E","T","E","R","?","M","?","R","BOSS","R","$","E","BOSS"],"items_purchased_type":["Card","Card","Card"],"build_version":"2020-12-22","purchased_purges":2,"victory":true,"max_hp_per_floor":[66,66,66,66,66,66,66,66,66,66,66,66,66,66,66,66,66,66,66,66,66,66,66,66,66,74,74,74,74,74,74,74,74,82,82,82,82,82,82,74,74,74,74,74,74,74,74,74,74,74,74,74,74,74,74],"card_choices":[{"not_picked":["Moonworks:Assault","Moonworks:SakisCookie"],"picked":"Moonworks:SealedMemories","floor":1},{"not_picked":["Moonworks:BigMagnum","Moonworks:Assault","Moonworks:Heat300Percent"],"picked":"SKIP","floor":4},{"not_picked":["Moonworks:DevilHand","Moonworks:SakisCookie"],"picked":"Moonworks:LulusLuckyEgg","floor":6},{"not_picked":["Moonworks:ImOnFire","Moonworks:Assault","Moonworks:Heat300Percent"],"picked":"SKIP","floor":7},{"not_picked":["Moonworks:CloudOfSeagulls","Moonworks:ImOnFire","Moonworks:DeployBits"],"picked":"SKIP","floor":13},{"not_picked":["Moonworks:SelfDestruct","Moonworks:BigMagnum"],"picked":"Moonworks:Dinner","floor":14},{"not_picked":["Moonworks:GoAway","Moonworks:OutOfAmmo"],"picked":"Moonworks:AccelHyper","floor":16},{"not_picked":["Moonworks:ImOnFire+1","Moonworks:DeployBits"],"picked":"Moonworks:AngelHand","floor":18},{"not_picked":["Moonworks:IndiscriminateFireSupport","Moonworks:CloudOfSeagulls+1","Moonworks:MixPhenomenon"],"picked":"SKIP","floor":24},{"not_picked":["Moonworks:CookingTime","Moonworks:JonathanRush","Moonworks:RedAndBlue"],"picked":"SKIP","floor":28},{"not_picked":["Moonworks:CloudOfSeagulls","Moonworks:IndiscriminateFireSupport+1"],"picked":"Moonworks:WindyEnchantment","floor":29},{"not_picked":["Moonworks:EvilSpyWorkPreparation+1","Moonworks:BindingChains","Moonworks:CloudOfSeagulls"],"picked":"SKIP","floor":30},{"not_picked":["Moonworks:Heat300Percent+1","Moonworks:MiracleWalker"],"picked":"Moonworks:Bloodlust","floor":31},{"not_picked":["Moonworks:OutOfAmmo","Moonworks:RocketCannon"],"picked":"Moonworks:PlushieMaster","floor":33},{"not_picked":["Moonworks:ReproductionOfRecords","Moonworks:Poppoformation","Moonworks:Assault"],"picked":"SKIP","floor":35},{"not_picked":["Moonworks:BindingChains+1","Moonworks:Assault","Moonworks:CastOff"],"picked":"SKIP","floor":37},{"not_picked":["Moonworks:x16BigRocket+1","Moonworks:BigMagnum"],"picked":"Moonworks:HolyNight","floor":40},{"not_picked":["Moonworks:NicePresent+1","Moonworks:Dinner+1"],"picked":"Moonworks:BackdoorTrade+1","floor":42},{"not_picked":["Moonworks:IndiscriminateFireSupport+1","Moonworks:MiracleWalker+1"],"picked":"Moonworks:WindyEnchantment","floor":44},{"not_picked":["Moonworks:SakisCookie+1","Moonworks:Assault+1"],"picked":"Moonworks:UnpaidWork+1","floor":46},{"not_picked":["Moonworks:ShieldCounter","Moonworks:DeployBits"],"picked":"Moonworks:LuckyCharm","floor":47},{"not_picked":["Moonworks:DeployBits","Moonworks:TreasureThief+1"],"picked":"Moonworks:AwakeningOfTalent","floor":54}],"player_experience":1116112,"relics_obtained":[{"floor":5,"key":"Replay:Baseball"},{"floor":9,"key":"Toy Ornithopter"},{"floor":12,"key":"Bag of Preparation"},{"floor":26,"key":"hubris:Spice"},{"floor":40,"key":"hubris:Spice"},{"floor":42,"key":"Pantograph"},{"floor":44,"key":"Ice Cream"},{"floor":48,"key":"Replay:Towering Pillar of Hats"},{"floor":54,"key":"Turnip"}],"event_choices":[{"damage_healed":0,"gold_gain":0,"player_choice":"Upgraded","damage_taken":0,"max_hp_gain":0,"max_hp_loss":0,"event_name":"Upgrade Shrine","floor":2,"gold_loss":0,"cards_upgraded":["Moonworks:SealedMemories"]},{"damage_healed":0,"gold_gain":0,"player_choice":"Grow","damage_taken":0,"max_hp_gain":0,"max_hp_loss":0,"event_name":"Living Wall","floor":8,"gold_loss":0,"cards_upgraded":["Moonworks:x16BigRocket"]},{"cards_removed":["Moonworks:Strike"],"damage_healed":0,"gold_gain":0,"player_choice":"Gave Gold","damage_taken":0,"max_hp_gain":0,"max_hp_loss":0,"event_name":"Beggar","floor":19,"gold_loss":75},{"damage_healed":0,"gold_gain":0,"player_choice":"Ignored","damage_taken":0,"max_hp_gain":0,"max_hp_loss":0,"event_name":"Ghosts","floor":21,"gold_loss":0},{"damage_healed":0,"gold_gain":0,"player_choice":"Embrace Madness","damage_taken":10,"max_hp_gain":0,"max_hp_loss":0,"event_name":"Winding Halls","floor":39,"gold_loss":0,"cards_obtained":["Madness","Madness"]}],"is_beta":false,"boss_relics":[{"not_picked":["conspire:RoyalGoblet","ReplayTheSpireMod:DimensionalGlitch"],"picked":"hubris:TerracottaHorce"},{"not_picked":["Ring of Chaos","conspire:SeveredTorchhead"],"picked":"hubris:Spice"}],"items_purged_floors":[38,53],"is_endless":false,"potions_floor_spawned":[4,7,13,14,18,29,33,42,44,46],"ascension_level":5}}