{"host":"3ykswgue17e1ycc2","time":1610121401,"event":{"mods":["BaseMod","Colored Powertips","Dark Map","Minty Spire (QoL Compilation)","Quick Restart","Rare Cards Sparkle","StSLib"],"gold_per_floor":[119,133,133,152,167,198,258,284,284,284,303,331,331,87,87,182,182,193,206,131,51,51,51,51,80,80,109,109,109,109,135,135,240,240,253,253,253,303,352,352,383,395,407,419,457,488,500,512,524,536,548,560,5,40,40],"floor_reached":56,"playtime":1792,"items_purged":["Strike_R","Strike_R","Strike_R"],"score":1892,"play_id":"552fbf44-5483-4014-9d48-0b908b173881","local_time":"20210108225641","is_ascension_mode":true,"campfire_choices":[{"data":"Offering","floor":10.0,"key":"SMITH"},{"data":"Rupture","floor":13.0,"key":"SMITH"},{"floor":15.0,"key":"REST"},{"data":"Iron Wave","floor":23.0,"key":"SMITH"},{"data":"Brutality","floor":28.0,"key":"SMITH"},{"floor":30.0,"key":"REST"},{"data":"Bloodletting","floor":32.0,"key":"SMITH"},{"data":"Offering","floor":40.0,"key":"SMITH"},{"data":"Burning Pact","floor":42.0,"key":"SMITH"},{"data":"Sword Boomerang","floor":44.0,"key":"SMITH"},{"data":"Limit Break","floor":47.0,"key":"SMITH"},{"floor":49.0,"key":"RECALL"},{"data":"Blood for Blood","floor":52.0,"key":"SMITH"}],"circlet_count":0,"master_deck":["Defend_R","Defend_R","Defend_R","Defend_R","Bash+1","Flex","Rampage+1","Iron Wave+1","Thunderclap","Offering+1","Wild Strike","Bloodletting+1","Burning Pact+1","Rupture+1","Hemokinesis","Brutality+1","Seeing Red+1","Pummel+1","Sword Boomerang+1","Blood for Blood+1","Offering+1","Twin Strike+1","Flash of Steel","Limit Break+1"],"relics":["Burning Blood","Pocketwatch","The Courier","Kunai","Eternal Feather","Juzu Bracelet","Bag of Marbles","SacredBark","Enchiridion","Anchor","HornCleat","Oddly Smooth Stone","MutagenicStrength","Whetstone","Coffee Dripper","Gambling Chip","Incense Burner","MawBank","Potion Belt","Lizard Tail","Art of War","Cauldron","Ice Cream"],"acts_visited":["Exordium","TheCity","TheBeyond","TheEnding"],"potions_floor_usage":[55,55,55,55,55],"damage_taken":[{"damage":6.0,"enemies":"2 Louse","floor":1.0,"turns":3.0},{"damage":5.0,"enemies":"Small Slimes","floor":2.0,"turns":3.0},{"damage":9.0,"enemies":"Jaw Worm","floor":4.0,"turns":3.0},{"damage":6.0,"enemies":"Exordium Wildlife","floor":5.0,"turns":4.0},{"damage":50.0,"enemies":"3 Sentries","floor":6.0,"turns":11.0},{"damage":17.0,"enemies":"Gremlin Nob","floor":7.0,"turns":3.0},{"damage":16.0,"enemies":"Gremlin Nob","floor":8.0,"turns":3.0},{"damage":3.0,"enemies":"Blue Slaver","floor":11.0,"turns":3.0},{"damage":24.0,"enemies":"Lagavulin","floor":12.0,"turns":5.0},{"damage":50.0,"enemies":"The Guardian","floor":16.0,"turns":9.0},{"damage":15.0,"enemies":"Shell Parasite","floor":18.0,"turns":3.0},{"damage":37.0,"enemies":"2 Thieves","floor":19.0,"turns":3.0},{"damage":8.0,"enemies":"Gremlin Leader","floor":25.0,"turns":3.0},{"damage":7.0,"enemies":"Slavers","floor":27.0,"turns":2.0},{"damage":27.0,"enemies":"Book of Stabbing","floor":31.0,"turns":4.0},{"damage":26.0,"enemies":"Collector","floor":33.0,"turns":4.0},{"damage":8.0,"enemies":"3 Shapes","floor":35.0,"turns":3.0},{"damage":9.0,"enemies":"Mind Bloom Boss Battle","floor":38.0,"turns":2.0},{"damage":25.0,"enemies":"2 Orb Walkers","floor":39.0,"turns":3.0},{"damage":14.0,"enemies":"Nemesis","floor":41.0,"turns":3.0},{"damage":15.0,"enemies":"Giant Head","floor":45.0,"turns":1.0},{"damage":14.0,"enemies":"3 Darklings","floor":46.0,"turns":1.0},{"damage":58.0,"enemies":"Donu and Deca","floor":50.0,"turns":4.0},{"damage":22.0,"enemies":"Shield and Spear","floor":54.0,"turns":6.0},{"damage":50,"enemies":"The Heart","floor":55,"turns":5}],"seed_played":"3381305825112882825","potions_obtained":[{"floor":1.0,"key":"Swift Potion"},{"floor":6.0,"key":"DistilledChaos"},{"floor":7.0,"key":"Strength Potion"},{"floor":8.0,"key":"Block Potion"},{"floor":16.0,"key":"Swift Potion"},{"floor":19.0,"key":"Ancient Potion"},{"floor":27.0,"key":"Ancient Potion"},{"floor":31.0,"key":"BloodPotion"},{"floor":33.0,"key":"FearPotion"},{"floor":35.0,"key":"Strength Potion"},{"floor":53.0,"key":"Fruit Juice"},{"floor":53.0,"key":"HeartOfIron"},{"floor":53.0,"key":"AttackPotion"},{"floor":53.0,"key":"Block Potion"}],"is_trial":false,"path_per_floor":["M","M","?","M","M","E","?","E","T","R","M","E","R","$","R","B",null,"M","M","?","$","?","R","?","E","T","E","R","?","R","E","R","B",null,"M","?","?","?","?","R","E","R","T","R","E","M","R","?","R","B",null,"R","$","E","B",null],"character_chosen":"IRONCLAD","items_purchased":["Hemokinesis","Bag of Marbles","Lizard Tail","Art of War","Cauldron"],"campfire_rested":2,"item_purchase_floors":[14,14,53,53,53],"current_hp_per_floor":[80,81,81,78,78,34,23,13,13,22,25,7,16,16,51,7,68,59,28,28,28,28,37,21,19,19,18,30,30,68,47,59,39,76,74,74,74,71,52,64,56,68,68,80,71,63,78,78,84,32,71,84,94,78,65],"gold":40,"neow_bonus":"TEN_PERCENT_HP_BONUS","is_daily":false,"chose_seed":false,"campfire_upgraded":10,"win_rate":0.0,"timestamp":1610121401,"path_taken":["M","M","?","M","M","E","?","E","T","R","M","E","R","$","R","BOSS","M","M","?","$","?","R","?","E","T","E","R","?","R","E","R","BOSS","M","?","?","?","?","R","E","R","T","R","E","M","R","?","R","BOSS","R","$","E","BOSS"],"items_purchased_type":["Card","Relic","Relic","Relic","Relic"],"build_version":"2020-12-22","purchased_purges":3,"victory":true,"max_hp_per_floor":[88,88,88,88,88,88,88,88,88,88,88,88,88,88,88,88,88,88,88,88,88,88,88,88,88,88,88,88,88,88,88,88,88,88,88,88,88,88,88,88,88,88,88,88,88,88,88,84,84,84,84,84,94,94,94],"card_choices":[{"not_picked":["Rage","Clothesline"],"picked":"Flex","floor":1.0},{"not_picked":["Ghostly Armor","Reckless Charge"],"picked":"Rampage","floor":2.0},{"not_picked":["Body Slam","Searing Blow"],"picked":"Iron Wave","floor":4.0},{"not_picked":["Warcry","Second Wind"],"picked":"Thunderclap","floor":5.0},{"not_picked":["Clothesline","Perfected Strike"],"picked":"Offering","floor":6.0},{"not_picked":["True Grit","Perfected Strike"],"picked":"Wild Strike","floor":7.0},{"not_picked":["Shockwave","Body Slam"],"picked":"Bloodletting","floor":8.0},{"not_picked":["Sentinel","Perfected Strike"],"picked":"Burning Pact","floor":11.0},{"not_picked":["Heavy Blade","Blood for Blood"],"picked":"Rupture","floor":12.0},{"not_picked":["Corruption","Barricade"],"picked":"Brutality","floor":16.0},{"not_picked":["Sword Boomerang","Shockwave"],"picked":"Seeing Red+1","floor":18.0},{"not_picked":["Dropkick","Twin Strike"],"picked":"Pummel","floor":19.0},{"not_picked":["Twin Strike","Perfected Strike+1"],"picked":"Sword Boomerang","floor":25.0},{"not_picked":["Corruption","Feel No Pain"],"picked":"Blood for Blood","floor":27.0},{"not_picked":["Clash","Sever Soul","Flame Barrier"],"picked":"SKIP","floor":31.0},{"not_picked":["Double Tap","Impervious"],"picked":"Offering","floor":33.0},{"not_picked":["Clothesline+1","Pommel Strike"],"picked":"Twin Strike+1","floor":35.0},{"not_picked":["Enlightenment","Secret Technique"],"picked":"Flash of Steel","floor":36.0},{"not_picked":["Second Wind+1","Anger","Power Through"],"picked":"SKIP","floor":41.0},{"not_picked":["Entrench","Hemokinesis+1"],"picked":"Limit Break","floor":45.0},{"not_picked":["Inflame+1","Rampage","True Grit"],"picked":"SKIP","floor":46.0},{"not_picked":["Uppercut","Rampage+1","Twin Strike"],"picked":"SKIP","floor":54.0}],"player_experience":317775,"relics_obtained":[{"floor":6.0,"key":"Pocketwatch"},{"floor":7.0,"key":"The Courier"},{"floor":8.0,"key":"Kunai"},{"floor":9.0,"key":"Eternal Feather"},{"floor":12.0,"key":"Juzu Bracelet"},{"floor":24.0,"key":"Enchiridion"},{"floor":25.0,"key":"Anchor"},{"floor":26.0,"key":"HornCleat"},{"floor":27.0,"key":"Oddly Smooth Stone"},{"floor":31.0,"key":"Whetstone"},{"floor":38.0,"key":"Gambling Chip"},{"floor":39.0,"key":"Incense Burner"},{"floor":41.0,"key":"MawBank"},{"floor":45.0,"key":"Potion Belt"},{"floor":54.0,"key":"Ice Cream"}],"event_choices":[{"damage_healed":0.0,"max_hp_gain":0.0,"max_hp_loss":0.0,"gold_gain":0.0,"event_name":"Living Wall","player_choice":"Grow","floor":3.0,"gold_loss":0.0,"damage_taken":0.0,"cards_upgraded":["Rampage"]},{"damage_healed":0.0,"max_hp_gain":0.0,"max_hp_loss":0.0,"gold_gain":0.0,"event_name":"Dead Adventurer","player_choice":"Searched \u00271\u0027 times","floor":7.0,"gold_loss":0.0,"damage_taken":0.0},{"cards_removed":["Strike_R"],"damage_healed":0.0,"max_hp_gain":0.0,"max_hp_loss":0.0,"gold_gain":0.0,"event_name":"Beggar","player_choice":"Gave Gold","floor":20.0,"gold_loss":75.0,"damage_taken":0.0},{"cards_removed":["Strike_R"],"damage_healed":0.0,"max_hp_gain":0.0,"max_hp_loss":0.0,"gold_gain":0.0,"event_name":"Back to Basics","player_choice":"Elegance","floor":22.0,"gold_loss":0.0,"damage_taken":0.0},{"damage_healed":0.0,"max_hp_gain":0.0,"max_hp_loss":0.0,"gold_gain":0.0,"event_name":"Cursed Tome","player_choice":"Obtained Book","floor":24.0,"gold_loss":0.0,"damage_taken":16.0},{"damage_healed":0.0,"max_hp_gain":0.0,"max_hp_loss":0.0,"gold_gain":0.0,"event_name":"Drug Dealer","player_choice":"Inject Mutagens","floor":29.0,"gold_loss":0.0,"damage_taken":0.0,"relics_obtained":["MutagenicStrength"]},{"damage_healed":0.0,"max_hp_gain":0.0,"max_hp_loss":0.0,"gold_gain":0.0,"event_name":"SensoryStone","player_choice":"Memory 1","floor":36.0,"gold_loss":0.0,"damage_taken":0.0},{"damage_healed":0.0,"max_hp_gain":0.0,"max_hp_loss":0.0,"gold_gain":0.0,"event_name":"Tomb of Lord Red Mask","player_choice":"Ignored","floor":37.0,"gold_loss":0.0,"damage_taken":0.0},{"damage_healed":0.0,"max_hp_gain":0.0,"max_hp_loss":0.0,"gold_gain":0.0,"event_name":"MindBloom","player_choice":"Fight","floor":38.0,"gold_loss":0.0,"damage_taken":0.0},{"damage_healed":0.0,"max_hp_gain":0.0,"max_hp_loss":0.0,"gold_gain":0.0,"event_name":"Mysterious Sphere","player_choice":"Fight","floor":39.0,"gold_loss":0.0,"damage_taken":0.0},{"damage_healed":0.0,"max_hp_gain":0.0,"max_hp_loss":4.0,"gold_gain":0.0,"event_name":"Winding Halls","player_choice":"Max HP","floor":48.0,"gold_loss":0.0,"damage_taken":0.0}],"is_beta":false,"boss_relics":[{"not_picked":["Sozu","Tiny House"],"picked":"SacredBark"},{"not_picked":["Pandora\u0027s Box","Philosopher\u0027s Stone"],"picked":"Coffee Dripper"}],"items_purged_floors":[14,21,53],"is_endless":false,"potions_floor_spawned":[1,6,7,8,16,19,27,31,33,35],"ascension_level":9}}