{"host":"daa8jqyg4gqfaysm","time":1610113072,"event":{"mods":["BaseMod","Colored Powertips","Minty Spire (QoL Compilation)","StSLib"],"gold_per_floor":[116,130,130,130,150,150,168,168,194,194,8,8,19,47,47,152,152,170,170,190,289,307,336,336,29,29,29,59,76,26,39,39,143,143,159,175,175,194,208,222,222,250,250,250,262,144,155,165,165,165],"floor_reached":51,"playtime":1772,"items_purged":["Strike_R","Strike_R","Strike_R","Defend_R"],"score":771,"play_id":"de8ee7b1-c54e-4dd3-828e-e126de3c935e","local_time":"20210108213752","is_ascension_mode":false,"campfire_choices":[{"floor":6.0,"key":"DIG"},{"floor":10.0,"key":"DIG"},{"floor":12.0,"key":"DIG"},{"floor":15.0,"key":"DIG"},{"floor":24.0,"key":"DIG"},{"floor":27.0,"key":"DIG"},{"data":"Demon Form","floor":32.0,"key":"SMITH"},{"floor":49,"key":"REST"}],"circlet_count":0,"master_deck":["Defend_R","Defend_R","Defend_R+1","Bash+1","Headbutt","Shrug It Off","Armaments","Pommel Strike+1","Disarm","Pummel","Heavy Blade","Immolate","Demon Form+1","CurseOfTheBell","Flame Barrier","Cleave+1","Reaper","Flame Barrier+1","Shrug It Off+1","Battle Trance"],"relics":["Burning Blood","Vajra","Shovel","Ancient Tea Set","Mummified Hand","Oddly Smooth Stone","Whetstone","Bag of Marbles","Singing Bowl","Calipers","Calling Bell","Omamori","Darkstone Periapt","Torii","Pen Nib","Smiling Mask","Bag of Preparation","Pantograph","Paper Frog","Sundial","MealTicket","Sozu","Regal Pillow"],"acts_visited":["Exordium","TheCity","TheBeyond"],"potions_floor_usage":[],"damage_taken":[{"damage":6.0,"enemies":"Jaw Worm","floor":1.0,"turns":4.0},{"damage":1.0,"enemies":"Cultist","floor":2.0,"turns":3.0},{"damage":0.0,"enemies":"Small Slimes","floor":5.0,"turns":3.0},{"damage":0.0,"enemies":"Exordium Wildlife","floor":7.0,"turns":4.0},{"damage":1.0,"enemies":"Looter","floor":13.0,"turns":2.0},{"damage":27.0,"enemies":"3 Sentries","floor":14.0,"turns":7.0},{"damage":18.0,"enemies":"The Guardian","floor":16.0,"turns":11.0},{"damage":14.0,"enemies":"Spheric Guardian","floor":18.0,"turns":6.0},{"damage":14.0,"enemies":"Shell Parasite","floor":20.0,"turns":6.0},{"damage":15.0,"enemies":"Shelled Parasite and Fungi","floor":22.0,"turns":10.0},{"damage":21.0,"enemies":"Gremlin Leader","floor":23.0,"turns":5.0},{"damage":11.0,"enemies":"Book of Stabbing","floor":28.0,"turns":5.0},{"damage":32.0,"enemies":"Cultist and Chosen","floor":29.0,"turns":8.0},{"damage":4.0,"enemies":"Snake Plant","floor":31.0,"turns":4.0},{"damage":45,"enemies":"Champ","floor":33,"turns":11},{"damage":2,"enemies":"3 Darklings","floor":35,"turns":5},{"damage":0,"enemies":"3 Shapes","floor":36,"turns":1},{"damage":45,"enemies":"Sphere and 2 Shapes","floor":38,"turns":11},{"damage":9,"enemies":"Writhing Mass","floor":39,"turns":5},{"damage":0,"enemies":"Jaw Worm Horde","floor":40,"turns":3},{"damage":81,"enemies":"Reptomancer","floor":42,"turns":9},{"damage":17,"enemies":"4 Shapes","floor":45,"turns":7},{"damage":64,"enemies":"Transient","floor":47,"turns":5},{"damage":17,"enemies":"Spire Growth","floor":48,"turns":5},{"damage":59,"enemies":"Time Eater","floor":50,"turns":11}],"seed_played":"3008452964568800255","potions_obtained":[{"floor":1.0,"key":"EntropicBrew"},{"floor":5.0,"key":"CultistPotion"},{"floor":13.0,"key":"SkillPotion"},{"floor":22.0,"key":"Block Potion"},{"floor":31.0,"key":"Dexterity Potion"},{"floor":33,"key":"GamblersBrew"}],"is_trial":false,"path_per_floor":["M","M","?","?","M","R","M","T","T","R","$","R","M","E","R","B",null,"M","T","M","?","M","E","R","$","T","R","E","M","$","M","R","B",null,"M","M","?","M","M","M","?","E","T","?","M","$","M","M","R","B",null],"character_chosen":"IRONCLAD","items_purchased":["Disarm","Pummel","Pantograph","Battle Trance"],"campfire_rested":1,"item_purchase_floors":[11,11,25,46],"current_hp_per_floor":[80,80,64,39,45,45,51,51,51,51,51,51,56,35,35,23,80,72,72,66,66,59,46,46,46,46,46,43,19,34,36,36,22,90,90,92,92,94,96,98,98,31,31,31,53,68,12,17,61,33],"gold":165,"neow_bonus":"RANDOM_COMMON_RELIC","is_daily":false,"chose_seed":false,"campfire_upgraded":1,"win_rate":0.0,"timestamp":1610113072,"path_taken":["M","M","?","?","M","R","M","?","T","R","?","R","?","E","R","BOSS","M","?","M","?","M","E","R","?","T","R","E","M","$","M","R","BOSS","M","M","?","?","M","M","?","E","T","?","M","?","M","?","R","BOSS"],"items_purchased_type":["Card","Card","Relic","Card"],"build_version":"2020-12-22","purchased_purges":4,"victory":true,"max_hp_per_floor":[80,80,80,80,80,80,80,80,80,80,80,80,80,80,80,80,80,80,80,82,82,84,86,86,86,86,86,88,90,90,90,90,90,90,90,92,92,94,96,98,98,100,100,95,95,95,97,99,99,99],"card_choices":[{"not_picked":["Disarm","Rampage"],"picked":"Headbutt","floor":1.0},{"not_picked":["Hemokinesis","Wild Strike"],"picked":"Shrug It Off","floor":2.0},{"not_picked":["Flex","Body Slam"],"picked":"Armaments","floor":5.0},{"not_picked":["Heavy Blade","Havoc"],"picked":"Pommel Strike","floor":7.0},{"not_picked":["Anger","Warcry"],"picked":"Heavy Blade","floor":13.0},{"not_picked":["Havoc","Hemokinesis"],"picked":"Immolate","floor":14.0},{"not_picked":["Corruption","Fiend Fire"],"picked":"Demon Form","floor":16.0},{"not_picked":["Wild Strike","Reckless Charge"],"picked":"Flame Barrier","floor":18.0},{"not_picked":["Rage","Flex","Wild Strike"],"picked":"Singing Bowl","floor":20.0},{"not_picked":["Clash+1","Iron Wave","Blood for Blood"],"picked":"Singing Bowl","floor":22.0},{"not_picked":["Feel No Pain","Fire Breathing","Thunderclap"],"picked":"Singing Bowl","floor":23.0},{"not_picked":["Fiend Fire","Rage","Warcry"],"picked":"Singing Bowl","floor":28.0},{"not_picked":["Carnage+1","Clothesline","Anger"],"picked":"Singing Bowl","floor":29.0},{"not_picked":["Dual Wield","Wild Strike"],"picked":"Cleave+1","floor":31.0},{"not_picked":["Demon Form","Fiend Fire"],"picked":"Reaper","floor":33},{"not_picked":["Havoc","Power Through+1"],"picked":"Flame Barrier+1","floor":35},{"not_picked":["Thunderclap","Cleave+1","Anger+1"],"picked":"Singing Bowl","floor":36},{"not_picked":["Dual Wield","Dark Embrace+1","Pommel Strike"],"picked":"Singing Bowl","floor":38},{"not_picked":["Perfected Strike+1","Power Through","Clash+1"],"picked":"Singing Bowl","floor":39},{"not_picked":["Anger+1","Headbutt","Sword Boomerang"],"picked":"Singing Bowl","floor":40},{"not_picked":["Warcry+1","Corruption","Body Slam"],"picked":"Singing Bowl","floor":42},{"not_picked":["Feel No Pain","Havoc+1"],"picked":"Shrug It Off+1","floor":45},{"not_picked":["Iron Wave","Havoc","Power Through+1"],"picked":"Singing Bowl","floor":47},{"not_picked":["Warcry+1","Sentinel+1","Sever Soul+1"],"picked":"Singing Bowl","floor":48}],"player_experience":790685,"relics_obtained":[{"floor":6.0,"key":"Ancient Tea Set"},{"floor":8.0,"key":"Mummified Hand"},{"floor":9.0,"key":"Oddly Smooth Stone"},{"floor":10.0,"key":"Whetstone"},{"floor":12.0,"key":"Bag of Marbles"},{"floor":14.0,"key":"Singing Bowl"},{"floor":15.0,"key":"Calipers"},{"floor":17.0,"key":"Omamori"},{"floor":17.0,"key":"Darkstone Periapt"},{"floor":17.0,"key":"Torii"},{"floor":19.0,"key":"Pen Nib"},{"floor":23.0,"key":"Smiling Mask"},{"floor":24.0,"key":"Bag of Preparation"},{"floor":26.0,"key":"Paper Frog"},{"floor":27.0,"key":"Sundial"},{"floor":28.0,"key":"MealTicket"},{"floor":42,"key":"Regal Pillow"}],"event_choices":[{"damage_healed":0.0,"max_hp_gain":0.0,"max_hp_loss":0.0,"gold_gain":0.0,"event_name":"Shining Light","player_choice":"Entered Light","floor":3.0,"gold_loss":0.0,"damage_taken":16.0,"cards_upgraded":["Bash","Defend_R"]},{"damage_healed":0.0,"max_hp_gain":0.0,"max_hp_loss":0.0,"gold_gain":0.0,"event_name":"Scrap Ooze","player_choice":"Success","floor":4.0,"gold_loss":0.0,"damage_taken":25.0,"relics_obtained":["Shovel"]},{"damage_healed":0.0,"max_hp_gain":0.0,"max_hp_loss":0.0,"gold_gain":99.0,"event_name":"Nest","player_choice":"Stole From Cult","floor":21.0,"gold_loss":0.0,"damage_taken":0.0},{"cards_removed":["Strike_R"],"damage_healed":0,"gold_gain":0,"player_choice":"Offered Basic","damage_taken":0,"max_hp_gain":0,"max_hp_loss":0,"event_name":"Bonfire Elementals","floor":37,"gold_loss":0},{"cards_removed":["Strike_R"],"damage_healed":0,"gold_gain":0,"player_choice":"Removed Attack","damage_taken":0,"max_hp_gain":0,"max_hp_loss":0,"event_name":"Falling","floor":41,"gold_loss":0},{"damage_healed":0,"gold_gain":0,"player_choice":"Max HP","damage_taken":0,"max_hp_gain":0,"max_hp_loss":5,"event_name":"Winding Halls","floor":44,"gold_loss":0}],"is_beta":false,"boss_relics":[{"not_picked":["Pandora\u0027s Box","Mark of Pain"],"picked":"Calling Bell"},{"not_picked":["Runic Cube","SacredBark"],"picked":"Sozu"}],"items_purged_floors":[11,25,30,46],"is_endless":false,"potions_floor_spawned":[1,5,13,22,31,33,35,38,39,45],"ascension_level":0}}