{"host":"Timothy","time":1610066310,"event":{"mods":["AchievementEnabler","BaseMod","Bestiary","Highlight Path","Minty Spire (QoL Compilation)","Quick Restart","Slay-I"],"gold_per_floor":[110,69,85,97,97,128,128,128,178,77,37,37,106,125,125,125,125],"floor_reached":16,"playtime":718,"items_purged":["Strike_G"],"score":195,"play_id":"d0c32bdb-197d-4c83-847b-a76402e895f6","local_time":"20210107163830","is_ascension_mode":true,"campfire_choices":[{"floor":7.0,"key":"REST"},{"floor":15,"key":"REST"}],"circlet_count":0,"master_deck":["AscendersBane","Strike_G","Strike_G","Strike_G","Strike_G","Defend_G","Defend_G","Defend_G","Defend_G+1","Defend_G","Survivor+1","Neutralize","Footwork","Catalyst","Bane","Backflip","Escape Plan","Corpse Explosion"],"relics":["SlaversCollar","Smiling Mask","Golden Idol","Potion Belt","SsserpentHead"],"acts_visited":["Exordium"],"potions_floor_usage":[16],"damage_taken":[{"damage":9.0,"enemies":"Small Slimes","floor":1.0,"turns":8.0},{"damage":0.0,"enemies":"2 Louse","floor":3.0,"turns":3.0},{"damage":2.0,"enemies":"Cultist","floor":4.0,"turns":6.0},{"damage":9.0,"enemies":"3 Sentries","floor":6.0,"turns":12.0},{"damage":0.0,"enemies":"Looter","floor":11.0,"turns":4.0},{"damage":23,"enemies":"Large Slime","floor":13,"turns":16},{"damage":3,"enemies":"Blue Slaver","floor":14,"turns":8},{"damage":31,"enemies":"Hexaghost","floor":16,"turns":11}],"seed_played":"-8693747284496976592","potions_obtained":[{"floor":4.0,"key":"Explosive Potion"},{"floor":6.0,"key":"Weak Potion"}],"is_trial":false,"path_per_floor":["M","$","M","M","?","E","R","?","T","$","M","?","M","M","R","B"],"character_chosen":"THE_SILENT","items_purchased":["Footwork","Backflip"],"campfire_rested":2,"item_purchase_floors":[2,10],"current_hp_per_floor":[50,50,50,48,28,19,38,38,38,38,38,38,15,12,30,0,0],"gold":125,"neow_bonus":"BOSS_RELIC","is_daily":false,"chose_seed":false,"campfire_upgraded":0,"win_rate":0.0,"timestamp":1610066310,"path_taken":["M","$","M","M","?","E","R","?","T","$","M","?","?","M","R","BOSS"],"items_purchased_type":["Card","Card"],"build_version":"2020-12-18","purchased_purges":1,"victory":false,"max_hp_per_floor":[66,66,66,66,66,66,66,60,60,60,60,60,60,60,60,60,60],"card_choices":[{"not_picked":["Dagger Spray","Accuracy","Outmaneuver"],"picked":"SKIP","floor":1.0},{"not_picked":["Dash","Dagger Spray"],"picked":"Catalyst","floor":3.0},{"not_picked":["Reflex","Blade Dance","Dagger Spray"],"picked":"SKIP","floor":4.0},{"not_picked":["Dagger Throw","Dodge and Roll"],"picked":"Bane","floor":6.0},{"not_picked":["PiercingWail","Leg Sweep"],"picked":"Escape Plan","floor":11.0},{"not_picked":["Prepared","Underhanded Strike","Slice"],"picked":"SKIP","floor":13},{"not_picked":["All Out Attack","Prepared"],"picked":"Corpse Explosion","floor":14}],"player_experience":778642,"relics_obtained":[{"floor":6.0,"key":"Smiling Mask"},{"floor":9.0,"key":"Potion Belt"}],"event_choices":[{"damage_healed":0.0,"max_hp_gain":0.0,"max_hp_loss":0.0,"gold_gain":0.0,"event_name":"Shining Light","player_choice":"Entered Light","floor":5.0,"gold_loss":0.0,"damage_taken":20.0,"cards_upgraded":["Defend_G","Survivor"]},{"damage_healed":0.0,"max_hp_gain":0.0,"max_hp_loss":6.0,"gold_gain":0.0,"event_name":"Golden Idol","player_choice":"Lose Max HP","floor":8.0,"gold_loss":0.0,"damage_taken":0.0,"relics_obtained":["Golden Idol"]},{"damage_healed":0.0,"max_hp_gain":0.0,"max_hp_loss":0.0,"gold_gain":0.0,"event_name":"FaceTrader","player_choice":"Trade","floor":12.0,"gold_loss":0.0,"damage_taken":0.0,"relics_obtained":["SsserpentHead"]}],"is_beta":true,"boss_relics":[],"items_purged_floors":[10],"is_endless":false,"potions_floor_spawned":[4,6],"killed_by":"Hexaghost","ascension_level":19}}