{"host":"y6zg4wwu39otf01a","time":1610067121,"event":{"mods":["Act Like it!","Aspiration","BaseMod","Better Altar","Better Match","Better Note","Better Sensory Stone","Better Skull","Better Third Choice","Challenge The Spire","Colored Map","Colored Powertips","Conspire","GifTheSpireLib","Glutton Mod","Halation","Hermit","Highlight Path","Hubris","Infinite Spire","Mimic Mod","Minty Spire (QoL Compilation)","Quick Restart","Random Character Button","Rare Cards Sparkle","Replay The Spire","Retaliation","Shade Mod","Spicy Shops","StSLib","Stuff the Spire","The Blue Laboratory","The Jungle","TheArtist","thorton","vexMod"],"gold_per_floor":[438,173,208,237,264,264,89,89,114,143,176,176,176,176,211,239,266,298],"floor_reached":19,"playtime":1650,"items_purged":[],"score":370,"play_id":"172f8e8e-81e8-4660-ba29-1eb7f7bbf3a6","local_time":"20210107195201","daily_mods":["challengethespire:Bronze Difficulty","challengethespire:Elite Rush","Uncertain Future"],"is_ascension_mode":false,"campfire_choices":[{"data":"Thinking Ahead","floor":8,"key":"SMITH"},{"floor":13,"key":"REST"},{"floor":14,"key":"REST"}],"circlet_count":0,"master_deck":["hermit:Strike_Hermit","hermit:Strike_Hermit","hermit:Strike_Hermit","hermit:Strike_Hermit+1","hermit:Defend_Hermit","hermit:Defend_Hermit+1","hermit:Defend_Hermit+1","hermit:Defend_Hermit","hermit:Snapshot+1","hermit:Covet","Dark Shackles","Thinking Ahead+1","Doubt","hermit:CursedWeapon","hermit:Desperado","hermit:GhostlyPresence","Good Instincts","hermit:Glare","hermit:RoundhouseKick","hermit:Deadeye","hermit:Enervate","hermit:BlackWind","Dark Shackles"],"relics":["hermit:Momento","Black Star","Sling","PreservedInsect","Membership Card","vexMod:CardConverter","Pet Ghost","Peace Pipe","ReplayTheSpireMod:Lightbulb","Chemical X","vexMod:Cooldron","Whetstone","Orichalcum","hubris:Spice","infinitespire:Lucky Rock","Mirror","halation:PrussianBluePaint","Replay:Bottled Flurry","vexMod:TanglingVine","BargainBundle","Strange Spoon","War Paint","infinitespire:FocusingShard","conspire:TopHat","HornCleat","StuffTheSpire:HeavyRock","conspire:InfiniteJournal","aspiration:HiddenCompartment","Pocketwatch","Nunchaku","Blood Vial"],"acts_visited":["Exordium"],"potions_floor_usage":[5,5,9,9,9,9,11,11,11],"damage_taken":[{"damage":4,"enemies":"Gremlin Nob","floor":3,"turns":3},{"damage":14,"enemies":"3 Sentries","floor":4,"turns":4},{"damage":5,"enemies":"Lagavulin","floor":5,"turns":3},{"damage":27,"enemies":"Slavers","floor":9,"turns":4},{"damage":29,"enemies":"Gremlin Leader","floor":10,"turns":5},{"damage":5,"enemies":"Book of Stabbing","floor":11,"turns":4},{"damage":2,"enemies":"Nemesis","floor":15,"turns":4},{"damage":20,"enemies":"Giant Head","floor":16,"turns":7},{"damage":4,"enemies":"Reptomancer","floor":17,"turns":2},{"damage":14,"enemies":"Shield and Spear","floor":18,"turns":4}],"seed_played":"2758969504044737304","potions_obtained":[{"floor":4,"key":"EntropicBrew"},{"floor":5,"key":"EntropicBrew"},{"floor":10,"key":"EntropicBrew"}],"is_trial":true,"path_per_floor":["$","$","E","E","E","T","$","R","E","E","E","T","R","R","E","E","E","E",null],"character_chosen":"HERMIT","items_purchased":["Membership Card","vexMod:CardConverter","Dark Shackles","Pet Ghost","Thinking Ahead","Peace Pipe","ReplayTheSpireMod:Lightbulb","Chemical X","vexMod:Cooldron","Whetstone","BargainBundle","Good Instincts","Strange Spoon"],"campfire_rested":2,"item_purchase_floors":[1,1,1,1,1,2,2,2,2,2,7,7,7],"current_hp_per_floor":[79,81,87,75,74,74,76,76,51,24,29,29,62,95,95,77,73,61],"gold":298,"neow_bonus":"","is_daily":false,"chose_seed":false,"campfire_upgraded":1,"win_rate":0.0,"timestamp":1610067121,"path_taken":["$","$","E","E","E","T","$","R","E","E","E","T","R","R","E","E","E","E"],"items_purchased_type":["Relic","Relic","Card","Relic","Card","Relic","Relic","Relic","Relic","Relic","Relic","Card","Relic"],"build_version":"2020-12-22","purchased_purges":0,"victory":true,"max_hp_per_floor":[79,81,91,93,97,97,99,99,101,103,113,113,113,113,107,109,109,111],"card_choices":[],"player_experience":682891,"relics_obtained":[{"floor":3,"key":"Orichalcum"},{"floor":3,"key":"hubris:Spice"},{"floor":4,"key":"infinitespire:Lucky Rock"},{"floor":4,"key":"Mirror"},{"floor":5,"key":"halation:PrussianBluePaint"},{"floor":5,"key":"Replay:Bottled Flurry"},{"floor":9,"key":"War Paint"},{"floor":9,"key":"infinitespire:FocusingShard"},{"floor":10,"key":"conspire:TopHat"},{"floor":10,"key":"HornCleat"},{"floor":11,"key":"hubris:Spice"},{"floor":11,"key":"StuffTheSpire:HeavyRock"},{"floor":15,"key":"conspire:InfiniteJournal"},{"floor":15,"key":"hubris:Spice"},{"floor":16,"key":"aspiration:HiddenCompartment"},{"floor":17,"key":"Pocketwatch"},{"floor":18,"key":"Nunchaku"},{"floor":18,"key":"Blood Vial"}],"event_choices":[],"is_beta":false,"boss_relics":[{"not_picked":["StuffTheSpire:RunicConfusion","StuffTheSpire:Kangaroo"],"picked":"vexMod:TanglingVine"}],"items_purged_floors":[],"is_endless":false,"potions_floor_spawned":[4,5,10],"ascension_level":0}}