{"host":"i1h39d0gfh5c6uxl","time":1610094671,"event":{"mods":["AchievementEnabler","BaseMod","Colored Map","Colored Powertips","Highlight Path","Minty Spire (QoL Compilation)"],"gold_per_floor":[115,115,125,125,68,98,98,133,133,148,166,179,212,224,224,301,301,312,36,56,56,56,86,86,86,86],"floor_reached":25,"playtime":1378,"items_purged":["Rupture"],"score":532,"play_id":"8fa0b134-ebb3-4e05-ab61-d4450db02cd3","local_time":"20210108163111","is_ascension_mode":true,"campfire_choices":[{"data":"Armaments","floor":15.0,"key":"SMITH"},{"floor":24.0,"key":"REST"}],"circlet_count":0,"master_deck":["AscendersBane","Strike_R","Strike_R","Strike_R","Strike_R","Defend_R","Defend_R","Defend_R","Defend_R","Bash","Exhume","Anger","Armaments+1","Headbutt","Fiend Fire","Carnage","Dark Embrace","Uppercut","Demon Form","Havoc","Feel No Pain","True Grit"],"relics":["Burning Blood","NeowsBlessing","Thread and Needle","Letter Opener","HornCleat","Singing Bowl","MealTicket","Black Star","Sling","MutagenicStrength","Sundial","Gremlin Horn"],"acts_visited":["Exordium","TheCity"],"potions_floor_usage":[],"damage_taken":[{"damage":0.0,"enemies":"Small Slimes","floor":1.0,"turns":1.0},{"damage":0.0,"enemies":"Cultist","floor":3.0,"turns":1.0},{"damage":0.0,"enemies":"Lagavulin","floor":6.0,"turns":1.0},{"damage":11.0,"enemies":"3 Sentries","floor":8.0,"turns":7.0},{"damage":0.0,"enemies":"2 Louse","floor":10.0,"turns":3.0},{"damage":19.0,"enemies":"Gremlin Gang","floor":11.0,"turns":5.0},{"damage":2.0,"enemies":"Looter","floor":12.0,"turns":2.0},{"damage":13.0,"enemies":"Lagavulin","floor":13.0,"turns":6.0},{"damage":9.0,"enemies":"Blue Slaver","floor":14.0,"turns":4.0},{"damage":11.0,"enemies":"Slime Boss","floor":16.0,"turns":6.0},{"damage":13.0,"enemies":"2 Thieves","floor":18.0,"turns":4.0},{"damage":36.0,"enemies":"Shell Parasite","floor":20.0,"turns":6.0},{"damage":40.0,"enemies":"Slavers","floor":23.0,"turns":8.0},{"damage":57,"enemies":"Gremlin Leader","floor":25,"turns":4}],"seed_played":"5174342264128860926","potions_obtained":[{"floor":1.0,"key":"CultistPotion"},{"floor":6.0,"key":"SmokeBomb"},{"floor":10.0,"key":"PowerPotion"},{"floor":11.0,"key":"LiquidMemories"},{"floor":14.0,"key":"ColorlessPotion"},{"floor":16.0,"key":"PowerPotion"},{"floor":20.0,"key":"DistilledChaos"}],"is_trial":false,"path_per_floor":["M","?","M","?","$","E","?","E","T","M","M","M","E","M","R","B",null,"M","$","M","?","?","E","R","E"],"character_chosen":"IRONCLAD","items_purchased":["Headbutt","Feel No Pain","Sling"],"campfire_rested":1,"item_purchase_floors":[5,19,19],"current_hp_per_floor":[74,74,75,57,57,63,63,58,58,64,53,57,52,49,49,44,70,63,78,48,64,64,32,56,0,0],"gold":86,"neow_bonus":"THREE_ENEMY_KILL","is_daily":false,"chose_seed":false,"campfire_upgraded":1,"win_rate":0.0,"timestamp":1610094671,"path_taken":["M","?","?","?","$","E","?","E","T","M","?","M","E","M","R","BOSS","M","$","M","?","?","E","R","E"],"items_purchased_type":["Card","Card","Relic"],"build_version":"2020-12-22","purchased_purges":1,"victory":false,"max_hp_per_floor":[75,75,75,75,75,75,75,75,75,75,77,77,79,79,79,79,79,79,79,79,79,79,81,81,81,81],"card_choices":[{"not_picked":["Inflame","Feel No Pain","Power Through"],"picked":"SKIP","floor":1.0},{"not_picked":["Havoc","Warcry"],"picked":"Armaments","floor":3.0},{"not_picked":["Wild Strike","Shockwave"],"picked":"Fiend Fire","floor":6.0},{"not_picked":["Havoc","Cleave","Clash"],"picked":"SKIP","floor":8.0},{"not_picked":["Anger","Flex"],"picked":"Carnage","floor":10.0},{"not_picked":["Headbutt","Wild Strike","Warcry"],"picked":"Singing Bowl","floor":11.0},{"not_picked":["Clash","Pummel"],"picked":"Dark Embrace","floor":12.0},{"not_picked":["Flex","Dual Wield","Iron Wave"],"picked":"Singing Bowl","floor":13.0},{"not_picked":["Twin Strike","Fire Breathing"],"picked":"Uppercut","floor":14.0},{"not_picked":["Exhume","Juggernaut"],"picked":"Demon Form","floor":16.0},{"not_picked":["Bloodletting","Twin Strike"],"picked":"Havoc","floor":18.0},{"not_picked":["Inflame","Body Slam"],"picked":"True Grit","floor":20.0},{"not_picked":["Sever Soul","Perfected Strike","Twin Strike"],"picked":"Singing Bowl","floor":23.0}],"player_experience":1330596,"relics_obtained":[{"floor":6.0,"key":"Letter Opener"},{"floor":8.0,"key":"HornCleat"},{"floor":9.0,"key":"Singing Bowl"},{"floor":13.0,"key":"MealTicket"},{"floor":23.0,"key":"Sundial"},{"floor":23.0,"key":"Gremlin Horn"}],"event_choices":[{"damage_healed":0.0,"max_hp_gain":0.0,"max_hp_loss":0.0,"gold_gain":0.0,"event_name":"Match and Keep!","player_choice":"2 cards matched","floor":2.0,"gold_loss":0.0,"damage_taken":0.0,"cards_obtained":["Exhume","Anger"]},{"damage_healed":0.0,"max_hp_gain":0.0,"max_hp_loss":0.0,"gold_gain":0.0,"event_name":"Scrap Ooze","player_choice":"Success","floor":4.0,"gold_loss":0.0,"damage_taken":18.0,"relics_obtained":["Thread and Needle"]},{"damage_healed":0.0,"max_hp_gain":0.0,"max_hp_loss":0.0,"gold_gain":0.0,"cards_transformed":["Strike_R"],"event_name":"Transmorgrifier","player_choice":"Transformed","floor":7.0,"gold_loss":0.0,"damage_taken":0.0,"cards_obtained":["Rupture"]},{"damage_healed":16.0,"max_hp_gain":0.0,"max_hp_loss":0.0,"gold_gain":0.0,"event_name":"The Library","player_choice":"Heal","floor":21.0,"gold_loss":0.0,"damage_taken":0.0},{"damage_healed":0.0,"max_hp_gain":0.0,"max_hp_loss":0.0,"gold_gain":0.0,"event_name":"Drug Dealer","player_choice":"Inject Mutagens","floor":22.0,"gold_loss":0.0,"damage_taken":0.0,"relics_obtained":["MutagenicStrength"]}],"is_beta":false,"boss_relics":[{"not_picked":["Coffee Dripper","Ectoplasm"],"picked":"Black Star"}],"items_purged_floors":[19],"is_endless":false,"potions_floor_spawned":[1,6,10,11,14,16,20],"killed_by":"Gremlin Leader","ascension_level":20}}