{"host":"gk9qdtkqd8dwfeg2","time":1610095996,"event":{"mods":["Aspiration","BaseMod","Colored Powertips","KomeijiMod","Minty Spire (QoL Compilation)","Quick Restart","Replay The Spire","Shop Mod","StSLib","TestMod","The Gatherer","The Servant 0.9.4","Waifu the Spire","WarShipGirlsR/’ΩΩ¢…Ÿ≈ÆR mod","Yuri Mod"],"gold_per_floor":[115,190,208,158,35,35,47,62,62,81,163,13,48,58,58,158,158,158,158],"floor_reached":18,"playtime":689,"items_purged":["Strike_R"],"score":258,"play_id":"dc3800e1-5e57-416a-bb30-deca27631476","local_time":"20210108165316","is_ascension_mode":true,"campfire_choices":[{"data":"Armaments","floor":6.0,"key":"SMITH"},{"data":"Feel No Pain","floor":15.0,"key":"SMITH"}],"circlet_count":0,"master_deck":["AscendersBane","Strike_R","Strike_R","Strike_R","Defend_R","Defend_R","Defend_R","Defend_R","Bash","ReplayTheSpireMod:Stacked","Armaments+1","Anger","Feel No Pain+1","Rupture","Sword Boomerang","Corruption","Rampage","Eclipse","Solidify"],"relics":["Burning Blood","testmod-TestBox","testmod-Mahjong","testmod-TurbochargingSystem","testmod-HeartOfDaVinci","HoshigumaDish","MerchantsRug","Pear","MysterySword"],"acts_visited":["Exordium","TheCity"],"potions_floor_usage":[],"damage_taken":[{"damage":2.0,"enemies":"Small Slimes","floor":1.0,"turns":3.0},{"damage":2.0,"enemies":"Jaw Worm","floor":3.0,"turns":3.0},{"damage":1.0,"enemies":"Cultist","floor":7.0,"turns":3.0},{"damage":8.0,"enemies":"Lots of Slimes","floor":8.0,"turns":4.0},{"damage":4.0,"enemies":"Exordium Wildlife","floor":10.0,"turns":3.0},{"damage":6.0,"enemies":"3 Sentries","floor":11.0,"turns":22.0},{"damage":13.0,"enemies":"Lagavulin","floor":13.0,"turns":6.0},{"damage":0.0,"enemies":"Large Slime","floor":14.0,"turns":5.0},{"damage":16.0,"enemies":"The Guardian","floor":16.0,"turns":10.0},{"damage":28,"enemies":"3 Byrds","floor":18,"turns":3}],"seed_played":"2214553656676897105","potions_obtained":[{"floor":1.0,"key":"FearPotion"},{"floor":3.0,"key":"SteroidPotion"},{"floor":7.0,"key":"HeartOfIron"},{"floor":16.0,"key":"BlessingOfTheForge"}],"is_trial":false,"path_per_floor":["M","?","M","?","$","R","M","M","T","M","E","$","E","M","R","B",null,"M"],"character_chosen":"IRONCLAD","items_purchased":["Armaments","MerchantsRug"],"campfire_rested":0,"item_purchase_floors":[5,12],"current_hp_per_floor":[76,65,69,69,69,69,74,72,72,74,80,80,83,89,89,79,87,59,59],"gold":158,"neow_bonus":"RANDOM_COMMON_RELIC","is_daily":false,"chose_seed":false,"campfire_upgraded":2,"win_rate":0.0,"timestamp":1610095996,"path_taken":["M","?","M","?","?","R","M","M","T","M","E","$","E","?","R","BOSS","M"],"items_purchased_type":["Card","Relic"],"build_version":"2020-12-22","purchased_purges":1,"victory":false,"max_hp_per_floor":[80,80,80,80,80,80,80,80,80,80,80,80,90,90,90,90,90,90,90],"card_choices":[{"not_picked":["Replay:Undeath\u0027s Touch","Iron Wave"],"picked":"ReplayTheSpireMod:Stacked","floor":1.0},{"not_picked":["Run Through","ReplayTheSpireMod:Stacked","Rage"],"picked":"SKIP","floor":3.0},{"not_picked":["True Grit","Warcry"],"picked":"Anger","floor":7.0},{"not_picked":["Bloodletting","Heavy Blade"],"picked":"Feel No Pain","floor":8.0},{"not_picked":["Ghostly Armor","Sword Boomerang"],"picked":"Rupture","floor":10.0},{"not_picked":["Twin Strike","Heavy Blade"],"picked":"Sword Boomerang","floor":11.0},{"not_picked":["ReplayTheSpireMod:Stacked","Headbutt"],"picked":"Corruption","floor":13.0},{"not_picked":["Second Wind","Shrug It Off"],"picked":"Rampage","floor":14.0},{"not_picked":["Reaper","Juggernaut"],"picked":"Eclipse","floor":16.0}],"player_experience":613030,"relics_obtained":[{"floor":9.0,"key":"testmod-HeartOfDaVinci"},{"floor":11.0,"key":"HoshigumaDish"},{"floor":13.0,"key":"Pear"}],"event_choices":[{"damage_healed":0.0,"max_hp_gain":0.0,"max_hp_loss":0.0,"gold_gain":75.0,"event_name":"World of Goop","player_choice":"Gather Gold","floor":2.0,"gold_loss":0.0,"damage_taken":11.0},{"cards_removed":["Strike_R"],"damage_healed":0.0,"max_hp_gain":0.0,"max_hp_loss":0.0,"gold_gain":0.0,"event_name":"The Cleric","player_choice":"Card Removal","floor":4.0,"gold_loss":50.0,"damage_taken":0.0}],"is_beta":false,"boss_relics":[{"not_picked":["Black Star","testmod-Recursion"],"picked":"MysterySword"}],"items_purged_floors":[5],"is_endless":false,"potions_floor_spawned":[1,3,7,16],"killed_by":"3 Byrds","ascension_level":10}}