{"host":"Sean","time":1610119217,"event":{"mods":["BaseMod","Block Reminder","Colored Map","Colored Powertips","Highlight Path","Minty Spire (QoL Compilation)","Relic Stats"],"gold_per_floor":[18,33,33,33,47,91,166,179,206,206,206,22,22,35,35,155,155,143,143,43,57,57,101,101,137,137,137,170,170,170,184,184,184,184],"floor_reached":33,"playtime":1930,"items_purged":["Strike_G","Defend_G"],"score":376,"play_id":"821a14c7-67cb-4ae5-a904-6c280c767f67","local_time":"20210108152017","is_ascension_mode":true,"campfire_choices":[{"floor":11,"key":"REST"},{"data":"Neutralize","floor":13,"key":"SMITH"},{"data":"Sucker Punch","floor":15,"key":"SMITH"},{"data":"Well Laid Plans","floor":24,"key":"SMITH"},{"data":"PiercingWail","floor":27,"key":"SMITH"},{"floor":30,"key":"REST"},{"data":"Bouncing Flask","floor":32,"key":"SMITH"}],"circlet_count":0,"master_deck":["Strike_G","Defend_G","Survivor","Neutralize+1","Riddle With Holes+1","Well Laid Plans+1","Cloak And Dagger","Dagger Throw","PiercingWail+1","Accuracy","Sucker Punch+1","After Image","PiercingWail","Bouncing Flask+1","Setup","Prepared+1","Writhe","Deadly Poison","Underhanded Strike+1","Reflex+1","Escape Plan"],"relics":["Ring of the Snake","Golden Idol","Pen Nib","Vajra","Juzu Bracelet","PreservedInsect","Oddly Smooth Stone","MealTicket","Akabeko","Nloth\u0027s Gift"],"acts_visited":["Exordium","TheCity"],"potions_floor_usage":[6,23,23,25,25,28],"damage_taken":[{"damage":0,"enemies":"Cultist","floor":1,"turns":5},{"damage":0,"enemies":"Small Slimes","floor":2,"turns":4},{"damage":7,"enemies":"Jaw Worm","floor":5,"turns":4},{"damage":27,"enemies":"Gremlin Nob","floor":6,"turns":5},{"damage":1,"enemies":"Looter","floor":8,"turns":3},{"damage":4,"enemies":"Blue Slaver","floor":14,"turns":3},{"damage":7,"enemies":"The Guardian","floor":16,"turns":12},{"damage":8,"enemies":"2 Thieves","floor":18,"turns":4},{"damage":0,"enemies":"Chosen","floor":21,"turns":4},{"damage":18,"enemies":"Book of Stabbing","floor":23,"turns":5},{"damage":2,"enemies":"Gremlin Leader","floor":25,"turns":5},{"damage":21,"enemies":"Slavers","floor":28,"turns":5},{"damage":1,"enemies":"3 Cultists","floor":31,"turns":5},{"damage":28,"enemies":"Automaton","floor":33,"turns":6}],"seed_played":"8772742175082789239","potions_obtained":[{"floor":2,"key":"Weak Potion"},{"floor":6,"key":"Poison Potion"},{"floor":8,"key":"AttackPotion"},{"floor":18,"key":"DuplicationPotion"},{"floor":23,"key":"Energy Potion"},{"floor":25,"key":"Energy Potion"}],"is_trial":false,"path_per_floor":["M","M","?","?","M","E","?","M","T","?","R","$","R","M","R","B",null,"M","?","$","M","?","E","R","E","T","R","E","?","R","M","R","B"],"character_chosen":"THE_SILENT","items_purchased":["EssenceOfSteel","Accuracy"],"campfire_rested":2,"item_purchase_floors":[12,12],"current_hp_per_floor":[70,70,70,53,46,19,8,7,7,7,28,28,28,24,24,17,57,49,49,49,49,49,31,31,29,29,29,8,8,29,28,28,0,0],"gold":184,"neow_bonus":"REMOVE_TWO","is_daily":false,"chose_seed":false,"campfire_upgraded":5,"win_rate":0.0,"timestamp":1610119217,"path_taken":["M","M","?","?","?","E","?","M","T","?","R","?","R","M","R","BOSS","M","?","$","M","?","E","R","E","T","R","E","?","R","M","R","BOSS"],"items_purchased_type":["Potion","Card"],"build_version":"2020-12-18","purchased_purges":2,"victory":false,"max_hp_per_floor":[70,70,70,70,70,70,70,70,70,70,70,70,70,70,70,70,70,70,70,70,70,70,70,70,70,70,70,70,70,70,70,70,70,70],"relic_stats":{"counters":[14,70],"Golden Idol":75,"MealTicket":0,"Pen Nib":[9],"PreservedInsect":85,"Juzu Bracelet":0,"Nloth\u0027s Gift":0,"obtain_stats":[{"Golden Idol":4,"Vajra":9,"Oddly Smooth Stone":25,"MealTicket":26,"Pen Nib":6,"PreservedInsect":23,"Juzu Bracelet":22,"Nloth\u0027s Gift":29,"Empty Cage":17,"Akabeko":28,"Ring of the Snake":0},{"Golden Idol":2,"Vajra":5,"Oddly Smooth Stone":11,"MealTicket":11,"Pen Nib":4,"PreservedInsect":10,"Juzu Bracelet":9,"Nloth\u0027s Gift":12,"Empty Cage":7,"Akabeko":12,"Ring of the Snake":0},{"Golden Idol":9,"Vajra":21,"Oddly Smooth Stone":54,"MealTicket":54,"Pen Nib":18,"PreservedInsect":49,"Juzu Bracelet":44,"Nloth\u0027s Gift":59,"Empty Cage":36,"Akabeko":59,"Ring of the Snake":0}],"Ring of the Snake":[28]},"card_choices":[{"not_picked":["Dagger Spray","Cloak And Dagger"],"picked":"Riddle With Holes","floor":1},{"not_picked":["Dodge and Roll","Outmaneuver"],"picked":"Well Laid Plans","floor":2},{"not_picked":["Blade Dance","Phantasmal Killer"],"picked":"Cloak And Dagger","floor":5},{"not_picked":["Crippling Poison","Deflect"],"picked":"Dagger Throw","floor":6},{"not_picked":["Expertise","Choke"],"picked":"PiercingWail","floor":8},{"not_picked":["Footwork","Expertise"],"picked":"Sucker Punch","floor":14},{"not_picked":["Grand Finale","A Thousand Cuts"],"picked":"After Image","floor":16},{"not_picked":["Catalyst","Slice"],"picked":"PiercingWail","floor":18},{"not_picked":["Slice","Dodge and Roll"],"picked":"Prepared+1","floor":21},{"not_picked":["Eviscerate","Caltrops"],"picked":"Deadly Poison","floor":23},{"not_picked":["Masterful Stab","Well Laid Plans"],"picked":"Underhanded Strike+1","floor":25},{"not_picked":["Acrobatics","Escape Plan"],"picked":"Reflex+1","floor":28},{"not_picked":["Sucker Punch","Deadly Poison"],"picked":"Escape Plan","floor":31}],"player_experience":404412,"relics_obtained":[{"floor":6,"key":"Pen Nib"},{"floor":9,"key":"Vajra"},{"floor":23,"key":"PreservedInsect"},{"floor":25,"key":"Oddly Smooth Stone"},{"floor":26,"key":"MealTicket"},{"floor":28,"key":"Akabeko"}],"event_choices":[{"damage_healed":0,"gold_gain":0,"player_choice":"Grow","damage_taken":0,"max_hp_gain":0,"max_hp_loss":0,"event_name":"Living Wall","floor":3,"gold_loss":0,"cards_upgraded":["Riddle With Holes"]},{"damage_healed":0,"gold_gain":0,"player_choice":"Take Damage","damage_taken":17,"relics_obtained":["Golden Idol"],"max_hp_gain":0,"max_hp_loss":0,"event_name":"Golden Idol","floor":4,"gold_loss":0},{"damage_healed":0,"gold_gain":75,"player_choice":"Gather Gold","damage_taken":11,"max_hp_gain":0,"max_hp_loss":0,"event_name":"World of Goop","floor":7,"gold_loss":0},{"damage_healed":0,"gold_gain":0,"player_choice":"Ignored","damage_taken":0,"max_hp_gain":0,"max_hp_loss":0,"event_name":"Golden Wing","floor":10,"gold_loss":0},{"damage_healed":0,"gold_gain":0,"cards_transformed":["Strike_G","Defend_G"],"player_choice":"Became Test Subject","damage_taken":0,"max_hp_gain":0,"max_hp_loss":0,"event_name":"Drug Dealer","floor":19,"gold_loss":0,"cards_obtained":["Bouncing Flask","Setup"]},{"damage_healed":0,"gold_gain":0,"player_choice":"Opened","damage_taken":0,"relics_obtained":["Juzu Bracelet"],"max_hp_gain":0,"max_hp_loss":0,"event_name":"The Mausoleum","floor":22,"gold_loss":0,"cards_obtained":["Writhe"]},{"damage_healed":0,"gold_gain":0,"player_choice":"Traded Relic","damage_taken":0,"relics_obtained":["Nloth\u0027s Gift"],"max_hp_gain":0,"max_hp_loss":0,"event_name":"N\u0027loth","floor":29,"relics_lost":["Empty Cage"],"gold_loss":0}],"is_beta":true,"boss_relics":[{"not_picked":["Sozu","Cursed Key"],"picked":"Empty Cage"}],"items_purged_floors":[12,20],"is_endless":false,"potions_floor_spawned":[2,6,8,18,23,25],"killed_by":"Automaton","ascension_level":5}}