{"host":"ueaobptuyu87ouwy","time":1610095235,"event":{"mods":["Aspiration","Bard","BaseMod","Better Altar","Better Match","Better Note","Better Sensory Stone","Better Skull","Better Third Choice","BetterRewards","CCEM","Colored Map","Conspire","Downfall","GifTheSpireLib","GungeonMod","Halation","Hermit","Highlight Path","Hubris","Infinite Spire","Jedi Mod","Jorbs\u0027s Wanderer Trilogy","Marisa????????","Marked Mod","Mimic Mod","Minty Spire (QoL Compilation)","Permanent Neow","Replay The Spire","Shop Mod","Small Relic Pack","StSLib","Stuff the Spire","The Runesmith","Unceasing Turn Reminder","everything is the same but u backflip on backflip","slay the spire mod where everything is the same but ironclad has a cowboy hat"],"gold_per_floor":[111,121,121,136,199,234,234,234,280,300,66,66,81,81,81,81,81],"floor_reached":16,"playtime":871,"items_purged":[],"score":100,"play_id":"7cef4728-55fa-4776-a3b3-6eade37b4b00","local_time":"20210108164035","is_ascension_mode":false,"campfire_choices":[{"data":"DemoMod:PotionOfGunFriendShip","floor":8,"key":"SMITH"},{"floor":12,"key":"REST"},{"data":"DemoMod:SniperShot","floor":15,"key":"SMITH"}],"circlet_count":0,"master_deck":["DemoMod:Strike_Huntress","DemoMod:Strike_Huntress+1","DemoMod:Defend_Huntress","DemoMod:Defend_Huntress","DemoMod:Defend_Huntress","DemoMod:Defend_Huntress","DemoMod:Roll","DemoMod:ManualReload","DemoMod:RustySidearm","DemoMod:CrossBow","DemoMod:JK47","DemoMod:PotionOfGunFriendShip+1","DemoMod:BlankBullets","DemoMod:RadGun","Hallucinations","hermit:Misfire+1","hermit:Scavenge","DemoMod:SAA","DemoMod:DoubleVision","Jack Of All Trades","DemoMod:SniperShot+1"],"relics":["DemoMod:Dog","hubris:DisguiseKit","DemoMod:MemoryAlloy","Whetstone","Pet Ghost"],"acts_visited":["Exordium"],"potions_floor_usage":[],"damage_taken":[{"damage":0,"enemies":"2 Louse","floor":1,"turns":3},{"damage":2,"enemies":"Small Slimes","floor":2,"turns":3},{"damage":0,"enemies":"Cultist","floor":4,"turns":4},{"damage":32,"enemies":"Gremlin Nob","floor":6,"turns":5},{"damage":14,"enemies":"Looter","floor":10,"turns":3},{"damage":13,"enemies":"Gremlin Gang","floor":13,"turns":4},{"damage":44,"enemies":"Fading Forest","floor":16,"turns":7}],"seed_played":"8191287580259010229","potions_obtained":[{"floor":1,"key":"FearPotion"},{"floor":2,"key":"BlessingOfTheForge"},{"floor":5,"key":"Death Potion"}],"is_trial":false,"path_per_floor":["M","M","?","M","?","E","?","R","T","M","$","R","M","?","R","B"],"character_chosen":"HUNTRESS","items_purchased":["Pet Ghost","DemoMod:DoubleVision"],"campfire_rested":1,"item_purchase_floors":[11,11],"current_hp_per_floor":[70,68,68,68,68,36,36,36,36,22,22,43,30,30,30,0,0],"gold":81,"neow_bonus":"TRANSFORM_CARD","is_daily":false,"chose_seed":false,"campfire_upgraded":2,"win_rate":0.0,"timestamp":1610095235,"path_taken":["M","M","?","M","?","E","?","R","T","?","$","R","M","?","R","BOSS"],"items_purchased_type":["Relic","Card"],"build_version":"2020-12-13","purchased_purges":0,"victory":false,"max_hp_per_floor":[70,70,70,70,70,70,70,70,70,70,70,70,70,70,70,70,70],"card_choices":[{"not_picked":["DemoMod:Ejector","DemoMod:JK47"],"picked":"DemoMod:PotionOfGunFriendShip","floor":1},{"not_picked":["DemoMod:PotionOfGunFriendShip","DemoMod:EasyReloadBullets"],"picked":"DemoMod:BlankBullets","floor":2},{"not_picked":["DemoMod:Unity","DemoMod:RadGun","DemoMod:SniperShot"],"picked":"SKIP","floor":2},{"not_picked":["DemoMod:Unity","DemoMod:SniperShot"],"picked":"DemoMod:RadGun","floor":2},{"not_picked":["DemoMod:Ejector","DemoMod:BoxingGlove","DemoMod:Polaris"],"picked":"hermit:Misfire","floor":4},{"not_picked":["DemoMod:ConditionalReflex","DemoMod:HardPowerCard","DemoMod:GunstockTap"],"picked":"hermit:Scavenge","floor":6},{"not_picked":["DemoMod:TeaPot","DemoMod:TripleGun","hermit:Combo"],"picked":"DemoMod:SAA","floor":10},{"not_picked":["DemoMod:Ejector","DemoMod:TeaPot","DemoMod:RadGun","hermit:Misfire"],"picked":"SKIP","floor":13},{"not_picked":["Survey Options","hubris:Ssssneak","Replay:Sssssssssstrike"],"picked":"Jack Of All Trades","floor":14},{"not_picked":["DemoMod:Purify","DemoMod:RadGun","DemoMod:ProbeStrike"],"picked":"DemoMod:SniperShot","floor":14}],"player_experience":66351,"relics_obtained":[{"floor":6,"key":"DemoMod:MemoryAlloy"},{"floor":9,"key":"Whetstone"}],"event_choices":[{"damage_healed":0,"gold_gain":0,"player_choice":"Bought 0 Potions","damage_taken":0,"max_hp_gain":0,"max_hp_loss":0,"event_name":"The Woman in Blue","floor":7,"gold_loss":0},{"damage_healed":0,"gold_gain":0,"player_choice":"1","damage_taken":0,"max_hp_gain":0,"max_hp_loss":0,"event_name":"betterMatch:BetterMatch","floor":14,"gold_loss":0,"cards_obtained":["betterMatch:ColorlessUncommonCard","betterMatch:UncommonCard"]}],"is_beta":false,"boss_relics":[],"items_purged_floors":[],"is_endless":false,"potions_floor_spawned":[1,2],"killed_by":"Fading Forest","ascension_level":0}}