{"host":"78zdngn0u28jm0pp","time":1610142325,"event":{"mods":["BaseMod","Jorbs\u0027s Wanderer Trilogy","Minty Spire (QoL Compilation)","Permanent Neow","Quick Restart","Relic Stats","StSLib","Unceasing Turn Reminder"],"gold_per_floor":[109,109,109,133,160,160,199,224,224,239,17,61,61,74,74,74,74],"floor_reached":16,"playtime":454,"items_purged":[],"score":270,"play_id":"7eda37c5-3acb-4efd-b8c7-8bf6a9b64518","local_time":"20210108144525","is_ascension_mode":true,"campfire_choices":[{"data":"Crippling Poison","floor":6,"key":"SMITH"},{"data":"Footwork","floor":15,"key":"SMITH"}],"circlet_count":0,"master_deck":["AscendersBane","Strike_G","Strike_G","Strike_G+1","Strike_G+1","Defend_G","Defend_G","Defend_G","Defend_G","Defend_G","Survivor","Neutralize","Blade Dance","Crippling Poison+1","Acrobatics","Footwork+1","Leg Sweep","Dagger Spray","PiercingWail"],"relics":["Ring of the Snake","NeowsBlessing","Golden Idol","Matryoshka","Anchor","Bottled Tornado","ClockworkSouvenir","Whetstone"],"acts_visited":["Exordium"],"potions_floor_usage":[12,16,16],"damage_taken":[{"damage":0,"enemies":"2 Louse","floor":1,"turns":1},{"damage":0,"enemies":"Small Slimes","floor":4,"turns":1},{"damage":0,"enemies":"Lagavulin","floor":7,"turns":1},{"damage":1,"enemies":"Jaw Worm","floor":8,"turns":4},{"damage":18,"enemies":"Large Slime","floor":10,"turns":9},{"damage":17,"enemies":"3 Sentries","floor":12,"turns":9},{"damage":0,"enemies":"2 Fungi Beasts","floor":14,"turns":3},{"damage":11,"enemies":"Hexaghost","floor":16,"turns":9}],"seed_played":"-279050217585832960","potions_obtained":[{"floor":7,"key":"FearPotion"},{"floor":14,"key":"SpeedPotion"}],"is_trial":false,"path_per_floor":["M","?","?","M","T","R","E","M","T","M","$","E","?","M","R","B"],"character_chosen":"THE_SILENT","items_purchased":["ClockworkSouvenir","Strength Potion"],"campfire_rested":0,"item_purchase_floors":[11,11],"current_hp_per_floor":[59,64,64,64,64,64,64,63,63,45,45,28,21,21,21,10,10],"gold":74,"neow_bonus":"THREE_ENEMY_KILL","is_daily":false,"chose_seed":false,"campfire_upgraded":2,"win_rate":0.0,"timestamp":1610142325,"path_taken":["M","?","?","M","?","R","E","M","T","M","$","E","?","M","R","BOSS"],"items_purchased_type":["Relic","Potion"],"build_version":"2020-12-22","purchased_purges":0,"victory":false,"max_hp_per_floor":[66,71,64,64,64,64,64,64,64,64,64,64,64,64,64,64,64],"relic_stats":{"counters":[8,37],"Golden Idol":33,"Whetstone":["Strike_G","Strike_G"],"obtain_stats":[{"Anchor":9,"Matryoshka":7,"NeowsBlessing":0,"Golden Idol":3,"Whetstone":12,"Bottled Tornado":9,"Ring of the Snake":0,"ClockworkSouvenir":11},{"Anchor":4,"Matryoshka":3,"NeowsBlessing":0,"Golden Idol":1,"Whetstone":6,"Bottled Tornado":4,"Ring of the Snake":0,"ClockworkSouvenir":5},{"Anchor":7,"Matryoshka":3,"NeowsBlessing":0,"Golden Idol":1,"Whetstone":25,"Bottled Tornado":7,"Ring of the Snake":0,"ClockworkSouvenir":16}],"Ring of the Snake":[16]},"card_choices":[{"not_picked":["Flying Knee","Heel Hook"],"picked":"Blade Dance","floor":1},{"not_picked":["Deflect","Bane"],"picked":"Crippling Poison","floor":4},{"not_picked":["Deadly Poison","Tactician"],"picked":"Acrobatics","floor":7},{"not_picked":["Heel Hook","Accuracy"],"picked":"Footwork","floor":8},{"not_picked":["Expertise","Outmaneuver"],"picked":"Leg Sweep","floor":10},{"not_picked":["Acrobatics","Backflip"],"picked":"Dagger Spray","floor":12},{"not_picked":["Infinite Blades","Distraction"],"picked":"PiercingWail","floor":14}],"player_experience":766133,"relics_obtained":[{"floor":7,"key":"Matryoshka"},{"floor":9,"key":"Anchor"},{"floor":9,"key":"Bottled Tornado"},{"floor":12,"key":"Whetstone"}],"event_choices":[{"damage_healed":0,"gold_gain":0,"player_choice":"Donut","damage_taken":0,"max_hp_gain":5,"max_hp_loss":0,"event_name":"Big Fish","floor":2,"gold_loss":0},{"damage_healed":0,"gold_gain":0,"player_choice":"Lose Max HP","damage_taken":0,"relics_obtained":["Golden Idol"],"max_hp_gain":0,"max_hp_loss":7,"event_name":"Golden Idol","floor":3,"gold_loss":0},{"cards_removed":["Strike_G"],"damage_healed":0,"gold_gain":0,"player_choice":"Card Removal","damage_taken":7,"max_hp_gain":0,"max_hp_loss":0,"event_name":"Golden Wing","floor":13,"gold_loss":0}],"is_beta":false,"boss_relics":[],"items_purged_floors":[],"is_endless":false,"potions_floor_spawned":[7,14],"killed_by":"Hexaghost","ascension_level":20}}