{"host":"6749gst1gzuv21qf","time":1610121327,"event":{"mods":["Aspiration","BaseMod","Better Altar","Better Match","Better Note","Better Sensory Stone","Better Skull","Better Third Choice","BetterRewards","Colored Map","Colored Powertips","Downfall","Highlight Path","Minty Spire (QoL Compilation)","Permanent Neow","Replay The Spire","Shop Mod","Spicy Shops","StSLib","The Cursed","Wandering Minibosses"],"gold_per_floor":[119,119,119,134,28,28,41,41,41,41,41,61,61,61,61,77,77,208,208,223,1,17,36,51,89,108,121,121,141,141,141],"floor_reached":30,"playtime":2594,"items_purged":["Strike_R"],"score":244,"play_id":"ca757b7f-79aa-4e84-887a-e52655c2862b","local_time":"20210108105527","is_ascension_mode":false,"campfire_choices":[{"data":"Armaments","floor":6,"key":"SMITH"},{"floor":10,"key":"RECALL"},{"data":"expansioncontent:QuickStudy","floor":17,"key":"SMITH"}],"circlet_count":0,"master_deck":["Strike_R","Strike_R","Strike_R","Defend_R","Defend_R","Defend_R","Bash","expansioncontent:QuickStudy+1","Shrug It Off","expansioncontent:Corrupt","Body Slam","Armaments+1","Replay:Undeath\u0027s Touch","Thunderclap","Metallicize","Uppercut","Double Tap","Replay:Undeath\u0027s Touch","Fire Breathing","Fire Breathing","Sword Boomerang+1","wanderingMiniBosses:FinaleOfPromise","ReplayTheSpireMod:Strike From Hell","Uppercut+1","ReplayReversal","Replay:Undeath\u0027s Touch","Twin Strike+1","ReplayTheSpireMod:Strike From Hell"],"relics":["Burning Blood","Golden Idol","Replay:Bronze Core","aspiration:FutureDiary","aspiration:PoetsPen_weak","MerchantsRug","Happy Flower","wanderingMiniBosses:Blackblade","Matryoshka","aspiration:ChemicalBlood","StrikeDummy"],"acts_visited":["Exordium","TheCity"],"potions_floor_usage":[18,22,22],"damage_taken":[{"damage":0,"enemies":"Jaw Worm","floor":1,"turns":5},{"damage":0,"enemies":"Cultist","floor":4,"turns":4},{"damage":0,"enemies":"2 Louse","floor":7,"turns":1},{"damage":12,"enemies":"2 Fungi Beasts","floor":12,"turns":3},{"damage":4,"enemies":"Gremlin Gang","floor":16,"turns":8},{"damage":12,"enemies":"The Guardian","floor":18,"turns":7},{"damage":0,"enemies":"Chosen","floor":20,"turns":4},{"damage":72,"enemies":"3 Byrds","floor":22,"turns":8},{"damage":2,"enemies":"Centurion and Healer","floor":23,"turns":8},{"damage":0,"enemies":"3 Cultists","floor":24,"turns":4},{"damage":19,"enemies":"Slavers","floor":25,"turns":3},{"damage":0,"enemies":"Snecko","floor":26,"turns":3},{"damage":10,"enemies":"Snake Plant","floor":27,"turns":3},{"damage":4,"enemies":"Shelled Parasite and Fungi","floor":29,"turns":3},{"damage":13,"enemies":"Replay:Snechameleon","floor":30,"turns":2}],"seed_played":"-3381282454642311996","potions_obtained":[{"floor":1,"key":"Toxic Potion"},{"floor":16,"key":"AttackPotion"},{"floor":18,"key":"Regen Potion"},{"floor":23,"key":"SneckoOil"},{"floor":24,"key":"Dexterity Potion"},{"floor":25,"key":"SteroidPotion"}],"is_trial":false,"path_per_floor":["M","?","?","M","$","R","M","PTL","PTL","R","T","M","?","?","?","M","R","B",null,"M","$","M","M","M","E","M","M","T","M","E"],"character_chosen":"IRONCLAD","items_purchased":["Armaments","MerchantsRug","Fire Breathing","Happy Flower"],"campfire_rested":0,"item_purchase_floors":[5,21,21,21],"current_hp_per_floor":[72,72,72,72,72,72,72,72,72,72,72,66,48,48,48,50,50,44,72,72,72,11,15,21,8,14,10,10,12,0,0],"gold":141,"neow_bonus":"RANDOM_COLORLESS_2","is_daily":false,"chose_seed":false,"campfire_upgraded":2,"win_rate":0.0,"timestamp":1610121327,"path_taken":["M","?","?","M","$","R","?","PTL","PTL","R","T","M","?","?","?","M","R","BOSS","M","$","M","?","?","E","M","M","T","M","E"],"items_purchased_type":["Card","Relic","Card","Relic"],"build_version":"2020-12-22","purchased_purges":1,"victory":false,"max_hp_per_floor":[72,72,72,72,72,72,72,72,72,72,72,72,72,72,72,72,72,72,72,72,72,72,72,72,72,72,72,72,72,72,72],"card_choices":[{"not_picked":["HandOfGreed","Thinking Ahead"],"picked":"expansioncontent:QuickStudy","floor":0},{"not_picked":["Feel No Pain","Rupture"],"picked":"Shrug It Off","floor":1},{"not_picked":["expansioncontent:Chronoboost","Survey Options"],"picked":"expansioncontent:Corrupt","floor":2},{"not_picked":["Havoc","Searing Blow"],"picked":"Body Slam","floor":4},{"not_picked":["ReplayTheSpireMod:Limb From Limb","Metallicize"],"picked":"Replay:Undeath\u0027s Touch","floor":7},{"not_picked":["Rupture","Second Wind"],"picked":"Thunderclap","floor":12},{"not_picked":["Perfected Strike","Heavy Blade"],"picked":"Uppercut","floor":16},{"not_picked":["Immolate","Berserk"],"picked":"Double Tap","floor":18},{"not_picked":["Warcry+1","True Grit+1"],"picked":"Replay:Undeath\u0027s Touch","floor":20},{"not_picked":["Iron Wave","Twin Strike"],"picked":"Sword Boomerang+1","floor":22},{"not_picked":[],"picked":"wanderingMiniBosses:FinaleOfPromise","floor":23},{"not_picked":["Replay:Undeath\u0027s Touch","Clash"],"picked":"ReplayTheSpireMod:Strike From Hell","floor":23},{"not_picked":["Intimidate","Bloodletting"],"picked":"Uppercut+1","floor":24},{"not_picked":["Uppercut","Pommel Strike+1"],"picked":"ReplayReversal","floor":25},{"not_picked":["Cleave","Twin Strike"],"picked":"Replay:Undeath\u0027s Touch","floor":26},{"not_picked":["Clash","Armaments+1"],"picked":"Twin Strike+1","floor":27},{"not_picked":["Bludgeon","Wild Strike"],"picked":"ReplayTheSpireMod:Strike From Hell","floor":29}],"player_experience":550388,"relics_obtained":[{"floor":23,"key":"wanderingMiniBosses:Blackblade"},{"floor":25,"key":"Matryoshka"},{"floor":28,"key":"aspiration:ChemicalBlood"},{"floor":28,"key":"StrikeDummy"}],"event_choices":[{"damage_healed":0,"gold_gain":1,"player_choice":"1","damage_taken":0,"max_hp_gain":0,"max_hp_loss":0,"event_name":"betterStone:BetterStone","floor":2,"gold_loss":0},{"damage_healed":0,"gold_gain":0,"player_choice":"Bought 0 Potions","damage_taken":0,"max_hp_gain":0,"max_hp_loss":0,"event_name":"The Woman in Blue","floor":3,"gold_loss":0},{"damage_healed":0,"gold_gain":0,"player_choice":"Take Damage","damage_taken":18,"relics_obtained":["Golden Idol"],"max_hp_gain":0,"max_hp_loss":0,"event_name":"Golden Idol","floor":13,"gold_loss":0},{"damage_healed":0,"gold_gain":0,"cards_transformed":["Defend_R"],"player_choice":"Transformed","damage_taken":0,"max_hp_gain":0,"max_hp_loss":0,"event_name":"Transmorgrifier","floor":15,"gold_loss":0,"cards_obtained":["Metallicize"]}],"is_beta":false,"boss_relics":[{"not_picked":["Black Blood","Pandora\u0027s Box"],"picked":"Replay:Grab Bag"},{"not_picked":["Runic Dome","ReplayTheSpireMod:DimensionalGlitch"],"picked":"Replay:Bronze Core"},{"not_picked":["ChewingGum","Painkiller Herb"],"picked":"aspiration:FutureDiary"},{"not_picked":["Runic Pyramid","aspiration:RunicSpoon"],"picked":"aspiration:PoetsPen_weak"}],"items_purged_floors":[5],"is_endless":false,"potions_floor_spawned":[1,16,18,23,24,25,26],"killed_by":"Replay:Snechameleon","ascension_level":0}}