{"host":"omsykib0woddca32","time":1610105365,"event":{"mods":["BaseMod","Colored Powertips","Lobotomy","Minty Spire (QoL Compilation)","Random Character Button","Shop Mod","StSLib"],"gold_per_floor":[118,136,156,169,13,33,64,64,64,64,79,99,109,125,125,221,221,239,154,170,170,170,170,170],"floor_reached":23,"playtime":1470,"items_purged":["Strike_G"],"score":247,"play_id":"94013a9d-1b73-4050-a402-e2d104a8c7c4","local_time":"20210108192925","is_ascension_mode":false,"campfire_choices":[{"data":"Bouncing Flask","floor":8.0,"key":"SMITH"},{"floor":15.0,"key":"REST"}],"circlet_count":0,"master_deck":["Strike_G","Strike_G","Defend_G","Defend_G","Defend_G","Defend_G","Defend_G","Survivor","Neutralize","UniverseFragment","Backflip","BeautyBeast","Bouncing Flask+1","Escape Plan","OldLady","Wraith Form v2","Malaise","Corpse Explosion+1","Dagger Spray","Prepared+1","QueenOfHatred","Woodsman","Acrobatics+1","Well Laid Plans","Predator"],"relics":["Ring of the Snake","CogitoBucket","Lizard Tail","Toxic Egg 2","AdjustmentMirror","Black Star","Pocketwatch"],"acts_visited":["Exordium","TheCity"],"potions_floor_usage":[23],"damage_taken":[{"damage":4.0,"enemies":"Cultist","floor":1.0,"turns":5.0},{"damage":1.0,"enemies":"Small Slimes","floor":2.0,"turns":4.0},{"damage":1.0,"enemies":"2 Louse","floor":3.0,"turns":3.0},{"damage":5.0,"enemies":"Looter","floor":4.0,"turns":4.0},{"damage":0.0,"enemies":"3 Louse","floor":6.0,"turns":1.0},{"damage":21.0,"enemies":"3 Sentries","floor":7.0,"turns":12.0},{"damage":21.0,"enemies":"Large Slime","floor":11.0,"turns":7.0},{"damage":1.0,"enemies":"2 Fungi Beasts","floor":12.0,"turns":4.0},{"damage":4.0,"enemies":"Looter","floor":13.0,"turns":3.0},{"damage":5.0,"enemies":"Large Slime","floor":14.0,"turns":8.0},{"damage":0.0,"enemies":"Slime Boss","floor":16.0,"turns":4.0},{"damage":42.0,"enemies":"Spheric Guardian","floor":18.0,"turns":7.0},{"damage":0.0,"enemies":"Chosen","floor":20.0,"turns":4.0},{"damage":136,"enemies":"Gremlin Leader","floor":23,"turns":10}],"seed_played":"-3858827657855015750","potions_obtained":[{"floor":3.0,"key":"Explosive Potion"},{"floor":6.0,"key":"Fruit Juice"},{"floor":13.0,"key":"GhostInAJar"},{"floor":14.0,"key":"BlessingOfTheForge"}],"is_trial":false,"path_per_floor":["M","M","M","M","$","M","E","R","T","$","M","M","M","M","R","B",null,"M","?","M","?","?","E"],"character_chosen":"THE_SILENT","items_purchased":["Escape Plan"],"campfire_rested":1,"item_purchase_floors":[5],"current_hp_per_floor":[66,65,64,59,59,59,43,43,43,43,22,21,17,12,34,40,75,33,33,39,39,39,0,0],"gold":170,"neow_bonus":"","is_daily":false,"chose_seed":false,"campfire_upgraded":1,"win_rate":0.0,"timestamp":1610105365,"path_taken":["M","M","M","M","$","M","E","R","T","?","M","M","M","M","R","BOSS","M","?","M","?","?","E"],"items_purchased_type":["Card"],"build_version":"2020-12-22","purchased_purges":1,"victory":false,"max_hp_per_floor":[70,70,70,70,70,70,75,75,75,75,75,75,75,75,75,75,75,75,75,75,75,75,75,75],"card_choices":[{"not_picked":["MeatLantern","Scorched"],"picked":"UniverseFragment","floor":1.0},{"not_picked":["Blade Dance","Endless Agony"],"picked":"Backflip","floor":1.0},{"not_picked":["Slice","Finisher","Cloak And Dagger"],"picked":"SKIP","floor":2.0},{"not_picked":["Slice","Finisher","Cloak And Dagger"],"picked":"SKIP","floor":2.0},{"not_picked":["MHz","VoidDream"],"picked":"BeautyBeast","floor":3.0},{"not_picked":["Eviscerate","PiercingWail"],"picked":"Bouncing Flask","floor":3.0},{"not_picked":["Flying Knee","Infinite Blades","Bullet Time"],"picked":"SKIP","floor":4.0},{"not_picked":["Wellcheers","Bloodbath"],"picked":"OldLady","floor":6.0},{"not_picked":["Prepared","Infinite Blades"],"picked":"Wraith Form v2","floor":6.0},{"not_picked":["Prepared","Cloak And Dagger"],"picked":"Malaise","floor":7.0},{"not_picked":["Wellcheers","MeatLantern"],"picked":"Yin","floor":11.0},{"not_picked":["Poisoned Stab","Blade Dance+1","Backstab"],"picked":"SKIP","floor":11.0},{"not_picked":["Dodge and Roll+1","PiercingWail+1"],"picked":"Corpse Explosion+1","floor":12.0},{"not_picked":["Backflip+1","Deadly Poison+1","Sucker Punch"],"picked":"SKIP","floor":13.0},{"not_picked":["Quick Slash","Poisoned Stab"],"picked":"Dagger Spray","floor":14.0},{"not_picked":["Leg Sweep+1","Riddle With Holes+1"],"picked":"Prepared+1","floor":18.0},{"not_picked":["VoidDream","BlackArmy"],"picked":"QueenOfHatred","floor":18.0},{"not_picked":["PunishingBird","SpiderBud"],"picked":"Woodsman","floor":20.0},{"not_picked":["Blade Dance+1","Poisoned Stab"],"picked":"Acrobatics+1","floor":20.0}],"player_experience":71898,"relics_obtained":[{"floor":7.0,"key":"Lizard Tail"},{"floor":9.0,"key":"Toxic Egg 2"}],"event_choices":[{"damage_healed":0.0,"max_hp_gain":0.0,"max_hp_loss":0.0,"gold_gain":0.0,"event_name":"Addict","player_choice":"Obtained Relic","floor":19.0,"gold_loss":85.0,"damage_taken":0.0,"relics_obtained":["Pocketwatch"]},{"damage_healed":0.0,"max_hp_gain":0.0,"max_hp_loss":0.0,"gold_gain":0.0,"cards_transformed":["Strike_G","Strike_G"],"event_name":"Drug Dealer","player_choice":"Became Test Subject","floor":21.0,"gold_loss":0.0,"damage_taken":0.0,"cards_obtained":["Well Laid Plans","Predator"]},{"damage_healed":0,"gold_gain":0,"player_choice":"Ignored","damage_taken":0,"max_hp_gain":0,"max_hp_loss":0,"event_name":"The Mausoleum","floor":22,"gold_loss":0}],"is_beta":false,"boss_relics":[{"not_picked":["Astrolabe","Fusion Hammer"],"picked":"Black Star"}],"items_purged_floors":[5],"is_endless":false,"potions_floor_spawned":[3,6,13,14],"killed_by":"Gremlin Leader","ascension_level":0}}