{"host":"6dypmz777xraikqf","time":1610109270,"event":{"mods":["AchievementEnabler","BaseMod","BetterRewards","Colored Map","Colored Powertips","Downfall","Highlight Path","Hubris","Infinite Spire","Minty Spire (QoL Compilation)","Replay The Spire","StSLib"],"gold_per_floor":[116,136,136,149,149,149,181,181,181,193,193,193,118,142,142,265,365,354,202,221,221,221,221,232,143,143,160,173,173,173,183,183,282,282,293,303,203,203,214,249,266,266,293,305,338,438,455,465,465,465],"floor_reached":51,"playtime":3643,"items_purged":["Strike_R","Strike_R"],"score":1080,"play_id":"e96b91e8-3881-47b9-8181-9f37fc0655ed","local_time":"20210108123430","is_ascension_mode":true,"campfire_choices":[{"data":"Armaments","floor":6,"key":"SMITH"},{"data":"Rampage","floor":8,"key":"SMITH"},{"floor":15,"key":"REST"},{"data":"Intimidate","floor":23,"key":"SMITH"},{"floor":30,"key":"REST"},{"data":"Entrench","floor":32,"key":"SMITH"},{"data":"Limit Break","floor":49,"key":"SMITH"}],"circlet_count":0,"master_deck":["Strike_R+1","Strike_R","Defend_R","Defend_R+1","Defend_R","Defend_R","Bash","Armaments+1","Rampage+1","ReplayTheSpireMod:Stacked","hubris:ReadiedAction","Battle Trance","Feed","Shockwave+1","Shrug It Off","Intimidate+1","Shrug It Off","expansioncontent:TimeRipple+1","Battle Trance","Shrug It Off+1","expansioncontent:CaCaw","Entrench+1","Limit Break+1","Shrug It Off+1","Rampage","Slimebound:Icky","Heavy Blade+1","Headbutt+1","Corruption","Shrug It Off"],"relics":["Burning Blood","NeowsBlessing","Replay:Bottled Flurry","Replay:Rubber Ducky","hubris:OldNail","Bloody Idol","Replay:Wanted Poster","Calipers","Cursed Key","ReplayTheSpireMod:TigerMarble","Potion Belt","Whetstone"],"acts_visited":["Exordium","TheCity","TheBeyond"],"potions_floor_usage":[16,16,31,50,50,50,50],"damage_taken":[{"damage":0,"enemies":"Jaw Worm","floor":1,"turns":1},{"damage":0,"enemies":"2 Louse","floor":2,"turns":1},{"damage":0,"enemies":"infinitespire:Voidling","floor":4,"turns":1},{"damage":31,"enemies":"Lagavulin","floor":7,"turns":9},{"damage":23,"enemies":"Lots of Slimes","floor":10,"turns":6},{"damage":0,"enemies":"Exordium Wildlife","floor":14,"turns":5},{"damage":0,"enemies":"The Guardian","floor":16,"turns":9},{"damage":10,"enemies":"2 Thieves","floor":18,"turns":4},{"damage":8,"enemies":"3 Byrds","floor":20,"turns":10},{"damage":19,"enemies":"Snake Plant","floor":24,"turns":5},{"damage":26,"enemies":"Sentry and Sphere","floor":27,"turns":13},{"damage":0,"enemies":"Centurion and Healer","floor":28,"turns":7},{"damage":33,"enemies":"Snake Plant","floor":31,"turns":8},{"damage":1,"enemies":"Champ","floor":33,"turns":16},{"damage":11,"enemies":"3 Shapes","floor":35,"turns":7},{"damage":0,"enemies":"Orb Walker","floor":36,"turns":9},{"damage":0,"enemies":"Transient","floor":39,"turns":5},{"damage":20,"enemies":"Reptomancer","floor":40,"turns":5},{"damage":8,"enemies":"3 Darklings","floor":41,"turns":7},{"damage":0,"enemies":"Maw","floor":44,"turns":6},{"damage":9,"enemies":"Giant Head","floor":45,"turns":7},{"damage":0,"enemies":"Sphere and 2 Shapes","floor":47,"turns":4},{"damage":0,"enemies":"3 Darklings","floor":48,"turns":1},{"damage":14,"enemies":"infinitespire:MassOfShapes","floor":50,"turns":9}],"seed_played":"4345619180612888555","potions_obtained":[{"floor":7,"key":"Fire Potion"},{"floor":14,"key":"PowerPotion"},{"floor":16,"key":"Strength Potion"},{"floor":18,"key":"Elixir"},{"floor":20,"key":"GamblersBrew"},{"floor":28,"key":"EssenceOfSteel"},{"floor":33,"key":"BlessingOfTheForge"},{"floor":39,"key":"GamblersBrew"},{"floor":45,"key":"SpeedPotion"},{"floor":48,"key":"HeartOfIron"}],"is_trial":false,"path_per_floor":["M","M","?","M","?","R","E","R","T","M","?","?","$","M","R","B",null,"M","$","M","?","?","R","M","$","T","M","M","?","R","M","R","B",null,"M","M","NS","T","M","E","M","$","T","M","E","?","M","M","R","B",null],"character_chosen":"IRONCLAD","items_purchased":["Shrug It Off","expansioncontent:TimeRipple"],"campfire_rested":2,"item_purchase_floors":[19,25],"current_hp_per_floor":[78,80,64,70,70,70,45,45,45,28,28,28,28,34,56,62,71,70,70,72,72,72,72,64,64,64,52,63,51,76,54,54,64,79,79,84,84,84,84,75,84,84,84,87,87,87,87,87,87,79],"gold":465,"neow_bonus":"THREE_ENEMY_KILL","is_daily":false,"chose_seed":false,"campfire_upgraded":5,"win_rate":0.0,"timestamp":1610109270,"path_taken":["M","M","?","M","?","R","E","R","T","M","?","?","$","?","R","BOSS","M","?","?","?","?","R","M","?","T","?","M","?","R","M","R","BOSS","M","M","NS","?","M","E","M","?","T","M","E","?","?","M","R","BOSS"],"items_purchased_type":["Card","Card"],"build_version":"2020-12-22","purchased_purges":2,"victory":true,"max_hp_per_floor":[80,80,80,80,80,80,80,80,80,80,74,74,74,74,74,74,74,77,77,81,81,81,81,81,81,81,84,84,84,84,84,84,84,84,84,84,84,84,84,84,84,84,84,87,87,87,87,87,87,87],"card_choices":[{"not_picked":["Pommel Strike","Dual Wield"],"picked":"Armaments","floor":1},{"not_picked":["Anger","Clash"],"picked":"Rampage","floor":2},{"not_picked":["Perfected Strike","Metallicize"],"picked":"ReplayTheSpireMod:Stacked","floor":4},{"not_picked":["Heavy Blade","Iron Wave"],"picked":"hubris:ReadiedAction","floor":7},{"not_picked":["hubris:StunningStrike","Second Wind","Body Slam"],"picked":"SKIP","floor":10},{"not_picked":["Heavy Blade","Sword Boomerang"],"picked":"Battle Trance","floor":14},{"not_picked":["Hemogenesis","Brutality"],"picked":"Feed","floor":16},{"not_picked":["Massacre","Inflame"],"picked":"Shockwave+1","floor":18},{"not_picked":["Run Through","Bloodletting"],"picked":"Intimidate","floor":20},{"not_picked":["Sword Boomerang","Clothesline"],"picked":"Shrug It Off","floor":24},{"not_picked":["hubris:ReadiedAction","Clash+1"],"picked":"Battle Trance","floor":27},{"not_picked":["Cleave","Body Slam+1"],"picked":"Shrug It Off+1","floor":28},{"not_picked":["Shrug It Off","Limit Break"],"picked":"Entrench","floor":31},{"not_picked":["Barricade","Replay:Many Hands"],"picked":"Limit Break","floor":33},{"not_picked":["Infernal Blade","ReplayReversal+1"],"picked":"Bloodletting+1","floor":35},{"not_picked":["Shockwave+1","ReplayTheSpireMod:Limb From Limb+1"],"picked":"Shrug It Off+1","floor":36},{"not_picked":["Cleave","Thunderclap","Abandon+1"],"picked":"SKIP","floor":39},{"not_picked":["Battle Trance+1","ReplayTheSpireMod:Strike From Hell+1","Uppercut"],"picked":"SKIP","floor":40},{"not_picked":["True Grit+1","Heavy Blade"],"picked":"Rampage","floor":41},{"not_picked":["Defy Death+1","ReplayTheSpireMod:Stacked"],"picked":"Heavy Blade+1","floor":44},{"not_picked":["Infernal Blade","Wild Strike+1"],"picked":"Headbutt+1","floor":45},{"not_picked":["Clothesline","Anger"],"picked":"Corruption","floor":47},{"not_picked":["infinitespire:OneForAll+1","Twin Strike+1"],"picked":"Shrug It Off","floor":48}],"player_experience":137548,"relics_obtained":[{"floor":7,"key":"Replay:Rubber Ducky"},{"floor":9,"key":"hubris:OldNail"},{"floor":26,"key":"Calipers"},{"floor":40,"key":"ReplayTheSpireMod:TigerMarble"},{"floor":43,"key":"Potion Belt"},{"floor":45,"key":"Whetstone"}],"event_choices":[{"damage_healed":0,"gold_gain":0,"player_choice":"Entered Light","damage_taken":16,"max_hp_gain":0,"max_hp_loss":0,"event_name":"Shining Light","floor":3,"gold_loss":0,"cards_upgraded":["Defend_R","Strike_R"]},{"damage_healed":0,"gold_gain":0,"player_choice":"Box","damage_taken":0,"relics_obtained":["Replay:Bottled Flurry"],"max_hp_gain":0,"max_hp_loss":0,"event_name":"Big Fish","floor":5,"gold_loss":0,"cards_obtained":["Regret"]},{"damage_healed":0,"gold_gain":0,"player_choice":"Lose Max HP","damage_taken":0,"relics_obtained":["Golden Idol"],"max_hp_gain":0,"max_hp_loss":6,"event_name":"Golden Idol","floor":11,"gold_loss":0},{"cards_removed":["Regret"],"damage_healed":0,"gold_gain":0,"player_choice":"Card Removal","damage_taken":0,"max_hp_gain":0,"max_hp_loss":0,"event_name":"Wheel of Change","floor":12,"gold_loss":0},{"damage_healed":0,"gold_gain":0,"player_choice":"Gave Idol","damage_taken":0,"relics_obtained":["Bloody Idol"],"max_hp_gain":0,"max_hp_loss":0,"event_name":"Forgotten Altar","floor":22,"relics_lost":["Golden Idol"],"gold_loss":0},{"damage_healed":0,"gold_gain":0,"player_choice":"CARD ","damage_taken":12,"max_hp_gain":0,"max_hp_loss":0,"event_name":"Knowing Skull","floor":29,"potions_obtained":[],"gold_loss":0,"cards_obtained":["expansioncontent:CaCaw"]},{"damage_healed":0,"gold_gain":100,"player_choice":"Pray","damage_taken":0,"max_hp_gain":0,"max_hp_loss":0,"event_name":"Golden Shrine","floor":46,"gold_loss":0}],"is_beta":false,"boss_relics":[{"not_picked":["hubris:Backtick","Replay:Drink Me"],"picked":"Replay:Wanted Poster"},{"not_picked":["Mark of Pain","Calling Bell"],"picked":"Cursed Key"}],"items_purged_floors":[13,19],"is_endless":false,"potions_floor_spawned":[7,14,16,18,20,24,28,33,39,40,45,48],"ascension_level":8}}