{"host":"jx3f6ezc0g3s9edc","time":1610074947,"event":{"mods":["AchievementEnabler","BaseMod","Bestiary","Colored Map","Highlight Path","Minty Spire (QoL Compilation)","StSLib"],"gold_per_floor":[111,127,77,77,77,77,96,96,147,35,35,69,80,112,112,209,209,225,324,324,324,344,344,375,375,675,686,704,704,704],"floor_reached":29,"playtime":1914,"items_purged":["Defend_G"],"score":377,"play_id":"13b67b95-bd14-4e0c-90a8-2199be600883","local_time":"20210107220227","is_ascension_mode":true,"campfire_choices":[{"data":"Neutralize","floor":6,"key":"SMITH"},{"data":"Survivor","floor":8,"key":"SMITH"},{"data":"Noxious Fumes","floor":11,"key":"SMITH"},{"floor":15,"key":"REST"},{"floor":23,"key":"REST"},{"floor":25,"key":"REST"}],"circlet_count":0,"master_deck":["AscendersBane","Strike_G+1","Strike_G+1","Strike_G+1","Defend_G+1","Defend_G+1","Defend_G+1","Defend_G+1","Survivor+1","Neutralize+1","Outmaneuver","Terror","Noxious Fumes+1","Bane","Catalyst","Dagger Spray","Tools of the Trade","Well Laid Plans","Blur","Underhanded Strike","Crippling Poison+1","Acrobatics","Leg Sweep"],"relics":["Ring of the Snake","Bag of Marbles","Oddly Smooth Stone","Prayer Wheel","Philosopher\u0027s Stone","Calipers","Old Coin"],"acts_visited":["Exordium","TheCity"],"potions_floor_usage":[16,16,24,28],"damage_taken":[{"damage":1,"enemies":"2 Louse","floor":1,"turns":3},{"damage":3,"enemies":"Small Slimes","floor":2,"turns":5},{"damage":0,"enemies":"Jaw Worm","floor":7,"turns":6},{"damage":24,"enemies":"3 Sentries","floor":12,"turns":7},{"damage":8,"enemies":"3 Louse","floor":13,"turns":4},{"damage":5,"enemies":"Lagavulin","floor":14,"turns":7},{"damage":38,"enemies":"Hexaghost","floor":16,"turns":9},{"damage":13,"enemies":"Shell Parasite","floor":18,"turns":5},{"damage":24,"enemies":"Spheric Guardian","floor":22,"turns":5},{"damage":46,"enemies":"Book of Stabbing","floor":24,"turns":7},{"damage":24,"enemies":"Cultist and Chosen","floor":27,"turns":6},{"damage":3,"enemies":"Snake Plant","floor":28,"turns":4},{"damage":3,"enemies":"Snecko","floor":29,"turns":4}],"seed_played":"5570844334620783716","potions_obtained":[{"floor":7,"key":"AttackPotion"},{"floor":12,"key":"LiquidBronze"},{"floor":16,"key":"EssenceOfSteel"},{"floor":18,"key":"SteroidPotion"},{"floor":22,"key":"BlessingOfTheForge"},{"floor":24,"key":"SneckoOil"},{"floor":28,"key":"Dexterity Potion"}],"is_trial":false,"path_per_floor":["M","M","?","?","?","R","M","R","T","$","R","E","M","E","R","B",null,"M","?","?","?","M","R","E","R","T","M","M","M"],"character_chosen":"THE_SILENT","items_purchased":["Noxious Fumes"],"campfire_rested":3,"item_purchase_floors":[10],"current_hp_per_floor":[69,66,66,71,64,64,64,64,64,64,64,40,32,27,51,13,65,52,52,52,52,28,52,6,30,30,6,3,0,0],"gold":704,"neow_bonus":"TEN_PERCENT_HP_BONUS","is_daily":false,"chose_seed":false,"campfire_upgraded":3,"win_rate":0.0,"timestamp":1610074947,"path_taken":["M","M","?","?","?","R","M","R","T","?","R","E","M","E","R","BOSS","M","?","?","?","M","R","E","R","T","M","M","M"],"items_purchased_type":["Card"],"build_version":"2020-12-22","purchased_purges":1,"victory":false,"max_hp_per_floor":[77,77,77,82,82,82,82,82,82,82,82,82,82,82,82,82,82,82,82,82,82,82,82,82,82,82,82,82,82,82],"card_choices":[{"not_picked":["Eviscerate","Calculated Gamble"],"picked":"Outmaneuver","floor":1},{"not_picked":["Eviscerate","Prepared","Outmaneuver"],"picked":"SKIP","floor":2},{"not_picked":["Deflect","Flying Knee"],"picked":"Terror","floor":7},{"not_picked":["Cloak And Dagger","PiercingWail"],"picked":"Bane","floor":12},{"not_picked":["Cloak And Dagger","Leg Sweep"],"picked":"Catalyst","floor":13},{"not_picked":["Deadly Poison","Finisher"],"picked":"Dagger Spray","floor":14},{"not_picked":["Bullet Time","Doppelganger"],"picked":"Tools of the Trade","floor":16},{"not_picked":["Dagger Spray+1","Accuracy+1"],"picked":"Well Laid Plans","floor":18},{"not_picked":["Deflect","Underhanded Strike","Endless Agony+1"],"picked":"SKIP","floor":18},{"not_picked":["Sucker Punch","Cloak And Dagger"],"picked":"Blur","floor":22},{"not_picked":["Sucker Punch+1","Concentrate"],"picked":"Underhanded Strike","floor":22},{"not_picked":["Prepared","Underhanded Strike+1"],"picked":"Crippling Poison+1","floor":24},{"not_picked":["Infinite Blades+1","Dagger Spray+1"],"picked":"Acrobatics","floor":27},{"not_picked":["Expertise","Envenom","Distraction+1"],"picked":"SKIP","floor":27},{"not_picked":["Well Laid Plans","Prepared+1"],"picked":"Leg Sweep","floor":28},{"not_picked":["Deflect+1","Tactician","Eviscerate+1"],"picked":"SKIP","floor":28}],"player_experience":742741,"relics_obtained":[{"floor":9,"key":"Bag of Marbles"},{"floor":12,"key":"Oddly Smooth Stone"},{"floor":14,"key":"Prayer Wheel"},{"floor":24,"key":"Calipers"},{"floor":26,"key":"Old Coin"}],"event_choices":[{"cards_removed":["Strike_G"],"damage_healed":0,"gold_gain":0,"player_choice":"Card Removal","damage_taken":0,"max_hp_gain":0,"max_hp_loss":0,"event_name":"The Cleric","floor":3,"gold_loss":50},{"damage_healed":0,"gold_gain":0,"player_choice":"Donut","damage_taken":0,"max_hp_gain":5,"max_hp_loss":0,"event_name":"Big Fish","floor":4,"gold_loss":0},{"cards_removed":["Strike_G"],"damage_healed":0,"gold_gain":0,"player_choice":"Card Removal","damage_taken":7,"max_hp_gain":0,"max_hp_loss":0,"event_name":"Golden Wing","floor":5,"gold_loss":0},{"damage_healed":0,"gold_gain":99,"player_choice":"Stole From Cult","damage_taken":0,"max_hp_gain":0,"max_hp_loss":0,"event_name":"Nest","floor":19,"gold_loss":0},{"damage_healed":0,"gold_gain":0,"player_choice":"Simplicity","damage_taken":0,"max_hp_gain":0,"max_hp_loss":0,"event_name":"Back to Basics","floor":20,"gold_loss":0,"cards_upgraded":["Strike_G","Strike_G","Strike_G","Defend_G","Defend_G","Defend_G","Defend_G"]},{"damage_healed":0,"gold_gain":0,"player_choice":"Ignored","damage_taken":0,"max_hp_gain":0,"max_hp_loss":0,"event_name":"Vampires","floor":21,"gold_loss":0}],"is_beta":false,"boss_relics":[{"not_picked":["WristBlade","Runic Dome"],"picked":"Philosopher\u0027s Stone"}],"items_purged_floors":[10],"is_endless":false,"potions_floor_spawned":[7,12,16,18,22,24,28],"killed_by":"Snecko","ascension_level":10}}