{"host":"pqs17sqrgflf4eqa","time":1610141686,"event":{"mods":["AchievementEnabler","BaseMod","Bestiary","Better Altar","Colored Map","Colored Powertips","Emptier Cage","Googly Eyes","Highlight Path","Minty Spire (QoL Compilation)","Quick Restart","StSLib","SuperFastMode","Transform Curses","slay the spire mod where everything is the same but ironclad has a cowboy hat"],"gold_per_floor":[119,119,1,1,1,1,18,51,75,104,104,136,136,169,169,274,274,274,274,274,145,145,145,145,145,145,145,145,145,145,145,145,145,145],"floor_reached":33,"playtime":899,"items_purged":[],"score":422,"play_id":"f46061b6-0e80-4683-80a5-bb4188809c76","local_time":"20210108163446","is_ascension_mode":true,"campfire_choices":[{"data":"Zap","floor":6,"key":"SMITH"},{"data":"Dualcast","floor":11,"key":"SMITH"},{"data":"Streamline","floor":13,"key":"SMITH"},{"floor":15,"key":"REST"},{"data":"Echo Form","floor":24,"key":"SMITH"},{"floor":27,"key":"REST"},{"data":"Hologram","floor":32,"key":"SMITH"}],"circlet_count":0,"master_deck":["Strike_B","Strike_B","Strike_B","Strike_B","Defend_B","Defend_B","Defend_B","Zap+1","Dualcast+1","Streamline+1","Lockon","FTL","Ball Lightning","Beam Cell","Cold Snap","Leap","Stack","Auto Shields","Echo Form+1","Compile Driver","RitualDagger","All For One","Glacier","Hologram+1","Seek","Gash","Coolheaded+1","Self Repair","Gash","Conserve Battery+1","Leap+1"],"relics":["Cracked Core","NeowsBlessing","Pen Nib","Nunchaku","Akabeko","Boot","Bronze Scales","Juzu Bracelet","CaptainsWheel","Ectoplasm","Red Mask","Meat on the Bone","Orichalcum","Dream Catcher","Toxic Egg 2"],"acts_visited":["Exordium","TheCity"],"potions_floor_usage":[10,16,23,29,30,30],"damage_taken":[{"damage":0,"enemies":"Jaw Worm","floor":1,"turns":1},{"damage":0,"enemies":"Cultist","floor":7,"turns":1},{"damage":0,"enemies":"3 Sentries","floor":8,"turns":1},{"damage":18,"enemies":"Lagavulin","floor":10,"turns":4},{"damage":8,"enemies":"Gremlin Nob","floor":12,"turns":3},{"damage":8,"enemies":"Lagavulin","floor":14,"turns":3},{"damage":15,"enemies":"The Guardian","floor":16,"turns":8},{"damage":11,"enemies":"Shell Parasite","floor":18,"turns":2},{"damage":8,"enemies":"Masked Bandits","floor":20,"turns":3},{"damage":24,"enemies":"Gremlin Leader","floor":23,"turns":6},{"damage":13,"enemies":"Book of Stabbing","floor":25,"turns":4},{"damage":0,"enemies":"Spheric Guardian","floor":28,"turns":2},{"damage":14,"enemies":"Cultist and Chosen","floor":29,"turns":5},{"damage":25,"enemies":"Gremlin Leader","floor":30,"turns":4},{"damage":0,"enemies":"Centurion and Healer","floor":31,"turns":5},{"damage":66,"enemies":"Champ","floor":33,"turns":8}],"seed_played":"1285643448022017369","potions_obtained":[{"floor":7,"key":"Weak Potion"},{"floor":8,"key":"DuplicationPotion"},{"floor":10,"key":"PotionOfCapacity"},{"floor":25,"key":"FocusPotion"},{"floor":28,"key":"PowerPotion"},{"floor":29,"key":"LiquidMemories"},{"floor":30,"key":"SpeedPotion"}],"is_trial":false,"path_per_floor":["M","?","$","T","?","R","M","E","T","E","R","E","R","E","R","B",null,"M","?","?","$","?","E","R","E","T","R","M","M","E","M","R","B"],"character_chosen":"DEFECT","items_purchased":["FTL","Ball Lightning","Glacier","Hologram"],"campfire_rested":2,"item_purchase_floors":[3,3,21,21],"current_hp_per_floor":[75,75,75,75,63,63,63,63,63,45,45,37,37,29,51,36,75,64,58,50,50,50,26,26,25,25,47,47,52,39,46,46,0,0],"gold":145,"neow_bonus":"THREE_ENEMY_KILL","is_daily":false,"chose_seed":false,"campfire_upgraded":5,"win_rate":0.0,"timestamp":1610141686,"path_taken":["M","?","$","?","?","R","M","E","T","E","R","E","R","E","R","BOSS","M","?","?","$","?","E","R","E","T","R","M","M","E","M","R","BOSS"],"items_purchased_type":["Card","Card","Card","Card"],"build_version":"2020-12-22","purchased_purges":0,"victory":false,"max_hp_per_floor":[75,75,75,75,75,75,75,75,75,75,75,75,75,75,75,75,75,75,75,75,75,75,75,75,75,75,75,75,75,75,75,75,75,75],"card_choices":[{"not_picked":["Go for the Eyes","Undo"],"picked":"Streamline","floor":1},{"not_picked":["Auto Shields","Reinforced Body"],"picked":"Beam Cell","floor":7},{"not_picked":["Redo","Reprogram"],"picked":"Cold Snap","floor":8},{"not_picked":["Steam","Core Surge"],"picked":"Leap","floor":10},{"not_picked":["Tempest","Hyperbeam"],"picked":"Stack","floor":12},{"not_picked":["Double Energy","Fusion"],"picked":"Auto Shields","floor":14},{"not_picked":["Amplify","Fission"],"picked":"Echo Form","floor":16},{"not_picked":["Ball Lightning+1","Go for the Eyes"],"picked":"Compile Driver","floor":18},{"not_picked":["Beam Cell","Barrage+1"],"picked":"All For One","floor":20},{"not_picked":["Compile Driver","Streamline"],"picked":"Seek","floor":23},{"not_picked":["Skim","Sweeping Beam"],"picked":"Gash","floor":25},{"not_picked":["Ball Lightning","Blizzard"],"picked":"Coolheaded+1","floor":27},{"not_picked":["Reinforced Body","FTL"],"picked":"Self Repair","floor":28},{"not_picked":["Conserve Battery","Loop"],"picked":"Gash","floor":29},{"not_picked":["Hologram+1","Coolheaded+1"],"picked":"Conserve Battery+1","floor":30},{"not_picked":["Melter","Turbo+1"],"picked":"Leap+1","floor":31}],"player_experience":139420,"relics_obtained":[{"floor":4,"key":"Pen Nib"},{"floor":8,"key":"Akabeko"},{"floor":9,"key":"Boot"},{"floor":10,"key":"Bronze Scales"},{"floor":12,"key":"Juzu Bracelet"},{"floor":14,"key":"CaptainsWheel"},{"floor":20,"key":"Red Mask"},{"floor":23,"key":"Meat on the Bone"},{"floor":25,"key":"Orichalcum"},{"floor":26,"key":"Dream Catcher"},{"floor":30,"key":"Toxic Egg 2"}],"event_choices":[{"damage_healed":0,"gold_gain":0,"cards_transformed":["Defend_B"],"player_choice":"Transformed","damage_taken":0,"max_hp_gain":0,"max_hp_loss":0,"event_name":"Transmorgrifier","floor":2,"gold_loss":0,"cards_obtained":["Lockon"]},{"damage_healed":0,"gold_gain":0,"player_choice":"Success","damage_taken":12,"relics_obtained":["Nunchaku"],"max_hp_gain":0,"max_hp_loss":0,"event_name":"Scrap Ooze","floor":5,"gold_loss":0},{"damage_healed":0,"gold_gain":0,"player_choice":"Joined the Cult","damage_taken":6,"max_hp_gain":0,"max_hp_loss":0,"event_name":"Nest","floor":19,"gold_loss":0,"cards_obtained":["RitualDagger"]},{"damage_healed":0,"gold_gain":0,"player_choice":"Fought Bandits","damage_taken":0,"max_hp_gain":0,"max_hp_loss":0,"event_name":"Masked Bandits","floor":20,"gold_loss":0},{"damage_healed":0,"gold_gain":0,"player_choice":"Ignored","damage_taken":0,"max_hp_gain":0,"max_hp_loss":0,"event_name":"Beggar","floor":22,"gold_loss":0}],"is_beta":false,"boss_relics":[{"not_picked":["Calling Bell","Coffee Dripper"],"picked":"Ectoplasm"}],"items_purged_floors":[],"is_endless":false,"potions_floor_spawned":[7,8,10,25,28,29,30],"killed_by":"Champ","ascension_level":4}}