{"host":"86cuvgv6d0efted3","time":1610131763,"event":{"mods":["AchievementEnabler","Act Like it!","BaseMod","Better Synergies","BetterRewards","Colored Map","Colored Powertips","Downfall","Gremlin Mod","Hermit","Hubris","Minty Spire (QoL Compilation)","Quick Restart","Replay The Spire","Shop Mod","StSLib","The Druid"],"gold_per_floor":[118,118,118,118,137,170,170,200,268,288,303,318,318,330,330,435,435,445,458,45,45,45],"floor_reached":21,"playtime":1317,"items_purged":["Regret"],"score":216,"play_id":"91e3d4ef-5407-4ed1-8e3b-6f0f1329a778","local_time":"20210108154923","is_ascension_mode":false,"campfire_choices":[],"circlet_count":0,"master_deck":["Gremlin:Strike","Gremlin:Strike","Gremlin:Strike","Gremlin:Defend","Gremlin:Defend","Gremlin:Defend","Gremlin:Defend","Gremlin:TagTeam","Gremlin:GremlinDance","Gremlin:Raid","Gremlin:CatScratch","Gremlin:ShankStone","hubris:DuctTapeCard","Gremlin:CongaLine","Gremlin:Pretaliation","Gremlin:InfiniteBlocks","Gremlin:PinNeedle","Gremlin:ShowStopper","Gremlin:Polish","Gremlin:Changeo","Crow Ritual"],"relics":["Gremlin:GremlinKnob","NeowsBlessing","Blood Vial","hubris:Towel","Replay:Bottled Eggs","Bronze Scales","Vajra","hubris:DuctTape","Replay:Grab Bag","Philosopher\u0027s Stone","Painkiller Herb","Gremlin:GremlinBomb","Replay:Mystery Machine"],"acts_visited":["Exordium","TheCity"],"potions_floor_usage":[8,12,12,16,16],"damage_taken":[{"damage":0,"enemies":"Jaw Worm","floor":1,"turns":1},{"damage":0,"enemies":"Small Slimes","floor":5,"turns":1},{"damage":0,"enemies":"3 Sentries","floor":6,"turns":1},{"damage":57,"enemies":"Lagavulin","floor":8,"turns":6},{"damage":9,"enemies":"2 Louse","floor":10,"turns":1},{"damage":2,"enemies":"Gremlin Gang","floor":11,"turns":3},{"damage":19,"enemies":"Exordium Thugs","floor":12,"turns":5},{"damage":11,"enemies":"Lots of Slimes","floor":14,"turns":3},{"damage":35,"enemies":"Slime Boss","floor":16,"turns":7},{"damage":24,"enemies":"2 Thieves","floor":18,"turns":3},{"damage":24,"enemies":"Shell Parasite","floor":19,"turns":3},{"damage":13,"enemies":"Centurion and Healer","floor":21,"turns":1}],"seed_played":"-1637257218925918299","potions_obtained":[{"floor":1,"key":"Weak Potion"},{"floor":10,"key":"GamblersBrew"},{"floor":11,"key":"Fruit Juice"},{"floor":12,"key":"Cursed Concoction"},{"floor":14,"key":"Adrenaline Potion"}],"is_trial":false,"path_per_floor":["M","?","?","?","M","E","?","E","T","M","M","M","$","M","R","B",null,"?","?","T","?"],"character_chosen":"GREMLIN","items_purchased":["Replay:Mystery Machine","Crow Ritual"],"campfire_rested":0,"item_purchase_floors":[20,20],"current_hp_per_floor":[20,18,18,18,18,18,18,20,20,17,19,12,12,1,1,3,20,12,4,4,0,0],"gold":45,"neow_bonus":"THREE_ENEMY_KILL","is_daily":false,"chose_seed":false,"campfire_upgraded":0,"win_rate":0.0,"timestamp":1610131763,"path_taken":["M","?","?","?","M","E","?","E","T","M","M","?","?","M","R","BOSS","?","?","T","?"],"items_purchased_type":["Relic","Card"],"build_version":"2020-12-22","purchased_purges":1,"victory":false,"max_hp_per_floor":[20,20,20,20,20,20,20,20,20,20,20,21,21,21,20,20,20,20,20,20,20,20],"card_choices":[{"not_picked":["Gremlin:Raid","Gremlin:ShowOfHands"],"picked":"Gremlin:Irritability","floor":1},{"not_picked":["Gremlin:Presto","Gremlin:BurlyBlow"],"picked":"Gremlin:Raid","floor":5},{"not_picked":["Gremlin:IrksomeBlow","Gremlin:RageBreak"],"picked":"Gremlin:CatScratch","floor":6},{"not_picked":["Gremlin:Presto","Gremlin:Glimmer"],"picked":"Gremlin:ShankStone","floor":8},{"not_picked":["Gremlin:Jeer","Gremlin:Mockery"],"picked":"Gremlin:CongaLine","floor":10},{"not_picked":["Gremlin:GremlinArms","Gremlin:Rhythm"],"picked":"Gremlin:Pretaliation","floor":11},{"not_picked":["Gremlin:Irritability","Gremlin:ToeStub"],"picked":"Gremlin:InfiniteBlocks","floor":12},{"not_picked":["Gremlin:Patsy","Gremlin:GremlinMeal"],"picked":"Gremlin:PinNeedle","floor":14},{"not_picked":["Gremlin:Fury","Gremlin:Duplicate"],"picked":"Gremlin:ShowStopper","floor":16},{"not_picked":["Gremlin:BulkUp","Gremlin:Mockery"],"picked":"Gremlin:Polish","floor":18},{"not_picked":["Gremlin:Jeer","Gremlin:Flurry+1"],"picked":"Gremlin:Changeo","floor":19}],"player_experience":446319,"relics_obtained":[{"floor":6,"key":"Bronze Scales"},{"floor":8,"key":"Vajra"},{"floor":9,"key":"hubris:DuctTape"}],"event_choices":[{"damage_healed":0,"gold_gain":0,"player_choice":"Success","damage_taken":2,"relics_obtained":["Blood Vial"],"max_hp_gain":0,"max_hp_loss":0,"event_name":"Scrap Ooze","floor":2,"gold_loss":0},{"damage_healed":0,"gold_gain":0,"player_choice":"Box","damage_taken":0,"relics_obtained":["Replay:Bottled Eggs"],"max_hp_gain":0,"max_hp_loss":0,"event_name":"Big Fish","floor":4,"gold_loss":0,"cards_obtained":["Regret"]},{"damage_healed":0,"gold_gain":0,"cards_transformed":["Gremlin:Strike"],"player_choice":"Transformed","damage_taken":0,"max_hp_gain":0,"max_hp_loss":0,"event_name":"Transmorgrifier","floor":7,"gold_loss":0,"cards_obtained":["Gremlin:FlipOut"]}],"is_beta":false,"boss_relics":[{"not_picked":["Calling Bell","Velvet Choker"],"picked":"Replay:Grab Bag"},{"not_picked":["Ectoplasm","Runic Dome"],"picked":"Philosopher\u0027s Stone"},{"not_picked":["ReplayTheSpireMod:DimensionalGlitch","Fusion Hammer"],"picked":"Painkiller Herb"},{"not_picked":["hubris:Backtick","Snecko Eye"],"picked":"Gremlin:GremlinBomb"}],"items_purged_floors":[20],"is_endless":false,"potions_floor_spawned":[1,10,11,12,14],"killed_by":"Centurion and Healer","ascension_level":0}}