{"host":"ao4lxi9bhtts409i","time":1610134629,"event":{"mods":["AchievementEnabler","BaseMod","Colored Map","Colored Powertips","Minty Spire (QoL Compilation)","SuperFastMode"],"gold_per_floor":[113,113,124,143,160,160,32,64,64,92,92,112,128,128,128,223,223,190,19,19,19,19,19,19,19],"floor_reached":24,"playtime":1063,"items_purged":["Strike_R","Strike_R"],"score":235,"play_id":"d1c1dfad-8e4d-4399-94cf-41069102bdf4","local_time":"20210108203709","is_ascension_mode":true,"campfire_choices":[{"data":"Twin Strike","floor":6,"key":"SMITH"},{"floor":11,"key":"REST"},{"data":"Feed","floor":15,"key":"SMITH"},{"floor":23,"key":"REST"}],"circlet_count":0,"master_deck":["Strike_R","Strike_R","Defend_R","Defend_R","Defend_R","Defend_R","Bash","Demon Form+1","Twin Strike+1","Sword Boomerang","Heavy Blade","Shrug It Off","Iron Wave","Feed+1","Twin Strike","Sentinel","Juggernaut","Bludgeon","Cleave+1","Sword Boomerang","Whirlwind","J.A.X.","Disarm"],"relics":["Burning Blood","Art of War","Blue Candle","Prayer Wheel","Black Star"],"acts_visited":["Exordium","TheCity"],"potions_floor_usage":[5,8,16,16],"damage_taken":[{"damage":14,"enemies":"2 Louse","floor":1,"turns":3},{"damage":1,"enemies":"Cultist","floor":3,"turns":4},{"damage":5,"enemies":"Small Slimes","floor":4,"turns":3},{"damage":19,"enemies":"3 Louse","floor":5,"turns":4},{"damage":33,"enemies":"3 Sentries","floor":8,"turns":5},{"damage":22,"enemies":"Lagavulin","floor":10,"turns":6},{"damage":3,"enemies":"2 Fungi Beasts","floor":12,"turns":4},{"damage":0,"enemies":"Gremlin Gang","floor":13,"turns":6},{"damage":43,"enemies":"The Guardian","floor":16,"turns":8},{"damage":44,"enemies":"2 Thieves","floor":18,"turns":5},{"damage":72,"enemies":"Gremlin Leader","floor":24,"turns":4}],"seed_played":"-8390580421664202945","potions_obtained":[{"floor":3,"key":"BlessingOfTheForge"},{"floor":5,"key":"Fruit Juice"},{"floor":12,"key":"Dexterity Potion"},{"floor":13,"key":"Energy Potion"}],"is_trial":false,"path_per_floor":["M","?","M","M","M","R","$","E","T","E","R","M","M","?","R","B",null,"M","$","?","$","?","R","E"],"character_chosen":"IRONCLAD","items_purchased":["Shrug It Off","Whirlwind"],"campfire_rested":2,"item_purchase_floors":[7,19],"current_hp_per_floor":[64,64,69,70,62,62,62,35,35,19,42,45,54,54,54,21,84,46,46,46,46,46,71,0,0],"gold":19,"neow_bonus":"THREE_RARE_CARDS","is_daily":false,"chose_seed":false,"campfire_upgraded":2,"win_rate":0.0,"timestamp":1610134629,"path_taken":["M","?","M","M","?","R","$","E","T","E","R","M","M","?","R","BOSS","M","$","?","$","?","R","E"],"items_purchased_type":["Card","Card"],"build_version":"2020-12-22","purchased_purges":2,"victory":false,"max_hp_per_floor":[72,72,72,72,77,77,77,77,77,77,77,77,80,80,80,84,84,84,84,84,84,84,84,84,84],"card_choices":[{"not_picked":["Impervious","Barricade"],"picked":"Demon Form","floor":0},{"not_picked":["Cleave","Body Slam"],"picked":"Twin Strike","floor":1},{"not_picked":["Perfected Strike","Wild Strike"],"picked":"Sword Boomerang","floor":3},{"not_picked":["Bludgeon","Havoc"],"picked":"Heavy Blade","floor":4},{"not_picked":["Body Slam","Flex","Clash"],"picked":"SKIP","floor":5},{"not_picked":["Perfected Strike","Intimidate","Body Slam"],"picked":"SKIP","floor":8},{"not_picked":["Clothesline","Searing Blow"],"picked":"Iron Wave","floor":10},{"not_picked":["Battle Trance","Sword Boomerang"],"picked":"Feed","floor":12},{"not_picked":["Ghostly Armor","Clothesline"],"picked":"Twin Strike","floor":12},{"not_picked":["Feel No Pain","Second Wind"],"picked":"Sentinel","floor":13},{"not_picked":["Perfected Strike","Shrug It Off","Flex"],"picked":"SKIP","floor":13},{"not_picked":["Demon Form","Juggernaut"],"picked":"Bludgeon","floor":16},{"not_picked":["Clothesline","Wild Strike"],"picked":"Cleave+1","floor":18},{"not_picked":["Heavy Blade","Wild Strike"],"picked":"Sword Boomerang","floor":18}],"player_experience":180709,"relics_obtained":[{"floor":8,"key":"Art of War"},{"floor":9,"key":"Blue Candle"},{"floor":10,"key":"Prayer Wheel"}],"event_choices":[{"damage_healed":0,"gold_gain":0,"player_choice":"Upgraded","damage_taken":0,"max_hp_gain":0,"max_hp_loss":0,"event_name":"Upgrade Shrine","floor":2,"gold_loss":0,"cards_upgraded":["Demon Form"]},{"damage_healed":0,"gold_gain":0,"cards_transformed":["Strike_R"],"player_choice":"Change","damage_taken":0,"max_hp_gain":0,"max_hp_loss":0,"event_name":"Living Wall","floor":14,"gold_loss":0,"cards_obtained":["Juggernaut"]},{"damage_healed":0,"gold_gain":0,"player_choice":"Obtain J.A.X.","damage_taken":0,"max_hp_gain":0,"max_hp_loss":0,"event_name":"Drug Dealer","floor":20,"gold_loss":0,"cards_obtained":["J.A.X."]},{"damage_healed":0,"gold_gain":0,"player_choice":"1 cards matched","damage_taken":0,"max_hp_gain":0,"max_hp_loss":0,"event_name":"Match and Keep!","floor":22,"gold_loss":0,"cards_obtained":["Disarm"]}],"is_beta":false,"boss_relics":[{"not_picked":["Empty Cage","SacredBark"],"picked":"Black Star"}],"items_purged_floors":[7,19],"is_endless":false,"potions_floor_spawned":[3,5,12,13],"killed_by":"Gremlin Leader","ascension_level":3}}