{"host":"wha9hktbkslqvblg","time":1610119484,"event":{"mods":["BaseMod","Colored Map","Minty Spire (QoL Compilation)","Relic Stats","SuperFastMode","everything is the same but u backflip on backflip"],"gold_per_floor":[11,11,11,25,43,43,56,126,126,126,157,173,173,206,206,296,296,315,333,114,114,135,168,168,212,235,256,256,256,256,256,256,349,349,372,395,395,416,439,439,459,91,160,200,90,121,145,169,169,169,169,169,169,26,60,60],"floor_reached":57,"playtime":2499,"items_purged":["Strike_G","Strike_G+1","Defend_G"],"score":3224,"play_id":"121c600a-b0df-481f-9cfb-7b6fd0bfaec9","local_time":"20210109002444","is_ascension_mode":true,"campfire_choices":[{"data":"Bouncing Flask","floor":6.0,"key":"SMITH"},{"floor":10.0,"key":"REST"},{"data":"Calculated Gamble","floor":15.0,"key":"SMITH"},{"data":"Wraith Form v2","floor":24.0,"key":"SMITH"},{"data":"Catalyst","floor":28.0,"key":"SMITH"},{"data":"Tactician","floor":30.0,"key":"SMITH"},{"data":"Prepared","floor":32,"key":"SMITH"},{"floor":40,"key":"RECALL"},{"floor":49,"key":"REST"},{"floor":53,"key":"REST"}],"circlet_count":0,"master_deck":["AscendersBane","Defend_G","Defend_G+1","Defend_G","Survivor","Neutralize","Malaise+1","Well Laid Plans","Bouncing Flask+1","Reflex","Calculated Gamble+1","Wraith Form v2+1","Prepared+1","Corpse Explosion+1","Catalyst+1","Tactician+1","Crippling Poison","Escape Plan","Adrenaline","Calculated Gamble","Acrobatics","Noxious Fumes"],"relics":["Ring of the Snake","Golden Idol","Gambling Chip","Tough Bandages","Smiling Mask","Oddly Smooth Stone","Black Star","Kunai","MealTicket","Mummified Hand","Whetstone","Fusion Hammer","War Paint","OrangePellets","Ninja Scroll","Mercury Hourglass","Paper Crane","Vajra","Toy Ornithopter","Du-Vu Doll","Blood Vial"],"acts_visited":["Exordium","TheCity","TheBeyond","TheEnding"],"potions_floor_usage":[56],"damage_taken":[{"damage":0.0,"enemies":"Small Slimes","floor":1.0,"turns":4.0},{"damage":0.0,"enemies":"2 Louse","floor":4.0,"turns":2.0},{"damage":1.0,"enemies":"Cultist","floor":5.0,"turns":3.0},{"damage":2.0,"enemies":"Large Slime","floor":7.0,"turns":5.0},{"damage":26.0,"enemies":"Lagavulin Event","floor":8.0,"turns":6.0},{"damage":30.0,"enemies":"Gremlin Nob","floor":11.0,"turns":4.0},{"damage":0.0,"enemies":"2 Fungi Beasts","floor":12.0,"turns":3.0},{"damage":15.0,"enemies":"3 Sentries","floor":14.0,"turns":9.0},{"damage":0.0,"enemies":"Hexaghost","floor":16.0,"turns":7.0},{"damage":0.0,"enemies":"Spheric Guardian","floor":18.0,"turns":2.0},{"damage":22.0,"enemies":"3 Byrds","floor":19.0,"turns":7.0},{"damage":0.0,"enemies":"Centurion and Healer","floor":22.0,"turns":4.0},{"damage":5.0,"enemies":"Book of Stabbing","floor":23.0,"turns":6.0},{"damage":2.0,"enemies":"Gremlin Leader","floor":25.0,"turns":6.0},{"damage":3.0,"enemies":"Snake Plant","floor":27.0,"turns":3.0},{"damage":8,"enemies":"Collector","floor":33,"turns":6},{"damage":0,"enemies":"3 Shapes","floor":35,"turns":2},{"damage":0,"enemies":"3 Darklings","floor":36,"turns":2},{"damage":14,"enemies":"Sphere and 2 Shapes","floor":38,"turns":4},{"damage":0,"enemies":"Writhing Mass","floor":39,"turns":4},{"damage":0,"enemies":"3 Darklings","floor":41,"turns":2},{"damage":0,"enemies":"Giant Head","floor":44,"turns":7},{"damage":4,"enemies":"Nemesis","floor":46,"turns":7},{"damage":0,"enemies":"4 Shapes","floor":47,"turns":2},{"damage":0,"enemies":"Transient","floor":48,"turns":6},{"damage":16,"enemies":"Awakened One","floor":50,"turns":14},{"damage":0,"enemies":"Donu and Deca","floor":51,"turns":5},{"damage":0,"enemies":"Shield and Spear","floor":55,"turns":3},{"damage":0,"enemies":"The Heart","floor":56,"turns":7}],"seed_played":"-962789835531750937","potions_obtained":[{"floor":4.0,"key":"SkillPotion"},{"floor":7.0,"key":"Energy Potion"},{"floor":11.0,"key":"DuplicationPotion"},{"floor":14.0,"key":"Regen Potion"},{"floor":19.0,"key":"Fire Potion"},{"floor":22.0,"key":"FearPotion"},{"floor":41,"key":"PowerPotion"}],"is_trial":false,"path_per_floor":["M","?","?","M","M","R","M","?","T","R","E","M","?","E","R","B",null,"M","M","$","?","M","E","R","E","T","M","R","?","R","?","R","B",null,"M","M","?","M","M","R","M","$","T","E","?","E","M","M","R","B","B",null,"R","$","E","B",null],"character_chosen":"THE_SILENT","items_purchased":["Corpse Explosion","War Paint","OrangePellets","Acrobatics","Noxious Fumes"],"campfire_rested":3,"item_purchase_floors":[20,42,42,54,54],"current_hp_per_floor":[59,59,59,59,58,58,56,30,30,48,18,18,18,3,3,17,49,49,27,27,27,27,22,22,20,20,17,17,17,17,17,17,9,47,47,47,47,33,33,33,33,48,48,48,48,44,44,44,60,44,44,56,60,60,60,60],"gold":60,"neow_bonus":"REMOVE_TWO","is_daily":false,"chose_seed":false,"campfire_upgraded":6,"win_rate":0.0,"timestamp":1610119484,"path_taken":["M","?","?","M","M","R","?","?","T","R","E","M","?","E","R","BOSS","M","M","$","?","?","E","R","E","T","M","R","?","R","?","R","BOSS","M","?","?","M","M","R","M","$","T","E","?","E","M","M","R","BOSS","BOSS","R","$","E","BOSS"],"items_purchased_type":["Card","Relic","Relic","Card","Card"],"build_version":"2020-12-22","purchased_purges":3,"victory":true,"max_hp_per_floor":[66,60,60,60,60,60,60,60,60,60,60,60,60,60,60,60,60,60,60,60,60,60,60,60,60,60,60,60,60,60,60,60,60,60,60,60,60,60,60,60,60,60,60,60,60,60,60,60,60,60,60,60,60,60,60,60],"relic_stats":{"counters":[29,142],"Golden Idol":225,"Whetstone":["Strike_G","Strike_G"],"War Paint":["Defend_G","Malaise"],"Smiling Mask":150,"Mercury Hourglass":[156],"Blood Vial":0,"OrangePellets":[4],"Tough Bandages":[1317],"Mummified Hand":[38],"Gambling Chip":[111],"MealTicket":15,"Black Star":5,"Kunai":[6],"obtain_stats":[{"Golden Idol":2,"Oddly Smooth Stone":14,"Vajra":46,"Whetstone":25,"War Paint":42,"Paper Crane":44,"Smiling Mask":11,"Mercury Hourglass":44,"Du-Vu Doll":55,"Blood Vial":55,"OrangePellets":42,"Tough Bandages":9,"Mummified Hand":25,"Ninja Scroll":43,"Gambling Chip":8,"MealTicket":23,"Fusion Hammer":34,"Black Star":17,"Kunai":23,"Toy Ornithopter":46,"Ring of the Snake":0},{"Golden Idol":1,"Oddly Smooth Stone":8,"Vajra":23,"Whetstone":14,"War Paint":21,"Paper Crane":22,"Smiling Mask":6,"Mercury Hourglass":22,"Du-Vu Doll":28,"Blood Vial":28,"OrangePellets":21,"Tough Bandages":5,"Mummified Hand":14,"Ninja Scroll":21,"Gambling Chip":5,"MealTicket":13,"Fusion Hammer":16,"Black Star":9,"Kunai":13,"Toy Ornithopter":23,"Ring of the Snake":0},{"Golden Idol":4,"Oddly Smooth Stone":36,"Vajra":105,"Whetstone":68,"War Paint":91,"Paper Crane":98,"Smiling Mask":24,"Mercury Hourglass":98,"Du-Vu Doll":135,"Blood Vial":135,"OrangePellets":91,"Tough Bandages":20,"Mummified Hand":68,"Ninja Scroll":91,"Gambling Chip":20,"MealTicket":62,"Fusion Hammer":77,"Black Star":43,"Kunai":62,"Toy Ornithopter":105,"Ring of the Snake":0}],"Toy Ornithopter":0,"Ring of the Snake":[58]},"card_choices":[{"not_picked":["Prepared","Flying Knee"],"picked":"Deadly Poison","floor":1.0},{"not_picked":["Deflect","Cloak And Dagger"],"picked":"Bouncing Flask","floor":4.0},{"not_picked":["Prepared","Sucker Punch"],"picked":"Reflex","floor":5.0},{"not_picked":["Backflip","Eviscerate","Footwork"],"picked":"SKIP","floor":7.0},{"not_picked":["Setup","Outmaneuver"],"picked":"Calculated Gamble","floor":11.0},{"not_picked":["Outmaneuver","Dodge and Roll","Caltrops"],"picked":"SKIP","floor":12.0},{"not_picked":["Blade Dance","Envenom","All Out Attack"],"picked":"SKIP","floor":14.0},{"not_picked":["Unload","Glass Knife"],"picked":"Wraith Form v2","floor":16.0},{"not_picked":["Dagger Throw","Poisoned Stab","Outmaneuver"],"picked":"SKIP","floor":18.0},{"not_picked":["Backflip","Underhanded Strike"],"picked":"Prepared","floor":19.0},{"not_picked":["Skewer","Backflip"],"picked":"Tactician","floor":22.0},{"not_picked":["Deadly Poison","Endless Agony+1"],"picked":"Crippling Poison","floor":23.0},{"not_picked":["Underhanded Strike","Infinite Blades","Cloak And Dagger"],"picked":"SKIP","floor":25.0},{"not_picked":["PiercingWail","Heel Hook","Cloak And Dagger"],"picked":"SKIP","floor":27.0},{"not_picked":["Die Die Die","Bullet Time"],"picked":"Adrenaline","floor":33},{"not_picked":["Blade Dance","Flying Knee","Infinite Blades"],"picked":"SKIP","floor":35},{"not_picked":["Leg Sweep","Choke","Bouncing Flask"],"picked":"SKIP","floor":36},{"not_picked":["Endless Agony","Acrobatics","Unload"],"picked":"SKIP","floor":38},{"not_picked":["Sucker Punch","Backstab+1"],"picked":"Calculated Gamble","floor":39},{"not_picked":["Flechettes+1","Infinite Blades","Dagger Throw"],"picked":"SKIP","floor":41},{"not_picked":["Well Laid Plans","Infinite Blades","PiercingWail"],"picked":"SKIP","floor":44},{"not_picked":["Cloak And Dagger","Tactician","Dash"],"picked":"SKIP","floor":46},{"not_picked":["Dagger Spray","Slice","Backflip"],"picked":"SKIP","floor":47},{"not_picked":["Dagger Spray","Slice","Backflip"],"picked":"SKIP","floor":47},{"not_picked":["Setup","Backstab","Flying Knee+1"],"picked":"SKIP","floor":48},{"not_picked":["Flying Knee","Sucker Punch","Footwork"],"picked":"SKIP","floor":55}],"player_experience":944889,"relics_obtained":[{"floor":8.0,"key":"Gambling Chip"},{"floor":9.0,"key":"Tough Bandages"},{"floor":11.0,"key":"Smiling Mask"},{"floor":14.0,"key":"Oddly Smooth Stone"},{"floor":23.0,"key":"Kunai"},{"floor":23.0,"key":"MealTicket"},{"floor":25.0,"key":"Mummified Hand"},{"floor":25.0,"key":"Whetstone"},{"floor":43,"key":"Ninja Scroll"},{"floor":44,"key":"Mercury Hourglass"},{"floor":44,"key":"Paper Crane"},{"floor":46,"key":"Vajra"},{"floor":46,"key":"Toy Ornithopter"},{"floor":55,"key":"Du-Vu Doll"},{"floor":55,"key":"Blood Vial"}],"event_choices":[{"damage_healed":0.0,"max_hp_gain":0.0,"max_hp_loss":6.0,"gold_gain":0.0,"event_name":"Golden Idol","player_choice":"Lose Max HP","floor":2.0,"gold_loss":0.0,"damage_taken":0.0,"relics_obtained":["Golden Idol"]},{"damage_healed":0.0,"max_hp_gain":0.0,"max_hp_loss":0.0,"gold_gain":0.0,"event_name":"Match and Keep!","player_choice":"2 cards matched","floor":3.0,"gold_loss":0.0,"damage_taken":0.0,"cards_obtained":["Malaise","Well Laid Plans"]},{"damage_healed":0.0,"max_hp_gain":0.0,"max_hp_loss":0.0,"gold_gain":0.0,"event_name":"Dead Adventurer","player_choice":"Searched \u00271\u0027 times","floor":8.0,"gold_loss":0.0,"damage_taken":0.0},{"damage_healed":0.0,"max_hp_gain":0.0,"max_hp_loss":0.0,"gold_gain":0.0,"event_name":"Shining Light","player_choice":"Ignored","floor":13.0,"gold_loss":0.0,"damage_taken":0.0},{"damage_healed":0.0,"max_hp_gain":0.0,"max_hp_loss":0.0,"gold_gain":0.0,"cards_transformed":["Strike_G"],"event_name":"Transmorgrifier","player_choice":"Transformed","floor":21.0,"gold_loss":0.0,"damage_taken":0.0,"cards_obtained":["Catalyst"]},{"damage_healed":0.0,"max_hp_gain":0.0,"max_hp_loss":0.0,"gold_gain":0.0,"event_name":"Cursed Tome","player_choice":"Ignored","floor":29.0,"gold_loss":0.0,"damage_taken":0.0},{"damage_healed":0,"gold_gain":0,"player_choice":"1 cards matched","damage_taken":0,"max_hp_gain":0,"max_hp_loss":0,"event_name":"Match and Keep!","floor":31,"gold_loss":0,"cards_obtained":["Escape Plan"]},{"cards_removed":["Strike_G"],"damage_healed":0,"gold_gain":0,"player_choice":"Removed Attack","damage_taken":0,"max_hp_gain":0,"max_hp_loss":0,"event_name":"Falling","floor":37,"gold_loss":0},{"cards_removed":["Deadly Poison"],"damage_healed":0,"gold_gain":0,"player_choice":"Upgrade and Remove","damage_taken":0,"max_hp_gain":0,"max_hp_loss":0,"event_name":"Designer","floor":45,"gold_loss":110,"cards_upgraded":["Corpse Explosion"]}],"is_beta":false,"boss_relics":[{"not_picked":["Velvet Choker","Coffee Dripper"],"picked":"Black Star"},{"not_picked":["SlaversCollar","Ring of the Serpent"],"picked":"Fusion Hammer"}],"items_purged_floors":[20,42,54],"is_endless":false,"potions_floor_spawned":[4,7,11,14,19,22,27,39,41,46,47],"ascension_level":20}}