{"host":"vjza61176pkzgzt7","time":1610086181,"event":{"mods":["BaseMod","Better Third Choice","Minty Spire (QoL Compilation)","StSLib","The Forsaken","The Senshi"],"gold_per_floor":[116,135,147,164,184,213,213,213,282,132,132,132,132,167,167,270,270,287,287,102,201,201,231,79,113,113,133,166,166,200,5,5,106,106,122,18,18,18,68,100,129,156,182,213,62,62,90,38,38,38],"floor_reached":51,"playtime":4422,"items_purged":["Defend_G"],"score":1166,"play_id":"c8e344f8-60c4-46c4-b013-b5692cd255b5","local_time":"20210108000941","daily_mods":["SealedDeck","Chimera","Diverse","Heirloom","Time Dilation","Flight"],"is_ascension_mode":false,"campfire_choices":[{"data":"Demon Form","floor":7,"key":"SMITH"},{"data":"Echo Form","floor":8,"key":"SMITH"},{"data":"DevaForm","floor":12,"key":"SMITH"},{"data":"theForsaken:CorruptedForm","floor":15,"key":"SMITH"},{"data":"theForsaken:HymnOfPatience","floor":29,"key":"SMITH"},{"data":"theForsaken:CorruptedWord","floor":32,"key":"SMITH"},{"data":"Sunder","floor":46,"key":"SMITH"},{"data":"Wraith Form v2","floor":49,"key":"SMITH"}],"circlet_count":0,"master_deck":["Demon Form+1","Wraith Form v2+1","Echo Form+1","DevaForm+1","theForsaken:CorruptedForm+1","Bash","Survivor","Zap","Eruption","Strike_G","Strike_B","Defend_R","Defend_P","Pommel Strike+1","Cloak And Dagger","Evaluate","theForsaken:Preservation","Conserve Battery","ThirdEye","BattleHymn","Blood for Blood","theForsaken:ChargeAttack","Sunder+1","Sunder+1","theForsaken:Tranquility","theForsaken:Confusion+1","theForsaken:BottledPlague","theForsaken:HymnOfPatience+1","theForsaken:CorruptedWord+1","theSenshi:SailorUranusAssists+1","Writhe","Core Surge","Recycle+1"],"relics":["Snecko Eye","Champion Belt","FossilizedHelix","HornCleat","Whetstone","theSenshi:FeatherClipsRelic","Pen Nib","Runic Cube","Bag of Preparation","Bronze Scales","PreservedInsect","Bottled Flame","theSenshi:SuperSailorFukuRelic","Tiny Chest","MealTicket","Vajra","Black Star","Turnip","InkBottle","theForsaken:Lifeblossom","Calipers","Pantograph","Juzu Bracelet","Boot","Mummified Hand","Nunchaku","HandDrill","Letter Opener","Question Card"],"acts_visited":["Exordium","TheCity","TheBeyond"],"potions_floor_usage":[14,16,16,23,23,25,25,25,28,28,28,33,39,41,44,50,50,50],"damage_taken":[{"damage":0,"enemies":"Cultist","floor":1,"turns":3},{"damage":1,"enemies":"2 Louse","floor":2,"turns":2},{"damage":0,"enemies":"Jaw Worm","floor":3,"turns":2},{"damage":1,"enemies":"Red Slaver","floor":4,"turns":3},{"damage":4,"enemies":"Exordium Wildlife","floor":5,"turns":3},{"damage":10,"enemies":"Gremlin Nob","floor":6,"turns":3},{"damage":0,"enemies":"3 Sentries","floor":14,"turns":5},{"damage":27,"enemies":"Hexaghost","floor":16,"turns":3},{"damage":0,"enemies":"Spheric Guardian","floor":18,"turns":2},{"damage":30,"enemies":"Gremlin Leader","floor":23,"turns":4},{"damage":21,"enemies":"Slavers","floor":25,"turns":4},{"damage":0,"enemies":"Shell Parasite","floor":27,"turns":2},{"damage":0,"enemies":"Book of Stabbing","floor":28,"turns":2},{"damage":0,"enemies":"Gremlin Leader","floor":30,"turns":3},{"damage":0,"enemies":"Champ","floor":33,"turns":5},{"damage":0,"enemies":"3 Darklings","floor":35,"turns":4},{"damage":0,"enemies":"Mind Bloom Boss Battle","floor":39,"turns":5},{"damage":0,"enemies":"Reptomancer","floor":40,"turns":4},{"damage":0,"enemies":"Nemesis","floor":41,"turns":3},{"damage":0,"enemies":"Giant Head","floor":44,"turns":2},{"damage":0,"enemies":"Reptomancer","floor":47,"turns":3},{"damage":13,"enemies":"Awakened One","floor":50,"turns":5}],"seed_played":"6853232237389658362","potions_obtained":[{"floor":1,"key":"Fire Potion"},{"floor":5,"key":"BlessingOfTheForge"},{"floor":6,"key":"Energy Potion"},{"floor":23,"key":"SkillPotion"},{"floor":27,"key":"EntropicBrew"},{"floor":41,"key":"Fruit Juice"},{"floor":47,"key":"Energy Potion"}],"is_trial":true,"path_per_floor":["M","M","M","M","M","E","R","R","T","$","?","R","?","E","R","B",null,"M","T","$","?","?","E","$","E","T","M","E","R","E","$","R","B",null,"M","$","?","$","?","E","E","T","T","E","$","R","E","$","R","B",null],"character_chosen":"IRONCLAD","items_purchased":["Whetstone","theForsaken:BottledPlague","DuplicationPotion","PreservedInsect","Vajra","SkillPotion","FairyPotion","HandDrill","Strength Potion"],"campfire_rested":0,"item_purchase_floors":[10,20,20,24,31,31,36,45,48],"current_hp_per_floor":[80,79,79,78,74,64,64,64,64,64,57,57,57,63,63,42,80,80,80,80,80,80,56,56,41,41,47,53,53,59,74,74,80,80,80,80,80,80,80,80,80,80,80,85,85,85,85,85,85,79],"gold":38,"neow_bonus":"","is_daily":false,"chose_seed":false,"campfire_upgraded":8,"win_rate":0.0,"timestamp":1610086181,"path_taken":["M","?","M","M","M","E","R","R","T","?","?","R","?","E","R","BOSS","M","?","$","?","?","E","$","E","T","?","E","R","E","?","R","BOSS","M","$","?","$","?","E","E","?","T","E","$","R","E","?","R","BOSS"],"items_purchased_type":["Relic","Card","Potion","Relic","Relic","Potion","Potion","Relic","Potion"],"build_version":"2020-12-22","purchased_purges":1,"victory":true,"max_hp_per_floor":[80,80,80,80,80,80,80,80,80,80,80,80,80,80,80,80,80,80,80,80,80,80,80,80,80,80,80,80,80,80,80,80,80,80,80,80,80,80,80,80,80,80,80,85,85,85,85,85,85,85],"card_choices":[{"not_picked":["theForsaken:HorrifyingStrike","Iron Wave","Bane"],"picked":"SKIP","floor":1},{"not_picked":["Infinite Blades","Corruption","Havoc"],"picked":"SKIP","floor":2},{"not_picked":["Warcry","Hello World","Bane"],"picked":"SKIP","floor":3},{"not_picked":["Scrape","InnerPeace"],"picked":"Sunder","floor":4},{"not_picked":["Wild Strike","theForsaken:ShieldBash","CrushJoints"],"picked":"SKIP","floor":5},{"not_picked":["FlyingSleeves","Anger","theForsaken:Eulogy"],"picked":"SKIP","floor":6},{"not_picked":["theForsaken:Parry","Force Field"],"picked":"theForsaken:Tranquility","floor":14},{"not_picked":["theForsaken:Prudence","Establishment"],"picked":"theForsaken:Confusion","floor":16},{"not_picked":["theSenshi:SailorMercuryAssists+1","Indignation","True Grit"],"picked":"SKIP","floor":18},{"not_picked":["theForsaken:CorruptedForm","theForsaken:Backlash","JustLucky+1"],"picked":"SKIP","floor":23},{"not_picked":["theSenshi:SilverMoonCrystalPowerKiss","Concentrate"],"picked":"theForsaken:HymnOfPatience","floor":25},{"not_picked":["Compile Driver","Disarm","Dagger Throw"],"picked":"SKIP","floor":27},{"not_picked":["theSenshi:SailorMercuryAssists+1","theSenshi:MoonPower","theForsaken:ScorchingSunlight"],"picked":"SKIP","floor":28},{"not_picked":["theSenshi:EncouragingSpeech+1","Dash"],"picked":"theForsaken:CorruptedWord","floor":30},{"not_picked":["Gash","Cold Snap+1"],"picked":"theSenshi:SailorUranusAssists+1","floor":35},{"not_picked":["Dagger Spray+1","theForsaken:BlightOfFamine+1"],"picked":"Core Surge","floor":40},{"not_picked":["Conserve Battery+1","theSenshi:SchoolBag","Glacier+1"],"picked":"SKIP","floor":41},{"not_picked":["Evaluate","theForsaken:DarkRift","Whirlwind"],"picked":"SKIP","floor":44},{"not_picked":["theForsaken:DefensiveStance","theSenshi:TallSilhouette"],"picked":"Recycle+1","floor":47}],"player_experience":190627,"relics_obtained":[{"floor":6,"key":"FossilizedHelix"},{"floor":9,"key":"HornCleat"},{"floor":14,"key":"Pen Nib"},{"floor":19,"key":"Bag of Preparation"},{"floor":23,"key":"Bronze Scales"},{"floor":25,"key":"Bottled Flame"},{"floor":26,"key":"theSenshi:SuperSailorFukuRelic"},{"floor":28,"key":"Tiny Chest"},{"floor":30,"key":"MealTicket"},{"floor":39,"key":"Turnip"},{"floor":40,"key":"InkBottle"},{"floor":40,"key":"theForsaken:Lifeblossom"},{"floor":41,"key":"Calipers"},{"floor":41,"key":"Pantograph"},{"floor":42,"key":"Juzu Bracelet"},{"floor":43,"key":"Boot"},{"floor":44,"key":"Mummified Hand"},{"floor":44,"key":"Nunchaku"},{"floor":47,"key":"Letter Opener"},{"floor":47,"key":"Question Card"}],"event_choices":[{"damage_healed":0,"gold_gain":0,"player_choice":"Relic ","damage_taken":7,"max_hp_gain":0,"max_hp_loss":0,"event_name":"betterThird:BetterScrap","floor":11,"gold_loss":0,"cards_obtained":["Die Die Die"]},{"cards_removed":["Strike_R"],"damage_healed":0,"gold_gain":0,"player_choice":"Purged","damage_taken":0,"max_hp_gain":0,"max_hp_loss":0,"event_name":"Purifier","floor":13,"gold_loss":0},{"damage_healed":0,"gold_gain":99,"player_choice":"Steal","damage_taken":0,"max_hp_gain":0,"max_hp_loss":0,"event_name":"betterThird:BetterNest","floor":21,"gold_loss":0},{"damage_healed":0,"gold_gain":0,"player_choice":"Upgraded","damage_taken":0,"max_hp_gain":0,"max_hp_loss":0,"event_name":"Upgrade Shrine","floor":22,"gold_loss":0,"cards_upgraded":["theForsaken:Confusion"]},{"damage_healed":20,"gold_gain":0,"player_choice":"Writhe","damage_taken":0,"max_hp_gain":0,"max_hp_loss":0,"event_name":"Winding Halls","floor":37,"gold_loss":0,"cards_obtained":["Writhe"]},{"damage_healed":0,"gold_gain":0,"player_choice":"Fight","damage_taken":0,"max_hp_gain":0,"max_hp_loss":0,"event_name":"MindBloom","floor":39,"gold_loss":0}],"is_beta":false,"boss_relics":[{"not_picked":["Ectoplasm","Sozu"],"picked":"Runic Cube"},{"not_picked":["theForsaken:PaleLantern","theSenshi:MoonKaleidoScopeRelic"],"picked":"Black Star"}],"items_purged_floors":[20],"is_endless":false,"potions_floor_spawned":[1,5,6,23,27,41,47],"ascension_level":0}}