{"host":"t6r1isv2bex5ovch","time":1610124122,"event":{"mods":["AchievementEnabler","Act Like it!","Aspiration","BaseMod","Better Altar","Better Note","Better Sensory Stone","Better Skull","Better Third Choice","Better Vampires","Colored Powertips","Conspire","Displayed Cursed Tome","Evolution","Minty Spire (QoL Compilation)","StSLib","The Bug Knight","The Jungle"],"gold_per_floor":[109,34,49,69,69,69,101,101,101,101,114,143,143,155,155,155,155],"floor_reached":16,"playtime":1217,"items_purged":["HollowMod:InfectedAttack"],"score":116,"play_id":"42ccb2be-bf0d-451d-813d-17f4fb283100","local_time":"20210109024202","is_ascension_mode":true,"campfire_choices":[{"floor":6,"key":"RECALL"},{"data":"HollowMod:MantisMark","floor":8,"key":"SMITH"},{"data":"HollowMod:ChannelNail","floor":13,"key":"SMITH"},{"data":"HollowMod:SoulStrike","floor":15,"key":"SMITH"}],"circlet_count":0,"master_deck":["HollowMod:NailStrikeStart","HollowMod:NailStrikeStart","HollowMod:NailStrikeStart","HollowMod:QuickDashStart","HollowMod:QuickDashStart","HollowMod:QuickDashStart","HollowMod:QuickDashStart","HollowMod:FocusHealStart+1","HollowMod:PogoStrike","HollowMod:ChannelNail+1","HollowMod:MantisMark+1","HollowMod:SoulShaman","HollowMod:SoulSplash+1","HollowMod:SoulStrike+1"],"relics":["HollowMod:VesselMask","EVO:Axolotl","aspiration:Nostalgia","Ring of the Snake","HollowMod:LifeEnderRelic","Toxic Egg 2","Mummified Hand"],"acts_visited":["Exordium"],"potions_floor_usage":[7,12,14],"damage_taken":[{"damage":1,"enemies":"Jaw Worm","floor":1,"turns":5},{"damage":0,"enemies":"Small Slimes","floor":3,"turns":2},{"damage":1,"enemies":"Cultist","floor":4,"turns":3},{"damage":57,"enemies":"Lagavulin","floor":7,"turns":11},{"damage":0,"enemies":"Looter","floor":11,"turns":3},{"damage":16,"enemies":"Gremlin Nob","floor":12,"turns":4},{"damage":7,"enemies":"Large Slime","floor":14,"turns":5},{"damage":55,"enemies":"HollowMod:FalseKnight","floor":16,"turns":6}],"seed_played":"-7543303402118822623","potions_obtained":[{"floor":1,"key":"SkillPotion"},{"floor":11,"key":"Regen Potion"},{"floor":12,"key":"FearPotion"}],"is_trial":false,"path_per_floor":["M","$","M","M","?","R","E","R","T","?","M","E","R","M","R","B"],"character_chosen":"THE_BUGKNIGHT","items_purchased":[],"campfire_rested":0,"item_purchase_floors":[],"current_hp_per_floor":[75,75,75,75,75,75,28,28,28,28,28,34,34,39,39,0,0],"gold":155,"neow_bonus":"NOSTALGIA","is_daily":false,"chose_seed":false,"campfire_upgraded":3,"win_rate":0.0,"timestamp":1610124122,"path_taken":["M","$","M","M","?","R","E","R","T","?","M","E","R","M","R","BOSS"],"items_purchased_type":[],"build_version":"2020-12-22","purchased_purges":1,"victory":false,"max_hp_per_floor":[75,75,75,75,75,75,75,75,75,75,75,75,75,75,75,75,75],"card_choices":[{"not_picked":["HollowMod:CoiledNail","HollowMod:SoulVessel"],"picked":"HollowMod:ChannelNail","floor":1},{"not_picked":["HollowMod:BlackTendrils","HollowMod:InfectedCysts"],"picked":"HollowMod:MantisMark","floor":3},{"not_picked":["HollowMod:GoodIntentions","HollowMod:HeavyBlow","HollowMod:HowlingWraiths"],"picked":"SKIP","floor":4},{"not_picked":["HollowMod:HowlingWraiths","HollowMod:QuirrelsAssistance"],"picked":"HollowMod:SoulShaman","floor":7},{"not_picked":["HollowMod:VengefulVoid","HollowMod:InfectedAttack","HollowMod:DescendingDark"],"picked":"SKIP","floor":11},{"not_picked":["HollowMod:PureNailStrike","HollowMod:LordofShades"],"picked":"HollowMod:SoulSplash+1","floor":12},{"not_picked":["HollowMod:NewJinnsSoul+1","HollowMod:ShadowDash+1"],"picked":"HollowMod:SoulStrike","floor":14}],"player_experience":399515,"relics_obtained":[{"floor":7,"key":"HollowMod:LifeEnderRelic"},{"floor":9,"key":"Toxic Egg 2"},{"floor":12,"key":"Mummified Hand"}],"event_choices":[{"damage_healed":0,"gold_gain":0,"player_choice":"Forge","damage_taken":0,"max_hp_gain":0,"max_hp_loss":0,"event_name":"Accursed Blacksmith","floor":10,"gold_loss":0,"cards_upgraded":["HollowMod:FocusHealStart"]}],"is_beta":false,"boss_relics":[],"items_purged_floors":[2],"is_endless":false,"potions_floor_spawned":[1,11,12],"killed_by":"HollowMod:FalseKnight","ascension_level":1}}