{"host":"nqsrckqog5ia9mbo","time":1610144773,"event":{"mods":["AchievementEnabler","BaseMod","Colored Map","Hermit","Minty Spire (QoL Compilation)","StSLib"],"gold_per_floor":[115,130,140,156,331,366,366,399,399,433,433,445,445,461,461,559,559,570,588,588,0,11,11,28,28,54,69,80,110,110,121,121,121,121],"floor_reached":33,"playtime":2587,"items_purged":["hermit:Strike_Hermit"],"score":332,"play_id":"03bd79e6-492d-487e-a646-90c97ff70515","local_time":"20210108232613","is_ascension_mode":true,"campfire_choices":[{"data":"hermit:EyeOfTheStorm","floor":7,"key":"SMITH"},{"data":"hermit:Enervate","floor":13,"key":"SMITH"},{"floor":15,"key":"REST"},{"data":"hermit:Roughhouse","floor":23,"key":"SMITH"},{"data":"hermit:SprayPray","floor":25,"key":"SMITH"},{"data":"hermit:CursedWeapon","floor":30,"key":"SMITH"},{"floor":32,"key":"REST"}],"circlet_count":0,"master_deck":["hermit:Strike_Hermit","hermit:Strike_Hermit","hermit:Strike_Hermit","hermit:Defend_Hermit","hermit:Defend_Hermit","hermit:Defend_Hermit","hermit:Defend_Hermit","hermit:Snapshot","hermit:Covet","hermit:GoldenBullet","hermit:Enervate+1","hermit:GoldenBullet","hermit:SprayPray+1","Doubt","hermit:EyeOfTheStorm+1","hermit:LowProfile+1","hermit:Ricochet","hermit:Roughhouse+1","hermit:Grudge","hermit:Misfire+1","hermit:Dive+1","Master of Strategy+1","hermit:Manifest+1","hermit:CursedWeapon+1","hermit:Deadeye+1"],"relics":["hermit:Momento","Happy Flower","WingedGreaves","Mango","Gremlin Horn","Toxic Egg 2","Black Star","Unceasing Top","Bag of Preparation","Ginger","Blood Vial"],"acts_visited":["Exordium","TheCity"],"potions_floor_usage":[10,10,10,16,31,33,33,33],"damage_taken":[{"damage":1,"enemies":"Cultist","floor":1,"turns":3},{"damage":10,"enemies":"Jaw Worm","floor":2,"turns":5},{"damage":0,"enemies":"Small Slimes","floor":3,"turns":5},{"damage":0,"enemies":"3 Louse","floor":4,"turns":3},{"damage":11,"enemies":"Gremlin Nob","floor":6,"turns":3},{"damage":30,"enemies":"Lagavulin","floor":8,"turns":6},{"damage":14,"enemies":"Gremlin Nob","floor":10,"turns":3},{"damage":1,"enemies":"Gremlin Gang","floor":12,"turns":5},{"damage":0,"enemies":"Looter","floor":14,"turns":1},{"damage":27,"enemies":"Slime Boss","floor":16,"turns":10},{"damage":0,"enemies":"3 Byrds","floor":18,"turns":4},{"damage":0,"enemies":"Spheric Guardian","floor":19,"turns":2},{"damage":8,"enemies":"Snecko","floor":22,"turns":7},{"damage":3,"enemies":"3 Cultists","floor":24,"turns":6},{"damage":12,"enemies":"Snake Plant","floor":27,"turns":3},{"damage":22,"enemies":"Shelled Parasite and Fungi","floor":28,"turns":6},{"damage":0,"enemies":"Gremlin Leader","floor":29,"turns":6},{"damage":12,"enemies":"Snecko","floor":31,"turns":4},{"damage":75,"enemies":"Champ","floor":33,"turns":12}],"seed_played":"-2102603868116088616","potions_obtained":[{"floor":1,"key":"PowerPotion"},{"floor":8,"key":"EntropicBrew"},{"floor":12,"key":"BlessingOfTheForge"},{"floor":16,"key":"BlessingOfTheForge"},{"floor":22,"key":"EssenceOfSteel"},{"floor":28,"key":"Regen Potion"},{"floor":31,"key":"Block Potion"}],"is_trial":false,"path_per_floor":["M","M","M","M","?","E","R","E","T","E","?","M","R","M","R","B",null,"M","M","?","$","M","R","M","R","T","M","M","E","R","M","R","B"],"character_chosen":"HERMIT","items_purchased":["hermit:Dive+1","Unceasing Top","Master of Strategy+1"],"campfire_rested":2,"item_purchase_floors":[21,21,21],"current_hp_per_floor":[74,64,64,64,64,53,53,37,37,23,23,22,22,22,48,21,89,89,89,89,89,81,81,78,78,78,66,44,44,44,39,65,0,0],"gold":121,"neow_bonus":"RANDOM_COMMON_RELIC","is_daily":false,"chose_seed":false,"campfire_upgraded":5,"win_rate":0.0,"timestamp":1610144773,"path_taken":["M","M","M","M","?","E","R","E","T","E","?","M","R","M","R","BOSS","M","M","?","$","M","R","M","R","T","M","M","E","R","M","R","BOSS"],"items_purchased_type":["Card","Relic","Card"],"build_version":"2020-12-22","purchased_purges":1,"victory":false,"max_hp_per_floor":[75,75,75,75,75,75,75,89,89,89,89,89,89,89,89,89,89,89,89,89,89,89,89,89,89,89,89,89,89,89,89,89,89,89],"card_choices":[{"not_picked":["hermit:Enervate","hermit:Glare"],"picked":"hermit:GoldenBullet","floor":1},{"not_picked":["hermit:Maintenance","hermit:CalledShot"],"picked":"hermit:Enervate","floor":2},{"not_picked":["hermit:Determination","hermit:Midnight"],"picked":"hermit:GoldenBullet","floor":3},{"not_picked":["hermit:Shortfuse","hermit:Showdown"],"picked":"hermit:SprayPray","floor":4},{"not_picked":["hermit:DeadOrAlive","hermit:Enervate"],"picked":"hermit:EyeOfTheStorm","floor":6},{"not_picked":["hermit:Coalescence","hermit:Roulette","hermit:DeadMansHand"],"picked":"SKIP","floor":8},{"not_picked":["hermit:Quickdraw","hermit:Snipe+1"],"picked":"hermit:LowProfile+1","floor":10},{"not_picked":["hermit:Brawl","hermit:Malice"],"picked":"hermit:Ricochet","floor":12},{"not_picked":["hermit:Quickdraw","hermit:Determination","hermit:Ricochet"],"picked":"SKIP","floor":14},{"not_picked":["hermit:Dissolve+1","hermit:Adapt"],"picked":"hermit:Roughhouse","floor":16},{"not_picked":["hermit:TrackingShot","hermit:SprayPray"],"picked":"hermit:Grudge","floor":18},{"not_picked":["hermit:Ricochet+1","hermit:NoHoldsBarred+1"],"picked":"hermit:Misfire+1","floor":19},{"not_picked":["hermit:CalledShot","hermit:Roulette+1","hermit:ItchyTrigger"],"picked":"SKIP","floor":22},{"not_picked":["hermit:BodyArmor+1","hermit:Feint+1","hermit:Maintenance+1"],"picked":"SKIP","floor":24},{"not_picked":["hermit:HoleUp+1","hermit:Desperado","hermit:HighCaliber"],"picked":"SKIP","floor":27},{"not_picked":["hermit:TakeAim","hermit:Reprieve+1"],"picked":"hermit:Manifest+1","floor":28},{"not_picked":["hermit:Ricochet","hermit:WideOpen"],"picked":"hermit:CursedWeapon","floor":29},{"not_picked":["hermit:Misfire","hermit:Gestalt+1"],"picked":"hermit:Deadeye+1","floor":31}],"player_experience":181951,"relics_obtained":[{"floor":6,"key":"WingedGreaves"},{"floor":8,"key":"Mango"},{"floor":9,"key":"Gremlin Horn"},{"floor":10,"key":"Toxic Egg 2"},{"floor":26,"key":"Bag of Preparation"},{"floor":29,"key":"Ginger"},{"floor":29,"key":"Blood Vial"}],"event_choices":[{"damage_healed":0,"gold_gain":175,"player_choice":"AGREE","damage_taken":0,"max_hp_gain":0,"max_hp_loss":0,"event_name":"Liars Game","floor":5,"gold_loss":0,"cards_obtained":["Doubt"]},{"damage_healed":0,"gold_gain":0,"player_choice":"Ignored","damage_taken":0,"max_hp_gain":0,"max_hp_loss":0,"event_name":"Shining Light","floor":11,"gold_loss":0},{"damage_healed":0,"gold_gain":0,"player_choice":"Full Heal","damage_taken":0,"max_hp_gain":0,"max_hp_loss":0,"event_name":"Wheel of Change","floor":20,"gold_loss":0}],"is_beta":false,"boss_relics":[{"not_picked":["hermit:ClaspedLocket","Snecko Eye"],"picked":"Black Star"}],"items_purged_floors":[21],"is_endless":false,"potions_floor_spawned":[1,8,12,16,22,28,31],"killed_by":"Champ","ascension_level":1}}