{"host":"8g198xe1n7br41jb","time":1610128899,"event":{"mods":["BaseMod","Downfall","Minty Spire (QoL Compilation)","StSLib","SuperFastMode"],"gold_per_floor":[99,119,139,124,182,217,266,266,298,65,65,82,7,22,34,130,130,55,73,73,83,32,32,56,68,94,105,105,433,433,446,461,561,561,561,573,588,600,116,116,116,116,116,143,143,19,19,19,34,34],"floor_reached":51,"playtime":3537,"items_purged":["Slimebound:Strike_Slimebound","Slimebound:Tackle"],"score":951,"play_id":"ab292974-2f88-4403-a2b4-95fc312eb52d","local_time":"20210108190139","is_ascension_mode":true,"campfire_choices":[{"data":"expansioncontent:QuickStudy","floor":1.0,"key":"SMITH"},{"floor":11.0,"key":"REST"},{"floor":13.0,"key":"RECALL"},{"data":"Slimebound:CheckThePlaybook","floor":18.0,"key":"SMITH"},{"data":"Slimebound:FirmFortitude","floor":25.0,"key":"SMITH"},{"data":"Slimebound:BestDefense","floor":28.0,"key":"SMITH"},{"data":"Slimebound:FlameTackle","floor":30.0,"key":"SMITH"},{"data":"Slimebound:RollThrough","floor":35,"key":"SMITH"},{"data":"Apotheosis","floor":42,"key":"SMITH"},{"floor":45,"key":"REST"},{"data":"Slimebound:Equalize","floor":47,"key":"SMITH"}],"circlet_count":0,"master_deck":["Slimebound:Defend_Slimebound","Slimebound:Defend_Slimebound","Slimebound:Defend_Slimebound","Slimebound:Split","Slimebound:CorrosiveSpit","expansioncontent:QuickStudy+1","Slimebound:RollThrough+1","Slimebound:ViciousTackle","Slimebound:DisruptingSlam","Slimebound:Equalize+1","Slimebound:GoopSpray","Slimebound:BestDefense+1","Slimebound:CheckThePlaybook+1","Slimebound:FirmFortitude+1","Slimebound:Tackle+1","Slimebound:Tackle+1","Slimebound:Tackle+1","Slimebound:FlameTackle+1","Slimebound:Recollect+1","Slimebound:FormOfPuddle+1","Apotheosis+1"],"relics":["Slimebound:AbsorbEndCombat","Mummified Hand","Singing Bowl","Strawberry","Nunchaku","downfall:HeartBlessingBlue","Slimebound:TarBlob","downfall:HeartBlessingRed","MawBank","White Beast Statue","Old Coin","Busted Crown","Slimebound:SelfDamagePreventRelic","Anchor","Slimebound:PotencyRelic","The Courier","Oddly Smooth Stone"],"acts_visited":["Exordium","TheCity","TheBeyond"],"potions_floor_usage":[38,50,50,50],"damage_taken":[{"damage":4.0,"enemies":"Jaw Worm","floor":2.0,"turns":3.0},{"damage":6.0,"enemies":"2 Louse","floor":3.0,"turns":2.0},{"damage":13.0,"enemies":"downfall:FleeingMerchant","floor":4.0,"turns":4.0},{"damage":39.0,"enemies":"Gremlin Nob","floor":5.0,"turns":4.0},{"damage":29.0,"enemies":"Lagavulin","floor":6.0,"turns":6.0},{"damage":22.0,"enemies":"3 Sentries","floor":9.0,"turns":3.0},{"damage":11.0,"enemies":"downfall:FleeingMerchant","floor":10.0,"turns":4.0},{"damage":7.0,"enemies":"Small Slimes","floor":12.0,"turns":3.0},{"damage":12.0,"enemies":"Blue Slaver","floor":14.0,"turns":3.0},{"damage":13.0,"enemies":"Red Slaver","floor":15.0,"turns":3.0},{"damage":55.0,"enemies":"downfall:Ironclad","floor":16.0,"turns":7.0},{"damage":6.0,"enemies":"3 Byrds","floor":19.0,"turns":3.0},{"damage":0.0,"enemies":"Spheric Guardian","floor":21.0,"turns":1.0},{"damage":9.0,"enemies":"downfall:FleeingMerchant","floor":22.0,"turns":4.0},{"damage":10.0,"enemies":"Centurion and Healer","floor":26.0,"turns":2.0},{"damage":0.0,"enemies":"downfall:FleeingMerchant","floor":27.0,"turns":3.0},{"damage":17.0,"enemies":"Slavers","floor":29.0,"turns":4.0},{"damage":9.0,"enemies":"Snecko","floor":31.0,"turns":3.0},{"damage":9.0,"enemies":"Chosen and Byrds","floor":32.0,"turns":4.0},{"damage":32.0,"enemies":"downfall:Watcher","floor":33.0,"turns":7.0},{"damage":13,"enemies":"3 Shapes","floor":36,"turns":4},{"damage":1,"enemies":"Orb Walker","floor":37,"turns":3},{"damage":15,"enemies":"Transient","floor":38,"turns":5},{"damage":47,"enemies":"Nemesis","floor":44,"turns":3},{"damage":12,"enemies":"Jaw Worm Horde","floor":49,"turns":2},{"damage":35,"enemies":"downfall:Silent","floor":50,"turns":5}],"seed_played":"-762159010179875104","potions_obtained":[{"floor":2.0,"key":"Regen Potion"},{"floor":3.0,"key":"FairyPotion"},{"floor":9.0,"key":"CultistPotion"},{"floor":14.0,"key":"Block Potion"},{"floor":16.0,"key":"DuplicationPotion"},{"floor":26.0,"key":"Block Potion"},{"floor":29.0,"key":"Weak Potion"},{"floor":31.0,"key":"SteroidPotion"},{"floor":32.0,"key":"Regen Potion"},{"floor":36,"key":"Strength Potion"},{"floor":38,"key":"FearPotion"}],"is_trial":false,"path_per_floor":["R","M","M","$","?","E","T","?","E","$","R","M","R","M","M","B",null,"R","M","?","M","$","?","T","R","M","$","R","E","R","M","M","B",null,"R","M","M","M","$","?","T","R","?","E","R","$","R","$","M","B",null],"character_chosen":"SLIMEBOUND","items_purchased":["Nunchaku","Slimebound:FirmFortitude","White Beast Statue","Slimebound:SelfDamagePreventRelic","Apotheosis","Anchor","Oddly Smooth Stone"],"campfire_rested":2,"item_purchase_floors":[10,22,27,39,39,39,46],"current_hp_per_floor":[54,54,52,45,20,22,22,40,31,26,44,43,53,47,42,16,75,75,71,71,73,78,78,78,78,78,83,83,84,84,85,80,79,87,87,89,91,93,93,93,93,93,93,56,84,84,84,84,94,97],"gold":34,"neow_bonus":"RANDOM_COLORLESS_2","is_daily":false,"chose_seed":false,"campfire_upgraded":8,"win_rate":0.0,"timestamp":1610128899,"path_taken":["R","M","M","$","?","E","T","?","E","$","R","M","R","M","M","BOSS","R","M","?","M","$","?","T","R","M","$","R","E","R","M","M","BOSS","R","M","M","M","$","?","T","R","?","E","R","$","R","$","M","BOSS"],"items_purchased_type":["Relic","Card","Relic","Relic","Card","Relic","Relic"],"build_version":"2020-12-22","purchased_purges":2,"victory":true,"max_hp_per_floor":[54,54,54,54,54,54,54,54,63,63,63,63,73,75,75,75,75,75,77,77,79,81,81,81,81,81,83,83,85,85,85,85,87,87,87,89,91,93,93,93,93,93,93,95,95,95,95,95,97,97],"card_choices":[{"not_picked":["expansioncontent:StudyTheSpire","Metamorphosis"],"picked":"expansioncontent:QuickStudy","floor":0.0},{"not_picked":["Slimebound:SplitBruiser","Slimebound:HungryTackle"],"picked":"Slimebound:RollThrough","floor":2.0},{"not_picked":["Slimebound:HungryTackle","Slimebound:TongueLash"],"picked":"Slimebound:ViciousTackle","floor":3.0},{"not_picked":["Slimebound:LeechEnergy","Slimebound:SplitBruiser","Slimebound:SplitMire"],"picked":"SKIP","floor":4.0},{"not_picked":["Slimebound:SplitLeeching","Slimebound:GrowthPunch"],"picked":"Slimebound:DisruptingSlam","floor":6.0},{"not_picked":["Slimebound:HungryTackle","Slimebound:DuplicatedForm","Slimebound:SamplingLick"],"picked":"Singing Bowl","floor":9.0},{"not_picked":["Slimebound:SlimeSpikes","Slimebound:SpikyOuterGoop"],"picked":"Slimebound:Equalize","floor":10.0},{"not_picked":["Slimebound:Schlurp","Slimebound:SplitLeeching"],"picked":"Slimebound:GoopSpray","floor":12.0},{"not_picked":["Slimebound:SplitMire","Slimebound:MegaLick","Slimebound:SplitLeeching"],"picked":"Singing Bowl","floor":14.0},{"not_picked":["Slimebound:FinishingTackle","Slimebound:PrepareCrush"],"picked":"Slimebound:BestDefense","floor":15.0},{"not_picked":["Slimebound:SelfFormingGoo","Slimebound:Recycling"],"picked":"Slimebound:CheckThePlaybook","floor":16.0},{"not_picked":["Slimebound:SlimeSpikes","Slimebound:ProtectTheBoss+1","Slimebound:ServeAndProtect"],"picked":"Singing Bowl","floor":19.0},{"not_picked":["Slimebound:DivideAndConquer","Slimebound:LeechEnergy","Slimebound:SlimeSpikes"],"picked":"Singing Bowl","floor":21.0},{"not_picked":["Slimebound:GoopSpray","Slimebound:LeechEnergy","Slimebound:SplitBruiser+1"],"picked":"Singing Bowl","floor":22.0},{"not_picked":["Slimebound:Recollect","Slimebound:SamplingLick"],"picked":"Slimebound:FlameTackle","floor":26.0},{"not_picked":["Slimebound:SlimeTap","Slimebound:OneTwoCombo","Slimebound:MassRepurpose"],"picked":"Singing Bowl","floor":27.0},{"not_picked":["Slimebound:DivideAndConquer","Slimebound:SlimeSpikes","Slimebound:ItLooksTasty"],"picked":"Singing Bowl","floor":29.0},{"not_picked":["Slimebound:LeechingTouch+1","Slimebound:LivingWall+1"],"picked":"Slimebound:Recollect+1","floor":31.0},{"not_picked":["Slimebound:SlimeSpikes","Slimebound:ForwardTackle"],"picked":"Slimebound:FormOfPuddle+1","floor":32.0},{"not_picked":["Slimebound:CheckThePlaybook","Slimebound:MassRepurpose","Slimebound:Recycling"],"picked":"Singing Bowl","floor":33.0},{"not_picked":["Slimebound:DisruptingSlam+1"],"picked":"Singing Bowl","floor":36},{"not_picked":["Slimebound:RollThrough"],"picked":"Singing Bowl","floor":37},{"not_picked":["Slimebound:Repurpose+1"],"picked":"Singing Bowl","floor":38},{"not_picked":["Slimebound:ComboTackle+1"],"picked":"Singing Bowl","floor":44},{"not_picked":["Slimebound:SplitMire+1"],"picked":"Singing Bowl","floor":49}],"player_experience":1216072,"relics_obtained":[{"floor":6.0,"key":"Singing Bowl"},{"floor":9.0,"key":"Strawberry"},{"floor":24.0,"key":"MawBank"},{"floor":29.0,"key":"Old Coin"},{"floor":41,"key":"Slimebound:PotencyRelic"},{"floor":44,"key":"The Courier"}],"event_choices":[{"damage_healed":18.0,"max_hp_gain":0.0,"max_hp_loss":0.0,"gold_gain":0.0,"event_name":"Big Fish","player_choice":"Banana","floor":8.0,"gold_loss":0.0,"damage_taken":0.0},{"damage_healed":0.0,"max_hp_gain":0.0,"max_hp_loss":0.0,"gold_gain":0.0,"event_name":"Vampires","player_choice":"Ignored","floor":20.0,"gold_loss":0.0,"damage_taken":0.0},{"cards_removed":["Slimebound:Defend_Slimebound"],"damage_healed":0,"gold_gain":0,"player_choice":"Removed Skill","damage_taken":0,"max_hp_gain":0,"max_hp_loss":0,"event_name":"Falling","floor":43,"gold_loss":0}],"is_beta":false,"boss_relics":[{"not_picked":["Empty Cage","Astrolabe"],"picked":"Slimebound:TarBlob"},{"not_picked":["Runic Pyramid","SlaversCollar"],"picked":"Busted Crown"}],"items_purged_floors":[10,27],"is_endless":false,"potions_floor_spawned":[2,3,9,14,16,26,29,31,32,33,36,37,38,44,49],"ascension_level":3}}