{"host":"omsykib0woddca32","time":1610103423,"event":{"mods":["BaseMod","Colored Powertips","Lobotomy","Minty Spire (QoL Compilation)","Random Character Button","Shop Mod","StSLib"],"gold_per_floor":[109,126,142,142,157,157,173,191,191,271,51,51,64,76,76,175,175,242,242,288,363,383,383,441,47,47,47,0,0,0],"floor_reached":29,"playtime":2336,"items_purged":["Strike_G","Strike_G"],"score":231,"play_id":"04459081-0189-4f1e-aa20-dc75c1184a1d","local_time":"20210108185703","is_ascension_mode":false,"campfire_choices":[{"data":"Backflip","floor":6.0,"key":"SMITH"},{"data":"Footwork","floor":12.0,"key":"SMITH"},{"data":"Choke","floor":15.0,"key":"SMITH"},{"data":"Tactician","floor":23.0,"key":"SMITH"},{"data":"Calculated Gamble","floor":27.0,"key":"SMITH"}],"circlet_count":0,"master_deck":["Strike_G","Strike_G","Strike_G","Defend_G","Defend_G","Defend_G","Defend_G","Defend_G","Survivor","Neutralize","FairyFestival","Backstab","Acrobatics","Backflip+1","PiercingWail","Flechettes","Footwork+1","Choke+1","Tactician+1","Glass Knife","ShyLook","Reflex+1","Calculated Gamble+1","Footwork"],"relics":["Ring of the Snake","CogitoBucket","ChangeAnything","Bag of Preparation","Runic Pyramid","AdjustmentMirror","Gremlin Horn","Toxic Egg 2"],"acts_visited":["Exordium","TheCity"],"potions_floor_usage":[29],"damage_taken":[{"damage":0.0,"enemies":"Small Slimes","floor":1.0,"turns":4.0},{"damage":1.0,"enemies":"Cultist","floor":2.0,"turns":5.0},{"damage":2.0,"enemies":"2 Louse","floor":3.0,"turns":2.0},{"damage":21.0,"enemies":"Large Slime","floor":5.0,"turns":14.0},{"damage":2.0,"enemies":"2 Fungi Beasts","floor":7.0,"turns":4.0},{"damage":9.0,"enemies":"Looter","floor":8.0,"turns":7.0},{"damage":55.0,"enemies":"Gremlin Nob","floor":10.0,"turns":6.0},{"damage":9.0,"enemies":"Lots of Slimes","floor":13.0,"turns":5.0},{"damage":0.0,"enemies":"3 Louse","floor":14.0,"turns":3.0},{"damage":41.0,"enemies":"The Guardian","floor":16.0,"turns":24.0},{"damage":48.0,"enemies":"Shell Parasite","floor":18.0,"turns":6.0},{"damage":3.0,"enemies":"Spheric Guardian","floor":20.0,"turns":4.0},{"damage":16.0,"enemies":"Centurion and Healer","floor":21.0,"turns":7.0},{"damage":1.0,"enemies":"Snecko","floor":22.0,"turns":4.0},{"damage":9.0,"enemies":"Cultist and Chosen","floor":24.0,"turns":5.0},{"damage":24,"enemies":"Snake Plant","floor":29,"turns":7}],"seed_played":"4847125104744708402","potions_obtained":[{"floor":1.0,"key":"SpeedPotion"},{"floor":2.0,"key":"BlessingOfTheForge"},{"floor":5.0,"key":"Regen Potion"},{"floor":7.0,"key":"LiquidMemories"},{"floor":21.0,"key":"FearPotion"}],"is_trial":false,"path_per_floor":["M","M","M","?","M","R","M","M","T","E","$","R","M","M","R","B",null,"M","?","M","M","M","R","M","$","T","R","?","M"],"character_chosen":"THE_SILENT","items_purchased":["Footwork","Choke","SkillPotion","Gremlin Horn"],"campfire_rested":0,"item_purchase_floors":[11,11,25,25],"current_hp_per_floor":[70,70,68,68,60,60,61,60,60,13,13,13,9,12,12,18,70,28,28,30,20,21,21,16,16,16,16,16,0,0],"gold":0,"neow_bonus":"","is_daily":false,"chose_seed":false,"campfire_upgraded":5,"win_rate":0.0,"timestamp":1610103423,"path_taken":["M","M","M","?","M","R","M","M","T","E","$","R","?","M","R","BOSS","M","?","M","M","M","R","M","$","T","R","?","M"],"items_purchased_type":["Card","Card","Potion","Relic"],"build_version":"2020-12-22","purchased_purges":2,"victory":false,"max_hp_per_floor":[70,70,70,70,70,70,70,70,70,70,70,70,70,70,70,70,70,70,70,70,70,70,70,70,70,70,70,70,70,70],"card_choices":[{"not_picked":["UniverseFragment","Scorched"],"picked":"FairyFestival","floor":1.0},{"not_picked":["Expertise","Slice"],"picked":"Backstab","floor":1.0},{"not_picked":["Flying Knee","Bouncing Flask"],"picked":"Acrobatics","floor":2.0},{"not_picked":["Dodge and Roll","Bane","Deadly Poison"],"picked":"SKIP","floor":3.0},{"not_picked":["Prepared","Poisoned Stab"],"picked":"PiercingWail","floor":5.0},{"not_picked":["Dagger Throw","Backflip"],"picked":"Flechettes","floor":7.0},{"not_picked":["Flying Knee","Caltrops","Backflip"],"picked":"SKIP","floor":8.0},{"not_picked":["Flying Knee","Outmaneuver","Catalyst"],"picked":"SKIP","floor":10.0},{"not_picked":["Flying Knee","Outmaneuver","Catalyst"],"picked":"SKIP","floor":10.0},{"not_picked":["Crippling Poison","Cloak And Dagger"],"picked":"Tactician","floor":13.0},{"not_picked":["Flying Knee","Dodge and Roll"],"picked":"Glass Knife","floor":14.0},{"not_picked":["GalaxyChild","Rudolta"],"picked":"ShyLook","floor":18.0},{"not_picked":["Sucker Punch+1","Heel Hook"],"picked":"Reflex+1","floor":18.0},{"not_picked":["Slice","Backstab","Underhanded Strike"],"picked":"SKIP","floor":20.0},{"not_picked":["Slice","Backstab","Underhanded Strike"],"picked":"SKIP","floor":20.0},{"not_picked":["Slice","Backstab","Underhanded Strike"],"picked":"SKIP","floor":20.0},{"not_picked":["Cloak And Dagger","Dagger Spray"],"picked":"Calculated Gamble","floor":21.0},{"not_picked":["All Out Attack","Dodge and Roll","Underhanded Strike"],"picked":"SKIP","floor":22.0},{"not_picked":["All Out Attack","Dodge and Roll","Underhanded Strike"],"picked":"SKIP","floor":22.0},{"not_picked":["Slice+1","Dagger Spray+1"],"picked":"Footwork","floor":24.0}],"player_experience":69562,"relics_obtained":[{"floor":10.0,"key":"Bag of Preparation"},{"floor":26.0,"key":"Toxic Egg 2"}],"event_choices":[{"damage_healed":0.0,"max_hp_gain":0.0,"max_hp_loss":0.0,"gold_gain":0.0,"event_name":"Match and Keep!","player_choice":"1 cards matched","floor":4.0,"gold_loss":0.0,"damage_taken":0.0,"cards_obtained":["Backflip"]},{"damage_healed":0.0,"max_hp_gain":0.0,"max_hp_loss":0.0,"gold_gain":0.0,"event_name":"The Mausoleum","player_choice":"Ignored","floor":19.0,"gold_loss":0.0,"damage_taken":0.0},{"damage_healed":0.0,"max_hp_gain":0.0,"max_hp_loss":0.0,"gold_gain":0.0,"event_name":"Masked Bandits","player_choice":"Paid Fearfully","floor":28.0,"gold_loss":47.0,"damage_taken":0.0}],"is_beta":false,"boss_relics":[{"not_picked":["Tiny House","Snecko Eye"],"picked":"Runic Pyramid"}],"items_purged_floors":[11,25],"is_endless":false,"potions_floor_spawned":[1,2,5,7,21],"killed_by":"Snake Plant","ascension_level":0}}