{"host":"8nqgve6y8ahjd8xo","time":1610111259,"event":{"mods":["ATMod(阿瑾Mod)","AchievementEnabler","BaseMod","Better Vampires","Better-Laid Plans","Colored Map","Colored Powertips","Minty Spire (QoL Compilation)","MostiFishMod","Quick Restart","Red Circlet Mod","Replay The Spire","RumiaBox-露米娅的神秘盒子","Ryuuou龙王","Shop Mod","StSLib","TestMod","Uncapped","Waifu the Spire","[IsaacMod]以撒尖塔","[功能]功能增强和修复MOD","vexMod","【功能Mod】Neow奖励","【功能Mod】混沌之环修复补丁","【遗物Mod】死灵法师NEW","【遗物Mod】简单游戏","【遗物卡牌】REMEMod","没有小屋子和绿帽子啦","篝火指南"],"gold_per_floor":[109,124,199,199,199,233,233,267,293,240,240,275,364,429,429,604,604,673,673,768,833,893,893,950,822,822,543,543,645,645,697,697,879,879,976,976,976,1134,1188,1250,1298,1298,1298,1298,1349,1414,1389,1492,1492,1542,1575],"floor_reached":52,"playtime":4985,"items_purged":["Strike_R","Brutality","DoctorFetus","Spot Weakness"],"score":2870,"play_id":"115474b1-7fbc-4baf-a891-bd8a9d23aa9d","local_time":"20210108210739","is_ascension_mode":true,"campfire_choices":[{"floor":7,"key":"REST"},{"data":"Cloak And Dagger","floor":11,"key":"SMITH"},{"data":"BowlingBash","floor":15,"key":"SMITH"},{"data":"Coolheaded","floor":23,"key":"SMITH"},{"data":"Bloodletting","floor":30,"key":"SMITH"},{"data":"Entrench","floor":32,"key":"SMITH"},{"data":"MostiFishMod:ReadyAimFire","floor":42,"key":"SMITH"},{"data":"Defragment","floor":49,"key":"SMITH"}],"circlet_count":0,"master_deck":["AscendersBane","AT_ThreeBodyProblem","DevaForm","Cloak And Dagger+1","BowlingBash+1","MostiFishMod:LegendTransform","White Noise","Barricade","AT_CaressingTears","Hemogenesis","MostiFishMod:#F4004","Immolate","REME_FearOfPain","Dash","Necronomicurse","Finesse+1","Coolheaded+1","Bloodletting+1","Entrench+1","MostiFishMod:ReadyAimFire+1","Crippling Poison+1","Defragment+1","Fusion"],"relics":["EasyRelic","HushsDoor","testmod-TestBox","DaveBox","AT_ATBox","REME_ComplimentaryCards","TheBible","PrismaticShard","testmod-Muramasa","testmod-Recursion","SynthV:TestCard","Ccalipers","Orichalcum","AT_MibuBalloonWealth","Snack Pack","Pandora\u0027s Box","Necronomicon","Pantograph","HowToJump","AT_RedNoBalance","Replay:Bandana","vexMod:TanglingVine","GuppysCollar","vexMod:CardConverter","Frozen Egg 2","BranchBurnRelic"],"acts_visited":["Exordium","TheCity","TheBeyond"],"potions_floor_usage":[16,18,18,31,51],"damage_taken":[{"damage":1,"enemies":"2 Louse","floor":1,"turns":3},{"damage":4,"enemies":"Cultist","floor":2,"turns":4},{"damage":28,"enemies":"Gremlin Nob","floor":6,"turns":4},{"damage":0,"enemies":"Lagavulin","floor":8,"turns":6},{"damage":0,"enemies":"Jaw Worm","floor":12,"turns":3},{"damage":8,"enemies":"Gremlin Nob","floor":13,"turns":4},{"damage":0,"enemies":"2 Fungi Beasts","floor":14,"turns":2},{"damage":11,"enemies":"Slime Boss","floor":16,"turns":7},{"damage":6,"enemies":"2 Thieves","floor":18,"turns":2},{"damage":0,"enemies":"3 Byrds","floor":20,"turns":3},{"damage":14,"enemies":"Shelled Parasite and Fungi","floor":21,"turns":7},{"damage":0,"enemies":"Centurion and Healer","floor":22,"turns":5},{"damage":6,"enemies":"REME_1_Revenger","floor":24,"turns":7},{"damage":21,"enemies":"Slavers","floor":29,"turns":2},{"damage":3,"enemies":"Snecko","floor":31,"turns":4},{"damage":16,"enemies":"Pondfish","floor":33,"turns":12},{"damage":21,"enemies":"3 Shapes","floor":35,"turns":3},{"damage":0,"enemies":"3 Darklings","floor":38,"turns":3},{"damage":6,"enemies":"Transient","floor":39,"turns":6},{"damage":6,"enemies":"Nemesis","floor":40,"turns":4},{"damage":17,"enemies":"Writhing Mass","floor":41,"turns":3},{"damage":3,"enemies":"Spire Growth","floor":45,"turns":4},{"damage":3,"enemies":"R_Hoarder","floor":46,"turns":4},{"damage":3,"enemies":"Jaw Worm Horde","floor":48,"turns":3},{"damage":76,"enemies":"Donu and Deca","floor":50,"turns":9},{"damage":21,"enemies":"Time Eater","floor":51,"turns":11}],"seed_played":"-2448809676869302045","potions_obtained":[{"floor":1,"key":"ColorlessPotion"},{"floor":2,"key":"testmod-TestPotion"},{"floor":8,"key":"DistilledChaos"},{"floor":14,"key":"testmod-SpacePotion"},{"floor":16,"key":"FairyPotion"},{"floor":16,"key":"Reflective Coating"},{"floor":18,"key":"REME_GoldPotion"},{"floor":20,"key":"Regen Potion"},{"floor":29,"key":"REME_GoldPotion"},{"floor":31,"key":"SpeedPotion"},{"floor":46,"key":"Adrenaline Potion"}],"is_trial":false,"path_per_floor":["M","M","?","?","?","E","R","E","T","$","R","M","?","M","R","B",null,"M","?","M","M","M","R","E","$","T","$","?","E","R","M","R","B",null,"M","?","?","M","M","E","M","R","T","?","M","E","?","M","R","B","B",null],"character_chosen":"IRONCLAD","items_purchased":["Entrench","AT_SilverBalance","GuppysCollar"],"campfire_rested":1,"item_purchase_floors":[25,27,34],"current_hp_per_floor":[67,63,52,37,37,9,31,31,31,31,31,31,23,25,25,20,61,57,36,48,46,60,60,70,70,70,70,70,19,19,40,40,73,57,7,7,7,19,33,36,19,19,19,19,26,35,35,44,44,18,33],"gold":1575,"neow_bonus":"BOSS_RELIC","is_daily":false,"chose_seed":false,"campfire_upgraded":7,"win_rate":0.0,"timestamp":1610111259,"path_taken":["M","M","?","?","?","E","R","E","T","$","R","M","?","?","R","BOSS","M","?","M","?","?","R","E","$","T","$","?","E","R","M","R","BOSS","M","?","?","M","M","E","M","R","T","?","?","E","?","M","R","BOSS","BOSS"],"items_purchased_type":["Card","Relic","Relic"],"build_version":"2020-12-22","purchased_purges":4,"victory":true,"max_hp_per_floor":[75,75,75,75,75,75,75,75,75,75,75,75,75,75,75,75,75,75,75,75,75,75,75,75,75,75,75,75,75,75,75,75,75,57,57,57,57,57,57,59,59,59,59,59,59,59,59,61,61,61,61],"card_choices":[{"not_picked":[],"picked":"DoctorFetus","floor":0},{"not_picked":["Evolve","Heel Hook","PosionWeak"],"picked":"SKIP","floor":1},{"not_picked":["Body Slam","EmptyBody","Slice","Iron Wave"],"picked":"Cloak And Dagger","floor":2},{"not_picked":["Prepared","Conserve Battery","Heavy Blade","MostiFishMod:Speedup"],"picked":"BowlingBash","floor":6},{"not_picked":["MostiFishMod:Adaptation","Poisoned Stab","Hologram","Bone_Shift"],"picked":"MostiFishMod:LegendTransform","floor":8},{"not_picked":["Dark Shackles","Summon_Undead_Army","Darkness","MostiFishMod:InvigoratingSolution","Pommel Strike"],"picked":"SKIP","floor":12},{"not_picked":["Negative_Energy_Javelin","Flame Barrier","Havoc","FlyingSleeves"],"picked":"White Noise","floor":13},{"not_picked":["Streamline","Caltrops","Chill","Strike_from_Beyond","Draining Mist"],"picked":"SKIP","floor":14},{"not_picked":["MasterReality","MostiFishMod:OneDayCity","Omniscience","After Image"],"picked":"Barricade","floor":16},{"not_picked":["Vampiric_Strike","Inflame","Blood_Whip","Fire Breathing"],"picked":"Dash","floor":18},{"not_picked":["ClearTheMind","Hologram","ReplayTheSpireMod:Trickstab","AT_WindFlip+1"],"picked":"Finesse+1","floor":20},{"not_picked":["Flex+1","testmod-WeaknessCounterattack","testmod-TradeIn","BasicCrystalCard","PathToVictory"],"picked":"SKIP","floor":21},{"not_picked":["SignatureMove","Twin Strike","AT_LightSaberMaster","AT_IchimonjiDouble"],"picked":"Coolheaded","floor":22},{"not_picked":["MostiFishMod:FluxCapactior","Evaluate","Coolheaded","EmptyFist"],"picked":"Bloodletting","floor":24},{"not_picked":["Adaptation","BowlingBash","FIFO Queue","DevaForm","Bandage Up"],"picked":"SKIP","floor":29},{"not_picked":["Adaptation","BowlingBash","FIFO Queue","DevaForm","Bandage Up"],"picked":"SKIP","floor":29},{"not_picked":["Scrape","MostiFishMod:Speedup","Dagger Throw","Bone_Prison","Thunderclap"],"picked":"SKIP","floor":31},{"not_picked":["MostiFishMod:DarkDeal","REME_BattleFury","MostiFishMod:FireWorks","MostiFishMod:LethalBlade"],"picked":"MostiFishMod:ReadyAimFire","floor":33},{"not_picked":["Havoc","FlurryOfBlows","MostiFishMod:PerfectParry","Shackles_Of_Pain","AT_ArcaneSupremacy"],"picked":"SKIP","floor":35},{"not_picked":["Negative_Energy_Sphere+1","EmptyFist","Consecrate","Bone_Armory"],"picked":"Crippling Poison+1","floor":38},{"not_picked":["EmptyBody","Negative_Energy_Sphere+1","Cleave","Run Through+1","Panacea"],"picked":"SKIP","floor":39},{"not_picked":["Backflip+1","Sword Boomerang","Necrotic_Claws+1","ClearTheMind"],"picked":"Defragment","floor":40},{"not_picked":["ReplayTheSpireMod:The Works","Clash","Feed","Bone_Prison","FlurryOfBlows"],"picked":"SKIP","floor":41},{"not_picked":["Swivel","Blood_Curse","PathToVictory","CutThroughFate+1","Hologram"],"picked":"SKIP","floor":45},{"not_picked":["Summon_Undead_Army+1","Conserve Battery","FollowUp","Replay:ManipulateFuture+1","MostiFishMod:Disappear"],"picked":"SKIP","floor":46},{"not_picked":["Sword Boomerang","Hologram","AT_DivineConfetti","Crystallizer+1"],"picked":"Fusion","floor":48}],"player_experience":1335360,"relics_obtained":[{"floor":1,"key":"SynthV:TestCard"},{"floor":6,"key":"Ccalipers"},{"floor":8,"key":"Orichalcum"},{"floor":9,"key":"AT_MibuBalloonWealth"},{"floor":13,"key":"Snack Pack"},{"floor":19,"key":"Necronomicon"},{"floor":24,"key":"Pantograph"},{"floor":26,"key":"HowToJump"},{"floor":29,"key":"Replay:Bandana"},{"floor":40,"key":"vexMod:CardConverter"},{"floor":43,"key":"Frozen Egg 2"},{"floor":46,"key":"Dead Branch"}],"event_choices":[{"damage_healed":0,"gold_gain":75,"player_choice":"Gather Gold","damage_taken":11,"max_hp_gain":0,"max_hp_loss":0,"event_name":"World of Goop","floor":3,"gold_loss":0},{"damage_healed":0,"gold_gain":0,"player_choice":"Searched \u00272\u0027 times","damage_taken":0,"max_hp_gain":0,"max_hp_loss":0,"event_name":"Dead Adventurer","floor":13,"gold_loss":0},{"damage_healed":0,"gold_gain":0,"player_choice":"Obtained Book","damage_taken":21,"max_hp_gain":0,"max_hp_loss":0,"event_name":"Cursed Tome","floor":19,"gold_loss":0},{"damage_healed":0,"gold_gain":0,"player_choice":"Ignored","damage_taken":0,"max_hp_gain":0,"max_hp_loss":0,"event_name":"给自己的盒子","floor":28,"gold_loss":0},{"cards_removed":["Bash"],"damage_healed":0,"gold_gain":0,"player_choice":"Removed Attack","damage_taken":0,"max_hp_gain":0,"max_hp_loss":0,"event_name":"Falling","floor":37,"gold_loss":0},{"damage_healed":0,"gold_gain":0,"player_choice":"Memory 1","damage_taken":0,"max_hp_gain":0,"max_hp_loss":0,"event_name":"SensoryStone","floor":44,"gold_loss":0}],"is_beta":false,"boss_relics":[{"not_picked":["testmod-Temperance","ExusiaiGun"],"picked":"Pandora\u0027s Box"},{"not_picked":[]},{"not_picked":["JellyFishMachine","FrostBlade"],"picked":"vexMod:TanglingVine"},{"not_picked":[]}],"items_purged_floors":[10,25,27,34],"is_endless":false,"potions_floor_spawned":[1,2,6,8,8,8,12,14,16,16,16,18,20,21,22,24,24,29,29,29,31,33,38,38,40,40,40,41,41,45,46,48],"ascension_level":20}}