{"host":"vlqejv0notyktumz","time":1610067475,"event":{"mods":["AchievementEnabler","BaseMod","Googly Eyes","Minty Spire (QoL Compilation)"],"gold_per_floor":[117,133,133,153,153,153,188,202,202,202,221,236,236,36,36,138,138,153,170,181,60,60,60,159,159,159,159,184,202,102,121,121,217,217,237,287,162,162,176,201,211,228,251,101,115,147,147,160,160,160],"floor_reached":51,"playtime":1836,"items_purged":["Strike_R","Strike_R","Strike_R","Strike_R+1"],"score":868,"play_id":"2a6a0032-aabf-41c3-aa9c-3c75aa5c376b","local_time":"20210107185755","is_ascension_mode":true,"campfire_choices":[{"data":"Rage","floor":6,"key":"SMITH"},{"data":"Iron Wave","floor":10,"key":"SMITH"},{"data":"Entrench","floor":15,"key":"SMITH"},{"data":"Body Slam","floor":23,"key":"SMITH"},{"data":"Barricade","floor":25,"key":"SMITH"},{"data":"Clothesline","floor":27,"key":"SMITH"},{"data":"Defend_R","floor":32,"key":"SMITH"},{"floor":47,"key":"REST"},{"floor":49,"key":"REST"}],"circlet_count":0,"master_deck":["Defend_R+1","Defend_R","Defend_R+1","Defend_R+1","Bash+1","Clothesline+1","Rage+1","Iron Wave+1","Entrench+1","Barricade+1","Shrug It Off+1","Body Slam+1","Armaments+1","Impervious+1","Thunderclap+1","Entrench+1"],"relics":["Burning Blood","Darkstone Periapt","Self Forming Clay","Toxic Egg 2","Bronze Scales","Velvet Choker","Tiny Chest","Red Mask","Mark of Pain","Pocketwatch","Whetstone","War Paint","MealTicket","Ancient Tea Set"],"acts_visited":["Exordium","TheCity","TheBeyond"],"potions_floor_usage":[1,8,16,20,29,29,35],"damage_taken":[{"damage":3,"enemies":"Jaw Worm","floor":1,"turns":3},{"damage":0,"enemies":"2 Louse","floor":2,"turns":4},{"damage":0,"enemies":"Cultist","floor":4,"turns":3},{"damage":22,"enemies":"Gremlin Nob","floor":7,"turns":5},{"damage":2,"enemies":"Large Slime","floor":8,"turns":5},{"damage":25,"enemies":"Gremlin Gang","floor":11,"turns":8},{"damage":15,"enemies":"Lots of Slimes","floor":12,"turns":5},{"damage":69,"enemies":"Hexaghost","floor":16,"turns":16},{"damage":15,"enemies":"Spheric Guardian","floor":18,"turns":6},{"damage":9,"enemies":"Shell Parasite","floor":19,"turns":7},{"damage":5,"enemies":"Snecko","floor":20,"turns":5},{"damage":7,"enemies":"Masked Bandits","floor":28,"turns":6},{"damage":0,"enemies":"3 Cultists","floor":29,"turns":5},{"damage":4,"enemies":"Centurion and Healer","floor":31,"turns":8},{"damage":0,"enemies":"Champ","floor":33,"turns":8},{"damage":0,"enemies":"3 Shapes","floor":35,"turns":8},{"damage":72,"enemies":"2 Orb Walkers","floor":36,"turns":10},{"damage":0,"enemies":"3 Darklings","floor":39,"turns":14},{"damage":1,"enemies":"Transient","floor":41,"turns":5},{"damage":28,"enemies":"Jaw Worm Horde","floor":42,"turns":6},{"damage":0,"enemies":"4 Shapes","floor":45,"turns":6},{"damage":0,"enemies":"Giant Head","floor":46,"turns":7},{"damage":0,"enemies":"Maw","floor":48,"turns":7},{"damage":0,"enemies":"Time Eater","floor":50,"turns":10}],"seed_played":"-671735518411089263","potions_obtained":[{"floor":1,"key":"Fruit Juice"},{"floor":7,"key":"Fire Potion"},{"floor":11,"key":"Dexterity Potion"},{"floor":18,"key":"DistilledChaos"},{"floor":20,"key":"Block Potion"},{"floor":28,"key":"Fire Potion"},{"floor":35,"key":"Fruit Juice"},{"floor":46,"key":"BloodPotion"}],"is_trial":false,"path_per_floor":["M","M","?","M","?","R","E","M","T","R","M","M","?","$","R","B",null,"M","M","M","$","?","R","?","R","T","R","?","M","$","M","R","B",null,"M","?","$","T","M","T","M","M","T","$","M","E","R","M","R","B",null],"character_chosen":"IRONCLAD","items_purchased":["Bronze Scales","Shrug It Off+1","Armaments+1"],"campfire_rested":2,"item_purchase_floors":[14,14,21],"current_hp_per_floor":[85,85,52,58,58,58,42,46,46,46,27,18,85,85,85,22,85,76,73,74,74,74,74,74,74,74,74,73,79,79,81,81,85,85,90,24,24,24,30,30,35,13,13,28,34,40,67,73,90,90],"gold":160,"neow_bonus":"THREE_CARDS","is_daily":false,"chose_seed":false,"campfire_upgraded":7,"win_rate":0.0,"timestamp":1610067475,"path_taken":["M","M","?","M","?","R","E","?","T","R","M","M","?","$","R","BOSS","M","M","?","?","?","R","?","R","T","R","?","M","$","?","R","BOSS","M","?","$","?","M","?","M","M","T","$","M","E","R","M","R","BOSS"],"items_purchased_type":["Relic","Card","Card"],"build_version":"2020-12-22","purchased_purges":4,"victory":true,"max_hp_per_floor":[85,85,85,85,85,85,85,85,85,85,85,85,85,85,85,85,85,85,85,85,85,85,85,85,85,85,85,85,85,85,85,85,85,85,90,90,90,90,90,90,90,90,90,90,90,90,90,90,90,90],"card_choices":[{"not_picked":["Whirlwind","Iron Wave"],"picked":"Clothesline","floor":0},{"not_picked":["Fire Breathing","Shrug It Off"],"picked":"Rage","floor":1},{"not_picked":["Iron Wave","Warcry"],"picked":"Rupture","floor":2},{"not_picked":["Inflame","Flex"],"picked":"Iron Wave","floor":4},{"not_picked":["Iron Wave","Shrug It Off","Perfected Strike"],"picked":"SKIP","floor":7},{"not_picked":["Disarm","Body Slam"],"picked":"Entrench","floor":8},{"not_picked":["Blood for Blood","Clash","Sword Boomerang"],"picked":"SKIP","floor":11},{"not_picked":["Headbutt","Clothesline"],"picked":"Barricade","floor":12},{"not_picked":["Fire Breathing","Armaments+1"],"picked":"Body Slam","floor":18},{"not_picked":["Headbutt","Sword Boomerang+1","Flex+1"],"picked":"SKIP","floor":19},{"not_picked":["Twin Strike","Body Slam","Whirlwind"],"picked":"SKIP","floor":20},{"not_picked":["Wild Strike","Body Slam","Bloodletting+1"],"picked":"SKIP","floor":29},{"not_picked":["Clothesline","Clash","Twin Strike+1"],"picked":"SKIP","floor":31},{"not_picked":["Offering+1","Demon Form"],"picked":"Impervious+1","floor":33},{"not_picked":["Clash","Thunderclap","Cleave+1"],"picked":"SKIP","floor":35},{"not_picked":["Shrug It Off+1","Inflame+1"],"picked":"Thunderclap+1","floor":36},{"not_picked":["Flex+1","Searing Blow","Cleave+1"],"picked":"SKIP","floor":39},{"not_picked":["Cleave+1","Pummel+1","Anger+1"],"picked":"SKIP","floor":41},{"not_picked":["Cleave","Intimidate+1","Twin Strike"],"picked":"SKIP","floor":42},{"not_picked":["Inflame","Shrug It Off+1"],"picked":"Entrench+1","floor":45},{"not_picked":["Thunderclap+1","Sentinel+1","Demon Form"],"picked":"SKIP","floor":46},{"not_picked":["Anger","Havoc+1","Heavy Blade+1"],"picked":"SKIP","floor":48}],"player_experience":302417,"relics_obtained":[{"floor":7,"key":"Self Forming Clay"},{"floor":9,"key":"Toxic Egg 2"},{"floor":26,"key":"Tiny Chest"},{"floor":28,"key":"Red Mask"},{"floor":36,"key":"Pocketwatch"},{"floor":38,"key":"Whetstone"},{"floor":40,"key":"War Paint"},{"floor":43,"key":"MealTicket"},{"floor":46,"key":"Ancient Tea Set"}],"event_choices":[{"damage_healed":0,"gold_gain":0,"player_choice":"Success","damage_taken":33,"relics_obtained":["Darkstone Periapt"],"max_hp_gain":0,"max_hp_loss":0,"event_name":"Scrap Ooze","floor":3,"gold_loss":0},{"cards_removed":["Strike_R"],"damage_healed":0,"gold_gain":0,"player_choice":"Purged","damage_taken":0,"max_hp_gain":0,"max_hp_loss":0,"event_name":"Purifier","floor":5,"gold_loss":0},{"cards_removed":["Rupture"],"damage_healed":67,"gold_gain":0,"player_choice":"Offered Uncommon","damage_taken":0,"max_hp_gain":0,"max_hp_loss":0,"event_name":"Bonfire Elementals","floor":13,"gold_loss":0},{"damage_healed":0,"gold_gain":0,"player_choice":"Ignored","damage_taken":0,"max_hp_gain":0,"max_hp_loss":0,"event_name":"Ghosts","floor":22,"gold_loss":0},{"damage_healed":0,"gold_gain":99,"player_choice":"Stole From Cult","damage_taken":0,"max_hp_gain":0,"max_hp_loss":0,"event_name":"Nest","floor":24,"gold_loss":0},{"damage_healed":0,"gold_gain":0,"player_choice":"Fought Bandits","damage_taken":0,"max_hp_gain":0,"max_hp_loss":0,"event_name":"Masked Bandits","floor":28,"gold_loss":0},{"damage_healed":0,"gold_gain":0,"player_choice":"Fight","damage_taken":0,"max_hp_gain":0,"max_hp_loss":0,"event_name":"Mysterious Sphere","floor":36,"gold_loss":0}],"is_beta":false,"boss_relics":[{"not_picked":["Calling Bell","Black Star"],"picked":"Velvet Choker"},{"not_picked":["Cursed Key","Tiny House"],"picked":"Mark of Pain"}],"items_purged_floors":[21,30,37,44],"is_endless":false,"potions_floor_spawned":[1,7,11,18,20,28,35,46],"ascension_level":1}}