{"host":"qq27suot6m8koe0b","time":1610101146,"event":{"mods":["Act Like it!","BaseMod","CapriCore","Chen","Gensokyo","GifTheSpireLib","Koishi","Marisa（霧雨　魔理沙）","Minty Spire (QoL Compilation)","Onozuka Komachi Mod","Reimu（博??梦）","StSLib","The Immortal","The Servant 0.9.4","Yakumo Yukari mod","Youmu（魂魄妖梦）","Yuyuko"],"gold_per_floor":[363,373,213,89,89,114,114,145,227,246,281,231,231,249,249,352,352,370,120,120,120,139,167,167,62,62,89,89,177,218,240,240,452,452,462,462,504,417,417,417,796,796,846,242,5,5,107,167,167,263,263,263,51,141,225],"floor_reached":56,"playtime":3547,"items_purged":["Shame","ShootTheMoon"],"score":1309,"play_id":"7f5ec96c-b49e-4f19-8c62-99b719d44f8e","local_time":"20210108181906","is_ascension_mode":false,"campfire_choices":[{"data":"CasketOfStar","floor":7,"key":"SMITH"},{"floor":13,"key":"REST"},{"floor":15,"key":"REST"},{"floor":28,"key":"RECALL"},{"floor":32,"key":"REST"},{"data":"PropBag","floor":40,"key":"SMITH"},{"data":"Gensokyo:SevenSchoolMysteries","floor":46,"key":"SMITH"},{"floor":49,"key":"REST"},{"data":"OrrerysSun","floor":52,"key":"SMITH"}],"circlet_count":0,"master_deck":["Strike_MRS","Strike_MRS","Strike_MRS","Strike_MRS","Defend_MRS+1","Defend_MRS","Defend_MRS","Defend_MRS+1","UpSweep","DoubleSpark","CasketOfStar+1","Necronomicurse","MysteriousBeam","MagicAbsorber","6A","Gensokyo:BlessingOfConstitution","6A+1","UltimateShortwave","PropBag+1","Robbery+1","DoubleSpark","MagicAbsorber","MillisecondPulsars","OrrerysSun+1","Gensokyo:SevenSchoolMysteries+1","Apotheosis+1"],"relics":["BewitchedHakkero","Necronomicon","Happy Flower","Mastiff:ReiMu","Bag of Preparation","Oddly Smooth Stone","Mummified Hand","Question Card","Du-Vu Doll","ExperimentalFamiliar","Bronze Scales","Gensokyo:ConquerorOfFear","The Courier","Tiny Chest","Ice Cream","Incense Burner","Letter Opener","PreservedInsect","Sling","HandmadeGrimoire","TungstenRod","Toxic Egg 2","Kunai"],"acts_visited":["Gensokyo:Gensokyo","Gensokyo:Gensokyoer","Gensokyo:Gensokyoest","TheEnding"],"potions_floor_usage":[8,11,29,30,37,50,55,55,55,55,55,55],"damage_taken":[{"damage":0,"enemies":"Gensokyo:2_Kodama","floor":1,"turns":4},{"damage":0,"enemies":"Gensokyo:3_Fairies","floor":2,"turns":3},{"damage":40,"enemies":"Gensokyo:Cirno","floor":6,"turns":7},{"damage":26,"enemies":"Gensokyo:Aya","floor":8,"turns":5},{"damage":1,"enemies":"Gensokyo:Python","floor":10,"turns":2},{"damage":0,"enemies":"Gensokyo:Mamizou","floor":11,"turns":6},{"damage":5,"enemies":"Gensokyo:2_Rabbits","floor":14,"turns":3},{"damage":18,"enemies":"Gensokyo:Reimu","floor":16,"turns":7},{"damage":4,"enemies":"Gensokyo:CosmicMonolith","floor":18,"turns":2},{"damage":7,"enemies":"Gensokyo:Chomper","floor":22,"turns":3},{"damage":4,"enemies":"Gensokyo:Koishi","floor":23,"turns":4},{"damage":0,"enemies":"Gensokyo:Reisen","floor":27,"turns":4},{"damage":1,"enemies":"Gensokyo:Swordslinger","floor":29,"turns":2},{"damage":29,"enemies":"Gensokyo:Slime_Group","floor":30,"turns":3},{"damage":0,"enemies":"Gensokyo:Chomper_and_Gloop","floor":31,"turns":5},{"damage":81,"enemies":"Gensokyo:Eternal_Rivals","floor":33,"turns":8},{"damage":0,"enemies":"Gensokyo:AncientGuardian","floor":35,"turns":2},{"damage":17,"enemies":"Gensokyo:3_Boulders","floor":37,"turns":3},{"damage":7,"enemies":"Gensokyo:Marisa","floor":41,"turns":4},{"damage":21,"enemies":"Gensokyo:Kasen","floor":47,"turns":5},{"damage":0,"enemies":"Gensokyo:Sharpion","floor":48,"turns":4},{"damage":50,"enemies":"Gensokyo:Scarlet_Devils","floor":50,"turns":7},{"damage":1,"enemies":"Shield and Spear","floor":54,"turns":4},{"damage":43,"enemies":"The Heart","floor":55,"turns":6}],"seed_played":"3129330519607828624","potions_obtained":[{"floor":6,"key":"FearPotion"},{"floor":10,"key":"Swift Potion"},{"floor":14,"key":"DistilledChaos"},{"floor":16,"key":"LiquidBronze"},{"floor":29,"key":"EntropicBrew"},{"floor":33,"key":"Ancient Potion"},{"floor":35,"key":"Explosive Potion"},{"floor":47,"key":"LiquidMemories"},{"floor":54,"key":"LiquidMemories"}],"is_trial":false,"path_per_floor":["M","M","?","COS","?","E","R","E","T","M","E","?","R","M","R","B",null,"M","$","?","?","M","E","?","COS","T","E","R","M","M","M","R","B",null,"M","?","M","$","?","R","E","T","T","COS","$","R","E","M","R","B",null,"R","$","E","B",null],"character_chosen":"MARISA","items_purchased":["FairyPotion","Bronze Scales","ShootTheMoon","TungstenRod","Apotheosis+1"],"campfire_rested":4,"item_purchase_floors":[19,19,38,45,53],"current_hp_per_floor":[68,68,68,68,68,28,28,2,2,1,1,1,21,16,36,18,68,64,64,64,64,57,53,53,53,53,53,53,52,23,23,43,20,68,68,68,51,51,51,51,44,44,44,44,44,44,23,35,55,5,68,68,68,67,24],"gold":225,"neow_bonus":"TWO_FIFTY_GOLD","is_daily":false,"chose_seed":false,"campfire_upgraded":4,"win_rate":0.0,"timestamp":1610101146,"path_taken":["M","M","?","COS","?","E","R","E","T","?","E","?","R","M","R","BOSS","M","?","?","?","?","E","?","COS","T","E","R","M","M","M","R","BOSS","M","?","?","$","?","R","E","?","T","COS","?","R","E","M","R","BOSS","R","$","E","BOSS"],"items_purchased_type":["Potion","Relic","Card","Relic","Card"],"build_version":"2020-12-22","purchased_purges":2,"victory":true,"max_hp_per_floor":[68,68,68,68,68,68,68,68,68,68,68,68,68,68,68,68,68,68,68,68,68,68,68,68,68,68,68,68,68,68,68,68,68,68,68,68,68,68,68,68,68,68,68,68,68,68,68,68,68,68,68,68,68,68,68],"card_choices":[{"not_picked":["NonDirectionalLaser","GravityBeat"],"picked":"DoubleSpark","floor":1},{"not_picked":["EnergyRecoil","PowerUp"],"picked":"CasketOfStar","floor":2},{"not_picked":["StarlightTyphoon","UnstableBomb"],"picked":"MysteriousBeam","floor":6},{"not_picked":["ChargingUp","GravityBeat"],"picked":"MagicAbsorber","floor":8},{"not_picked":["UnstableBomb","WitchLeyline","MilkyWay"],"picked":"SKIP","floor":10},{"not_picked":["UnstableBomb","WitchLeyline","MilkyWay"],"picked":"SKIP","floor":10},{"not_picked":["UnstableBomb","BigCrunch"],"picked":"6A","floor":11},{"not_picked":["WitchOfGreed","GravityBeat","MysteriousBeam"],"picked":"6A","floor":14},{"not_picked":["BinaryStars","ManaRampage","CollectingQuirk"],"picked":"UltimateShortwave","floor":16},{"not_picked":["GalacticHalo","WitchLeyline","GrandCross+1","MysteriousBeam"],"picked":"SKIP","floor":18},{"not_picked":["UnstableBomb+1","GravityBeat","EventHorizon","DeepEcoloBomb"],"picked":"SKIP","floor":22},{"not_picked":["6A","WitchOfGreed+1","GravityBeat"],"picked":"Robbery+1","floor":23},{"not_picked":["ShootingEcho","LuminesStrike","DC"],"picked":"DoubleSpark","floor":27},{"not_picked":["IllusionStar+1","WitchLeyline","MilkyWay","OpenUniverse"],"picked":"SKIP","floor":29},{"not_picked":["ShootingEcho","Orbital+1","CasketOfStar"],"picked":"MagicAbsorber","floor":30},{"not_picked":["GalacticHalo","SporeBomb+1","MagicChant","6A"],"picked":"SKIP","floor":31},{"not_picked":["BinaryStars","MaximisePower","EscapeVelocity"],"picked":"MillisecondPulsars","floor":33},{"not_picked":["AsteroidBelt","EnergyFlow","LuminesStrike"],"picked":"OrrerysSun","floor":35},{"not_picked":["GasGiant+1","Occultation+1","WitchLeyline","NonDirectionalLaser"],"picked":"SKIP","floor":37},{"not_picked":["WitchLeyline+1","FairyDestructionRay","WitchOfGreed","AlicesGift"],"picked":"SKIP","floor":41},{"not_picked":["TreasureHunter","StarlightTyphoon+1","GalacticHalo+1","BlazingStar"],"picked":"SKIP","floor":47},{"not_picked":["GravityBeat","LuminesStrike+1","ShootingEcho+1","MilkyWay+1"],"picked":"SKIP","floor":48},{"not_picked":["OpenUniverse+1","MagicAbsorber+1","UnstableBomb","Acceleration+1"],"picked":"SKIP","floor":54}],"player_experience":334992,"relics_obtained":[{"floor":6,"key":"Mastiff:ReiMu"},{"floor":8,"key":"Oddly Smooth Stone"},{"floor":9,"key":"Mummified Hand"},{"floor":11,"key":"Question Card"},{"floor":22,"key":"Gensokyo:ConquerorOfFear"},{"floor":23,"key":"The Courier"},{"floor":27,"key":"Tiny Chest"},{"floor":41,"key":"Incense Burner"},{"floor":42,"key":"Letter Opener"},{"floor":43,"key":"PreservedInsect"},{"floor":47,"key":"Toxic Egg 2"},{"floor":54,"key":"Kunai"}],"event_choices":[],"is_beta":false,"boss_relics":[{"not_picked":["RedLine:ReiMu","Pandora\u0027s Box"],"picked":"ExperimentalFamiliar"},{"not_picked":["Philosopher\u0027s Stone","Calling Bell"],"picked":"BewitchedHakkero"}],"items_purged_floors":[38,53],"is_endless":false,"potions_floor_spawned":[6,10,14,16,23,29,33,35,47,48,54],"ascension_level":0}}