{"host":"cv77zuuuekizn3ic","time":1610106937,"event":{"mods":["AchievementEnabler","BaseMod","Marisa£®ÏF”Í°°ƒß¿Ì…≥£©","Minty Spire (QoL Compilation)","StSLib","Waifu the Spire","everything is the same but u backflip on backflip","slay the spire mod where everything is the same but ironclad has a cowboy hat"],"gold_per_floor":[368,338,105,117,129,129,34,68,143,174,193,213,213,225,225,296,296,310,310,324,336,407,407,407,407],"floor_reached":24,"playtime":994,"items_purged":["Strike_R"],"score":416,"play_id":"ec9f80c1-8fcd-4be6-bfa9-1ecd86becde9","local_time":"20210108195537","is_ascension_mode":true,"campfire_choices":[{"data":"Whirlwind","floor":6.0,"key":"SMITH"},{"data":"True Grit","floor":13.0,"key":"SMITH"},{"data":"Offering","floor":15.0,"key":"SMITH"},{"data":"Feel No Pain","floor":23,"key":"SMITH"}],"circlet_count":0,"master_deck":["AscendersBane","Strike_R","Strike_R","Strike_R","Defend_R","Defend_R","Defend_R","Defend_R","Bash","Whirlwind+1","Wild Strike","Madness","Feel No Pain+1","Sever Soul+1","True Grit+1","Offering+1","Uppercut+1","Reaper+1"],"relics":["Burning Blood","Omamori","Red Skull","Frozen Egg 2","Molten Egg 2","Runic Dome","Kunai"],"acts_visited":["Exordium","TheCity"],"potions_floor_usage":[24],"damage_taken":[{"damage":0.0,"enemies":"2 Louse","floor":1.0,"turns":4.0},{"damage":2.0,"enemies":"Cultist","floor":4.0,"turns":4.0},{"damage":9.0,"enemies":"Small Slimes","floor":5.0,"turns":4.0},{"damage":14.0,"enemies":"Lagavulin","floor":8.0,"turns":7.0},{"damage":32.0,"enemies":"Gremlin Nob","floor":10.0,"turns":4.0},{"damage":5.0,"enemies":"Gremlin Gang","floor":11.0,"turns":2.0},{"damage":7.0,"enemies":"Exordium Thugs","floor":12.0,"turns":3.0},{"damage":10.0,"enemies":"Looter","floor":14.0,"turns":3.0},{"damage":18.0,"enemies":"The Guardian","floor":16.0,"turns":6.0},{"damage":25.0,"enemies":"2 Thieves","floor":18.0,"turns":4.0},{"damage":25.0,"enemies":"Spheric Guardian","floor":20.0,"turns":4.0},{"damage":29.0,"enemies":"Shelled Parasite and Fungi","floor":21.0,"turns":4.0},{"damage":65,"enemies":"Slavers","floor":24,"turns":6}],"seed_played":"-7523572196046323346","potions_obtained":[{"floor":2.0,"key":"SkillPotion"},{"floor":2.0,"key":"HeartOfIron"},{"floor":10.0,"key":"Strength Potion"},{"floor":12.0,"key":"DuplicationPotion"},{"floor":16.0,"key":"Weak Potion"}],"is_trial":false,"path_per_floor":["M","?","$","M","M","R","$","E","T","E","M","M","R","M","R","B",null,"M","?","M","M","T","R","E"],"character_chosen":"IRONCLAD","items_purchased":["Omamori","Madness"],"campfire_rested":0,"item_purchase_floors":[3,7],"current_hp_per_floor":[56,56,56,60,57,57,57,49,49,23,24,23,23,19,19,7,58,51,51,32,29,29,29,0,0],"gold":407,"neow_bonus":"TWO_FIFTY_GOLD","is_daily":false,"chose_seed":false,"campfire_upgraded":4,"win_rate":0.0,"timestamp":1610106937,"path_taken":["M","?","?","?","M","R","$","E","T","E","M","M","R","M","R","BOSS","M","?","M","?","?","R","E"],"items_purchased_type":["Relic","Card"],"build_version":"2020-12-22","purchased_purges":1,"victory":false,"max_hp_per_floor":[75,75,75,75,75,75,75,75,75,75,75,75,75,75,75,75,75,75,75,75,75,75,75,75,75],"card_choices":[{"not_picked":["Havoc","Heavy Blade"],"picked":"Whirlwind","floor":1.0},{"not_picked":["Havoc","Wild Strike","Warcry"],"picked":"SKIP","floor":4.0},{"not_picked":["Havoc","Warcry"],"picked":"Wild Strike","floor":4.0},{"not_picked":["Rupture","Sword Boomerang","Warcry"],"picked":"SKIP","floor":5.0},{"not_picked":["Iron Wave","Entrench"],"picked":"Feel No Pain","floor":8.0},{"not_picked":["Heavy Blade+1","Rampage+1"],"picked":"Sever Soul+1","floor":10.0},{"not_picked":["Wild Strike+1","Heavy Blade+1"],"picked":"True Grit","floor":11.0},{"not_picked":["Second Wind","Heavy Blade+1"],"picked":"Offering","floor":12.0},{"not_picked":["Headbutt+1","Wild Strike+1"],"picked":"Uppercut+1","floor":14.0},{"not_picked":["Corruption+1","Offering"],"picked":"Reaper+1","floor":16.0},{"not_picked":["Iron Wave+1","Havoc","Wild Strike+1"],"picked":"SKIP","floor":18.0},{"not_picked":["Metallicize+1","Iron Wave+1","Shockwave"],"picked":"SKIP","floor":20.0},{"not_picked":["True Grit","Body Slam+1","Thunderclap+1"],"picked":"SKIP","floor":21}],"player_experience":789666,"relics_obtained":[{"floor":8.0,"key":"Red Skull"},{"floor":9.0,"key":"Frozen Egg 2"},{"floor":10.0,"key":"Molten Egg 2"},{"floor":22,"key":"Kunai"}],"event_choices":[{"damage_healed":0.0,"max_hp_gain":0.0,"max_hp_loss":0.0,"gold_gain":0.0,"event_name":"The Woman in Blue","player_choice":"Bought 2 Potions","floor":2.0,"gold_loss":0.0,"damage_taken":0.0},{"cards_removed":["Strike_R"],"damage_healed":0.0,"max_hp_gain":0.0,"max_hp_loss":0.0,"gold_gain":0.0,"event_name":"Bonfire Elementals","player_choice":"Offered Basic","floor":19.0,"gold_loss":0.0,"damage_taken":0.0}],"is_beta":false,"boss_relics":[{"not_picked":["Sozu","Ectoplasm"],"picked":"Runic Dome"}],"items_purged_floors":[3],"is_endless":false,"potions_floor_spawned":[10,12,16],"killed_by":"Slavers","ascension_level":20}}