{"host":"yiwf5cuj7e45awf3","time":1610105511,"event":{"mods":["BaseMod","Downfall","Hermit","Highlight Path","Hubris","Infinite Spire","Lobotomy","Marisa£®ÏF”Í°°ƒß¿Ì…≥£©","Minty Spire (QoL Compilation)","READ ME - Guardian Mod","Remilia£®¿Ÿ√◊¿Ú—«£©","Replay The Spire","StSLib","The Animator","The Construct","The Cursed","The Disciple","The Hierophant","The Jungle","The Necromancer","The Runesmith","The Servant 0.9.4"],"gold_per_floor":[112,132,132,164,164,164,191,191,236,306,306,306,319,343,343,462,462,496,496,496,513,542,542,556,556,556,556,567,647,647,657,657,657,657],"floor_reached":33,"playtime":2113,"items_purged":[],"score":237,"play_id":"05a0524f-e985-456a-868b-e22c76e71b3b","local_time":"20210108193151","is_ascension_mode":false,"campfire_choices":[{"data":"MasterSpark","floor":6,"key":"SMITH"},{"data":"OpenUniverse","floor":8,"key":"SMITH"},{"data":"PowerUp","floor":11,"key":"SMITH"},{"floor":15,"key":"REST"},{"floor":23,"key":"REST"},{"floor":25,"key":"REST"}],"circlet_count":0,"master_deck":["Strike_MRS","Strike_MRS","Strike_MRS","Strike_MRS","Defend_MRS","Defend_MRS","MasterSpark+1","UpSweep+1","OortCloud","WitchOfGreed","MagicAbsorber","OpenUniverse+1","PowerUp+1","DC","JA","ShootTheMoon","MagicChant","GrandCross","PowerUp+1","OrrerysSun","hexamod:RainOfEmbers","Acceleration"],"relics":["MiniHakkero","Regal Pillow","infinitespire:BottledMercury","hubris:SlimyHat","infinitespire:Beetle Shell","hubris:DisguiseKit","hubris:Zylophone","infinitespire:WardingShard","CultistMask"],"acts_visited":["Exordium","TheCity"],"potions_floor_usage":[10,16,16,22,31,33],"damage_taken":[{"damage":0,"enemies":"Small Slimes","floor":1,"turns":3},{"damage":6,"enemies":"Jaw Worm","floor":2,"turns":3},{"damage":0,"enemies":"Cultist","floor":4,"turns":4},{"damage":0,"enemies":"Large Slime","floor":7,"turns":5},{"damage":22,"enemies":"3 Sentries","floor":10,"turns":7},{"damage":14,"enemies":"Looter","floor":13,"turns":4},{"damage":33,"enemies":"Hexaghost","floor":16,"turns":9},{"damage":17,"enemies":"Shell Parasite","floor":18,"turns":10},{"damage":14,"enemies":"Spheric Guardian","floor":21,"turns":4},{"damage":28,"enemies":"3 Cultists","floor":22,"turns":6},{"damage":20,"enemies":"Chosen and Byrds","floor":24,"turns":7},{"damage":19,"enemies":"Snecko","floor":28,"turns":5},{"damage":43,"enemies":"Centurion and Healer","floor":31,"turns":5},{"damage":10,"enemies":"Automaton","floor":33,"turns":2}],"seed_played":"-3513593193909271070","potions_obtained":[{"floor":1,"key":"Adrenaline Potion"},{"floor":4,"key":"Energy Potion"},{"floor":7,"key":"BottledSpark"},{"floor":10,"key":"construct:ShiftPotion"},{"floor":10,"key":"SkillPotion"},{"floor":16,"key":"champ:CounterPotion"},{"floor":18,"key":"BottledSpark"},{"floor":22,"key":"Fire Potion"},{"floor":28,"key":"Guardian:BlockOnCardUsePotion"}],"is_trial":false,"path_per_floor":["M","M","?","M","T","R","M","R","T","?","R","?","M","T","R","B",null,"M","?","?","M","M","R","M","R","T","AVR","M","T","?","M","R","B"],"character_chosen":"MARISA","items_purchased":[],"campfire_rested":3,"item_purchase_floors":[],"current_hp_per_floor":[75,69,69,69,69,69,69,69,69,47,47,47,33,33,70,37,75,58,58,58,44,16,53,33,70,70,70,51,51,51,8,8,0,0],"gold":657,"neow_bonus":"RANDOM_COMMON_RELIC","is_daily":false,"chose_seed":false,"campfire_upgraded":3,"win_rate":0.0,"timestamp":1610105511,"path_taken":["M","M","?","M","?","R","?","R","T","?","R","?","M","?","R","BOSS","M","?","?","?","?","R","M","R","T","AVR","M","?","?","M","R","BOSS"],"items_purchased_type":[],"build_version":"2020-12-22","purchased_purges":0,"victory":false,"max_hp_per_floor":[75,75,75,75,75,75,75,75,75,75,75,75,75,75,75,75,75,75,75,75,75,75,75,75,75,75,75,75,75,75,75,75,75,75],"card_choices":[{"not_picked":["MysteriousBeam","ShootingEcho"],"picked":"OortCloud","floor":1},{"not_picked":["UnstableBomb","LuminesStrike"],"picked":"WitchOfGreed","floor":2},{"not_picked":["MachineGunSpark","AlicesGift"],"picked":"MagicAbsorber","floor":4},{"not_picked":["GravityBeat","PulseMagic"],"picked":"OpenUniverse","floor":7},{"not_picked":["BlazeAway","DoubleSpark"],"picked":"PowerUp","floor":10},{"not_picked":["OpenUniverse","SporeBomb"],"picked":"DC","floor":13},{"not_picked":["SuperNova","MaximisePower"],"picked":"JA","floor":16},{"not_picked":["StarlightTyphoon","StarBarrage"],"picked":"ShootTheMoon","floor":18},{"not_picked":["DC","GravityBeat"],"picked":"MagicChant","floor":21},{"not_picked":["GasGiant+1","NonDirectionalLaser"],"picked":"GrandCross","floor":22},{"not_picked":["GrandCross+1","MagicAbsorber+1"],"picked":"PowerUp+1","floor":24},{"not_picked":["6A","MaximisePower","hexamod:HauntingEcho"],"picked":"OrrerysSun","floor":28},{"not_picked":["EventHorizon","WitchOfGreed+1","DC"],"picked":"hexamod:RainOfEmbers","floor":31}],"player_experience":70166,"relics_obtained":[{"floor":5,"key":"infinitespire:BottledMercury"},{"floor":9,"key":"hubris:SlimyHat"},{"floor":10,"key":"infinitespire:Beetle Shell"},{"floor":26,"key":"hubris:DisguiseKit"},{"floor":29,"key":"infinitespire:WardingShard"}],"event_choices":[{"damage_healed":0,"gold_gain":0,"player_choice":"Ignored","damage_taken":0,"max_hp_gain":0,"max_hp_loss":0,"event_name":"Golden Wing","floor":3,"gold_loss":0},{"damage_healed":0,"gold_gain":0,"player_choice":"Searched \u00271\u0027 times","damage_taken":0,"max_hp_gain":0,"max_hp_loss":0,"event_name":"Dead Adventurer","floor":10,"gold_loss":0},{"damage_healed":0,"gold_gain":0,"player_choice":"Grow","damage_taken":0,"max_hp_gain":0,"max_hp_loss":0,"event_name":"Living Wall","floor":12,"gold_loss":0,"cards_upgraded":["UpSweep"]},{"cards_removed":["Defend_MRS"],"damage_healed":0,"gold_gain":0,"player_choice":"Purged","damage_taken":0,"max_hp_gain":0,"max_hp_loss":0,"event_name":"Purifier","floor":20,"gold_loss":0},{"damage_healed":0,"gold_gain":0,"player_choice":"Trade","damage_taken":0,"relics_obtained":["CultistMask"],"max_hp_gain":0,"max_hp_loss":0,"event_name":"FaceTrader","floor":30,"gold_loss":0}],"is_beta":false,"boss_relics":[{"not_picked":["Fusion Hammer","hubris:RunicObelisk","hubris:GrandSneckoEye"]}],"items_purged_floors":[],"is_endless":false,"potions_floor_spawned":[1,10,13,24,28],"killed_by":"Automaton","ascension_level":0}}