{"host":"2lo6hma6kymb0g9i","time":1610090581,"event":{"mods":["BaseMod","Colored Map","DeckTracker","Minty Spire (QoL Compilation)"],"gold_per_floor":[117,133,133,144,164,164,179,179,179,179,191,191,191,231,231,362,362,385,405,424,424,424],"floor_reached":21,"playtime":1392,"items_purged":[],"score":229,"play_id":"11afea66-4e38-46a9-b7b1-3f8004ef95fb","local_time":"20210108162301","is_ascension_mode":true,"campfire_choices":[{"data":"Swift Strike","floor":6,"key":"SMITH"},{"data":"Hologram","floor":13,"key":"SMITH"},{"floor":15,"key":"REST"}],"circlet_count":0,"master_deck":["Strike_B","Strike_B","Strike_B","Defend_B","Defend_B","Defend_B","Defend_B","Trip","Hologram","Coolheaded","Swift Strike+1","Reboot","Hologram+1","Core Surge","Steam Power+1","Meteor Strike+1","Leap+1","Turbo","Cold Snap+1","Go for the Eyes"],"relics":["Cracked Core","Gambling Chip","The Courier","Golden Idol","Question Card","Astrolabe"],"acts_visited":["Exordium","TheCity"],"potions_floor_usage":[14,16,19],"damage_taken":[{"damage":1,"enemies":"Cultist","floor":1,"turns":3},{"damage":3,"enemies":"2 Louse","floor":2,"turns":3},{"damage":7,"enemies":"Jaw Worm","floor":4,"turns":2},{"damage":7,"enemies":"3 Louse","floor":5,"turns":4},{"damage":2,"enemies":"Blue Slaver","floor":7,"turns":3},{"damage":9,"enemies":"2 Fungi Beasts","floor":11,"turns":2},{"damage":20,"enemies":"Lagavulin","floor":14,"turns":6},{"damage":27,"enemies":"Hexaghost","floor":16,"turns":12},{"damage":5,"enemies":"Spheric Guardian","floor":18,"turns":8},{"damage":17,"enemies":"3 Byrds","floor":19,"turns":3},{"damage":22,"enemies":"Snake Plant","floor":20,"turns":6},{"damage":12,"enemies":"Sentry and Sphere","floor":21,"turns":7}],"seed_played":"-3131614027539997419","potions_obtained":[{"floor":1,"key":"LiquidBronze"},{"floor":11,"key":"BlessingOfTheForge"},{"floor":14,"key":"DistilledChaos"},{"floor":20,"key":"GamblersBrew"}],"is_trial":false,"path_per_floor":["M","M","?","M","M","R","M","T","T","?","M","?","R","E","R","B",null,"M","M","M","M"],"character_chosen":"DEFECT","items_purchased":[],"campfire_rested":1,"item_purchase_floors":[],"current_hp_per_floor":[74,71,71,64,57,57,55,55,55,55,46,28,28,8,30,3,57,52,35,13,1,1],"gold":424,"neow_bonus":"RANDOM_COLORLESS","is_daily":false,"chose_seed":false,"campfire_upgraded":2,"win_rate":0.0,"timestamp":1610090581,"path_taken":["M","?","?","M","M","R","?","?","T","?","M","?","R","E","R","BOSS","M","M","M","M"],"items_purchased_type":[],"build_version":"2020-12-22","purchased_purges":0,"victory":false,"max_hp_per_floor":[75,75,75,75,75,75,75,75,75,75,75,75,75,75,75,75,75,75,75,75,75,75],"card_choices":[{"not_picked":["Jack Of All Trades","Dramatic Entrance"],"picked":"Trip","floor":0},{"not_picked":["Redo","Double Energy"],"picked":"Hologram","floor":1},{"not_picked":["Aggregate","Capacitor"],"picked":"Coolheaded","floor":2},{"not_picked":["Storm","Barrage","Lockon"],"picked":"SKIP","floor":4},{"not_picked":["Sweeping Beam","Rebound","Chaos"],"picked":"SKIP","floor":5},{"not_picked":["Sweeping Beam","Blizzard"],"picked":"Reboot","floor":7},{"not_picked":["Lockon","Defragment"],"picked":"Hologram","floor":11},{"not_picked":["Capacitor","Tempest","Sunder"],"picked":"SKIP","floor":14},{"not_picked":["Biased Cognition","Creative AI","Machine Learning"],"picked":"Core Surge","floor":16},{"not_picked":["Capacitor","Heatsinks","Steam Power"],"picked":"Turbo","floor":18},{"not_picked":["Sweeping Beam","Compile Driver+1","Coolheaded+1"],"picked":"Cold Snap+1","floor":19},{"not_picked":["Redo","Sweeping Beam+1","Compile Driver"],"picked":"Go for the Eyes","floor":20}],"player_experience":962844,"relics_obtained":[{"floor":8,"key":"Gambling Chip"},{"floor":9,"key":"The Courier"},{"floor":14,"key":"Question Card"}],"event_choices":[{"damage_healed":0,"gold_gain":0,"player_choice":"1 cards matched","damage_taken":0,"max_hp_gain":0,"max_hp_loss":0,"event_name":"Match and Keep!","floor":3,"gold_loss":0,"cards_obtained":["Swift Strike"]},{"damage_healed":0,"gold_gain":0,"player_choice":"Ignored","damage_taken":0,"max_hp_gain":0,"max_hp_loss":0,"event_name":"Liars Game","floor":10,"gold_loss":0},{"damage_healed":0,"gold_gain":0,"player_choice":"Take Damage","damage_taken":18,"relics_obtained":["Golden Idol"],"max_hp_gain":0,"max_hp_loss":0,"event_name":"Golden Idol","floor":12,"gold_loss":0}],"is_beta":false,"boss_relics":[{"not_picked":["Philosopher\u0027s Stone","Sozu"],"picked":"Astrolabe"}],"items_purged_floors":[],"is_endless":false,"potions_floor_spawned":[1,11,14,20],"killed_by":"Sentry and Sphere","ascension_level":5}}