{"host":"baymyijz6sxaqj5s","time":1610106645,"event":{"mods":["AchievementEnabler","BaseMod","Colored Map","Colored Powertips","DeckTracker","Highlight Path","KOR Keyword Fix","Keyboard Shortcuts","Minty Spire (QoL Compilation)","Quick Restart","StSLib","SuperFastMode"],"gold_per_floor":[118,130,141,153,164,164,180,180,204,154,170,180,180,25,25,25,25],"floor_reached":16,"playtime":333,"items_purged":[],"score":110,"play_id":"af534752-d91e-49a9-b88a-b9518f29da48","local_time":"20210108205045","is_ascension_mode":true,"campfire_choices":[{"floor":6,"key":"REST"},{"data":"Heavy Blade","floor":8,"key":"SMITH"},{"floor":15,"key":"REST"}],"circlet_count":0,"master_deck":["Strike_R","Strike_R","Strike_R","Strike_R","Defend_R","Defend_R","Defend_R","Defend_R","Bash","Entrench+1","Thunderclap","Heavy Blade+1","Cleave","Limit Break"],"relics":["Burning Blood","MealTicket"],"acts_visited":["Exordium"],"potions_floor_usage":[4,7,11],"damage_taken":[{"damage":4,"enemies":"Small Slimes","floor":1,"turns":4},{"damage":10,"enemies":"2 Louse","floor":2,"turns":4},{"damage":13,"enemies":"Cultist","floor":3,"turns":6},{"damage":30,"enemies":"Large Slime","floor":4,"turns":9},{"damage":17,"enemies":"Looter","floor":5,"turns":3},{"damage":0,"enemies":"Gremlin Gang","floor":7,"turns":2},{"damage":31,"enemies":"Exordium Wildlife","floor":11,"turns":6},{"damage":26,"enemies":"Exordium Thugs","floor":12,"turns":4},{"damage":60,"enemies":"The Guardian","floor":16,"turns":12}],"seed_played":"5341639892615664377","potions_obtained":[{"floor":3,"key":"SpeedPotion"},{"floor":4,"key":"Explosive Potion"},{"floor":7,"key":"SkillPotion"},{"floor":11,"key":"GamblersBrew"}],"is_trial":false,"path_per_floor":["M","M","M","M","M","R","M","R","T","?","M","M","?","$","R","B"],"character_chosen":"IRONCLAD","items_purchased":["Limit Break"],"campfire_rested":2,"item_purchase_floors":[14],"current_hp_per_floor":[88,84,77,53,42,68,74,74,74,74,49,29,29,44,70,10,10],"gold":25,"neow_bonus":"TEN_PERCENT_HP_BONUS","is_daily":false,"chose_seed":false,"campfire_upgraded":1,"win_rate":0.0,"timestamp":1610106645,"path_taken":["M","M","M","M","M","R","M","R","T","?","M","M","?","$","R","BOSS"],"items_purchased_type":["Card"],"build_version":"2020-12-22","purchased_purges":0,"victory":false,"max_hp_per_floor":[88,88,88,88,88,88,88,88,88,88,88,88,88,88,88,88,88],"card_choices":[{"not_picked":["Clash","Carnage","Disarm"],"picked":"SKIP","floor":1},{"not_picked":["Flex","Iron Wave"],"picked":"Entrench","floor":2},{"not_picked":["Clothesline","Headbutt"],"picked":"Thunderclap","floor":3},{"not_picked":["Perfected Strike","Reckless Charge","Havoc"],"picked":"SKIP","floor":4},{"not_picked":["Headbutt","Sever Soul","Flex"],"picked":"SKIP","floor":5},{"not_picked":["Combust","Sentinel"],"picked":"Heavy Blade","floor":7},{"not_picked":["Disarm","Wild Strike"],"picked":"Cleave","floor":11},{"not_picked":["Wild Strike","Perfected Strike","Havoc"],"picked":"SKIP","floor":12}],"player_experience":83962,"relics_obtained":[{"floor":9,"key":"MealTicket"}],"event_choices":[{"cards_removed":["Strike_R"],"damage_healed":0,"gold_gain":0,"player_choice":"Card Removal","damage_taken":0,"max_hp_gain":0,"max_hp_loss":0,"event_name":"The Cleric","floor":10,"gold_loss":50},{"damage_healed":0,"gold_gain":0,"player_choice":"Forge","damage_taken":0,"max_hp_gain":0,"max_hp_loss":0,"event_name":"Accursed Blacksmith","floor":13,"gold_loss":0,"cards_upgraded":["Entrench"]}],"is_beta":false,"boss_relics":[],"items_purged_floors":[],"is_endless":false,"potions_floor_spawned":[3,4,7,11],"killed_by":"The Guardian","ascension_level":3}}