{"host":"65aqouwnlnzlnyrz","time":1610085531,"event":{"mods":["10 clothes from DAL","ATMod(阿瑾Mod)","Ascension Reborn","BaseMod","Better Vampires","FoggyMod","Hunter 猎人","KinomotoSakuraMod(木之本樱)","Luminous","Marisa（F雨　魔理沙）","Marked Mod","Minty Spire (QoL Compilation)","Replay The Spire","StSLib","TestMod","The Construct","Youmu（魂魄妖梦）","[IsaacMod]以撒尖塔","vexMod","【功能Mod】Neow奖励","【功能Mod】聪明的最终Boss","【遗物Mod】死灵法师NEW","【遗物Mod】简单游戏","【遗物卡牌】REMEMod","没有小屋子和绿帽子啦"],"gold_per_floor":[118,118,118,193,193,193,44,44,44,76,91,91,91,150,150,253,253,264,224,149,149,248,248,283,310,310,330,330,365,0,0],"floor_reached":30,"playtime":1326,"items_purged":["Luminous:Light_Flash_Shower"],"score":308,"play_id":"f4ecbc5a-b97f-4d4d-9964-c6be8c4e5bff","local_time":"20210108135851","is_ascension_mode":true,"campfire_choices":[{"data":"AT_OneInchPunch","floor":6,"key":"SMITH"},{"data":"Luminous:Lunar_Tide_Luminous","floor":8,"key":"SMITH"},{"data":"Luminous:Mirror_Force_Luminous","floor":12,"key":"SMITH"},{"floor":15,"key":"RECALL"},{"data":"Luminous:Switch_Luminous","floor":23,"key":"SMITH"},{"data":"Summon_Undead","floor":28,"key":"SMITH"}],"circlet_count":0,"master_deck":["AT_OneInchPunch+1","Luminous:Lunar_Tide_Luminous+1","Luminous:Mirror_Force_Luminous+1","Luminous:Light_Glare","Luminous:Freud_Wisdom1_Luminous+1","Summon_Undead+1","Summon_Undead+1","Summon_Undead+1","Summon_Undead","Summon_Undead","Summon_Undead","Summon_Undead","Summon_Undead","Summon_Undead","Summon_Undead","Luminous:Light_Ray_of_Redemption"],"relics":["Luminous:MirrorRelic","EasyRelic","AT_ATBox","REME_ComplimentaryCards","HushsDoor","testmod-TestBox","testmod-IntensifyImprint","DeathBook","Chaos","AT_ArchangelStaff","PunchingBag","testmod-Faith","testmod-PortableAltar","Replay:Bronze Core","PreservedInsect","SumBook2","Chemical X","testmod-CardMagician"],"acts_visited":["Exordium","TheCity"],"potions_floor_usage":[24],"damage_taken":[{"damage":0,"enemies":"2 Louse","floor":1,"turns":2},{"damage":6,"enemies":"Lagavulin","floor":10,"turns":3},{"damage":0,"enemies":"Cultist","floor":11,"turns":2},{"damage":13,"enemies":"Slime Boss","floor":16,"turns":7},{"damage":1,"enemies":"Spheric Guardian","floor":18,"turns":2},{"damage":22,"enemies":"Gremlin Leader","floor":24,"turns":4},{"damage":9,"enemies":"Chosen","floor":27,"turns":3},{"damage":1,"enemies":"REME_1_Revenger","floor":29,"turns":3}],"seed_played":"8052155889542129815","potions_obtained":[{"floor":11,"key":"CultistPotion"},{"floor":14,"key":"LiquidBronze"},{"floor":16,"key":"Adrenaline Potion"},{"floor":24,"key":"Milkshake"}],"is_trial":false,"path_per_floor":["M","?","?","?","?","R","$","R","T","E","M","R","T","?","R","B",null,"M","?","$","?","?","R","E","T","T","M","R","E","$"],"character_chosen":"LuminousClass","items_purchased":["Chaos","Replay:Bronze Core"],"campfire_rested":0,"item_purchase_floors":[7,20],"current_hp_per_floor":[75,75,68,57,57,57,57,57,57,51,51,51,51,33,33,20,75,73,73,72,71,70,69,46,46,46,49,49,57,0,0],"gold":0,"neow_bonus":"REMOVE_CARD","is_daily":false,"chose_seed":false,"campfire_upgraded":5,"win_rate":0.0,"timestamp":1610085531,"path_taken":["M","?","?","?","?","R","$","R","T","E","?","R","?","?","R","BOSS","M","?","?","?","?","R","E","?","T","?","R","E","$"],"items_purchased_type":["Card","Relic"],"build_version":"2020-12-22","purchased_purges":1,"victory":false,"max_hp_per_floor":[75,75,75,75,75,75,75,75,75,75,75,75,75,75,75,75,75,74,73,72,71,70,69,68,67,66,65,64,63,62,62],"card_choices":[{"not_picked":["Luminous:Magic_Accelerate_Luminous","Luminous:Photic_Meditation_Luminous"],"picked":"Luminous:Lunar_Tide_Luminous","floor":1},{"not_picked":["Luminous:Concentrate_Luminous","Luminous:Magic_Accelerate_Luminous"],"picked":"Luminous:Mirror_Force_Luminous","floor":10},{"not_picked":["Luminous:Accumulation_Luminous","Luminous:Concentrate_Luminous"],"picked":"Luminous:Light_Glare","floor":11},{"not_picked":["Luminous:Accumulation_Luminous","Luminous:Mirror_Force_Luminous"],"picked":"Bomb","floor":14},{"not_picked":["Luminous:Balance_Aether_Conduit","Luminous:Chaos_Field_Luminous"],"picked":"Luminous:Freud_Wisdom1_Luminous","floor":16},{"not_picked":["Luminous:Dark_Raid","Luminous:Light_Wash_Luminous+1","Luminous:Magic_Boost_Luminous"],"picked":"SKIP","floor":18},{"not_picked":["Luminous:Light_Glare","Luminous:Accumulation_Luminous","Luminous:Armageddon_Luminous"],"picked":"SKIP","floor":24},{"not_picked":["Luminous:Accumulation_Luminous","Luminous:Dark_Dim_Erosion"],"picked":"Luminous:Light_Ray_of_Redemption","floor":27},{"not_picked":["Luminous:Concentrate_Luminous","Luminous:Magic_Boost_Luminous","Luminous:Fast_Spell_Luminous+1"],"picked":"SKIP","floor":29}],"player_experience":63252,"relics_obtained":[{"floor":9,"key":"AT_ArchangelStaff"},{"floor":10,"key":"PunchingBag"},{"floor":14,"key":"testmod-Faith"},{"floor":24,"key":"PreservedInsect"},{"floor":25,"key":"SumBook2"},{"floor":26,"key":"Chemical X"},{"floor":29,"key":"testmod-CardMagician"}],"event_choices":[{"cards_removed":["Luminous:Defend_Luminous"],"damage_healed":0,"gold_gain":0,"player_choice":"Card Removal","damage_taken":7,"max_hp_gain":0,"max_hp_loss":0,"event_name":"Golden Wing","floor":3,"gold_loss":0},{"damage_healed":0,"gold_gain":75,"player_choice":"Gather Gold","damage_taken":11,"max_hp_gain":0,"max_hp_loss":0,"event_name":"World of Goop","floor":4,"gold_loss":0},{"damage_healed":0,"gold_gain":0,"player_choice":"Upgraded Two","damage_taken":0,"max_hp_gain":0,"max_hp_loss":0,"event_name":"Designer","floor":19,"gold_loss":40,"cards_upgraded":["Luminous:Light_Flash_Shower","Luminous:Freud_Wisdom1_Luminous"]},{"damage_healed":0,"gold_gain":0,"player_choice":"Ignored","damage_taken":0,"max_hp_gain":0,"max_hp_loss":0,"event_name":"Ghosts","floor":21,"gold_loss":0},{"damage_healed":0,"gold_gain":99,"player_choice":"Stole From Cult","damage_taken":0,"max_hp_gain":0,"max_hp_loss":0,"event_name":"Nest","floor":22,"gold_loss":0}],"is_beta":false,"boss_relics":[{"not_picked":["Lee\u0027s Waffle","Astrolabe"],"picked":"testmod-PortableAltar"},{"not_picked":[]}],"items_purged_floors":[20],"is_endless":false,"potions_floor_spawned":[11,16,24,29],"ascension_level":0}}