{"host":"o0q01dgb4z8zpo6o","time":1610142538,"event":{"mods":["BaseMod","GifTheSpireLib","Minty Spire (QoL Compilation)","Relic Stats","StSLib"],"gold_per_floor":[116,116,116,140,140,140,153,153,206,206,250,269,283,283,283],"floor_reached":14,"playtime":329,"items_purged":[],"score":176,"play_id":"4f78ed15-1c57-466e-8ce7-b6d7670ce005","local_time":"20210108134858","is_ascension_mode":true,"campfire_choices":[{"data":"Loop","floor":6,"key":"SMITH"},{"floor":8,"key":"REST"},{"data":"Barrage","floor":10,"key":"SMITH"}],"circlet_count":0,"master_deck":["AscendersBane","Strike_B","Strike_B","Strike_B","Defend_B","Defend_B","Defend_B","Defend_B","Zap","Dualcast","Electrodynamics","Loop+1","Barrage+1","Sweeping Beam","Defragment","Rainbow","Undo"],"relics":["Cracked Core","Golden Idol","Ornamental Fan","DataDisk","Question Card"],"acts_visited":["Exordium"],"potions_floor_usage":[12,13],"damage_taken":[{"damage":11,"enemies":"2 Louse","floor":1,"turns":2},{"damage":12,"enemies":"Small Slimes","floor":4,"turns":4},{"damage":4,"enemies":"Jaw Worm","floor":7,"turns":4},{"damage":20,"enemies":"Lagavulin","floor":11,"turns":6},{"damage":5,"enemies":"Exordium Thugs","floor":12,"turns":3},{"damage":0,"enemies":"Looter","floor":13,"turns":3},{"damage":11,"enemies":"3 Sentries","floor":14,"turns":2}],"seed_played":"-5054046284841759087","potions_obtained":[{"floor":1,"key":"EssenceOfSteel"},{"floor":12,"key":"Weak Potion"}],"is_trial":false,"path_per_floor":["M","?","?","M","T","R","M","R","T","R","E","M","M","E"],"character_chosen":"DEFECT","items_purchased":[],"campfire_rested":1,"item_purchase_floors":[],"current_hp_per_floor":[35,35,28,16,16,16,12,31,31,31,11,6,6,0,0],"gold":283,"neow_bonus":"THREE_RARE_CARDS","is_daily":false,"chose_seed":false,"campfire_upgraded":2,"win_rate":0.0,"timestamp":1610142538,"path_taken":["M","?","?","M","?","R","?","R","T","R","E","M","M","E"],"items_purchased_type":[],"build_version":"2020-12-22","purchased_purges":0,"victory":false,"max_hp_per_floor":[71,64,64,64,64,64,64,64,64,64,64,64,64,64,64],"relic_stats":{"counters":[7,24],"Golden Idol":24,"Ornamental Fan":[0],"Question Card":2,"obtain_stats":[{"DataDisk":9,"Golden Idol":2,"Ornamental Fan":5,"Cracked Core":0,"Question Card":11},{"DataDisk":3,"Golden Idol":1,"Ornamental Fan":2,"Cracked Core":0,"Question Card":4},{"DataDisk":10,"Golden Idol":2,"Ornamental Fan":6,"Cracked Core":0,"Question Card":16}]},"card_choices":[{"not_picked":["Core Surge","Buffer"],"picked":"Electrodynamics","floor":0},{"not_picked":["Conserve Battery","Sweeping Beam"],"picked":"Loop","floor":1},{"not_picked":["Redo","Steam"],"picked":"Barrage","floor":4},{"not_picked":["Chill","Beam Cell"],"picked":"Sweeping Beam","floor":7},{"not_picked":["Storm","Leap"],"picked":"Defragment","floor":11},{"not_picked":["Barrage","Loop","Chill"],"picked":"Rainbow","floor":12},{"not_picked":["Gash","Leap","Hologram"],"picked":"Undo","floor":13}],"player_experience":1072129,"relics_obtained":[{"floor":5,"key":"Ornamental Fan"},{"floor":9,"key":"DataDisk"},{"floor":11,"key":"Question Card"}],"event_choices":[{"damage_healed":0,"gold_gain":0,"player_choice":"Lose Max HP","damage_taken":0,"relics_obtained":["Golden Idol"],"max_hp_gain":0,"max_hp_loss":7,"event_name":"Golden Idol","floor":2,"gold_loss":0},{"cards_removed":["Strike_B"],"damage_healed":0,"gold_gain":0,"player_choice":"Card Removal","damage_taken":7,"max_hp_gain":0,"max_hp_loss":0,"event_name":"Golden Wing","floor":3,"gold_loss":0}],"is_beta":false,"boss_relics":[],"items_purged_floors":[],"is_endless":false,"potions_floor_spawned":[1,12],"killed_by":"3 Sentries","ascension_level":19}}