{"host":"9v3x998ddbx8o276","time":1610105789,"event":{"mods":["AchievementEnabler","BaseMod","Colored Map","Colored Powertips","Highlight Path","Minty Spire (QoL Compilation)","Quick Restart","Rare Cards Sparkle"],"gold_per_floor":[110,110,120,131,8,8,18,18,18,18,35,62,62,82,82,156,156,174,23,23,0,50,50,85,85,85,113,132,142,173,191,191,266,266,280,293,293,303,38,67,67,67,67,96,96,96,122,134,134,134,134],"floor_reached":50,"playtime":2157,"items_purged":[],"score":1251,"play_id":"daf8536e-d13d-4597-823c-ceb2abb62551","local_time":"20210108220629","is_ascension_mode":true,"campfire_choices":[{"data":"Dagger Spray","floor":6.0,"key":"SMITH"},{"floor":10.0,"key":"REST"},{"floor":13.0,"key":"REST"},{"floor":15.0,"key":"REST"},{"floor":23.0,"key":"REST"},{"floor":25.0,"key":"REST"},{"floor":32.0,"key":"REST"},{"floor":42,"key":"RECALL"},{"floor":45,"key":"REST"},{"floor":49,"key":"REST"}],"circlet_count":0,"master_deck":["AscendersBane","Strike_G","Strike_G","Strike_G","Strike_G","Defend_G","Defend_G","Defend_G","Defend_G","Defend_G","Survivor","Neutralize","Quick Slash","Noxious Fumes","Dagger Spray+1","Slice","Noxious Fumes","Skewer","Slice","Deadly Poison","Escape Plan","Backstab","Wraith Form v2","PiercingWail+1","Caltrops","Concentrate+1","Blur","Backflip+1","Die Die Die","Catalyst","Adrenaline","Acrobatics","Cloak And Dagger+1","Writhe","Escape Plan","Wraith Form v2","Finesse","Doubt","After Image","Calculated Gamble"],"relics":["Ring of the Snake","Thread and Needle","Du-Vu Doll","Fusion Hammer","Letter Opener","Tiny Chest","PreservedInsect","Nunchaku","Snake Skull","Sozu","DollysMirror","Juzu Bracelet","HornCleat","Mummified Hand","War Paint"],"acts_visited":["Exordium","TheCity","TheBeyond"],"potions_floor_usage":[],"damage_taken":[{"damage":7.0,"enemies":"Jaw Worm","floor":1.0,"turns":6.0},{"damage":1.0,"enemies":"Cultist","floor":3.0,"turns":4.0},{"damage":7.0,"enemies":"Small Slimes","floor":4.0,"turns":3.0},{"damage":25.0,"enemies":"Exordium Thugs","floor":7.0,"turns":5.0},{"damage":3.0,"enemies":"Exordium Wildlife","floor":11.0,"turns":3.0},{"damage":17.0,"enemies":"Lagavulin","floor":12.0,"turns":6.0},{"damage":5.0,"enemies":"Large Slime","floor":14.0,"turns":4.0},{"damage":2.0,"enemies":"Slime Boss","floor":16.0,"turns":8.0},{"damage":3.0,"enemies":"3 Byrds","floor":18.0,"turns":5.0},{"damage":23.0,"enemies":"Slavers","floor":24.0,"turns":5.0},{"damage":12.0,"enemies":"Book of Stabbing","floor":27.0,"turns":5.0},{"damage":13.0,"enemies":"2 Thieves","floor":28.0,"turns":4.0},{"damage":0.0,"enemies":"Snake Plant","floor":29.0,"turns":4.0},{"damage":0.0,"enemies":"Slavers","floor":30.0,"turns":4.0},{"damage":0.0,"enemies":"Cultist and Chosen","floor":31.0,"turns":4.0},{"damage":49.0,"enemies":"Champ","floor":33.0,"turns":10.0},{"damage":20.0,"enemies":"Orb Walker","floor":35.0,"turns":4.0},{"damage":0.0,"enemies":"3 Shapes","floor":36.0,"turns":3.0},{"damage":4.0,"enemies":"Writhing Mass","floor":38.0,"turns":6.0},{"damage":31.0,"enemies":"Nemesis","floor":40.0,"turns":7.0},{"damage":71,"enemies":"Giant Head","floor":44,"turns":9},{"damage":8,"enemies":"Reptomancer","floor":47,"turns":5},{"damage":15,"enemies":"Sphere and 2 Shapes","floor":48,"turns":6},{"damage":38,"enemies":"Awakened One","floor":50,"turns":3}],"seed_played":"-3671333143101161362","potions_obtained":[{"floor":0.0,"key":"Poison Potion"},{"floor":0.0,"key":"AttackPotion"},{"floor":0.0,"key":"EssenceOfSteel"},{"floor":16.0,"key":"PowerPotion"},{"floor":24.0,"key":"Explosive Potion"},{"floor":31.0,"key":"DuplicationPotion"}],"is_trial":false,"path_per_floor":["M","?","M","M","$","R","M","$","T","R","M","E","R","M","R","B",null,"M","$","T","?","?","R","E","R","T","E","M","M","E","M","R","B",null,"M","M","?","M","$","E","?","R","T","E","R","T","E","M","R","B"],"character_chosen":"THE_SILENT","items_purchased":["Noxious Fumes","Skewer","FairyPotion","Caltrops","DollysMirror","Finesse"],"campfire_rested":8,"item_purchase_floors":[5,5,19,19,39,39],"current_hp_per_floor":[52,52,51,44,44,44,19,19,19,38,35,18,37,32,51,49,62,59,59,59,59,59,66,43,62,62,50,37,37,37,37,56,7,51,31,31,44,40,40,9,66,66,66,19,38,38,30,15,34,0,0],"gold":134,"neow_bonus":"THREE_SMALL_POTIONS","is_daily":false,"chose_seed":false,"campfire_upgraded":1,"win_rate":0.0,"timestamp":1610105789,"path_taken":["M","?","M","?","$","R","M","$","T","R","M","E","R","M","R","BOSS","M","$","?","?","?","R","E","R","T","E","M","?","E","M","R","BOSS","M","M","?","M","$","E","?","R","T","E","R","?","E","M","R","BOSS"],"items_purchased_type":["Card","Card","Potion","Card","Relic","Card"],"build_version":"2020-12-22","purchased_purges":0,"victory":false,"max_hp_per_floor":[66,66,66,66,66,66,66,66,66,66,66,66,66,66,66,66,66,66,66,66,66,66,66,66,66,66,66,66,66,66,66,66,66,66,66,66,66,66,66,66,66,66,66,66,66,66,66,66,66,66,66],"card_choices":[{"not_picked":["Acrobatics","Deflect"],"picked":"Quick Slash","floor":1.0},{"not_picked":["Tactician","Flechettes"],"picked":"Dagger Spray","floor":3.0},{"not_picked":["Sucker Punch","Choke"],"picked":"Slice","floor":4.0},{"not_picked":["Outmaneuver","A Thousand Cuts"],"picked":"Slice","floor":7.0},{"not_picked":["Setup","Poisoned Stab"],"picked":"Deadly Poison","floor":11.0},{"not_picked":["Acrobatics","Outmaneuver"],"picked":"Escape Plan","floor":12.0},{"not_picked":["Choke","Acrobatics"],"picked":"Backstab","floor":14.0},{"not_picked":["Corpse Explosion","Adrenaline"],"picked":"Wraith Form v2","floor":16.0},{"not_picked":["Skewer","Dagger Throw"],"picked":"PiercingWail","floor":18.0},{"not_picked":["Outmaneuver","Underhanded Strike"],"picked":"Concentrate+1","floor":24.0},{"not_picked":["Quick Slash","Poisoned Stab","Setup"],"picked":"SKIP","floor":27.0},{"not_picked":["Deflect","Reflex"],"picked":"Blur","floor":28.0},{"not_picked":["Riddle With Holes","Slice"],"picked":"Backflip","floor":29.0},{"not_picked":["Backflip","Deflect"],"picked":"Die Die Die","floor":30.0},{"not_picked":["Sucker Punch+1","Outmaneuver"],"picked":"Catalyst","floor":31.0},{"not_picked":["Doppelganger","Envenom"],"picked":"Adrenaline","floor":33.0},{"not_picked":["Deadly Poison","Dagger Throw"],"picked":"Acrobatics","floor":35.0},{"not_picked":["Sucker Punch","Heel Hook+1"],"picked":"Cloak And Dagger+1","floor":36.0},{"not_picked":["Tactician+1","Outmaneuver"],"picked":"Escape Plan","floor":38.0},{"not_picked":["Acrobatics","Blade Dance","Storm of Steel"],"picked":"SKIP","floor":40.0},{"not_picked":["Outmaneuver","Sucker Punch","Dagger Spray+1"],"picked":"SKIP","floor":44},{"not_picked":["Escape Plan","Distraction+1"],"picked":"After Image","floor":47},{"not_picked":["Bane+1","Escape Plan+1"],"picked":"Calculated Gamble","floor":48}],"player_experience":1634985,"relics_obtained":[{"floor":9.0,"key":"Thread and Needle"},{"floor":12.0,"key":"Du-Vu Doll"},{"floor":20.0,"key":"Letter Opener"},{"floor":24.0,"key":"Tiny Chest"},{"floor":26.0,"key":"PreservedInsect"},{"floor":27.0,"key":"Nunchaku"},{"floor":30.0,"key":"Snake Skull"},{"floor":40.0,"key":"Juzu Bracelet"},{"floor":43,"key":"HornCleat"},{"floor":44,"key":"Mummified Hand"},{"floor":47,"key":"War Paint"}],"event_choices":[{"damage_healed":0.0,"max_hp_gain":0.0,"max_hp_loss":0.0,"gold_gain":0.0,"cards_transformed":["Strike_G"],"event_name":"Transmorgrifier","player_choice":"Transformed","floor":2.0,"gold_loss":0.0,"damage_taken":0.0,"cards_obtained":["Noxious Fumes"]},{"damage_healed":0.0,"max_hp_gain":0.0,"max_hp_loss":0.0,"gold_gain":0.0,"event_name":"Masked Bandits","player_choice":"Paid Fearfully","floor":21.0,"gold_loss":23.0,"damage_taken":0.0},{"damage_healed":0.0,"max_hp_gain":0.0,"max_hp_loss":0.0,"gold_gain":50.0,"event_name":"Golden Shrine","player_choice":"Pray","floor":22.0,"gold_loss":0.0,"damage_taken":0.0},{"damage_healed":13.0,"max_hp_gain":0.0,"max_hp_loss":0.0,"gold_gain":0.0,"event_name":"Winding Halls","player_choice":"Writhe","floor":37.0,"gold_loss":0.0,"damage_taken":0.0,"cards_obtained":["Writhe"]},{"damage_healed":57.0,"max_hp_gain":0.0,"max_hp_loss":0.0,"gold_gain":0.0,"event_name":"MindBloom","player_choice":"Heal","floor":41.0,"gold_loss":0.0,"damage_taken":0.0,"cards_obtained":["Doubt"]}],"is_beta":false,"boss_relics":[{"not_picked":["Black Star","Busted Crown"],"picked":"Fusion Hammer"},{"not_picked":["HoveringKite","Runic Dome"],"picked":"Sozu"}],"items_purged_floors":[],"is_endless":false,"potions_floor_spawned":[1,3,16,24,28,30,31,35,40,44,48],"killed_by":"Awakened One","ascension_level":20}}