{"host":"jkgg7n5hn1slsm35","time":1610100722,"event":{"mods":["Aspiration","BaseMod","BetterRewards","Conspire","Googly Eyes","Gremlin Skip","Halation","Highlight Path","Hubris","Infinite Spire","Minty Spire (QoL Compilation)","Permanent Neow","StSLib","SuperFastMode","vexMod"],"gold_per_floor":[110,110,129,129,145,145,158,158,183,214,224,240,240,258,258,335,335,348,348,348,348,358,358,358,358],"floor_reached":24,"playtime":1348,"items_purged":[],"score":337,"play_id":"0731053d-730e-404f-8d20-f4a1649102a2","local_time":"20210108111202","is_ascension_mode":true,"campfire_choices":[{"data":"Shrug It Off","floor":6,"key":"SMITH"},{"data":"Flex","floor":8,"key":"SMITH"},{"floor":15,"key":"REST"},{"floor":23,"key":"REST"}],"circlet_count":0,"master_deck":["AscendersBane","Strike_R","Strike_R","Strike_R","Strike_R","Strike_R","Defend_R","Defend_R","Defend_R","Defend_R","Bash","Clash","Flex+1","Clash","Shrug It Off+1","Inflame","Thunderclap","Barricade","Iron Wave"],"relics":["Burning Blood","Strawberry","infinitespire:PuzzleCube","halation:PrussianBluePaint","hubris:Backtick","Kunai","Peace Pipe"],"acts_visited":["Exordium","TheCity"],"potions_floor_usage":[10,10,16,16],"damage_taken":[{"damage":0,"enemies":"Cultist","floor":1,"turns":3},{"damage":7,"enemies":"Jaw Worm","floor":3,"turns":3},{"damage":0,"enemies":"Small Slimes","floor":5,"turns":2},{"damage":0,"enemies":"Blue Slaver","floor":7,"turns":2},{"damage":13,"enemies":"Lagavulin","floor":10,"turns":4},{"damage":19,"enemies":"Large Slime","floor":11,"turns":6},{"damage":11,"enemies":"Looter","floor":12,"turns":2},{"damage":25,"enemies":"Exordium Wildlife","floor":14,"turns":4},{"damage":18,"enemies":"Slime Boss","floor":16,"turns":7},{"damage":35,"enemies":"Spheric Guardian","floor":18,"turns":6},{"damage":27,"enemies":"conspire:FuzzyDice","floor":22,"turns":8},{"damage":63,"enemies":"Gremlin Leader","floor":24,"turns":2}],"seed_played":"-503106284013272222","potions_obtained":[{"floor":5,"key":"BlessingOfTheForge"},{"floor":7,"key":"PowerPotion"},{"floor":10,"key":"infinitespire:BlackPotion"},{"floor":11,"key":"DistilledChaos"}],"is_trial":false,"path_per_floor":["M","?","M","?","M","R","M","R","T","E","M","M","?","M","R","B",null,"M","?","?","T","M","R","E"],"character_chosen":"IRONCLAD","items_purchased":[],"campfire_rested":2,"item_purchase_floors":[],"current_hp_per_floor":[74,74,73,73,75,75,75,75,82,75,62,57,57,38,62,50,74,45,45,53,53,32,56,0,0],"gold":358,"neow_bonus":"THREE_CARDS","is_daily":false,"chose_seed":false,"campfire_upgraded":2,"win_rate":0.0,"timestamp":1610100722,"path_taken":["M","?","M","?","?","R","M","R","T","E","M","M","?","M","R","BOSS","M","?","?","?","M","R","E"],"items_purchased_type":[],"build_version":"2020-12-22","purchased_purges":0,"victory":false,"max_hp_per_floor":[75,75,75,75,75,75,75,75,82,82,82,82,82,82,82,82,82,82,82,82,82,82,82,82,82],"card_choices":[{"not_picked":["Flex","True Grit"],"picked":"Clash","floor":0},{"not_picked":["Heavy Blade","Shockwave"],"picked":"Flex","floor":1},{"not_picked":["Dropkick","Sword Boomerang"],"picked":"Shrug It Off","floor":3},{"not_picked":["Armaments","Reckless Charge","Anger"],"picked":"SKIP","floor":5},{"not_picked":["Havoc","Pommel Strike","Anger"],"picked":"SKIP","floor":7},{"not_picked":["Offering","Perfected Strike","infinitespire:OneForAll"],"picked":"SKIP","floor":10},{"not_picked":["True Grit","Clothesline","Headbutt"],"picked":"SKIP","floor":11},{"not_picked":["Thunderclap","Wild Strike"],"picked":"Inflame","floor":12},{"not_picked":["Uppercut","Flame Barrier"],"picked":"Thunderclap","floor":14},{"not_picked":["Impervious","Bludgeon"],"picked":"Barricade","floor":16},{"not_picked":["Twin Strike","Sword Boomerang","Flex"],"picked":"SKIP","floor":18},{"not_picked":["Infernal Blade","Clothesline+1"],"picked":"Iron Wave","floor":22}],"player_experience":1824756,"relics_obtained":[{"floor":9,"key":"Strawberry"},{"floor":10,"key":"infinitespire:PuzzleCube"},{"floor":13,"key":"halation:PrussianBluePaint"},{"floor":21,"key":"Peace Pipe"}],"event_choices":[{"damage_healed":0,"gold_gain":0,"player_choice":"Ignored","damage_taken":0,"max_hp_gain":0,"max_hp_loss":0,"event_name":"Ghosts","floor":19,"gold_loss":0}],"is_beta":false,"boss_relics":[{"not_picked":["vexMod:MysteryBossChallenge","conspire:RoyalGoblet"],"picked":"hubris:Backtick"}],"items_purged_floors":[],"is_endless":false,"potions_floor_spawned":[5,7,10,11],"killed_by":"Gremlin Leader","ascension_level":14}}