{"host":"3j2m8n0ywf988fwb","time":1610098801,"event":{"mods":["2.2 Compatiblity","Aspiration","BaseMod","Better Altar","Better Match","Better Note","Better Sensory Stone","Better Skull","Better Third Choice","CCEM","Colored Map","Colored Powertips","Dark Map","GifTheSpireLib","Halation","HexUI Lib","Highlight Path","Hubris","Infinite Spire","Jedi Mod","Mimic Mod","Minty Spire (QoL Compilation)","Random Character Button","Replay The Spire","StSLib","Stuff the Spire","The Animator","Unceasing Turn Reminder","everything is the same but u backflip on backflip"],"gold_per_floor":[127,139,239,259,259,259,300,311,311,338,338,338,349,365,365,467,467,485,485,719,738,738,763,763,763,809,828,828,828],"floor_reached":28,"playtime":1320,"items_purged":[],"score":313,"play_id":"17fb2415-dc45-4db3-92b2-489f47c5dd80","local_time":"20210108034001","is_ascension_mode":true,"campfire_choices":[{"data":"animator:ElricAlphonse","floor":6,"key":"SMITH"},{"data":"animator:MaesHughes","floor":12,"key":"SMITH"},{"data":"animator:ElricAlphonse","floor":24,"key":"SMITH"}],"circlet_count":0,"master_deck":["animator:Strike_FullmetalAlchemist","animator:Defend_FullmetalAlchemist","animator:Strike","animator:Strike","animator:Strike","animator:Defend","animator:Defend","animator:Defend","animator:ElricEdward","animator:ElricAlphonse+1","animator:RoyMustang","animator:NarberalGamma+1","animator:Scar","animator:MaesHughes+1","animator:Gluttony","animator:ElricAlphonse+1","animator:Ainz","hubris:Wrath","jedi:thedog","Decay","ReplayTheSpireMod:Splinters","animator:Pride+1","animator:HarukoHaruhara","animator:TanyaDegurechaff+1","animator:SirTouchMe+1"],"relics":["animator:LivingPicture","animator:TheMissingPiece","Centennial Puzzle","halation:BottledLove","infinitespire:CursedDice","Lantern","MealTicket","Replay:Ancient Bell","Replay:Rubber Ducky","Molten Egg 2","animator:EngravedStaff","hubris:GlazedTorus","Replay:Wax Seal","StuffTheSpire:Mouthbags","animator:CursedGlyph"],"acts_visited":["Exordium","TheCity"],"potions_floor_usage":[21,21,28],"damage_taken":[{"damage":0,"enemies":"2 Louse","floor":1,"turns":2},{"damage":3,"enemies":"infinitespire:Voidling","floor":2,"turns":5},{"damage":0,"enemies":"Small Slimes","floor":4,"turns":2},{"damage":15,"enemies":"Replay:BlueRogue","floor":7,"turns":4},{"damage":19,"enemies":"Red Slaver","floor":8,"turns":3},{"damage":16,"enemies":"Gremlin Nob","floor":10,"turns":3},{"damage":6,"enemies":"Exordium Wildlife","floor":13,"turns":3},{"damage":13,"enemies":"Blue Slaver","floor":14,"turns":3},{"damage":0,"enemies":"Slime Boss","floor":16,"turns":5},{"damage":25,"enemies":"Shell Parasite","floor":18,"turns":5},{"damage":15,"enemies":"2 Thieves","floor":21,"turns":3},{"damage":15,"enemies":"Gremlin Leader","floor":23,"turns":5},{"damage":20,"enemies":"Centurion and Healer","floor":27,"turns":6},{"damage":19,"enemies":"Nightmare","floor":28,"turns":5}],"seed_played":"-7625857729052809218","potions_obtained":[{"floor":2,"key":"BlessingOfTheForge"},{"floor":4,"key":"ColorlessPotion"},{"floor":7,"key":"ColorlessPotion"},{"floor":13,"key":"SpeedPotion"},{"floor":21,"key":"Death Potion"},{"floor":27,"key":"Block Potion"}],"is_trial":false,"path_per_floor":["M","M","?","M","?","R","E","M","T","E","T","R","M","M","R_BF","B",null,"M","?","?","M","T","E","R","?","T","M","NM"],"character_chosen":"THE_ANIMATOR","items_purchased":[],"campfire_rested":0,"item_purchase_floors":[],"current_hp_per_floor":[66,63,63,64,64,64,49,30,30,14,14,14,9,24,44,48,68,47,47,47,36,36,25,25,25,25,9,0,0],"gold":828,"neow_bonus":"RANDOM_COMMON_RELIC","is_daily":false,"chose_seed":false,"campfire_upgraded":3,"win_rate":0.0,"timestamp":1610098801,"path_taken":["M","M","?","?","?","R","E","?","T","E","?","R","M","?","R_BF","BOSS","M","?","?","M","?","E","R","?","T","M","NM"],"items_purchased_type":[],"build_version":"2020-12-22","purchased_purges":0,"victory":false,"max_hp_per_floor":[66,66,66,67,67,67,67,67,67,67,67,67,68,68,68,68,68,68,68,68,68,68,68,68,68,68,64,64,64],"card_choices":[{"not_picked":["animator:Genos","animator:Kaijin"],"picked":"animator:RoyMustang","floor":1},{"not_picked":["animator:Konayuki","animator:Priestess"],"picked":"animator:NarberalGamma","floor":2},{"not_picked":["animator:Spearman","animator:ZankiKiguchi"],"picked":"animator:Scar","floor":4},{"not_picked":["animator:ElricAlphonse","animator:ElricEdward"],"picked":"animator:MaesHughes","floor":7},{"not_picked":["animator:Berserker","animator:Rider","animator:Demiurge"],"picked":"SKIP","floor":8},{"not_picked":["animator:ElricEdward","animator:Souei","animator:ZankiKiguchi"],"picked":"SKIP","floor":10},{"not_picked":["animator:Millim","animator:Vesta"],"picked":"animator:Gluttony","floor":13},{"not_picked":["animator:Gluttony","animator:MaesHughes"],"picked":"animator:ElricAlphonse","floor":14},{"not_picked":["animator:Biyorigo","animator:Shizu"],"picked":"animator:Ainz","floor":16},{"not_picked":["Delirium","Spreading Infection"],"picked":"hubris:Wrath","floor":17},{"not_picked":["ReplayTheSpireMod:Doomed","Regret"],"picked":"jedi:thedog","floor":17},{"not_picked":["Hallucinations","hubris:Gluttony"],"picked":"Decay","floor":17},{"not_picked":["animator:Millim+1","animator:Shuna+1","animator:Hakurou+1"],"picked":"SKIP","floor":18},{"not_picked":["animator:ElricEdward+1","animator:HigakiRinne"],"picked":"animator:Pride+1","floor":20},{"not_picked":["animator:UneriGinkaku+1","animator:Shichika","animator:Sonic"],"picked":"SKIP","floor":21},{"not_picked":["animator:RinTohsaka","animator:Gluttony+1","animator:Illya"],"picked":"SKIP","floor":23},{"not_picked":["animator:KotoriKanbe","animator:LimeBell"],"picked":"animator:HarukoHaruhara","floor":25},{"not_picked":["animator:MisakiNakahara","animator:Kagari"],"picked":"animator:TanyaDegurechaff+1","floor":25},{"not_picked":["animator:NarberalGamma","animator:Shalltear+1"],"picked":"animator:SirTouchMe","floor":27}],"player_experience":778197,"relics_obtained":[{"floor":7,"key":"infinitespire:CursedDice"},{"floor":9,"key":"Lantern"},{"floor":10,"key":"MealTicket"},{"floor":22,"key":"hubris:GlazedTorus"},{"floor":23,"key":"Replay:Wax Seal"},{"floor":26,"key":"StuffTheSpire:Mouthbags"},{"floor":27,"key":"animator:CursedGlyph"}],"event_choices":[{"damage_healed":0,"gold_gain":100,"player_choice":"Pray","damage_taken":0,"max_hp_gain":0,"max_hp_loss":0,"event_name":"Golden Shrine","floor":3,"gold_loss":0},{"damage_healed":0,"gold_gain":0,"player_choice":"Gave Potion","damage_taken":0,"relics_obtained":["halation:BottledLove"],"max_hp_gain":0,"max_hp_loss":0,"event_name":"WeMeetAgain","floor":5,"gold_loss":0},{"damage_healed":0,"gold_gain":0,"player_choice":"Ignored","damage_taken":0,"max_hp_gain":0,"max_hp_loss":0,"event_name":"betterNote:BetterNote","floor":19,"gold_loss":0,"cards_obtained":["Cleave"]},{"damage_healed":0,"gold_gain":2,"player_choice":"1","damage_taken":0,"max_hp_gain":0,"max_hp_loss":0,"event_name":"betterStone:BetterStone","floor":25,"gold_loss":0}],"is_beta":false,"boss_relics":[{"not_picked":["Calling Bell","hubris:RunicObelisk"],"picked":"Replay:Ancient Bell"},{"not_picked":["infinitespire:Beetle Shell","Smiling Mask"],"picked":"Replay:Rubber Ducky"},{"not_picked":["aspiration:FrozenJewel","Paper Frog"],"picked":"Molten Egg 2"},{"not_picked":["CCEMRelics:OldTooth","hubris:BundleOfHerbs"],"picked":"animator:EngravedStaff"}],"items_purged_floors":[],"is_endless":false,"potions_floor_spawned":[2,4,7,13,21,27],"killed_by":"Nightmare","ascension_level":1}}