{"host":"wby4rs3xnry3zy6c","time":1610131669,"event":{"mods":["AchievementEnabler","BaseMod","BetterRewards","Colored Map","Colored Powertips","Downfall","Hubris","Infinite Spire","Minty Spire (QoL Compilation)","Replay The Spire","Shop Mod","StSLib","The Cursed","The Necromancer"],"gold_per_floor":[112,122,141,141,66,66,83,83,106,57,57,67,78,92,92,92,92],"floor_reached":16,"playtime":611,"items_purged":["Strike_R"],"score":94,"play_id":"a56143ab-10b5-4c71-8b6d-b78f11788a79","local_time":"20210108124749","is_ascension_mode":false,"campfire_choices":[{"data":"hubris:ReadiedAction","floor":6,"key":"SMITH"},{"data":"infinitespire:OneForAll","floor":8,"key":"SMITH"},{"data":"Shrug It Off","floor":11,"key":"SMITH"},{"data":"Shrug It Off","floor":15,"key":"SMITH"}],"circlet_count":0,"master_deck":["Strike_R","Strike_R","Strike_R","Strike_R","Defend_R","Defend_R","Defend_R","Defend_R","Bash","infinitespire:OneForAll+1","hubris:ReadiedAction+1","hubris:CleavingFinish","Shrug It Off+1","Shrug It Off+1"],"relics":["Burning Blood","NeowsBlessing","Orichalcum"],"acts_visited":["Exordium"],"potions_floor_usage":[],"damage_taken":[{"damage":0,"enemies":"Cultist","floor":1,"turns":1},{"damage":0,"enemies":"Jaw Worm","floor":2,"turns":1},{"damage":0,"enemies":"infinitespire:Voidling","floor":3,"turns":1},{"damage":15,"enemies":"Red Slaver","floor":7,"turns":4},{"damage":34,"enemies":"Gremlin Gang","floor":12,"turns":8},{"damage":9,"enemies":"2 Fungi Beasts","floor":13,"turns":4},{"damage":4,"enemies":"Looter","floor":14,"turns":3},{"damage":49,"enemies":"Slime Boss","floor":16,"turns":8}],"seed_played":"8080349746754499767","potions_obtained":[{"floor":7,"key":"BlessingOfTheForge"},{"floor":12,"key":"Adrenaline Potion"},{"floor":13,"key":"EssenceOfSteel"}],"is_trial":false,"path_per_floor":["M","M","M","?","$","R","M","R","T","$","R","M","M","M","R","B"],"character_chosen":"IRONCLAD","items_purchased":["Shrug It Off"],"campfire_rested":0,"item_purchase_floors":[10],"current_hp_per_floor":[80,80,80,85,85,85,76,76,76,76,76,48,45,47,47,0,0],"gold":92,"neow_bonus":"THREE_ENEMY_KILL","is_daily":false,"chose_seed":false,"campfire_upgraded":4,"win_rate":0.0,"timestamp":1610131669,"path_taken":["M","M","M","?","$","R","M","R","T","$","R","M","M","M","R","BOSS"],"items_purchased_type":["Card"],"build_version":"2020-12-22","purchased_purges":1,"victory":false,"max_hp_per_floor":[80,80,80,85,85,85,85,85,85,85,85,85,85,85,85,85,85],"card_choices":[{"not_picked":["True Grit","Flex","Burning Pact"],"picked":"SKIP","floor":1},{"not_picked":["Twin Strike","ReplayTheSpireMod:Muscle Training"],"picked":"infinitespire:OneForAll","floor":2},{"not_picked":["Headbutt","Cleave"],"picked":"hubris:ReadiedAction","floor":3},{"not_picked":["Defy Death","Burning Pact"],"picked":"hubris:CleavingFinish","floor":7},{"not_picked":["Warcry","Clash"],"picked":"Shrug It Off","floor":12},{"not_picked":["Rampage","Anger","True Grit"],"picked":"SKIP","floor":13},{"not_picked":["Blood for Blood","hubris:CleavingFinish","Havoc"],"picked":"SKIP","floor":14}],"player_experience":97622,"relics_obtained":[{"floor":9,"key":"Orichalcum"}],"event_choices":[{"damage_healed":0,"gold_gain":0,"player_choice":"Donut","damage_taken":0,"max_hp_gain":5,"max_hp_loss":0,"event_name":"Big Fish","floor":4,"gold_loss":0}],"is_beta":false,"boss_relics":[],"items_purged_floors":[5],"is_endless":false,"potions_floor_spawned":[7,12,13],"killed_by":"Slime Boss","ascension_level":0}}