{"host":"q4axc00jr2bozlh9","time":1610102582,"event":{"mods":["AchievementEnabler","BaseMod","Bestiary","Colored Map","Colored Powertips","Curses Come First","Minty Spire (QoL Compilation)","Relic Stats","StSLib","SuperFastMode","UnlockEverythingMod"],"gold_per_floor":[114,114,143,80,80,80,96,123,146,321,321,24,24,42,42,146,146,164,152,152,166,166,166],"floor_reached":22,"playtime":837,"items_purged":["Regret","Doubt"],"score":184,"play_id":"19b7fe95-931c-468e-bbbd-d87c907588e4","local_time":"20210108114302","is_ascension_mode":false,"campfire_choices":[{"data":"Metallicize","floor":6,"key":"SMITH"},{"data":"Armaments","floor":11,"key":"SMITH"},{"data":"Evolve","floor":13,"key":"SMITH"},{"floor":15,"key":"REST"}],"circlet_count":0,"master_deck":["Strike_R","Strike_R","Strike_R+1","Strike_R","Strike_R","Defend_R","Defend_R+1","Defend_R","Defend_R","Bash+1","Metallicize+1","Evolve+1","Rage","Armaments+1","Ghostly Armor","Fire Breathing","Fiend Fire","Shrug It Off","Feel No Pain","Forethought"],"relics":["Burning Blood","MawBank","Ancient Tea Set","Membership Card","Philosopher\u0027s Stone"],"acts_visited":["Exordium","TheCity"],"potions_floor_usage":[16,22,22],"damage_taken":[{"damage":12,"enemies":"Small Slimes","floor":1,"turns":3},{"damage":17,"enemies":"Jaw Worm","floor":3,"turns":5},{"damage":9,"enemies":"2 Louse","floor":7,"turns":3},{"damage":22,"enemies":"Gremlin Nob","floor":8,"turns":5},{"damage":6,"enemies":"Blue Slaver","floor":14,"turns":4},{"damage":18,"enemies":"Slime Boss","floor":16,"turns":8},{"damage":5,"enemies":"Shell Parasite","floor":18,"turns":8},{"damage":27,"enemies":"2 Thieves","floor":19,"turns":4},{"damage":28,"enemies":"Shelled Parasite and Fungi","floor":21,"turns":12},{"damage":43,"enemies":"Centurion and Healer","floor":22,"turns":9}],"seed_played":"6424252905589926074","potions_obtained":[{"floor":8,"key":"CultistPotion"},{"floor":18,"key":"Weak Potion"},{"floor":19,"key":"Strength Potion"}],"is_trial":false,"path_per_floor":["M","?","M","$","?","R","M","E","T","?","R","$","R","M","R","B",null,"M","M","?","M","M"],"character_chosen":"IRONCLAD","items_purchased":["Membership Card","Ghostly Armor"],"campfire_rested":1,"item_purchase_floors":[12,12],"current_hp_per_floor":[74,74,63,63,47,47,44,28,28,28,28,28,28,28,52,40,80,80,59,59,37,0,0],"gold":166,"neow_bonus":"UPGRADE_CARD","is_daily":false,"chose_seed":false,"campfire_upgraded":3,"win_rate":0.0,"timestamp":1610102582,"path_taken":["M","?","M","$","?","R","M","E","T","?","R","?","R","?","R","BOSS","M","M","?","M","?"],"items_purchased_type":["Relic","Card"],"build_version":"2020-12-22","purchased_purges":2,"victory":false,"max_hp_per_floor":[80,80,80,80,80,80,80,80,80,80,80,80,80,80,80,80,80,80,80,80,80,80,80],"relic_stats":{"counters":[10,61],"MawBank":24,"obtain_stats":[{"Philosopher\u0027s Stone":17,"Membership Card":12,"MawBank":2,"Ancient Tea Set":8,"Burning Blood":0},{"Philosopher\u0027s Stone":6,"Membership Card":4,"MawBank":1,"Ancient Tea Set":4,"Burning Blood":0},{"Philosopher\u0027s Stone":28,"Membership Card":16,"MawBank":3,"Ancient Tea Set":16,"Burning Blood":0}],"Burning Blood":53},"card_choices":[{"not_picked":["Body Slam","Flex"],"picked":"Metallicize","floor":1},{"not_picked":["Havoc","Headbutt"],"picked":"Evolve","floor":3},{"not_picked":["Heavy Blade","Headbutt"],"picked":"Rage","floor":7},{"not_picked":["Exhume","Perfected Strike"],"picked":"Armaments","floor":8},{"not_picked":["Clash","Sword Boomerang"],"picked":"Fire Breathing","floor":14},{"not_picked":["Berserk","Exhume"],"picked":"Fiend Fire","floor":16},{"not_picked":["Flame Barrier","Evolve"],"picked":"Shrug It Off","floor":18},{"not_picked":["Havoc","Perfected Strike","Sword Boomerang"],"picked":"SKIP","floor":19},{"not_picked":["Perfected Strike+1","Pommel Strike","Pummel"],"picked":"SKIP","floor":21}],"player_experience":206482,"relics_obtained":[{"floor":8,"key":"Ancient Tea Set"}],"event_choices":[{"damage_healed":0,"gold_gain":0,"player_choice":"Box","damage_taken":0,"relics_obtained":["MawBank"],"max_hp_gain":0,"max_hp_loss":0,"event_name":"Big Fish","floor":2,"gold_loss":0,"cards_obtained":["Regret"]},{"damage_healed":0,"gold_gain":0,"player_choice":"Entered Light","damage_taken":16,"max_hp_gain":0,"max_hp_loss":0,"event_name":"Shining Light","floor":5,"gold_loss":0,"cards_upgraded":["Strike_R","Defend_R"]},{"damage_healed":0,"gold_gain":175,"player_choice":"AGREE","damage_taken":0,"max_hp_gain":0,"max_hp_loss":0,"event_name":"Liars Game","floor":10,"gold_loss":0,"cards_obtained":["Doubt"]},{"damage_healed":0,"gold_gain":0,"player_choice":"2 cards matched","damage_taken":0,"max_hp_gain":0,"max_hp_loss":0,"event_name":"Match and Keep!","floor":20,"gold_loss":0,"cards_obtained":["Feel No Pain","Forethought"]}],"is_beta":false,"boss_relics":[{"not_picked":["Calling Bell","Snecko Eye"],"picked":"Philosopher\u0027s Stone"}],"items_purged_floors":[4,12],"is_endless":false,"potions_floor_spawned":[8,18,19],"killed_by":"Centurion and Healer","ascension_level":0}}