{"host":"tw7a6rmo9h75ssrt","time":1610106996,"event":{"mods":["AchievementEnabler","Act Like it!","BaseMod","Colored Map","Highlight Path","Minty Spire (QoL Compilation)","Permanent Neow","Quick Restart","Relic Stats","SuperFastMode"],"gold_per_floor":[112,112,130,55,72,72,72,72],"floor_reached":7,"playtime":200,"items_purged":["Strike_R"],"score":70,"play_id":"3792cfef-185d-4298-8bec-727057deeb09","local_time":"20210108195636","is_ascension_mode":true,"campfire_choices":[{"floor":6,"key":"DIG"}],"circlet_count":0,"master_deck":["AscendersBane","Strike_R","Strike_R","Strike_R","Strike_R","Defend_R","Defend_R","Defend_R","Defend_R","Bash","Injury"],"relics":["Burning Blood","Shovel","White Beast Statue"],"acts_visited":["Exordium"],"potions_floor_usage":[],"damage_taken":[{"damage":16,"enemies":"Jaw Worm","floor":1,"turns":6},{"damage":6,"enemies":"Cultist","floor":3,"turns":4},{"damage":5,"enemies":"Small Slimes","floor":5,"turns":5},{"damage":73,"enemies":"Lagavulin","floor":7,"turns":9}],"seed_played":"-7153689453918004928","potions_obtained":[],"is_trial":false,"path_per_floor":["M","?","M","$","M","R","E"],"character_chosen":"IRONCLAD","items_purchased":[],"campfire_rested":0,"item_purchase_floors":[],"current_hp_per_floor":[58,58,58,58,59,59,0,0],"gold":72,"neow_bonus":"ONE_RARE_RELIC","is_daily":false,"chose_seed":false,"campfire_upgraded":0,"win_rate":0.0,"timestamp":1610106996,"path_taken":["M","?","?","$","M","R","E"],"items_purchased_type":[],"build_version":"2020-12-22","purchased_purges":1,"victory":false,"max_hp_per_floor":[75,75,75,75,75,75,75,75],"relic_stats":{"Shovel":1,"counters":[4,24],"obtain_stats":[{"Shovel":0,"Burning Blood":0,"White Beast Statue":6},{"Shovel":0,"Burning Blood":0,"White Beast Statue":3},{"Shovel":0,"Burning Blood":0,"White Beast Statue":15}],"Burning Blood":18},"card_choices":[{"not_picked":["Havoc","Warcry","Body Slam"],"picked":"SKIP","floor":1},{"not_picked":["Clothesline","Thunderclap","Flex"],"picked":"SKIP","floor":3},{"not_picked":["Armaments","Double Tap","Sword Boomerang"],"picked":"SKIP","floor":5}],"player_experience":116681,"relics_obtained":[{"floor":6,"key":"White Beast Statue"}],"event_choices":[{"damage_healed":0,"gold_gain":0,"player_choice":"Bought 0 Potions","damage_taken":0,"max_hp_gain":0,"max_hp_loss":0,"event_name":"The Woman in Blue","floor":2,"gold_loss":0}],"is_beta":false,"boss_relics":[],"items_purged_floors":[4],"is_endless":false,"potions_floor_spawned":[],"killed_by":"Lagavulin","ascension_level":14}}