{"host":"a0paspe0zwqgzttz","time":1610064143,"event":{"mods":["AchievementEnabler","Act Like it!","BaseMod","BetterRewards","Colored Powertips","Conspire","Downfall","GifTheSpireLib","Hermit","Highlight Path","Lobotomy","Mad Scientist","Marisa????????","Minty Spire (QoL Compilation)","Quick Restart","Replay The Spire","Robot Space Explorer","Shop Mod","StSLib","SuperFastMode","The Bug Knight","The Construct","The Cursed","The Hierophant","The Jungle","The Mystic","The Necromancer","The Runesmith","The Senshi","The Servant 0.9.4"],"gold_per_floor":[110,120,120,139,139,156,200,275,299,299,314,57,57,72,72,170,170,183,83,83,162,192,192,216,248,296,347,399,409,409,409,409,557,557,568,585,585],"floor_reached":36,"playtime":2072,"items_purged":[],"score":401,"play_id":"fc514928-27bd-40e8-b6d2-7c009f3fc158","local_time":"20210107190223","is_ascension_mode":false,"campfire_choices":[{"floor":10.0,"key":"REST"},{"floor":13.0,"key":"REST"},{"floor":15.0,"key":"REST"},{"data":"Death_March_Dance","floor":23.0,"key":"SMITH"},{"floor":30,"key":"REST"},{"data":"Negative_Energy_Mist","floor":32,"key":"SMITH"}],"circlet_count":0,"master_deck":["Strike_W","Strike_W","Strike_W+1","Strike_W","Defend_W","Defend_W","Defend_W","Defend_W+1","Negative_Energy_Arrows","Bone_Wall+1","Negative_Energy_Sphere","Negative_Energy_Shield+1","Consume_Illness","Spectral_Armor","Negative_Energy_Javelin","Death_Coil","Negative_Energy_Burst+1","Death_March_Dance+1","Negative_Energy_Mist+1","Requiem","Siphon_Strength+1","conspire:SpireCoStock+1","conspire:SpireCoStock","Negative_Energy_Shield+1","Negative_Energy_Burst","Scare","Negative_Energy_Sphere+1","Toxic_Smoke_Screen","Slay_Living+1","Grasp_Heart","Negative_Energy_Sphere+1"],"relics":["Vampire_Amulet","conspire:TopHat","HollowMod:PaleOreRelic","Potion Belt","Tiny Chest","Gremlin Food","Honey Jar","Art of War","Mummified Hand","Oddly Smooth Stone","Nunchaku","conspire:SpecialSausage"],"acts_visited":["Exordium","TheCity","TheBeyond"],"potions_floor_usage":[33,33,33],"damage_taken":[{"damage":3.0,"enemies":"Cultist","floor":1.0,"turns":4.0},{"damage":5.0,"enemies":"Small Slimes","floor":2.0,"turns":4.0},{"damage":0.0,"enemies":"2 Louse","floor":4.0,"turns":2.0},{"damage":0.0,"enemies":"Exordium Wildlife","floor":6.0,"turns":4.0},{"damage":6.0,"enemies":"conspire:MimicChest","floor":7.0,"turns":9.0},{"damage":0.0,"enemies":"Looter","floor":11.0,"turns":3.0},{"damage":2.0,"enemies":"Blue Slaver","floor":14.0,"turns":4.0},{"damage":46.0,"enemies":"Hexaghost","floor":16.0,"turns":22.0},{"damage":6.0,"enemies":"3 Byrds","floor":18.0,"turns":7.0},{"damage":9.0,"enemies":"Spheric Guardian","floor":22.0,"turns":11.0},{"damage":2.0,"enemies":"conspire:HollyBat","floor":24.0,"turns":10.0},{"damage":12.0,"enemies":"Sentry and Sphere","floor":25.0,"turns":8.0},{"damage":18.0,"enemies":"Centurion and Healer","floor":27.0,"turns":7.0},{"damage":7.0,"enemies":"conspire:Head Lice","floor":28.0,"turns":6.0},{"damage":9.0,"enemies":"Shelled Parasite and Fungi","floor":29.0,"turns":6.0},{"damage":48,"enemies":"Collector","floor":33,"turns":13},{"damage":31,"enemies":"3 Shapes","floor":35,"turns":5},{"damage":60,"enemies":"2 Orb Walkers","floor":36,"turns":4}],"seed_played":"6612147748622974305","potions_obtained":[{"floor":6.0,"key":"SpeedPotion"},{"floor":11.0,"key":"Weak Potion"},{"floor":14.0,"key":"Milkshake"},{"floor":16.0,"key":"LifebloodPotion"},{"floor":22.0,"key":"Adrenaline Potion"},{"floor":24.0,"key":"Block Potion"},{"floor":28.0,"key":"Elixir"},{"floor":29.0,"key":"SneckoOil"}],"is_trial":false,"path_per_floor":["M","M","?","M","?","M","?","?","T","R","M","$","R","M","R","B",null,"M","?","?","T","M","R","M","M","T","M","E","M","R","?","R","B",null,"M","?"],"character_chosen":"NECROMANCER","items_purchased":["Negative_Energy_Burst+1","Death_March_Dance","Gremlin Food"],"campfire_rested":4,"item_purchase_floors":[12,12,12],"current_hp_per_floor":[74,73,31,35,20,24,20,9,9,31,33,33,55,55,75,31,75,73,73,73,73,68,68,71,66,66,52,65,60,75,75,75,36,75,50,0,0],"gold":585,"neow_bonus":"RANDOM_COMMON_RELIC","is_daily":false,"chose_seed":false,"campfire_upgraded":2,"win_rate":0.0,"timestamp":1610064143,"path_taken":["M","M","?","M","?","M","?","?","T","R","M","?","R","M","R","BOSS","M","?","?","?","M","R","?","M","T","M","E","M","R","?","R","BOSS","M","?"],"items_purchased_type":["Card","Card","Relic"],"build_version":"2020-12-22","purchased_purges":0,"victory":false,"max_hp_per_floor":[75,75,75,75,75,75,75,75,75,75,75,75,75,75,75,75,75,75,75,75,75,75,75,75,75,75,75,75,75,75,75,75,75,75,75,75,75],"card_choices":[{"not_picked":["Bone_Spikes","Spectral_Armor"],"picked":"Negative_Energy_Sphere","floor":1.0},{"not_picked":["Bone_Prison","Corrupt"],"picked":"Negative_Energy_Shield","floor":2.0},{"not_picked":["Summon_Undead","Bone_Shift"],"picked":"Consume_Illness","floor":4.0},{"not_picked":["Plague_Bolt","Toxic_Smoke_Screen"],"picked":"Spectral_Armor","floor":6.0},{"not_picked":["Death_Coil","Toxic_Smoke_Screen"],"picked":"Negative_Energy_Javelin","floor":7.0},{"not_picked":["Blood_Shield","Bone_Bullets"],"picked":"Death_Coil","floor":11.0},{"not_picked":["Summon_Death_Knight","Bone_Bullets"],"picked":"Negative_Energy_Mist","floor":14.0},{"not_picked":["Cloudkill","Detonate_Bones"],"picked":"Requiem","floor":16.0},{"not_picked":["Bones_to_Steel","Negative_Energy_Sphere","Necrotic_Claws"],"picked":"Siphon_Strength+1","floor":18.0},{"not_picked":["Negative_Energy_Sphere","Blood_Curse","Deaths_Shadow"],"picked":"Negative_Energy_Shield+1","floor":22.0},{"not_picked":["Negative_Energy_Javelin","Negative_Energy_Mist","Summon_Death_Knight"],"picked":"Negative_Energy_Burst","floor":24.0},{"not_picked":["Bones_to_Steel+1","Negative_Energy_Sphere","Consume_Illness"],"picked":"Scare","floor":25.0},{"not_picked":["Death_Knell","Negative_Energy_Shield","Bone_Shift"],"picked":"Negative_Energy_Sphere+1","floor":27.0},{"not_picked":["Life_Drain","Scare","Shade_Step"],"picked":"Toxic_Smoke_Screen","floor":28.0},{"not_picked":["Death_March_Dance","Stop_Heart","Consume_Illness"],"picked":"Slay_Living+1","floor":29.0},{"not_picked":["Summon_Vampire_Lady","Reap_The_Weak","Summon_Death_Knight"],"picked":"Grasp_Heart","floor":33},{"not_picked":["Bone_Armor+1","Negative_Energy_Javelin+1","Necrotic_Claws+1"],"picked":"Negative_Energy_Sphere+1","floor":35}],"player_experience":449675,"relics_obtained":[{"floor":7.0,"key":"Potion Belt"},{"floor":9.0,"key":"Tiny Chest"},{"floor":21.0,"key":"Mummified Hand"},{"floor":26.0,"key":"Oddly Smooth Stone"},{"floor":28.0,"key":"Nunchaku"}],"event_choices":[{"damage_healed":0.0,"max_hp_gain":0.0,"max_hp_loss":0.0,"gold_gain":0.0,"event_name":"Scrap Ooze","player_choice":"Success","floor":3.0,"gold_loss":0.0,"damage_taken":42.0,"relics_obtained":["HollowMod:PaleOreRelic"]},{"damage_healed":0.0,"max_hp_gain":0.0,"max_hp_loss":0.0,"gold_gain":0.0,"event_name":"Shining Light","player_choice":"Entered Light","floor":5.0,"gold_loss":0.0,"damage_taken":15.0,"cards_upgraded":["Bone_Wall","Strike_W"]},{"damage_healed":0.0,"max_hp_gain":0.0,"max_hp_loss":0.0,"gold_gain":75.0,"event_name":"World of Goop","player_choice":"Gather Gold","floor":8.0,"gold_loss":0.0,"damage_taken":11.0},{"damage_healed":0.0,"max_hp_gain":0.0,"max_hp_loss":0.0,"gold_gain":0.0,"event_name":"conspire:Investor","player_choice":"Invest 2","floor":19.0,"gold_loss":0.0,"damage_taken":0.0},{"damage_healed":0.0,"max_hp_gain":0.0,"max_hp_loss":0.0,"gold_gain":0.0,"event_name":"WeMeetAgain","player_choice":"Gave Potion","floor":20.0,"gold_loss":0.0,"damage_taken":0.0,"relics_obtained":["Art of War"]},{"damage_healed":0,"gold_gain":0,"player_choice":"Ignored","damage_taken":0,"max_hp_gain":0,"max_hp_loss":0,"event_name":"N\u0027loth","floor":31,"gold_loss":0},{"damage_healed":0,"gold_gain":0,"player_choice":"Fight","damage_taken":0,"max_hp_gain":0,"max_hp_loss":0,"event_name":"Mysterious Sphere","floor":36,"gold_loss":0}],"is_beta":false,"boss_relics":[{"not_picked":["conspire:SlowCooker","Cursed Key"],"picked":"Honey Jar"},{"not_picked":["conspire:RunicOctahedron","SlaversCollar"],"picked":"conspire:SpecialSausage"}],"items_purged_floors":[],"is_endless":false,"potions_floor_spawned":[6,11,14,16,22,24,28,29],"killed_by":"2 Orb Walkers","ascension_level":0}}