{"host":"4cz9gr89nglr7k8k","time":1610140558,"event":{"mods":["BaseMod","Minty Spire (QoL Compilation)","Relic Stats","Slay-I"],"gold_per_floor":[119,119,133,133,153,153,197,197,197,197,231,251,265,288,288,288,288],"floor_reached":16,"playtime":457,"items_purged":[],"score":204,"play_id":"3134c4db-7c0b-4e7b-98c5-b2ba7719534c","local_time":"20210108221558","is_ascension_mode":true,"campfire_choices":[{"floor":6,"key":"REST"},{"floor":8,"key":"REST"},{"floor":10,"key":"REST"},{"floor":15,"key":"REST"}],"circlet_count":0,"master_deck":["AscendersBane","Strike_R","Strike_R","Strike_R","Strike_R","Strike_R","Defend_R","Defend_R","Defend_R","Defend_R","Bash","Anger","Feed","Clash","Sword Boomerang","Headbutt","Inflame","Cleave","Dual Wield"],"relics":["Burning Blood","Bag of Marbles","Golden Idol","Unceasing Top","Singing Bowl"],"acts_visited":["Exordium"],"potions_floor_usage":[16,16,16],"damage_taken":[{"damage":11,"enemies":"Cultist","floor":1,"turns":4},{"damage":17,"enemies":"Jaw Worm","floor":3,"turns":4},{"damage":1,"enemies":"2 Louse","floor":5,"turns":3},{"damage":32,"enemies":"Gremlin Nob","floor":7,"turns":4},{"damage":35,"enemies":"The Mushroom Lair","floor":11,"turns":4},{"damage":23,"enemies":"Large Slime","floor":12,"turns":6},{"damage":11,"enemies":"Exordium Thugs","floor":13,"turns":2},{"damage":15,"enemies":"Exordium Wildlife","floor":14,"turns":2},{"damage":55,"enemies":"The Guardian","floor":16,"turns":7}],"seed_played":"-4005949195065598988","potions_obtained":[{"floor":1,"key":"SneckoOil"},{"floor":3,"key":"EntropicBrew"},{"floor":11,"key":"AttackPotion"}],"is_trial":false,"path_per_floor":["M","?","M","?","M","R","E","R","T","R","?","M","M","M","R","B"],"character_chosen":"IRONCLAD","items_purchased":[],"campfire_rested":4,"item_purchase_floors":[],"current_hp_per_floor":[63,63,52,26,34,57,34,58,58,81,54,37,35,26,51,0,0],"gold":288,"neow_bonus":"RANDOM_COMMON_RELIC","is_daily":false,"chose_seed":false,"campfire_upgraded":0,"win_rate":0.0,"timestamp":1610140558,"path_taken":["M","?","?","?","M","R","E","R","T","R","?","M","M","M","R","BOSS"],"items_purchased_type":[],"build_version":"2020-12-22","purchased_purges":0,"victory":false,"max_hp_per_floor":[75,75,75,75,78,78,81,81,81,81,83,83,86,86,86,86,86],"relic_stats":{"Singing Bowl":2,"counters":[9,36],"Golden Idol":32,"obtain_stats":[{"Singing Bowl":9,"Golden Idol":4,"Bag of Marbles":0,"Burning Blood":0,"Unceasing Top":7},{"Singing Bowl":4,"Golden Idol":2,"Bag of Marbles":0,"Burning Blood":0,"Unceasing Top":4},{"Singing Bowl":15,"Golden Idol":8,"Bag of Marbles":0,"Burning Blood":0,"Unceasing Top":15}],"Burning Blood":48,"Unceasing Top":[0]},"card_choices":[{"not_picked":["Whirlwind","Combust"],"picked":"Anger","floor":1},{"not_picked":["Headbutt","Dual Wield"],"picked":"Clash","floor":3},{"not_picked":["Headbutt","Flex"],"picked":"Sword Boomerang","floor":5},{"not_picked":["Second Wind","Evolve"],"picked":"Headbutt","floor":7},{"not_picked":["Uppercut","Rupture","Seeing Red"],"picked":"Singing Bowl","floor":11},{"not_picked":["Body Slam","Battle Trance"],"picked":"Inflame","floor":12},{"not_picked":["Body Slam","Reckless Charge"],"picked":"Cleave","floor":13},{"not_picked":["Thunderclap","Iron Wave"],"picked":"Dual Wield","floor":14}],"player_experience":1483066,"relics_obtained":[{"floor":7,"key":"Unceasing Top"},{"floor":9,"key":"Singing Bowl"}],"event_choices":[{"damage_healed":0,"gold_gain":0,"player_choice":"1 cards matched","damage_taken":0,"max_hp_gain":0,"max_hp_loss":0,"event_name":"Match and Keep!","floor":2,"gold_loss":0,"cards_obtained":["Feed"]},{"damage_healed":0,"gold_gain":0,"player_choice":"Take Damage","damage_taken":26,"relics_obtained":["Golden Idol"],"max_hp_gain":0,"max_hp_loss":0,"event_name":"Golden Idol","floor":4,"gold_loss":0},{"damage_healed":0,"gold_gain":0,"player_choice":"Fought Mushrooms","damage_taken":0,"max_hp_gain":0,"max_hp_loss":0,"event_name":"Mushrooms","floor":11,"gold_loss":0}],"is_beta":false,"boss_relics":[],"items_purged_floors":[],"is_endless":false,"potions_floor_spawned":[1,3,5,11],"killed_by":"The Guardian","ascension_level":20}}