{"host":"k5yjj86hwv5qv2gx","time":1610124393,"event":{"mods":["BaseMod","BetterRewards","Downfall","Hermit","Minty Spire (QoL Compilation)","StSLib"],"gold_per_floor":[110,128,144,164,264,264,264,289,289,306,331,350,375,82,82,155,155,171,185,185,105,123,158,8,41,41,41,58,85,100,113,113,188,188,205,205,220,234,254,284,284,309,335,347,381,394,394,429,429,429,429,429,429,12,41,41],"floor_reached":57,"playtime":3151,"items_purged":["Strike_R","Strike_R","Defend_R","Strike_R","Defend_R"],"score":3557,"play_id":"add71c1e-9567-4fb9-bfa7-ad6c7c25b63f","local_time":"20210108084633","is_ascension_mode":true,"campfire_choices":[{"data":"Bash","floor":7,"key":"SMITH"},{"floor":15,"key":"RECALL"},{"data":"Anger","floor":27,"key":"SMITH"},{"data":"Demon Form","floor":32,"key":"SMITH"},{"data":"Reaper","floor":41,"key":"SMITH"},{"data":"Reaper","floor":49,"key":"SMITH"},{"data":"Cleave","floor":53,"key":"SMITH"}],"circlet_count":0,"master_deck":["AscendersBane","Defend_R","Bash+1","Shrug It Off+1","Cleave+1","Anger+1","Reaper+1","Battle Trance+1","Shrug It Off+1","Limit Break+1","True Grit+1","Shrug It Off+1","Spot Weakness+1","Reaper+1","Burning Pact+1","True Grit+1","Spot Weakness+1","Demon Form+1","True Grit+1","Shockwave+1","Double Tap+1","Power Through+1"],"relics":["Burning Blood","Singing Bowl","HornCleat","Prayer Wheel","Medical Kit","Lizard Tail","TungstenRod","Potion Belt","Toxic Egg 2","Ice Cream","Letter Opener","Sling","Busted Crown","MealTicket","Shuriken","Self Forming Clay","Empty Cage","Red Skull","Vajra","Regal Pillow","Magic Flower","OrangePellets","White Beast Statue"],"acts_visited":["Exordium","TheCity","TheBeyond","TheEnding"],"potions_floor_usage":[6,11,19,45,56,56,56,56],"damage_taken":[{"damage":0,"enemies":"2 Louse","floor":1,"turns":4},{"damage":0,"enemies":"Cultist","floor":2,"turns":4},{"damage":7,"enemies":"Small Slimes","floor":3,"turns":5},{"damage":18,"enemies":"Red Slaver","floor":4,"turns":6},{"damage":0,"enemies":"Gremlin Nob","floor":6,"turns":1},{"damage":22,"enemies":"3 Sentries","floor":8,"turns":8},{"damage":3,"enemies":"Exordium Wildlife","floor":10,"turns":4},{"damage":30,"enemies":"Lagavulin","floor":11,"turns":7},{"damage":0,"enemies":"Large Slime","floor":12,"turns":5},{"damage":10,"enemies":"Gremlin Nob","floor":13,"turns":4},{"damage":25,"enemies":"The Guardian","floor":16,"turns":8},{"damage":22,"enemies":"Shell Parasite","floor":18,"turns":7},{"damage":19,"enemies":"Spheric Guardian","floor":19,"turns":5},{"damage":23,"enemies":"Cultist and Chosen","floor":22,"turns":5},{"damage":49,"enemies":"Book of Stabbing","floor":23,"turns":5},{"damage":38,"enemies":"Slavers","floor":25,"turns":4},{"damage":10,"enemies":"3 Cultists","floor":28,"turns":4},{"damage":24,"enemies":"Book of Stabbing","floor":29,"turns":5},{"damage":12,"enemies":"Snecko","floor":30,"turns":8},{"damage":4,"enemies":"Sentry and Sphere","floor":31,"turns":6},{"damage":46,"enemies":"Automaton","floor":33,"turns":10},{"damage":0,"enemies":"3 Shapes","floor":35,"turns":6},{"damage":1,"enemies":"Orb Walker","floor":37,"turns":4},{"damage":9,"enemies":"Maw","floor":38,"turns":7},{"damage":27,"enemies":"3 Darklings","floor":39,"turns":5},{"damage":95,"enemies":"Giant Head","floor":40,"turns":10},{"damage":21,"enemies":"Nemesis","floor":42,"turns":7},{"damage":37,"enemies":"Spire Growth","floor":44,"turns":6},{"damage":34,"enemies":"Reptomancer","floor":45,"turns":6},{"damage":18,"enemies":"Writhing Mass","floor":46,"turns":7},{"damage":2,"enemies":"Nemesis","floor":48,"turns":11},{"damage":83,"enemies":"Donu and Deca","floor":50,"turns":9},{"damage":70,"enemies":"Time Eater","floor":51,"turns":8},{"damage":102,"enemies":"Shield and Spear","floor":55,"turns":6},{"damage":180,"enemies":"The Heart","floor":56,"turns":9}],"seed_played":"-4048350632583039782","potions_obtained":[{"floor":2,"key":"SmokeBomb"},{"floor":4,"key":"FearPotion"},{"floor":11,"key":"AttackPotion"},{"floor":12,"key":"EssenceOfSteel"},{"floor":13,"key":"FairyPotion"},{"floor":23,"key":"EssenceOfSteel"},{"floor":28,"key":"SteroidPotion"},{"floor":30,"key":"Swift Potion"},{"floor":33,"key":"Dexterity Potion"},{"floor":45,"key":"Energy Potion"},{"floor":55,"key":"ElixirPotion"}],"is_trial":false,"path_per_floor":["M","M","M","M","?","E","R","E","T","M","E","M","E","$","R","B",null,"M","M","?","$","M","E","$","E","T","R","M","E","M","M","R","B",null,"M","?","M","M","M","E","R","E","T","M","E","M","?","E","R","B","B",null,"R","$","E","B",null],"character_chosen":"IRONCLAD","items_purchased":["Singing Bowl","HornCleat","Medical Kit","Lizard Tail","Sling","Burning Pact+1","OrangePellets","Power Through+1"],"campfire_rested":0,"item_purchase_floors":[0,0,0,0,14,21,54,54],"current_hp_per_floor":[29,39,38,28,28,34,34,32,32,45,27,41,43,43,43,85,85,89,93,93,93,95,67,82,99,99,99,99,101,107,109,109,111,111,113,113,115,119,123,125,125,127,127,100,133,137,137,137,137,137,137,137,137,137,139,13],"gold":41,"neow_bonus":"","is_daily":false,"chose_seed":false,"campfire_upgraded":6,"win_rate":0.0,"timestamp":1610124393,"path_taken":["M","M","M","M","?","E","R","E","T","M","E","M","E","?","R","BOSS","M","M","?","$","?","E","?","E","T","R","M","E","M","M","R","BOSS","M","?","M","M","M","E","R","E","T","M","E","M","?","E","R","BOSS","BOSS","R","$","E","BOSS"],"items_purchased_type":["Relic","Relic","Relic","Relic","Relic","Card","Relic","Card"],"build_version":"2020-12-22","purchased_purges":5,"victory":true,"max_hp_per_floor":[77,81,81,83,83,83,83,85,85,85,85,85,85,85,85,85,85,89,93,93,93,95,97,97,99,99,99,103,105,107,109,109,111,111,113,113,115,119,123,125,125,127,127,131,133,137,137,137,137,137,137,137,137,137,139,139],"card_choices":[{"not_picked":["Heavy Blade","Clothesline"],"picked":"Shrug It Off","floor":1},{"not_picked":["Flex","Havoc","Twin Strike"],"picked":"Singing Bowl","floor":1},{"not_picked":["Armaments","Sword Boomerang","Dropkick"],"picked":"Singing Bowl","floor":2},{"not_picked":["Wild Strike","Warcry","Twin Strike"],"picked":"Singing Bowl","floor":2},{"not_picked":["Havoc","Body Slam"],"picked":"Cleave","floor":3},{"not_picked":["Reckless Charge","Combust"],"picked":"Anger","floor":3},{"not_picked":["Perfected Strike","Flex","Sever Soul"],"picked":"Singing Bowl","floor":4},{"not_picked":["Flex","Pommel Strike"],"picked":"Reaper","floor":4},{"not_picked":["Sever Soul","Cleave","Heavy Blade"],"picked":"Singing Bowl","floor":8},{"not_picked":["Sword Boomerang","Shockwave+1"],"picked":"Battle Trance+1","floor":10},{"not_picked":["Headbutt","Metallicize"],"picked":"Shrug It Off+1","floor":10},{"not_picked":["Armaments+1","Perfected Strike"],"picked":"Limit Break+1","floor":11},{"not_picked":["Sword Boomerang","Flex+1"],"picked":"True Grit+1","floor":12},{"not_picked":["Flex+1","Reckless Charge"],"picked":"Shrug It Off+1","floor":12},{"not_picked":["Rage+1","Clothesline"],"picked":"Spot Weakness+1","floor":13},{"not_picked":["Juggernaut","Brutality"],"picked":"Reaper","floor":16},{"not_picked":["Twin Strike"],"picked":"Singing Bowl","floor":18},{"not_picked":["Body Slam"],"picked":"Singing Bowl","floor":18},{"not_picked":["Body Slam"],"picked":"Singing Bowl","floor":19},{"not_picked":["Pommel Strike"],"picked":"Singing Bowl","floor":19},{"not_picked":[],"picked":"True Grit+1","floor":22},{"not_picked":["Wild Strike"],"picked":"Singing Bowl","floor":22},{"not_picked":["Rupture"],"picked":"Singing Bowl","floor":23},{"not_picked":["Uppercut"],"picked":"Singing Bowl","floor":25},{"not_picked":["Intimidate+1"],"picked":"Singing Bowl","floor":28},{"not_picked":["Cleave"],"picked":"Singing Bowl","floor":28},{"not_picked":["Anger"],"picked":"Singing Bowl","floor":29},{"not_picked":[],"picked":"Spot Weakness+1","floor":30},{"not_picked":["Headbutt"],"picked":"Singing Bowl","floor":30},{"not_picked":["Anger"],"picked":"Singing Bowl","floor":31},{"not_picked":[],"picked":"Demon Form","floor":31},{"not_picked":["Brutality"],"picked":"Singing Bowl","floor":33},{"not_picked":[],"picked":"True Grit+1","floor":35},{"not_picked":["Pummel"],"picked":"Singing Bowl","floor":35},{"not_picked":[],"picked":"Shockwave+1","floor":37},{"not_picked":["Metallicize"],"picked":"Singing Bowl","floor":37},{"not_picked":["Thunderclap"],"picked":"Singing Bowl","floor":38},{"not_picked":["Fire Breathing+1"],"picked":"Singing Bowl","floor":38},{"not_picked":["Anger"],"picked":"Singing Bowl","floor":39},{"not_picked":["Pommel Strike"],"picked":"Singing Bowl","floor":39},{"not_picked":["Sword Boomerang"],"picked":"Singing Bowl","floor":40},{"not_picked":["Anger"],"picked":"Singing Bowl","floor":42},{"not_picked":["Perfected Strike"],"picked":"Singing Bowl","floor":44},{"not_picked":["Heavy Blade"],"picked":"Singing Bowl","floor":44},{"not_picked":["Fire Breathing"],"picked":"Singing Bowl","floor":45},{"not_picked":["Dual Wield+1"],"picked":"Singing Bowl","floor":46},{"not_picked":["Searing Blow"],"picked":"Singing Bowl","floor":46},{"not_picked":[],"picked":"Double Tap+1","floor":48},{"not_picked":["Armaments+1"],"picked":"Singing Bowl","floor":55}],"player_experience":1253590,"relics_obtained":[{"floor":8,"key":"Potion Belt"},{"floor":9,"key":"Toxic Egg 2"},{"floor":11,"key":"Ice Cream"},{"floor":13,"key":"Letter Opener"},{"floor":23,"key":"MealTicket"},{"floor":25,"key":"Shuriken"},{"floor":29,"key":"Self Forming Clay"},{"floor":40,"key":"Red Skull"},{"floor":42,"key":"Vajra"},{"floor":43,"key":"Regal Pillow"},{"floor":48,"key":"Magic Flower"},{"floor":55,"key":"White Beast Statue"}],"event_choices":[{"damage_healed":0,"gold_gain":100,"player_choice":"Gold","damage_taken":0,"max_hp_gain":0,"max_hp_loss":0,"event_name":"Wheel of Change","floor":5,"gold_loss":0},{"damage_healed":0,"gold_gain":0,"player_choice":"Upgraded","damage_taken":0,"max_hp_gain":0,"max_hp_loss":0,"event_name":"Upgrade Shrine","floor":20,"gold_loss":0,"cards_upgraded":["Shrug It Off"]},{"damage_healed":0,"gold_gain":0,"player_choice":"Ignored","damage_taken":0,"max_hp_gain":0,"max_hp_loss":0,"event_name":"Tomb of Lord Red Mask","floor":36,"gold_loss":0},{"cards_removed":["Defend_R"],"damage_healed":0,"gold_gain":0,"player_choice":"Offered Basic","damage_taken":0,"max_hp_gain":0,"max_hp_loss":0,"event_name":"Bonfire Elementals","floor":47,"gold_loss":0}],"is_beta":false,"boss_relics":[{"not_picked":["Snecko Eye","Black Blood"],"picked":"Busted Crown"},{"not_picked":["Astrolabe","SacredBark"],"picked":"Empty Cage"}],"items_purged_floors":[0,0,14,24,54],"is_endless":false,"potions_floor_spawned":[2,4,11,12,13,23,28,30,31,33,35,37,45,48,55],"ascension_level":20}}