{"host":"p9t7qd83igtcp2bh","time":1610103414,"event":{"mods":["2.2 Compatiblity","AchievementEnabler","BaseMod","Colored Map","Colored Powertips","Custom Start","DeckTracker","Keyboard Shortcuts","Minty Spire (QoL Compilation)","Permanent Neow","Spicy Shops","StSLib","SuperFastMode","everything is the same but u backflip on backflip"],"gold_per_floor":[111,122,122,134,148,148,73,108,131,162,217,217,235,285,285,363,363,374,329,329],"floor_reached":19,"playtime":384,"items_purged":["Strike_B"],"score":409,"play_id":"b2d0e5a5-4b76-46c7-9ae2-ec32c269485a","local_time":"20210108195654","is_ascension_mode":true,"campfire_choices":[{"data":"Zap","floor":6,"key":"SMITH"},{"floor":15,"key":"REST"}],"circlet_count":0,"master_deck":["AscendersBane","Zap+1","Dualcast","Dramatic Entrance+1","Rip and Tear","Capacitor","Ball Lightning","Ball Lightning","Electrodynamics","Fusion","FTL+1","Beam Cell+1","Multi-Cast","Gash+1","Chaos","Storm","Stack","Hello World","Reboot","Consume","Melter+1"],"relics":["Cracked Core","Pen Nib","Toy Ornithopter","Dream Catcher","Molten Egg 2","Pandora\u0027s Box"],"acts_visited":["Exordium","TheCity"],"potions_floor_usage":[11,13,16],"damage_taken":[{"damage":1,"enemies":"Cultist","floor":1,"turns":4},{"damage":2,"enemies":"Jaw Worm","floor":2,"turns":3},{"damage":0,"enemies":"Small Slimes","floor":4,"turns":1},{"damage":0,"enemies":"3 Louse","floor":5,"turns":2},{"damage":15,"enemies":"3 Sentries","floor":8,"turns":4},{"damage":25,"enemies":"Lagavulin","floor":10,"turns":6},{"damage":15,"enemies":"Gremlin Nob","floor":11,"turns":3},{"damage":6,"enemies":"Gremlin Gang","floor":13,"turns":2},{"damage":0,"enemies":"Slime Boss","floor":16,"turns":4},{"damage":38,"enemies":"3 Byrds","floor":18,"turns":4},{"damage":33,"enemies":"2 Thieves","floor":19,"turns":2}],"seed_played":"8027317256938750012","potions_obtained":[{"floor":2,"key":"Dexterity Potion"},{"floor":5,"key":"Strength Potion"},{"floor":11,"key":"LiquidMemories"},{"floor":13,"key":"Strength Potion"}],"is_trial":false,"path_per_floor":["M","M","?","M","M","R","$","E","T","E","?","?","M","?","R","B",null,"M","M"],"character_chosen":"DEFECT","items_purchased":[],"campfire_rested":1,"item_purchase_floors":[],"current_hp_per_floor":[63,61,61,61,61,61,61,46,46,21,11,11,10,10,31,36,62,24,0,0],"gold":329,"neow_bonus":"RANDOM_COLORLESS","is_daily":false,"chose_seed":false,"campfire_upgraded":1,"win_rate":0.0,"timestamp":1610103414,"path_taken":["M","M","?","M","M","R","$","E","T","E","?","?","M","?","R","BOSS","M","?"],"items_purchased_type":[],"build_version":"2020-12-22","purchased_purges":1,"victory":false,"max_hp_per_floor":[71,71,71,71,71,71,71,71,71,71,71,71,71,71,71,71,71,71,71,71],"card_choices":[{"not_picked":["Trip","Enlightenment"],"picked":"Dramatic Entrance","floor":0},{"not_picked":["Steam","Turbo"],"picked":"Rip and Tear","floor":1},{"not_picked":["Coolheaded","Leap"],"picked":"Capacitor","floor":2},{"not_picked":["Redo","Recycle"],"picked":"Ball Lightning","floor":4},{"not_picked":["Self Repair","White Noise"],"picked":"Ball Lightning","floor":5},{"not_picked":["Rebound","Ball Lightning","Steam"],"picked":"SKIP","floor":8},{"not_picked":["Conserve Battery","Meteor Strike"],"picked":"Electrodynamics","floor":10},{"not_picked":["Storm","Streamline+1"],"picked":"Fusion","floor":11},{"not_picked":["Coolheaded","Stack"],"picked":"FTL+1","floor":13},{"not_picked":["Ball Lightning+1","Electrodynamics"],"picked":"Beam Cell+1","floor":15},{"not_picked":["Buffer","Hyperbeam+1"],"picked":"Multi-Cast","floor":16},{"not_picked":["Conserve Battery","Leap+1"],"picked":"Melter+1","floor":18}],"player_experience":603363,"relics_obtained":[{"floor":8,"key":"Pen Nib"},{"floor":9,"key":"Toy Ornithopter"},{"floor":10,"key":"Dream Catcher"},{"floor":11,"key":"Molten Egg 2"}],"event_choices":[{"damage_healed":0,"gold_gain":0,"player_choice":"Grow","damage_taken":0,"max_hp_gain":0,"max_hp_loss":0,"event_name":"Living Wall","floor":3,"gold_loss":0,"cards_upgraded":["Dramatic Entrance"]},{"damage_healed":0,"gold_gain":0,"player_choice":"Searched \u00271\u0027 times","damage_taken":0,"max_hp_gain":0,"max_hp_loss":0,"event_name":"Dead Adventurer","floor":11,"gold_loss":0},{"damage_healed":0,"gold_gain":0,"player_choice":"Ignored","damage_taken":0,"max_hp_gain":0,"max_hp_loss":0,"event_name":"Shining Light","floor":12,"gold_loss":0},{"damage_healed":0,"gold_gain":50,"player_choice":"Pray","damage_taken":0,"max_hp_gain":0,"max_hp_loss":0,"event_name":"Golden Shrine","floor":14,"gold_loss":0}],"is_beta":false,"boss_relics":[{"not_picked":["Runic Pyramid","Coffee Dripper"],"picked":"Pandora\u0027s Box"}],"items_purged_floors":[7],"is_endless":false,"potions_floor_spawned":[2,5,8,11,13],"killed_by":"2 Thieves","ascension_level":16}}