{"host":"8fuipfsvjht9cgcs","time":1610113217,"event":{"mods":["AchievementEnabler","BaseMod","Colored Map","Colored Powertips","DeckTracker","Minty Spire (QoL Compilation)","Replay The Spire","StSLib","SuperFastMode","The Gatherer"],"gold_per_floor":[369,387,221,241,257,257,257,287,287,299,299,299,52,67,67,102,102,102,102],"floor_reached":18,"playtime":764,"items_purged":["ReplayTheSpireMod:Restless Dread","Strike_R"],"score":189,"play_id":"d35537b9-2a2e-478a-baea-31dcd9410548","local_time":"20210109024017","is_ascension_mode":true,"campfire_choices":[{"data":"Body Slam","floor":9,"key":"SMITH"},{"data":"Body Slam","floor":12,"key":"SMITH"},{"data":"Power Through","floor":17,"key":"SMITH"}],"circlet_count":0,"master_deck":["AscendersBane","Strike_R","Strike_R","Strike_R","Strike_R","Defend_R","Defend_R","Defend_R","Defend_R","Bash","Body Slam+1","Power Through+1","Shrug It Off","Body Slam+1","Second Wind","True Grit","Demonic Infusion","Dark Embrace","Dropkick","Shrug It Off","ReplayTheSpireMod:Stacked"],"relics":["Burning Blood","Torii","ReplayTheSpireMod:Ninjato","Mercury Hourglass"],"acts_visited":["Exordium"],"potions_floor_usage":[18],"damage_taken":[{"damage":6,"enemies":"Cultist","floor":1,"turns":3},{"damage":0,"enemies":"Small Slimes","floor":2,"turns":3},{"damage":0,"enemies":"2 Louse","floor":4,"turns":2},{"damage":8,"enemies":"Red Slaver","floor":5,"turns":4},{"damage":64,"enemies":"Gremlin Nob","floor":8,"turns":7},{"damage":7,"enemies":"Exordium Wildlife","floor":10,"turns":7},{"damage":7,"enemies":"Large Slime","floor":14,"turns":9},{"damage":13,"enemies":"Lagavulin","floor":16,"turns":7},{"damage":12,"enemies":"Hexaghost","floor":18,"turns":10}],"seed_played":"-4838848470738330072","potions_obtained":[{"floor":1,"key":"Swift Potion"},{"floor":5,"key":"BlessingOfTheForge"}],"is_trial":false,"path_per_floor":["M","M","$","M","M","PTL","PTL","E","R","M","T","R","$","M","$","E","R","B"],"character_chosen":"IRONCLAD","items_purchased":["Shrug It Off","Body Slam","Dark Embrace","Dropkick"],"campfire_rested":0,"item_purchase_floors":[3,3,13,13],"current_hp_per_floor":[72,78,78,80,78,78,78,20,20,19,19,19,19,18,18,11,11,0,0],"gold":102,"neow_bonus":"TWO_FIFTY_GOLD","is_daily":false,"chose_seed":false,"campfire_upgraded":3,"win_rate":0.0,"timestamp":1610113217,"path_taken":["M","?","$","M","M","PTL","PTL","E","R","M","T","R","$","?","?","E","R","BOSS"],"items_purchased_type":["Card","Card","Card","Card"],"build_version":"2020-12-22","purchased_purges":2,"victory":false,"max_hp_per_floor":[80,80,80,80,80,80,80,80,80,80,80,80,80,80,80,80,80,80,80],"card_choices":[{"not_picked":["Twin Strike","Clothesline"],"picked":"Body Slam","floor":1},{"not_picked":["True Grit","Replay:Undeath\u0027s Touch"],"picked":"Power Through","floor":2},{"not_picked":["Sword Boomerang","Shockwave"],"picked":"Second Wind","floor":4},{"not_picked":["Pommel Strike","Hemokinesis"],"picked":"True Grit","floor":5},{"not_picked":["Shrug It Off","Intimidate"],"picked":"Demonic Infusion","floor":8},{"not_picked":["Body Slam","ReplayTheSpireMod:Limb From Limb","Clash"],"picked":"SKIP","floor":10},{"not_picked":["Replay:Undeath\u0027s Touch","Spot Weakness"],"picked":"Shrug It Off","floor":14},{"not_picked":["Infernal Blade","Flex"],"picked":"ReplayTheSpireMod:Stacked","floor":16}],"player_experience":365140,"relics_obtained":[{"floor":8,"key":"Torii"},{"floor":11,"key":"ReplayTheSpireMod:Ninjato"},{"floor":16,"key":"Mercury Hourglass"}],"event_choices":[],"is_beta":false,"boss_relics":[],"items_purged_floors":[3,13],"is_endless":false,"potions_floor_spawned":[1,5,10,16],"killed_by":"Hexaghost","ascension_level":11}}