{"host":"t6r1isv2bex5ovch","time":1610130585,"event":{"mods":["AchievementEnabler","Act Like it!","Aspiration","BaseMod","Better Altar","Better Note","Better Sensory Stone","Better Skull","Better Third Choice","Better Vampires","Colored Powertips","Conspire","Displayed Cursed Tome","Evolution","Minty Spire (QoL Compilation)","StSLib","The Bug Knight","The Jungle"],"gold_per_floor":[113,113,133,133,149,149,174,174,174,174,204,217,232,266,278,390,402,432,478,510,31,46,46,77,77,125,143,170,70,96,109,109,109,109],"floor_reached":33,"playtime":3453,"items_purged":["Injury","HollowMod:QuickDashStart"],"score":331,"play_id":"cdc5472f-0c32-4d5f-b4a9-0721177c9e16","local_time":"20210109042945","is_ascension_mode":true,"campfire_choices":[{"floor":6,"key":"RECALL"},{"data":"HollowMod:DoubleDash","floor":8,"key":"SMITH"},{"data":"HollowMod:CycloneSlash","floor":10,"key":"SMITH"},{"data":"HollowMod:CloakDash","floor":15,"key":"SMITH"},{"data":"HollowMod:ChannelNail","floor":23,"key":"SMITH"},{"data":"HollowMod:FocusHealStart","floor":25,"key":"SMITH"},{"data":"HollowMod:PogoStrike","floor":32,"key":"SMITH"}],"circlet_count":0,"master_deck":["HollowMod:InfectedAttack","HollowMod:NailStrikeStart","HollowMod:NailStrikeStart","HollowMod:QuickDashStart+1","HollowMod:QuickDashStart","HollowMod:QuickDashStart+1","HollowMod:FocusHealStart+1","HollowMod:PogoStrike+1","HollowMod:CycloneSlash+1","HollowMod:DoubleDash+1","HollowMod:CycloneSlash+1","HollowMod:RecoilStrike+1","HollowMod:DashSlash+1","HollowMod:ChannelNail+1","HollowMod:CloakDash+1","HollowMod:LifebloodCocoon+1","HollowMod:VengefulSpirit+1","HollowMod:SiblingsSouls+1","HollowMod:HowlingWraiths+1","HollowMod:SoulSplash+1","HollowMod:GrimmsGift+1","HollowMod:FallenFury+1"],"relics":["HollowMod:VesselMask","EVO:Axolotl","aspiration:Nostalgia","Cracked Core","Molten Egg 2","HollowMod:MillibellesNoteRelic","Odd Mushroom","MawBank","conspire:RunicOctahedron","aspiration:VileToxins","Pantograph","ClockworkSouvenir","Darkstone Periapt","War Paint","conspire:DecoderRing","Orichalcum"],"acts_visited":["Exordium","Exordium"],"potions_floor_usage":[7,14,16,24,24,33,33],"damage_taken":[{"damage":0,"enemies":"Small Slimes","floor":1,"turns":3},{"damage":0,"enemies":"2 Louse","floor":3,"turns":3},{"damage":5,"enemies":"Cultist","floor":5,"turns":3},{"damage":23,"enemies":"3 Sentries","floor":7,"turns":9},{"damage":7,"enemies":"The Mushroom Lair","floor":11,"turns":3},{"damage":0,"enemies":"Red Slaver","floor":12,"turns":3},{"damage":1,"enemies":"Large Slime","floor":13,"turns":3},{"damage":16,"enemies":"Gremlin Nob","floor":14,"turns":4},{"damage":13,"enemies":"The Guardian","floor":16,"turns":10},{"damage":2,"enemies":"theJungle:GiantWrat","floor":18,"turns":6},{"damage":8,"enemies":"conspire:MimicChest","floor":19,"turns":9},{"damage":3,"enemies":"theJungle:Flameango_and_Byrd","floor":20,"turns":4},{"damage":19,"enemies":"theJungle:2_Flameangoes","floor":22,"turns":6},{"damage":20,"enemies":"theJungle:2_Phrogs","floor":24,"turns":7},{"damage":9,"enemies":"theJungle:JungleHuntersEncounter","floor":27,"turns":5},{"damage":17,"enemies":"theJungle:Cassacara","floor":28,"turns":6},{"damage":6,"enemies":"theJungle:2_Phrogs","floor":30,"turns":5},{"damage":3,"enemies":"theJungle:Snecko_Cultist_And_Trap","floor":31,"turns":4},{"damage":73,"enemies":"theJungle:TotemBoss","floor":33,"turns":4}],"seed_played":"-5715983680828269505","potions_obtained":[{"floor":3,"key":"Regen Potion"},{"floor":13,"key":"Explosive Potion"},{"floor":14,"key":"Block Potion"},{"floor":19,"key":"Dexterity Potion"},{"floor":20,"key":"Weak Potion"},{"floor":28,"key":"SneckoOil"},{"floor":30,"key":"SpeedPotion"},{"floor":31,"key":"LiquidMemories"}],"is_trial":false,"path_per_floor":["M","?","M","?","M","R","E","R","T","R","?","M","M","E","R","B",null,"M","?","M","$","M","R","E","R","T","M","E","$","E","M","R","B"],"character_chosen":"THE_BUGKNIGHT","items_purchased":["Pantograph","ClockworkSouvenir"],"campfire_rested":0,"item_purchase_floors":[21,21],"current_hp_per_floor":[75,75,75,75,73,73,74,74,74,74,67,73,72,56,56,49,75,75,67,64,64,51,51,41,41,41,42,31,31,31,38,38,0,0],"gold":109,"neow_bonus":"NOSTALGIA","is_daily":false,"chose_seed":false,"campfire_upgraded":6,"win_rate":0.0,"timestamp":1610130585,"path_taken":["M","?","M","?","M","R","E","R","T","R","?","M","M","E","R","BOSS","M","?","?","$","M","R","E","R","T","M","E","?","E","M","R","BOSS"],"items_purchased_type":["Relic","Relic"],"build_version":"2020-12-22","purchased_purges":2,"victory":false,"max_hp_per_floor":[75,75,75,75,75,75,75,75,75,75,75,75,75,75,75,75,75,75,75,75,75,75,75,75,75,75,75,75,75,75,75,75,75,75],"card_choices":[{"not_picked":["HollowMod:VengefulVoid","HollowMod:HowlingWraiths","HollowMod:FastStrike"],"picked":"SKIP","floor":1},{"not_picked":["HollowMod:DesolateDive","HollowMod:BlackTendrils"],"picked":"HollowMod:CycloneSlash","floor":3},{"not_picked":["HollowMod:AbyssShriek+1","HollowMod:GoodIntentions"],"picked":"HollowMod:DoubleDash","floor":5},{"not_picked":["HollowMod:SoulShaman","HollowMod:WraithStrike+1"],"picked":"HollowMod:CycloneSlash+1","floor":7},{"not_picked":["HollowMod:SoulShaman","HollowMod:SoulEater"],"picked":"HollowMod:RecoilStrike+1","floor":11},{"not_picked":["HollowMod:SoulShaman","HollowMod:VengefulVoid+1"],"picked":"HollowMod:DashSlash+1","floor":12},{"not_picked":["HollowMod:FastStrike+1","HollowMod:InfectedAttack+1"],"picked":"HollowMod:ChannelNail","floor":13},{"not_picked":["HollowMod:LifebloodCore","HollowMod:NewLittleFool+1"],"picked":"HollowMod:CloakDash","floor":14},{"not_picked":["HollowMod:InfectedCysts+1","HollowMod:Grubsong"],"picked":"HollowMod:LifebloodCocoon+1","floor":18},{"not_picked":["HollowMod:SoulEater","HollowMod:MonarchWings+1"],"picked":"HollowMod:VengefulSpirit+1","floor":19},{"not_picked":["HollowMod:InfectedAttack+1","HollowMod:CrystalDash"],"picked":"HollowMod:SiblingsSouls+1","floor":20},{"not_picked":["HollowMod:CoiledNail+1","HollowMod:MawleksShell"],"picked":"HollowMod:HowlingWraiths+1","floor":22},{"not_picked":["HollowMod:NewJinnsSoul+1","HollowMod:CornifersMapStart","HollowMod:InfectedCysts+1"],"picked":"SKIP","floor":24},{"not_picked":["HollowMod:NewJinnsSoul+1","HollowMod:BaldurShell"],"picked":"HollowMod:SoulSplash+1","floor":27},{"not_picked":["HollowMod:LuriensSpire","HollowMod:ShadowDash"],"picked":"HollowMod:GrimmsGift+1","floor":28},{"not_picked":["HollowMod:SharpenedNail+1","HollowMod:TaintedHusks"],"picked":"HollowMod:FallenFury+1","floor":30},{"not_picked":["HollowMod:InfectedAttack+1","HollowMod:MonomonsArchive","HollowMod:InfectedCysts+1"],"picked":"SKIP","floor":31}],"player_experience":403647,"relics_obtained":[{"floor":7,"key":"HollowMod:MillibellesNoteRelic"},{"floor":11,"key":"Odd Mushroom"},{"floor":14,"key":"MawBank"},{"floor":19,"key":"aspiration:VileToxins"},{"floor":24,"key":"Darkstone Periapt"},{"floor":26,"key":"War Paint"},{"floor":28,"key":"conspire:DecoderRing"},{"floor":30,"key":"Orichalcum"}],"event_choices":[{"damage_healed":0,"gold_gain":0,"player_choice":"Fought Mushrooms","damage_taken":0,"max_hp_gain":0,"max_hp_loss":0,"event_name":"Mushrooms","floor":11,"gold_loss":0}],"is_beta":false,"boss_relics":[{"not_picked":["Empty Cage","aspiration:SecretTechniqueScroll"],"picked":"conspire:RunicOctahedron"}],"items_purged_floors":[21,29],"is_endless":false,"potions_floor_spawned":[3,13,14,19,20,28,30,31],"killed_by":"theJungle:TotemBoss","ascension_level":1}}