{"host":"z9x5nldzhmx4jdfi","time":1610135351,"event":{"mods":["2.2 Compatiblity","BaseMod","Better Altar","Better Match","Better Note","Better Sensory Stone","Better Skull","Better Third Choice","BetterRewards","Block Reminder","Card Filter","Colored Powertips","Infinite Spire","Minty Spire (QoL Compilation)","Relic Filter","StSLib","Td1madao Mod","The Animator","The Servant 0.9.4","Wandering Minibosses"],"gold_per_floor":[128,128,142,142,157,203,203,203,203,203,228,257,257,291,291,407,407,429,454,477,477,477,507,507,534,534,534,559,341,362,415,415,529,529,553,578,607,625,386,422,444,478,557,582,606,606,641,670,670,670,670,670,726,788,855,930,930,97,172,264,264,17,116,191,191,191,306,306,306,306],"floor_reached":69,"playtime":7470,"items_purged":["animator:Strike","animator:Strike","animator:Defend"],"score":2175,"play_id":"f022daef-fbb3-4018-96c5-f5033b898d51","local_time":"20210108134911","is_ascension_mode":true,"campfire_choices":[{"data":"animator:Bozes","floor":8.0,"key":"SMITH"},{"data":"animator:KrulTepes","floor":10.0,"key":"SMITH"},{"data":"animator:Priestess","floor":13.0,"key":"SMITH"},{"data":"animator:Mikaela","floor":15.0,"key":"SMITH"},{"data":"animator:Guren","floor":24.0,"key":"SMITH"},{"data":"animator:GuildGirl","floor":27.0,"key":"SMITH"},{"data":"animator:Shinoa","floor":32.0,"key":"SMITH"},{"data":"animator:HiiragiTenri","floor":46.0,"key":"SMITH"},{"floor":49.0,"key":"RECALL"},{"data":"animator:SwordMaiden","floor":52.0,"key":"SMITH"},{"floor":66.0,"key":"REST"},{"floor":68.0,"key":"REST"}],"circlet_count":0,"master_deck":["AscendersBane","animator:Defend_OwariNoSeraph+1","animator:Shinoa+1","animator:Mikaela+1","animator:KrulTepes+1","animator:Bozes+1","animator:Yuuichirou+1","animator:Togame+1","animator:Spearman+1","animator:Mitsuba+1","animator:Priestess+1","animator:HiiragiShinya+1","animator:GuildGirl+1","animator:Guren+1","animator:Shigure+1","animator:Shinoa+1","Inflame+1","Defragment+1","Footwork+1","animator:HiiragiTenri+1","animator:Yuuichirou+1","animator:Yoichi+1","animator:Shizu+1","animator:Shinoa+1","animator:TsurugaMeisai+1","animator:Shinoa+1","animator:FeridBathory+1","animator:Yuuichirou+1","animator:Yuuichirou+1","animator:Witch+1","Parasite","animator:SwordMaiden+1","animator:KrulTepes+1","animator:GoblinSlayer+1","animator:Togame+1","animator:CrowleyEusford+1"],"relics":["animator:CursedGlyph","animator:TheEruzaStone","animator:AncientMedallion"],"acts_visited":["Exordium","TheCity","TheBeyond","TheEnding","EYB:TheUnnamedReign"],"potions_floor_usage":[69,69,69],"damage_taken":[{"damage":0.0,"enemies":"Cultist","floor":1.0,"turns":3.0},{"damage":0.0,"enemies":"2 Louse","floor":3.0,"turns":2.0},{"damage":0.0,"enemies":"Small Slimes","floor":5.0,"turns":2.0},{"damage":24.0,"enemies":"3 Sentries","floor":6.0,"turns":8.0},{"damage":14.0,"enemies":"Gremlin Nob","floor":11.0,"turns":4.0},{"damage":0.0,"enemies":"The Mushroom Lair","floor":12.0,"turns":4.0},{"damage":5.0,"enemies":"Lagavulin","floor":14.0,"turns":6.0},{"damage":0.0,"enemies":"The Guardian","floor":16.0,"turns":8.0},{"damage":0.0,"enemies":"Chosen","floor":18.0,"turns":4.0},{"damage":9.0,"enemies":"3 Byrds","floor":19.0,"turns":6.0},{"damage":3.0,"enemies":"Centurion and Healer","floor":20.0,"turns":6.0},{"damage":27.0,"enemies":"Gremlin Leader","floor":23.0,"turns":7.0},{"damage":1.0,"enemies":"Slavers","floor":25.0,"turns":4.0},{"damage":14.0,"enemies":"3 Cultists","floor":28.0,"turns":7.0},{"damage":12.0,"enemies":"Snake Plant","floor":30.0,"turns":6.0},{"damage":22.0,"enemies":"Book of Stabbing","floor":31.0,"turns":6.0},{"damage":0.0,"enemies":"Champ","floor":33.0,"turns":10.0},{"damage":0.0,"enemies":"Orb Walker","floor":35.0,"turns":3.0},{"damage":0.0,"enemies":"3 Darklings","floor":36.0,"turns":4.0},{"damage":0.0,"enemies":"Sphere and 2 Shapes","floor":37.0,"turns":5.0},{"damage":0.0,"enemies":"Transient","floor":38.0,"turns":5.0},{"damage":0.0,"enemies":"Nemesis","floor":40.0,"turns":5.0},{"damage":39.0,"enemies":"Spire Growth","floor":41.0,"turns":6.0},{"damage":0.0,"enemies":"Reptomancer","floor":42.0,"turns":3.0},{"damage":0.0,"enemies":"Writhing Mass","floor":44.0,"turns":5.0},{"damage":0.0,"enemies":"Maw","floor":45.0,"turns":6.0},{"damage":0.0,"enemies":"Nemesis","floor":47.0,"turns":3.0},{"damage":0.0,"enemies":"Sphere and 2 Shapes","floor":48.0,"turns":4.0},{"damage":5.0,"enemies":"Awakened One","floor":50.0,"turns":10.0},{"damage":0.0,"enemies":"animator:UNNAMED_CULTIST_1","floor":54.0,"turns":7.0},{"damage":14.0,"enemies":"animator:TRIPLE_SHAPES_WEAK","floor":55.0,"turns":7.0},{"damage":0.0,"enemies":"animator:TRIPLE_LAGAVULIN","floor":59.0,"turns":5.0},{"damage":38.0,"enemies":"animator:LARGE_WISP","floor":60.0,"turns":5.0},{"damage":26.0,"enemies":"animator:ULTIMATE_CUBE","floor":63.0,"turns":7.0},{"damage":3.0,"enemies":"animator:ULTIMATE_CRYSTAL","floor":67.0,"turns":4.0},{"damage":101,"enemies":"animator:TheUnnamed","floor":69,"turns":14}],"seed_played":"6637871695648278542","potions_obtained":[{"floor":5.0,"key":"DistilledChaos"},{"floor":11.0,"key":"Fire Potion"},{"floor":14.0,"key":"Energy Potion"},{"floor":20.0,"key":"DuplicationPotion"},{"floor":25.0,"key":"Weak Potion"},{"floor":31.0,"key":"SkillPotion"},{"floor":33.0,"key":"Dexterity Potion"},{"floor":42.0,"key":"LiquidMemories"},{"floor":54.0,"key":"animator:FalseLifePotion"},{"floor":55.0,"key":"animator:FalseLifePotion"},{"floor":59.0,"key":"animator:FalseLifePotion"}],"is_trial":false,"path_per_floor":["M","?","M","?","M","E","?","R","T","R","E","?","R","E","R","B",null,"M","M","M","?","AVR","E","R","E","T","R","M","$","M","E","R","B",null,"M","M","M","M","$","E","M","E","T","M","M","R","E","M","R","B",null,"R","??","M","M","T","?","$","M","M","?","$","E","T","?","R","E","R","B"],"character_chosen":"THE_ANIMATOR","items_purchased":["animator:Hoodie","animator:KrulTepes","animator:Bozes","animator:Yuuichirou","Membership Card","Molten Egg 2","Whetstone","Paper Frog","Calipers","DollysMirror","animator:FeridBathory+1","animator:Yuuichirou+1","Gremlin Horn","animator:GoblinSlayer","animator:AncientMedallion","animator:AncientMedallion","animator:AncientMedallion","animator:AncientMedallion"],"campfire_rested":2,"item_purchase_floors":[0,0,0,0,0,0,0,0,29,29,39,39,39,58,58,58,58,62],"current_hp_per_floor":[22,22,25,25,28,4,29,29,29,29,17,23,23,20,20,27,68,77,75,78,78,78,57,57,64,64,64,60,60,58,46,46,59,79,88,91,95,98,98,101,62,75,75,88,101,101,113,116,116,111,115,115,94,94,92,92,92,92,94,72,84,84,70,70,70,96,93,96,0,0],"gold":306,"neow_bonus":"","is_daily":false,"chose_seed":false,"campfire_upgraded":9,"win_rate":0.0,"timestamp":1610135351,"path_taken":["M","?","?","?","?","E","?","R","T","R","E","?","R","E","R","BOSS","M","M","M","?","AVR","E","R","E","T","R","M","$","?","E","R","BOSS","M","M","M","M","$","E","M","E","T","M","M","R","E","M","R","BOSS","R","??","M","M","T","?","$","M","M","?","$","E","T","?","R","E","R","BOSS"],"items_purchased_type":["Relic","Card","Card","Card","Relic","Relic","Relic","Relic","Relic","Relic","Card","Card","Relic","Card","Relic","Relic","Relic","Relic"],"build_version":"2020-12-22","purchased_purges":3,"victory":false,"max_hp_per_floor":[69,69,72,72,75,75,75,75,75,75,75,79,79,79,79,82,82,85,86,86,86,86,86,86,86,86,86,82,82,82,82,82,85,85,88,91,95,98,98,101,101,104,104,107,110,110,113,116,116,116,116,116,94,94,94,94,94,94,94,94,94,94,96,96,96,96,96,96,96,96],"card_choices":[{"not_picked":["animator:MumenRider+1","animator:DolaSchwi+1"],"picked":"animator:Togame","floor":1.0},{"not_picked":["animator:Geryuganshoop","animator:DolaCouronne"],"picked":"animator:Spearman+1","floor":3.0},{"not_picked":["animator:DolaSchwi+1","animator:LeleiLaLalena","animator:MumenRider+1"],"picked":"SKIP","floor":5.0},{"not_picked":["animator:Shigure+1","animator:Yoichi"],"picked":"animator:Mitsuba+1","floor":6.0},{"not_picked":["animator:SilverFang","animator:YaoHaDucy+1"],"picked":"animator:Priestess","floor":11.0},{"not_picked":["animator:Spearman+1","animator:Shuna"],"picked":"animator:HiiragiShinya","floor":12.0},{"not_picked":["animator:Emonzaemon+1","animator:Tet"],"picked":"animator:GuildGirl","floor":14.0},{"not_picked":["animator:Shiro","animator:Rimuru"],"picked":"animator:Guren","floor":16.0},{"not_picked":["animator:ChlammyZell","animator:Shuna+1","animator:Kaijin"],"picked":"SKIP","floor":18.0},{"not_picked":["animator:KrulTepes+1","animator:Shinoa"],"picked":"animator:Shigure+1","floor":19.0},{"not_picked":["animator:Kaijin","animator:YaoHaDucy+1","animator:Shuna"],"picked":"SKIP","floor":20.0},{"not_picked":["animator:Genos+1","animator:DwarfShaman+1","animator:Kuribayashi+1"],"picked":"SKIP","floor":23.0},{"not_picked":["animator:GazelDwargon","animator:Kaijin+1","animator:Sonic"],"picked":"SKIP","floor":25.0},{"not_picked":["animator:Mikaela+1","animator:Shinoa"],"picked":"animator:HiiragiTenri","floor":28.0},{"not_picked":["animator:Azekura","animator:Benimaru+1","animator:Mikaela+1"],"picked":"SKIP","floor":30.0},{"not_picked":["animator:PinaCoLada+1","animator:Millim+1"],"picked":"animator:Yoichi","floor":31.0},{"not_picked":["animator:ItamiYouji+1","animator:HigakiRinne"],"picked":"animator:Shizu+1","floor":33.0},{"not_picked":["animator:Shigure+1","animator:Mitsuba+1"],"picked":"animator:Shinoa","floor":35.0},{"not_picked":["animator:MetalKnight+1","animator:DolaStephanie","animator:Konayuki+1"],"picked":"SKIP","floor":36.0},{"not_picked":["animator:Togame","animator:MumenRider+1"],"picked":"animator:TsurugaMeisai+1","floor":37.0},{"not_picked":["animator:Mikaela+1","animator:KrulTepes+1"],"picked":"animator:Shinoa","floor":38.0},{"not_picked":["animator:Tet","animator:Benimaru+1","animator:Nanami+1"],"picked":"SKIP","floor":40.0},{"not_picked":["animator:Mikaela+1","animator:Tet","animator:SilverFang"],"picked":"animator:Yuuichirou+1","floor":41.0},{"not_picked":["animator:DwarfShaman+1","animator:LizardPriest","animator:Spearman+1"],"picked":"animator:Witch","floor":42.0},{"not_picked":["animator:Bozes+1","animator:Kuribayashi+1","animator:ZankiKiguchi+1"],"picked":"animator:SwordMaiden","floor":44.0},{"not_picked":["animator:Azekura","animator:Tatsumaki+1","animator:LizardPriest+1"],"picked":"animator:KrulTepes+1","floor":45.0},{"not_picked":["animator:Kaijin+1","animator:Spearman+1","animator:Mitsuba+1","animator:Yoichi"],"picked":"SKIP","floor":48.0},{"not_picked":["animator:LizardPriest","animator:Hakurou+1","animator:Benimaru"],"picked":"SKIP","floor":54.0},{"not_picked":["animator:Shinoa","animator:Tyuule","animator:DolaStephanie+1"],"picked":"SKIP","floor":55.0},{"not_picked":["animator:Witch","animator:Geryuganshoop"],"picked":"animator:Togame","floor":59.0},{"not_picked":["animator:Emonzaemon","animator:Millim+1","animator:Yoichi"],"picked":"SKIP","floor":60.0},{"not_picked":["animator:Bozes","animator:Priestess"],"picked":"animator:CrowleyEusford","floor":63.0},{"not_picked":["animator:Spearman+1","animator:Witch","animator:YaoHaDucy"],"picked":"SKIP","floor":67.0}],"player_experience":1483597,"relics_obtained":[{"floor":6.0,"key":"Blood Vial"},{"floor":6.0,"key":"War Paint"},{"floor":9.0,"key":"Gambling Chip"},{"floor":11.0,"key":"infinitespire:ShieldingShard"},{"floor":12.0,"key":"Odd Mushroom"},{"floor":14.0,"key":"Blood Vial"},{"floor":14.0,"key":"infinitespire:FocusingShard"},{"floor":16.0,"key":"Blood Vial"},{"floor":23.0,"key":"Blood Vial"},{"floor":23.0,"key":"Centennial Puzzle"},{"floor":25.0,"key":"Blood Vial"},{"floor":25.0,"key":"Bottled Lightning"},{"floor":26.0,"key":"Frozen Egg 2"},{"floor":28.0,"key":"animator:CursedGlyph"},{"floor":31.0,"key":"Meat on the Bone"},{"floor":40.0,"key":"Question Card"},{"floor":42.0,"key":"MealTicket"},{"floor":44.0,"key":"wanderingMiniBosses:Inkheart"},{"floor":47.0,"key":"infinitespire:Satchel"},{"floor":53.0,"key":"animator:TheEruzaStone"},{"floor":53.0,"key":"animator:AncientMedallion"},{"floor":56.0,"key":"animator:AncientMedallion"},{"floor":63.0,"key":"animator:AncientMedallion"},{"floor":64.0,"key":"animator:AncientMedallion"}],"event_choices":[{"cards_removed":["animator:Defend"],"damage_healed":0.0,"max_hp_gain":0.0,"max_hp_loss":0.0,"gold_gain":0.0,"event_name":"Bonfire Elementals","player_choice":"Offered Basic","floor":2.0,"gold_loss":0.0,"damage_taken":0.0},{"cards_removed":["animator:Strike_OwariNoSeraph"],"damage_healed":0.0,"max_hp_gain":0.0,"max_hp_loss":0.0,"gold_gain":0.0,"event_name":"Purifier","player_choice":"Purged","floor":4.0,"gold_loss":0.0,"damage_taken":0.0},{"damage_healed":25.0,"max_hp_gain":0.0,"max_hp_loss":0.0,"gold_gain":0.0,"event_name":"Big Fish","player_choice":"Banana","floor":7.0,"gold_loss":0.0,"damage_taken":0.0},{"damage_healed":0.0,"max_hp_gain":0.0,"max_hp_loss":0.0,"gold_gain":0.0,"event_name":"Mushrooms","player_choice":"Fought Mushrooms","floor":12.0,"gold_loss":0.0,"damage_taken":0.0},{"damage_healed":0.0,"max_hp_gain":0.0,"max_hp_loss":0.0,"gold_gain":0.0,"event_name":"betterNote:BetterNote","player_choice":"Take","floor":21.0,"gold_loss":0.0,"damage_taken":0.0,"cards_obtained":["animator:Shinoa"]}],"is_beta":false,"boss_relics":[{"not_picked":["Velvet Choker","Pandora\u0027s Box"],"picked":"SacredBark"},{"not_picked":["Coffee Dripper","Calling Bell"],"picked":"Mark of Pain"}],"items_purged_floors":[0,0,22],"is_endless":false,"potions_floor_spawned":[5,11,14,20,25,31,33,36,37,38,42,48,59,60],"killed_by":"animator:TheUnnamed","ascension_level":10}}