{"host":"981nlwu0905dw1bz","time":1610110059,"event":{"mods":["AchievementEnabler","BaseMod","DeckTracker","Minty Spire (QoL Compilation)","Rare Cards Sparkle","SuperFastMode"],"gold_per_floor":[111,122,122,138,152,152,152,152,152,168,187,205,225,236,236,338,338,358,358,358,368,64,64,79,79,79,79,5,5,5,20,20,20,20],"floor_reached":33,"playtime":869,"items_purged":[],"score":386,"play_id":"e2e5fada-43e9-4aa0-b262-40cd8cb1fef0","local_time":"20210108214739","is_ascension_mode":true,"campfire_choices":[{"data":"Leap","floor":6.0,"key":"SMITH"},{"data":"Sweeping Beam","floor":8.0,"key":"SMITH"},{"floor":15.0,"key":"REST"},{"data":"Defragment","floor":23.0,"key":"SMITH"},{"floor":25.0,"key":"REST"},{"floor":29.0,"key":"REST"},{"floor":32,"key":"REST"}],"circlet_count":0,"master_deck":["AscendersBane","Strike_B+1","Strike_B+1","Strike_B+1","Defend_B+1","Defend_B+1","Defend_B+1","Defend_B+1","Zap","Dualcast","Sweeping Beam+1","Compile Driver","Leap+1","Rebound","Static Discharge","Ball Lightning","Cold Snap","Defragment+1","Self Repair"],"relics":["Cracked Core","NeowsBlessing","Gremlin Horn","White Beast Statue","Inserter","Ginger","Centennial Puzzle"],"acts_visited":["Exordium","TheCity"],"potions_floor_usage":[31],"damage_taken":[{"damage":0.0,"enemies":"Jaw Worm","floor":1.0,"turns":1.0},{"damage":0.0,"enemies":"Cultist","floor":2.0,"turns":1.0},{"damage":0.0,"enemies":"Small Slimes","floor":4.0,"turns":1.0},{"damage":12.0,"enemies":"2 Fungi Beasts","floor":5.0,"turns":3.0},{"damage":0.0,"enemies":"Large Slime","floor":10.0,"turns":4.0},{"damage":13.0,"enemies":"Gremlin Gang","floor":11.0,"turns":2.0},{"damage":1.0,"enemies":"Looter","floor":12.0,"turns":3.0},{"damage":4.0,"enemies":"3 Louse","floor":13.0,"turns":4.0},{"damage":1.0,"enemies":"Large Slime","floor":14.0,"turns":4.0},{"damage":37.0,"enemies":"The Guardian","floor":16.0,"turns":9.0},{"damage":4.0,"enemies":"Spheric Guardian","floor":18.0,"turns":3.0},{"damage":10.0,"enemies":"3 Byrds","floor":21.0,"turns":2.0},{"damage":34.0,"enemies":"Snake Plant","floor":24.0,"turns":5.0},{"damage":27.0,"enemies":"Colosseum Slavers","floor":30.0,"turns":5.0},{"damage":29,"enemies":"Centurion and Healer","floor":31,"turns":6},{"damage":0,"enemies":"Automaton","floor":33,"turns":2}],"seed_played":"-6638325163446804429","potions_obtained":[{"floor":5.0,"key":"Fruit Juice"},{"floor":10.0,"key":"Weak Potion"},{"floor":11.0,"key":"GamblersBrew"},{"floor":12.0,"key":"Energy Potion"},{"floor":13.0,"key":"FocusPotion"},{"floor":16.0,"key":"Weak Potion"},{"floor":18.0,"key":"SkillPotion"},{"floor":20.0,"key":"Fire Potion"},{"floor":21.0,"key":"Strength Potion"},{"floor":24.0,"key":"FearPotion"},{"floor":31,"key":"SpeedPotion"}],"is_trial":false,"path_per_floor":["M","M","?","M","M","R","?","R","T","M","M","M","M","M","R","B",null,"M","?","?","M","$","R","M","R","T","?","$","R","?","M","R","B"],"character_chosen":"DEFECT","items_purchased":["Ginger","Self Repair"],"campfire_rested":4,"item_purchase_floors":[22,28],"current_hp_per_floor":[68,68,68,68,56,56,56,61,61,61,48,47,43,42,66,29,67,63,63,63,53,53,53,19,43,43,43,43,67,47,25,49,49,49],"gold":20,"neow_bonus":"THREE_ENEMY_KILL","is_daily":false,"chose_seed":false,"campfire_upgraded":3,"win_rate":0.0,"timestamp":1610110059,"path_taken":["M","M","?","M","?","R","?","R","T","?","M","M","M","M","R","BOSS","M","?","?","?","$","R","M","R","T","?","$","R","?","M","R","BOSS"],"items_purchased_type":["Relic","Card"],"build_version":"2020-12-22","purchased_purges":0,"victory":false,"max_hp_per_floor":[75,75,75,75,75,75,75,80,80,80,80,80,80,80,80,80,80,80,80,80,80,80,80,80,80,80,80,80,80,80,80,80,80,80],"card_choices":[{"not_picked":["Ball Lightning","Leap"],"picked":"Sweeping Beam","floor":1.0},{"not_picked":["Go for the Eyes","Amplify"],"picked":"Cold Snap","floor":2.0},{"not_picked":["Compile Driver","Coolheaded"],"picked":"Leap","floor":4.0},{"not_picked":["Compile Driver","Darkness"],"picked":"Rebound","floor":5.0},{"not_picked":["Reinforced Body","Scrape","Stack"],"picked":"SKIP","floor":10.0},{"not_picked":["Glacier","Force Field"],"picked":"Static Discharge","floor":11.0},{"not_picked":["Tempest","Doom and Gloom","Barrage"],"picked":"SKIP","floor":12.0},{"not_picked":["Steam","Stack"],"picked":"Ball Lightning","floor":13.0},{"not_picked":["Fusion","Streamline"],"picked":"Cold Snap","floor":14.0},{"not_picked":["Scrape","Leap","Steam"],"picked":"SKIP","floor":18.0},{"not_picked":["Turbo+1","Streamline"],"picked":"Defragment","floor":21.0},{"not_picked":["Rebound","Redo","Sweeping Beam"],"picked":"SKIP","floor":24.0},{"not_picked":["Static Discharge","Turbo+1","Barrage+1"],"picked":"SKIP","floor":31}],"player_experience":536625,"relics_obtained":[{"floor":9.0,"key":"White Beast Statue"},{"floor":26.0,"key":"Centennial Puzzle"}],"event_choices":[{"damage_healed":0.0,"max_hp_gain":0.0,"max_hp_loss":0.0,"gold_gain":0.0,"cards_transformed":["Strike_B"],"event_name":"Transmorgrifier","player_choice":"Transformed","floor":3.0,"gold_loss":0.0,"damage_taken":0.0,"cards_obtained":["Compile Driver"]},{"cards_removed":["Cold Snap"],"damage_healed":0.0,"max_hp_gain":0.0,"max_hp_loss":0.0,"gold_gain":0.0,"event_name":"WeMeetAgain","player_choice":"Gave Card","floor":7.0,"gold_loss":0.0,"damage_taken":0.0,"relics_obtained":["Gremlin Horn"]},{"damage_healed":0.0,"max_hp_gain":0.0,"max_hp_loss":0.0,"gold_gain":0.0,"event_name":"Back to Basics","player_choice":"Simplicity","floor":19.0,"gold_loss":0.0,"damage_taken":0.0,"cards_upgraded":["Strike_B","Strike_B","Strike_B","Defend_B","Defend_B","Defend_B","Defend_B"]},{"damage_healed":0.0,"max_hp_gain":0.0,"max_hp_loss":0.0,"gold_gain":0.0,"event_name":"Lab","player_choice":"Got Potions","floor":20.0,"gold_loss":0.0,"damage_taken":0.0},{"damage_healed":0.0,"max_hp_gain":0.0,"max_hp_loss":0.0,"gold_gain":0.0,"event_name":"Beggar","player_choice":"Ignored","floor":27.0,"gold_loss":0.0,"damage_taken":0.0},{"damage_healed":0.0,"max_hp_gain":0.0,"max_hp_loss":0.0,"gold_gain":0.0,"event_name":"Colosseum","player_choice":"Fight","floor":30.0,"gold_loss":0.0,"damage_taken":0.0},{"damage_healed":0.0,"max_hp_gain":0.0,"max_hp_loss":0.0,"gold_gain":0.0,"event_name":"Colosseum","player_choice":"Fled From Nobs","floor":30.0,"gold_loss":0.0,"damage_taken":0.0}],"is_beta":false,"boss_relics":[{"not_picked":["Astrolabe","Runic Pyramid"],"picked":"Inserter"}],"items_purged_floors":[],"is_endless":false,"potions_floor_spawned":[5,10,11,12,13,14,16,18,21,24,30,31],"killed_by":"Automaton","ascension_level":12}}