{"host":"873t0y8ybyo38pfq","time":1610124075,"event":{"mods":["BaseMod","Bestiary","Colored Map","Colored Powertips","Highlight Path","Minty Spire (QoL Compilation)","Quick Restart","RNG Fix","Rare Cards Sparkle","Relic Stats","StSLib"],"gold_per_floor":[109,34,34,34,34,34,46,46,69,69,88,101,132,151,151,222,222,237,76,96,96,0,0,0,0],"floor_reached":24,"playtime":838,"items_purged":["Strike_B"],"score":388,"play_id":"4563dbcb-fb24-4914-8123-a1631d07479f","local_time":"20210108114115","is_ascension_mode":true,"campfire_choices":[{"data":"Zap","floor":6.0,"key":"SMITH"},{"data":"Redo","floor":8.0,"key":"SMITH"},{"floor":10.0,"key":"REST"},{"floor":15.0,"key":"REST"},{"floor":23,"key":"REST"}],"circlet_count":0,"master_deck":["AscendersBane","Strike_B","Defend_B","Defend_B","Defend_B","Defend_B","Zap+1","Dualcast","Thunder Strike+1","Genetic Algorithm+1","Machine Learning","Redo+1","Defragment","Redo","Undo","All For One","Leap","Redo"],"relics":["Cracked Core","Omamori","Bag of Marbles","Sozu","Singing Bowl"],"acts_visited":["Exordium","TheCity"],"potions_floor_usage":[24],"damage_taken":[{"damage":10.0,"enemies":"2 Louse","floor":1.0,"turns":3.0},{"damage":8.0,"enemies":"Small Slimes","floor":7.0,"turns":4.0},{"damage":10.0,"enemies":"Jaw Worm","floor":11.0,"turns":4.0},{"damage":7.0,"enemies":"Large Slime","floor":12.0,"turns":4.0},{"damage":20.0,"enemies":"3 Sentries","floor":13.0,"turns":5.0},{"damage":2.0,"enemies":"2 Fungi Beasts","floor":14.0,"turns":3.0},{"damage":12.0,"enemies":"Hexaghost","floor":16.0,"turns":9.0},{"damage":5,"enemies":"Chosen","floor":18,"turns":4},{"damage":17,"enemies":"Shell Parasite","floor":20,"turns":5},{"damage":61,"enemies":"Slavers","floor":24,"turns":4}],"seed_played":"-6879208857977032016","potions_obtained":[{"floor":7.0,"key":"LiquidMemories"},{"floor":11.0,"key":"Fire Potion"},{"floor":13.0,"key":"SpeedPotion"}],"is_trial":false,"path_per_floor":["M","?","?","?","$","R","M","R","T","R","M","M","E","M","R","B",null,"M","$","M","?","?","R","E"],"character_chosen":"DEFECT","items_purchased":["Leap","Redo"],"campfire_rested":3,"item_purchase_floors":[19,19],"current_hp_per_floor":[54,54,35,35,35,35,27,27,27,46,36,29,9,7,26,14,52,47,47,30,30,30,49,0,0],"gold":0,"neow_bonus":"THREE_RARE_CARDS","is_daily":false,"chose_seed":false,"campfire_upgraded":2,"win_rate":0.0,"timestamp":1610124075,"path_taken":["M","?","?","?","?","R","M","R","T","R","?","M","E","?","R","BOSS","BOSS","M","$","M","?","?","R","E"],"items_purchased_type":["Card","Card"],"build_version":"2020-12-22","purchased_purges":1,"victory":false,"max_hp_per_floor":[64,64,64,64,64,64,64,64,64,64,64,64,64,64,64,64,64,64,64,64,64,64,64,64,64],"relic_stats":{"Sozu":0,"Singing Bowl":0,"counters":[10,45],"obtain_stats":[{"Sozu":17,"Singing Bowl":21,"Omamori":9,"Bag of Marbles":13,"Cracked Core":0},{"Sozu":7,"Singing Bowl":9,"Omamori":2,"Bag of Marbles":5,"Cracked Core":0},{"Sozu":32,"Singing Bowl":41,"Omamori":7,"Bag of Marbles":20,"Cracked Core":0}]},"card_choices":[{"not_picked":["Fission","Reboot"],"picked":"Thunder Strike","floor":0.0},{"not_picked":["Aggregate","Streamline"],"picked":"Genetic Algorithm","floor":1.0},{"not_picked":["Stack","Steam Power"],"picked":"Redo","floor":7.0},{"not_picked":["Turbo","Cold Snap"],"picked":"Defragment","floor":11.0},{"not_picked":["Sunder","Scrape"],"picked":"Redo","floor":12.0},{"not_picked":["Doom and Gloom","Machine Learning"],"picked":"Undo","floor":13.0},{"not_picked":["Sweeping Beam","Chill","Self Repair"],"picked":"SKIP","floor":14.0},{"not_picked":["Echo Form","Thunder Strike"],"picked":"All For One","floor":16},{"not_picked":["Coolheaded","Rebound","Cold Snap"],"picked":"SKIP","floor":18},{"not_picked":["Melter","Coolheaded","Aggregate"],"picked":"SKIP","floor":20}],"player_experience":1552084,"relics_obtained":[{"floor":9.0,"key":"Omamori"},{"floor":13.0,"key":"Bag of Marbles"}],"event_choices":[{"cards_removed":["Strike_B"],"damage_healed":0.0,"max_hp_gain":0.0,"max_hp_loss":0.0,"gold_gain":0.0,"event_name":"The Cleric","player_choice":"Card Removal","floor":2.0,"gold_loss":75.0,"damage_taken":0.0},{"damage_healed":0.0,"max_hp_gain":0.0,"max_hp_loss":0.0,"gold_gain":0.0,"event_name":"Shining Light","player_choice":"Entered Light","floor":3.0,"gold_loss":0.0,"damage_taken":19.0,"cards_upgraded":["Thunder Strike","Genetic Algorithm"]},{"damage_healed":0.0,"max_hp_gain":0.0,"max_hp_loss":0.0,"gold_gain":0.0,"cards_transformed":["Strike_B"],"event_name":"Living Wall","player_choice":"Change","floor":4.0,"gold_loss":0.0,"damage_taken":0.0,"cards_obtained":["Machine Learning"]},{"damage_healed":0,"gold_gain":0,"player_choice":"Opened","damage_taken":0,"relics_obtained":["Singing Bowl"],"max_hp_gain":0,"max_hp_loss":0,"event_name":"The Mausoleum","floor":21,"gold_loss":0,"cards_obtained":["Writhe"]},{"damage_healed":0,"gold_gain":0,"player_choice":"Paid Fearfully","damage_taken":0,"max_hp_gain":0,"max_hp_loss":0,"event_name":"Masked Bandits","floor":22,"gold_loss":96}],"is_beta":false,"boss_relics":[{"not_picked":["Pandora\u0027s Box","Calling Bell"],"picked":"Sozu"}],"items_purged_floors":[19],"is_endless":false,"potions_floor_spawned":[7,11,13],"killed_by":"Slavers","ascension_level":20}}