{"host":"Qube","time":1610143146,"event":{"mods":["AchievementEnabler","BaseMod","Colored Map","Colored Powertips","Minty Spire (QoL Compilation)","Quick Restart","Random Character Button","StSLib"],"gold_per_floor":[115,134,134,149,162,189,201,201,201],"floor_reached":8,"playtime":282,"items_purged":[],"score":117,"play_id":"d07e7fe2-eaa4-4e7f-b5df-37a0f5a24290","local_time":"20210108135906","is_ascension_mode":true,"campfire_choices":[],"circlet_count":0,"master_deck":["AscendersBane","Strike_P","Strike_P+1","Strike_P","Strike_P","Defend_P","Defend_P+1","Defend_P","Defend_P","Eruption","Vigilance","Conclude","FlurryOfBlows","BattleHymn","Halt","Protect","Indignation"],"relics":["PureWater","NeowsBlessing","Thread and Needle"],"acts_visited":[],"potions_floor_usage":[5,5],"damage_taken":[{"damage":0.0,"enemies":"Jaw Worm","floor":1.0,"turns":1.0},{"damage":0.0,"enemies":"Small Slimes","floor":2.0,"turns":1.0},{"damage":0.0,"enemies":"2 Louse","floor":4.0,"turns":1.0},{"damage":7,"enemies":"Exordium Thugs","floor":5,"turns":2},{"damage":23,"enemies":"3 Sentries","floor":6,"turns":7},{"damage":0,"enemies":"2 Fungi Beasts","floor":7,"turns":2},{"damage":0,"enemies":"Gremlin Nob","floor":8,"turns":2}],"seed_played":"1053617388611721489","potions_obtained":[{"floor":1.0,"key":"DuplicationPotion"},{"floor":4.0,"key":"BottledMiracle"},{"floor":6,"key":"Fire Potion"}],"is_trial":false,"path_per_floor":["M","M","?","M","M","E","M","E"],"character_chosen":"WATCHER","items_purchased":[],"campfire_rested":0,"item_purchase_floors":[],"current_hp_per_floor":[61,61,41,41,34,11,11,11,11],"gold":201,"neow_bonus":"THREE_ENEMY_KILL","is_daily":false,"chose_seed":false,"campfire_upgraded":0,"win_rate":0.0,"timestamp":1610143146,"path_taken":["M","M","?","M","M","E","M","E"],"items_purchased_type":[],"build_version":"2020-12-18","purchased_purges":0,"victory":false,"max_hp_per_floor":[68,68,68,68,68,68,68,68,68],"card_choices":[{"not_picked":["Halt","Sanctity"],"picked":"Conclude","floor":1.0},{"not_picked":["EmptyMind","Indignation"],"picked":"FlurryOfBlows","floor":2.0},{"not_picked":["Crescendo","FollowUp"],"picked":"BattleHymn","floor":4.0},{"not_picked":["TalkToTheHand","ClearTheMind"],"picked":"Halt","floor":5},{"not_picked":["FlyingSleeves","FollowUp"],"picked":"Protect","floor":6},{"not_picked":["Tantrum","CrushJoints"],"picked":"Indignation","floor":7}],"player_experience":847893,"relics_obtained":[{"floor":6,"key":"Thread and Needle"}],"event_choices":[{"damage_healed":0.0,"max_hp_gain":0.0,"max_hp_loss":0.0,"gold_gain":0.0,"event_name":"Shining Light","player_choice":"Entered Light","floor":3.0,"gold_loss":0.0,"damage_taken":20.0,"cards_upgraded":["Defend_P","Strike_P"]}],"is_beta":true,"boss_relics":[],"items_purged_floors":[],"is_endless":false,"potions_floor_spawned":[1,4,6],"killed_by":"Gremlin Nob","ascension_level":19}}