{"host":"s3s7xsmblwiz356v","time":1610149527,"event":{"mods":["AchievementEnabler","BaseMod","Block Reminder","Colored Map","Colored Powertips","Minty Spire (QoL Compilation)"],"gold_per_floor":[118,118,138,138,138,173,173,189,189,202,228,228,238,270,270,375,375,386,386,386,386,398,398,427,427,505,534,548,548,558,182,182,287,287,303,322,175,189,115,155,155,192,263,263,277,321,345,379,379,379,379,379,56,91,91,91],"floor_reached":55,"playtime":4536,"items_purged":["Strike_R"],"score":1409,"play_id":"10f9722e-6703-4604-bff2-cabdeb762ccf","local_time":"20210108184527","is_ascension_mode":true,"campfire_choices":[{"floor":7.0,"key":"DIG"},{"floor":12.0,"key":"DIG"},{"floor":15.0,"key":"DIG"},{"data":"Feed","floor":23.0,"key":"SMITH"},{"floor":25.0,"key":"DIG"},{"floor":32.0,"key":"DIG"},{"floor":41,"key":"DIG"},{"data":"Limit Break","floor":44,"key":"SMITH"},{"floor":49,"key":"RECALL"},{"floor":52,"key":"DIG"}],"circlet_count":0,"master_deck":["AscendersBane","Strike_R","Strike_R+1","Strike_R+1","Strike_R+1","Defend_R","Defend_R","Defend_R","Defend_R","Bash+1","Bludgeon+1","Inflame","True Grit","Power Through","Twin Strike","Reaper","Shockwave","Evolve","Feed+1","Hemokinesis","Necronomicurse","Shrug It Off","Clothesline+1","Double Tap","Immolate","Reaper","Disarm","Spot Weakness","Battle Trance","Inflame+1","Limit Break+1","Metallicize+1","Sever Soul+1","Double Tap","True Grit+1"],"relics":["Burning Blood","Shuriken","Shovel","Magic Flower","Happy Flower","Pear","Centennial Puzzle","Akabeko","Charon\u0027s Ashes","SlaversCollar","Necronomicon","MutagenicStrength","Peace Pipe","StoneCalendar","Boot","Frozen Egg 2","Incense Burner","Medical Kit","Gambling Chip","Philosopher\u0027s Stone","Vajra","CeramicFish","Potion Belt","Strawberry","Calipers","Juzu Bracelet","Bottled Lightning","Whetstone","Ornamental Fan"],"acts_visited":["Exordium","TheCity","TheBeyond","TheEnding"],"potions_floor_usage":[40,46,50,54,55,55,55],"damage_taken":[{"damage":2.0,"enemies":"Jaw Worm","floor":1.0,"turns":4.0},{"damage":0.0,"enemies":"Small Slimes","floor":3.0,"turns":4.0},{"damage":10.0,"enemies":"3 Sentries","floor":6.0,"turns":6.0},{"damage":2.0,"enemies":"2 Louse","floor":8.0,"turns":3.0},{"damage":18.0,"enemies":"Gremlin Gang","floor":10.0,"turns":9.0},{"damage":0.0,"enemies":"Lagavulin","floor":11.0,"turns":6.0},{"damage":7.0,"enemies":"Lots of Slimes","floor":13.0,"turns":4.0},{"damage":18.0,"enemies":"Gremlin Nob","floor":14.0,"turns":4.0},{"damage":46.0,"enemies":"Hexaghost","floor":16.0,"turns":12.0},{"damage":3.0,"enemies":"Chosen","floor":18.0,"turns":4.0},{"damage":11.0,"enemies":"Shell Parasite","floor":22.0,"turns":4.0},{"damage":43.0,"enemies":"Gremlin Leader","floor":24.0,"turns":6.0},{"damage":21.0,"enemies":"Slavers","floor":27.0,"turns":5.0},{"damage":17.0,"enemies":"Snake Plant","floor":28.0,"turns":3.0},{"damage":2.0,"enemies":"Sentry and Sphere","floor":30.0,"turns":4.0},{"damage":2.0,"enemies":"Collector","floor":33.0,"turns":6.0},{"damage":10.0,"enemies":"3 Darklings","floor":35.0,"turns":2.0},{"damage":10.0,"enemies":"3 Shapes","floor":36.0,"turns":2.0},{"damage":2.0,"enemies":"Sphere and 2 Shapes","floor":38.0,"turns":3.0},{"damage":14,"enemies":"Giant Head","floor":40,"turns":5},{"damage":31,"enemies":"Nemesis","floor":42,"turns":3},{"damage":1,"enemies":"Jaw Worm Horde","floor":45,"turns":4},{"damage":7,"enemies":"Reptomancer","floor":46,"turns":3},{"damage":14,"enemies":"4 Shapes","floor":47,"turns":3},{"damage":5,"enemies":"Nemesis","floor":48,"turns":3},{"damage":63,"enemies":"Awakened One","floor":50,"turns":9},{"damage":63,"enemies":"Shield and Spear","floor":54,"turns":6},{"damage":109,"enemies":"The Heart","floor":55,"turns":3}],"seed_played":"-6075588798570975537","potions_obtained":[{"floor":1.0,"key":"Weak Potion"},{"floor":3.0,"key":"Explosive Potion"},{"floor":11.0,"key":"ColorlessPotion"},{"floor":14.0,"key":"Dexterity Potion"},{"floor":18.0,"key":"ColorlessPotion"},{"floor":22.0,"key":"Fire Potion"},{"floor":24.0,"key":"Energy Potion"},{"floor":29.0,"key":"Swift Potion"},{"floor":36.0,"key":"Fire Potion"},{"floor":38.0,"key":"Energy Potion"},{"floor":40,"key":"SpeedPotion"},{"floor":42,"key":"Weak Potion"},{"floor":47,"key":"Weak Potion"}],"is_trial":false,"path_per_floor":["M","?","M","?","?","E","R","M","T","M","E","R","M","E","R","B",null,"M","?","?","T","M","R","E","R","T","E","M","?","M","$","R","B",null,"M","M","$","M","$","E","R","E","T","R","M","E","M","E","R","B",null,"R","$","E","B"],"character_chosen":"IRONCLAD","items_purchased":["Medical Kit","Immolate","Vajra","Battle Trance","Ancient Potion","HeartOfIron","Whetstone"],"campfire_rested":0,"item_purchase_floors":[31,31,37,39,53,53,53],"current_hp_per_floor":[72,65,71,57,57,53,53,60,60,51,70,70,82,73,73,50,74,80,64,64,64,62,62,86,86,86,86,78,78,90,90,90,90,90,90,93,93,94,94,89,89,74,74,74,105,105,109,109,109,103,108,108,108,109,0,0],"gold":91,"neow_bonus":"THREE_RARE_CARDS","is_daily":false,"chose_seed":false,"campfire_upgraded":2,"win_rate":0.0,"timestamp":1610149527,"path_taken":["M","?","M","?","?","E","R","M","T","M","E","R","M","E","R","BOSS","M","?","?","?","M","R","E","R","T","E","M","?","M","$","R","BOSS","M","M","$","M","$","E","R","E","T","R","M","E","M","E","R","BOSS","R","$","E","BOSS"],"items_purchased_type":["Relic","Card","Relic","Card","Potion","Potion","Relic"],"build_version":"2020-12-22","purchased_purges":1,"victory":false,"max_hp_per_floor":[72,72,72,72,72,72,72,72,72,72,82,82,82,82,82,82,82,82,82,82,82,82,82,86,86,86,86,86,86,90,90,90,90,90,90,94,94,94,94,94,94,101,101,101,105,105,109,109,109,109,109,109,109,109,109,109],"card_choices":[{"not_picked":["Berserk","Limit Break"],"picked":"Bludgeon","floor":0.0},{"not_picked":["Second Wind","Sword Boomerang"],"picked":"Inflame","floor":1.0},{"not_picked":["Feel No Pain","Sever Soul"],"picked":"True Grit","floor":3.0},{"not_picked":["Rupture","Bludgeon","Havoc"],"picked":"SKIP","floor":6.0},{"not_picked":["Clothesline","Searing Blow"],"picked":"Power Through","floor":8.0},{"not_picked":["Armaments","Rampage"],"picked":"Twin Strike","floor":10.0},{"not_picked":["Clash","Seeing Red"],"picked":"Reaper","floor":11.0},{"not_picked":["Perfected Strike","Flex"],"picked":"Shockwave","floor":13.0},{"not_picked":["Sword Boomerang","Second Wind"],"picked":"Evolve","floor":14.0},{"not_picked":["Berserk","Double Tap"],"picked":"Feed","floor":16.0},{"not_picked":["Uppercut","Dual Wield"],"picked":"Hemokinesis","floor":18.0},{"not_picked":["Headbutt","Pommel Strike"],"picked":"Shrug It Off","floor":22.0},{"not_picked":["Thunderclap","Twin Strike"],"picked":"Clothesline+1","floor":24.0},{"not_picked":["Whirlwind","Hemokinesis"],"picked":"Double Tap","floor":27.0},{"not_picked":["Heavy Blade","Wild Strike","Body Slam"],"picked":"SKIP","floor":28.0},{"not_picked":["Headbutt","Armaments","Wild Strike"],"picked":"SKIP","floor":30.0},{"not_picked":["Immolate","Impervious"],"picked":"Reaper","floor":33.0},{"not_picked":["Clash+1","Dual Wield"],"picked":"Disarm","floor":35.0},{"not_picked":["Shockwave","Iron Wave","Evolve+1"],"picked":"SKIP","floor":36.0},{"not_picked":["Iron Wave","Sword Boomerang"],"picked":"Spot Weakness","floor":38.0},{"not_picked":["Hemokinesis+1","Blood for Blood"],"picked":"Inflame+1","floor":40},{"not_picked":["Brutality+1","Cleave"],"picked":"Limit Break","floor":42},{"not_picked":["Flex","Seeing Red","True Grit"],"picked":"SKIP","floor":45},{"not_picked":["Battle Trance","Twin Strike"],"picked":"Metallicize+1","floor":46},{"not_picked":["Blood for Blood","Rampage"],"picked":"Sever Soul+1","floor":47},{"not_picked":["Dropkick","Body Slam"],"picked":"Double Tap","floor":48},{"not_picked":["Uppercut","Perfected Strike+1"],"picked":"True Grit+1","floor":54}],"player_experience":407073,"relics_obtained":[{"floor":6.0,"key":"Shovel"},{"floor":7.0,"key":"Magic Flower"},{"floor":9.0,"key":"Happy Flower"},{"floor":11.0,"key":"Pear"},{"floor":12.0,"key":"Centennial Puzzle"},{"floor":14.0,"key":"Akabeko"},{"floor":15.0,"key":"Charon\u0027s Ashes"},{"floor":19.0,"key":"Necronomicon"},{"floor":21.0,"key":"Peace Pipe"},{"floor":24.0,"key":"StoneCalendar"},{"floor":25.0,"key":"Boot"},{"floor":26.0,"key":"Frozen Egg 2"},{"floor":27.0,"key":"Incense Burner"},{"floor":32.0,"key":"Gambling Chip"},{"floor":40,"key":"CeramicFish"},{"floor":41,"key":"Potion Belt"},{"floor":42,"key":"Strawberry"},{"floor":46,"key":"Calipers"},{"floor":48,"key":"Juzu Bracelet"},{"floor":52,"key":"Bottled Lightning"},{"floor":54,"key":"Ornamental Fan"}],"event_choices":[{"damage_healed":0.0,"max_hp_gain":0.0,"max_hp_loss":0.0,"gold_gain":0.0,"event_name":"Scrap Ooze","player_choice":"Success","floor":2.0,"gold_loss":0.0,"damage_taken":7.0,"relics_obtained":["Shuriken"]},{"damage_healed":0.0,"max_hp_gain":0.0,"max_hp_loss":0.0,"gold_gain":0.0,"event_name":"Shining Light","player_choice":"Entered Light","floor":4.0,"gold_loss":0.0,"damage_taken":14.0,"cards_upgraded":["Strike_R","Strike_R"]},{"damage_healed":0.0,"max_hp_gain":0.0,"max_hp_loss":0.0,"gold_gain":0.0,"event_name":"Living Wall","player_choice":"Grow","floor":5.0,"gold_loss":0.0,"damage_taken":0.0,"cards_upgraded":["Bash"]},{"damage_healed":0.0,"max_hp_gain":0.0,"max_hp_loss":0.0,"gold_gain":0.0,"event_name":"Cursed Tome","player_choice":"Obtained Book","floor":19.0,"gold_loss":0.0,"damage_taken":16.0},{"damage_healed":0.0,"max_hp_gain":0.0,"max_hp_loss":0.0,"gold_gain":0.0,"event_name":"Drug Dealer","player_choice":"Inject Mutagens","floor":20.0,"gold_loss":0.0,"damage_taken":0.0,"relics_obtained":["MutagenicStrength"]},{"damage_healed":0.0,"max_hp_gain":0.0,"max_hp_loss":0.0,"gold_gain":0.0,"event_name":"Lab","player_choice":"Got Potions","floor":29.0,"gold_loss":0.0,"damage_taken":0.0}],"is_beta":false,"boss_relics":[{"not_picked":["Runic Pyramid","Astrolabe"],"picked":"SlaversCollar"},{"not_picked":["Snecko Eye","Runic Cube"],"picked":"Philosopher\u0027s Stone"}],"items_purged_floors":[31],"is_endless":false,"potions_floor_spawned":[1,3,11,14,18,22,24,36,38,40,42,47],"killed_by":"The Heart","ascension_level":12}}