{"host":"iuz15hczu39z2x63","time":1610117150,"event":{"mods":["Act Like it!","BaseMod","Gensokyo","Minty Spire (QoL Compilation)","Remilia£®¿Ÿ√◊¿Ú—«£©","StSLib"],"gold_per_floor":[111,25,25,36,350,588,600,643,655,667,698,743,755,783,795,884,896,923,1035,1047,1059,1090,1116,1158,1017,1029,1051,1091,1028,1028,1054,1054,1131,1131,1343,1362,1362,1379,791,823,835,855,855,855,855,868,900,918,918,918,918,918,769,797,797],"floor_reached":56,"playtime":3724,"items_purged":["Strike_RM","EndlessAdversity","ScarletShoot"],"score":2465,"play_id":"fadd9f70-52dd-4ab5-bc6c-47aa108aaa1b","local_time":"20210108224550","is_ascension_mode":true,"campfire_choices":[{"data":"RedMoon","floor":10.0,"key":"SMITH"},{"data":"HeartBreak","floor":15.0,"key":"SMITH"},{"data":"BloodySeventeenLaser","floor":30.0,"key":"SMITH"},{"floor":32.0,"key":"DIG"},{"floor":44,"key":"DIG"},{"floor":49,"key":"RECALL"},{"floor":52,"key":"DIG"}],"circlet_count":0,"master_deck":["AscendersBane","Defend_RM","Defend_RM+1","Defend_RM","RedMoon+1","MillenniumVampire+1","ReincarnationDial+1","MillenniumVampire+1","UnstableMagic+1","RedMagic+1","HeartBreak+1","MillenniumVampire+1","BloodySeventeenLaser+1","VampireClaw+1","TricksterDevil+1","VampireKiss+1","ScarletCoffin","BloodyMagicSquare+1"],"relics":["ScarletHat","MawBank","Letter Opener","Toxic Egg 2","Strawberry","ScarletEmblem","Ginger","Shovel","Prayer Wheel","Centennial Puzzle","Mango","Oddly Smooth Stone","Smiling Mask","Lizard Tail","Fusion Hammer","FairyMaid","Sundial","Incense Burner","White Beast Statue","Art of War","Pantograph","HornCleat","Gremlin Horn","StoneCalendar"],"acts_visited":["Gensokyo:Gensokyo","Gensokyo:Gensokyoer","Gensokyo:Gensokyoest","TheEnding"],"potions_floor_usage":[46],"damage_taken":[{"damage":1.0,"enemies":"Gensokyo:Gryphon","floor":1.0,"turns":4.0},{"damage":1.0,"enemies":"Gensokyo:2_Kodama","floor":4.0,"turns":6.0},{"damage":2.0,"enemies":"Gensokyo:Python","floor":5.0,"turns":6.0},{"damage":1.0,"enemies":"Gensokyo:Aya","floor":6.0,"turns":7.0},{"damage":0.0,"enemies":"Gensokyo:Mamizou","floor":8.0,"turns":16.0},{"damage":0.0,"enemies":"Gensokyo:Gryphon_and_Rabbit","floor":11.0,"turns":8.0},{"damage":4.0,"enemies":"Gensokyo:Aya","floor":12.0,"turns":10.0},{"damage":0.0,"enemies":"Gensokyo:Kitsune","floor":14.0,"turns":4.0},{"damage":0.0,"enemies":"Gensokyo:Reimu","floor":16.0,"turns":13.0},{"damage":0.0,"enemies":"Gensokyo:Chomper","floor":18.0,"turns":3.0},{"damage":0.0,"enemies":"Gensokyo:Chomper","floor":19.0,"turns":12.0},{"damage":0.0,"enemies":"Gensokyo:AngelMirror","floor":22.0,"turns":4.0},{"damage":3.0,"enemies":"Gensokyo:Monolith_and_Dog","floor":23.0,"turns":13.0},{"damage":9.0,"enemies":"Gensokyo:Tenshi","floor":24.0,"turns":9.0},{"damage":12.0,"enemies":"Gensokyo:Wraith","floor":27.0,"turns":4.0},{"damage":31.0,"enemies":"Gensokyo:Koishi","floor":28.0,"turns":7.0},{"damage":23.0,"enemies":"Gensokyo:Tenshi","floor":31.0,"turns":9.0},{"damage":0.0,"enemies":"Gensokyo:Eiki","floor":33.0,"turns":17.0},{"damage":0.0,"enemies":"Gensokyo:3_Boulders","floor":35.0,"turns":10.0},{"damage":13.0,"enemies":"Gensokyo:3_Bats","floor":36.0,"turns":6.0},{"damage":0.0,"enemies":"Gensokyo:AtlasGolem","floor":38.0,"turns":10.0},{"damage":102.0,"enemies":"Gensokyo:Marisa","floor":40.0,"turns":4.0},{"damage":43.0,"enemies":"Gensokyo:Rafflesia","floor":41.0,"turns":4.0},{"damage":30,"enemies":"Gensokyo:Dusk_and_Dawn","floor":42,"turns":8},{"damage":22,"enemies":"Gensokyo:3_Boulders","floor":46,"turns":4},{"damage":9,"enemies":"Gensokyo:Kasen","floor":47,"turns":2},{"damage":22,"enemies":"Gensokyo:Rafflesia","floor":48,"turns":1},{"damage":26,"enemies":"Gensokyo:Shinki","floor":50,"turns":5},{"damage":90,"enemies":"Shield and Spear","floor":54,"turns":3},{"damage":56,"enemies":"The Heart","floor":55,"turns":3}],"seed_played":"5506354205435006322","potions_obtained":[{"floor":4.0,"key":"BlessingOfTheForge"},{"floor":11.0,"key":"Dexterity Potion"},{"floor":12.0,"key":"Energy Potion"},{"floor":16.0,"key":"SteroidPotion"},{"floor":22.0,"key":"PowerPotion"},{"floor":28.0,"key":"SteroidPotion"},{"floor":31.0,"key":"SpeedPotion"},{"floor":38.0,"key":"LiquidMemories"},{"floor":41.0,"key":"DuplicationPotion"},{"floor":46,"key":"LiquidMemories"}],"is_trial":false,"path_per_floor":["M","COS","$","M","M","E","?","E","T","R","M","E","?","M","R","B",null,"M","?","?","?","M","M","E","COS","T","M","E","$","R","E","R","B",null,"M","M","?","M","$","E","M","M","T","R","?","M","E","M","R","B",null,"R","$","E","B",null],"character_chosen":"REMILIA","items_purchased":["FairyMaid","Sundial","FairyPotion"],"campfire_rested":0,"item_purchase_floors":[39,39,53],"current_hp_per_floor":[44,44,44,43,41,41,41,46,46,46,49,52,52,52,52,68,75,77,77,77,77,77,81,77,77,77,73,69,69,69,57,57,79,103,116,116,116,135,135,57,40,29,29,29,29,11,29,7,7,49,120,120,120,36,87],"gold":797,"neow_bonus":"REMOVE_TWO","is_daily":false,"chose_seed":false,"campfire_upgraded":3,"win_rate":0.0,"timestamp":1610117150,"path_taken":["M","COS","?","M","M","E","?","E","T","R","M","E","?","M","R","BOSS","M","?","?","?","M","M","E","COS","T","M","E","$","R","E","R","BOSS","M","M","?","M","$","E","?","M","T","R","?","M","E","M","R","BOSS","R","$","E","BOSS"],"items_purchased_type":["Relic","Relic","Potion"],"build_version":"2020-12-22","purchased_purges":3,"victory":true,"max_hp_per_floor":[70,70,70,70,70,70,70,70,70,70,70,77,77,77,77,77,77,77,77,77,77,77,81,85,85,85,89,103,103,103,107,107,111,111,123,131,131,135,135,139,139,143,143,143,143,143,143,143,143,143,143,143,143,143,143],"card_choices":[{"not_picked":["RedRainbow","CharismaGuard"],"picked":"EndlessAdversity","floor":1.0},{"not_picked":["BadLadyScramble","ChainGang","RedNightlessCastle"],"picked":"SKIP","floor":4.0},{"not_picked":["ScarletSymphony","ScarletDevilSign","BadLadyScramble"],"picked":"SKIP","floor":5.0},{"not_picked":["FitfulNightmare","GlobalNightmare"],"picked":"MillenniumVampire","floor":6.0},{"not_picked":["NightDance","DiffusionOfMisfortune","EndlessAdversity"],"picked":"SKIP","floor":8.0},{"not_picked":["MastersStateliness","UnstableMagic+1"],"picked":"MillenniumVampire+1","floor":11.0},{"not_picked":["ScarletDevil","BlasphemousPunishment+1"],"picked":"UnstableMagic+1","floor":12.0},{"not_picked":["MastersStateliness","BloodHunter+1"],"picked":"RedMagic+1","floor":13.0},{"not_picked":["MillenniumVampire+1","ScarletImprint"],"picked":"HeartBreak","floor":13.0},{"not_picked":["VampireKiss","ChainGang"],"picked":"MillenniumVampire+1","floor":14.0},{"not_picked":["HellCatastrophe","HeartBreak"],"picked":"BloodySeventeenLaser","floor":16.0},{"not_picked":["ScarletDevil","Maim+1","FitfulNightmare"],"picked":"SKIP","floor":18.0},{"not_picked":["TwelveNightmare","BadLadyScramble+1"],"picked":"VampireClaw+1","floor":22.0},{"not_picked":["RedNightlessCastle","ScarletDevil+1","ChainGang"],"picked":"SKIP","floor":23.0},{"not_picked":["ScarletImprint","DevilSight+1","UnstableMagic+1"],"picked":"SKIP","floor":24.0},{"not_picked":["RedMagic+1","BloodHunter+1","DiffusionOfMisfortune"],"picked":"SKIP","floor":27.0},{"not_picked":["DevilSight+1","DiffusionOfMisfortune","ScarletSymphony+1"],"picked":"SKIP","floor":27.0},{"not_picked":["HellCatastrophe+1","LeisurelyOfLord+1"],"picked":"TricksterDevil+1","floor":28.0},{"not_picked":["BombardNight","EndlessAdversity","StarOfDavid"],"picked":"SKIP","floor":28.0},{"not_picked":["ChainGang","MiserableFate+1"],"picked":"VampireKiss","floor":31.0},{"not_picked":["DevilSight+1","VampireKiss","CharismaGuard"],"picked":"SKIP","floor":35.0},{"not_picked":["BloodyTrap+1","EndlessAdversity+1","NightDance"],"picked":"SKIP","floor":35.0},{"not_picked":["NightDance","BlasphemousPunishment+1"],"picked":"ScarletCoffin","floor":36.0},{"not_picked":["AfternoonTea+1","Stigmanizer","ScarletImprint"],"picked":"SKIP","floor":36.0},{"not_picked":["BloodHunter+1","SuperhumanBloodyKnife"],"picked":"BloodyMagicSquare+1","floor":38.0},{"not_picked":["EndlessAdversity","AfternoonTea+1","BombardNight+1"],"picked":"SKIP","floor":38.0},{"not_picked":["ScarletDevil","BatForm","ScarletDream+1"],"picked":"SKIP","floor":40.0},{"not_picked":["BlasphemousPunishment+1","EndlessAdversity","UnderTheZenith+1"],"picked":"SKIP","floor":41.0},{"not_picked":["EmergencyRegeneration+1","MastersStateliness","VampireKiss"],"picked":"SKIP","floor":41.0},{"not_picked":["AfternoonTea+1","BloodHunter+1","ScarletDevilSign"],"picked":"SKIP","floor":42},{"not_picked":["Stigmanizer","ReincarnationDial+1","Ultimatum"],"picked":"SKIP","floor":42},{"not_picked":["EmergencyRegeneration+1","MillenniumVampire+1","UnstableMagic+1"],"picked":"SKIP","floor":46},{"not_picked":["NightDance+1","ScarletDevilSign","FavorOfDestiny+1"],"picked":"SKIP","floor":46},{"not_picked":["AfternoonTea+1","FitfulNightmare+1","FavorOfDestiny+1"],"picked":"SKIP","floor":47},{"not_picked":["BloodAndWine+1","FavorOfDestiny+1","MiserableFate+1"],"picked":"SKIP","floor":48},{"not_picked":["BlasphemousPunishment+1","UnderTheZenith+1","EmergencyRegeneration+1"],"picked":"SKIP","floor":48},{"not_picked":["RedRainbow+1","EndlessAdversity","NightDance"],"picked":"SKIP","floor":54}],"player_experience":704716,"relics_obtained":[{"floor":6.0,"key":"Letter Opener"},{"floor":8.0,"key":"Mercury Hourglass"},{"floor":9.0,"key":"Toxic Egg 2"},{"floor":12.0,"key":"Strawberry"},{"floor":19.0,"key":"Ginger"},{"floor":19.0,"key":"Shovel"},{"floor":24.0,"key":"Prayer Wheel"},{"floor":28.0,"key":"Mango"},{"floor":31.0,"key":"Smiling Mask"},{"floor":32.0,"key":"Lizard Tail"},{"floor":40.0,"key":"Incense Burner"},{"floor":42,"key":"White Beast Statue"},{"floor":43,"key":"Art of War"},{"floor":44,"key":"Pantograph"},{"floor":47,"key":"HornCleat"},{"floor":52,"key":"Gremlin Horn"},{"floor":54,"key":"StoneCalendar"}],"event_choices":[],"is_beta":false,"boss_relics":[{"not_picked":["Pandora\u0027s Box","Runic Dome"],"picked":"ScarletEmblem"},{"not_picked":["Philosopher\u0027s Stone","APieceOfRedMist"],"picked":"Fusion Hammer"}],"items_purged_floors":[29,39,53],"is_endless":false,"potions_floor_spawned":[4,11,12,16,22,23,24,28,31,36,38,41,46,47,48,54],"ascension_level":15}}