{"host":"r5d2dd2phecx262s","time":1610134637,"event":{"mods":["2.2 Compatiblity","AchievementEnabler","BaseMod","Curses Come First","Minty Spire (QoL Compilation)","Relic Stats","StSLib"],"gold_per_floor":[215,165,240,35,71,71,132,132,132,132,109,174,174,188,188,188,188],"floor_reached":16,"playtime":397,"items_purged":[],"score":126,"play_id":"c31fcb57-0bd1-4a66-9d72-0e2016f73981","local_time":"20210108163717","is_ascension_mode":true,"campfire_choices":[{"data":"HandOfGreed","floor":6,"key":"SMITH"},{"floor":15,"key":"REST"}],"circlet_count":0,"master_deck":["Strike_R","Strike_R","Strike_R","Defend_R","Defend_R","Defend_R","Defend_R","Bash","Dropkick","HandOfGreed+1","Wild Strike","Havoc","Blood for Blood","Ghostly Armor","Clothesline","Shrug It Off"],"relics":["Burning Blood","Golden Idol","Singing Bowl"],"acts_visited":["Exordium"],"potions_floor_usage":[14],"damage_taken":[{"damage":17,"enemies":"Small Slimes","floor":1,"turns":7},{"damage":2,"enemies":"Jaw Worm","floor":5,"turns":3},{"damage":3,"enemies":"2 Louse","floor":7,"turns":5},{"damage":23,"enemies":"Gremlin Gang","floor":12,"turns":8},{"damage":1,"enemies":"Blue Slaver","floor":14,"turns":3},{"damage":37,"enemies":"The Guardian","floor":16,"turns":6}],"seed_played":"6822764846753102211","potions_obtained":[{"floor":5,"key":"Block Potion"},{"floor":7,"key":"ElixirPotion"}],"is_trial":false,"path_per_floor":["M","?","?","$","M","R","M","?","T","?","$","M","?","M","R","B"],"character_chosen":"IRONCLAD","items_purchased":["HandOfGreed","Wild Strike","Clothesline"],"campfire_rested":1,"item_purchase_floors":[4,4,11],"current_hp_per_floor":[61,61,50,50,54,54,57,37,37,37,37,22,4,9,33,0,0],"gold":188,"neow_bonus":"HUNDRED_GOLD","is_daily":false,"chose_seed":false,"campfire_upgraded":1,"win_rate":0.0,"timestamp":1610134637,"path_taken":["M","?","?","$","M","R","?","?","T","?","$","?","?","M","R","BOSS"],"items_purchased_type":["Card","Card","Card"],"build_version":"2020-12-22","purchased_purges":0,"victory":false,"max_hp_per_floor":[80,80,80,80,80,80,80,80,80,80,80,82,82,82,82,82,82],"relic_stats":{"Singing Bowl":2,"counters":[6,32],"Golden Idol":6,"obtain_stats":[{"Singing Bowl":9,"Golden Idol":8,"Burning Blood":0},{"Singing Bowl":3,"Golden Idol":3,"Burning Blood":0},{"Singing Bowl":15,"Golden Idol":15,"Burning Blood":0}],"Burning Blood":30},"card_choices":[{"not_picked":["Sword Boomerang","True Grit"],"picked":"Dropkick","floor":1},{"not_picked":["Warcry","Entrench"],"picked":"Havoc","floor":5},{"not_picked":["Warcry","Searing Blow"],"picked":"Blood for Blood","floor":7},{"not_picked":["Rampage","Pummel","Inflame"],"picked":"Singing Bowl","floor":12},{"not_picked":["Combust","Headbutt"],"picked":"Shrug It Off","floor":14}],"player_experience":1589536,"relics_obtained":[{"floor":9,"key":"Singing Bowl"}],"event_choices":[{"cards_removed":["Strike_R"],"damage_healed":0,"gold_gain":0,"player_choice":"Card Removal","damage_taken":0,"max_hp_gain":0,"max_hp_loss":0,"event_name":"The Cleric","floor":2,"gold_loss":50},{"damage_healed":0,"gold_gain":75,"player_choice":"Gather Gold","damage_taken":11,"max_hp_gain":0,"max_hp_loss":0,"event_name":"World of Goop","floor":3,"gold_loss":0},{"damage_healed":0,"gold_gain":0,"player_choice":"Take Damage","damage_taken":20,"relics_obtained":["Golden Idol"],"max_hp_gain":0,"max_hp_loss":0,"event_name":"Golden Idol","floor":8,"gold_loss":0},{"damage_healed":0,"gold_gain":0,"cards_transformed":["Strike_R"],"player_choice":"Transformed","damage_taken":0,"max_hp_gain":0,"max_hp_loss":0,"event_name":"Transmorgrifier","floor":10,"gold_loss":0,"cards_obtained":["Ghostly Armor"]},{"damage_healed":0,"gold_gain":0,"player_choice":"Fled","damage_taken":18,"max_hp_gain":0,"max_hp_loss":0,"event_name":"Scrap Ooze","floor":13,"gold_loss":0}],"is_beta":false,"boss_relics":[],"items_purged_floors":[],"is_endless":false,"potions_floor_spawned":[5,7],"killed_by":"The Guardian","ascension_level":8}}