{"host":"788p3pvxhs5s9n7p","time":1610117819,"event":{"mods":["AchievementEnabler","BaseMod","Downfall","Hermit","Hubris","Jorbs\u0027s Wanderer Trilogy","Minty Spire (QoL Compilation)","Replay The Spire","StSLib","The Cursed","vexMod"],"gold_per_floor":[109,143,93,109,34,60,79,79,79,56,73,89,89,89,100,133,133,234,234,234,184,184,184,184,184,184,184,184],"floor_reached":27,"playtime":1363,"items_purged":["Strike_R"],"score":265,"play_id":"851716fb-c6f2-4733-a815-c1b8fcba13bf","local_time":"20210108085659","is_ascension_mode":true,"campfire_choices":[{"data":"Searing Blow","floor":8,"key":"SMITH"},{"data":"Searing Blow+2","floor":17,"key":"SMITH"},{"data":"Entrench","floor":25,"key":"SMITH"}],"circlet_count":0,"master_deck":["Strike_R","Strike_R","Strike_R","Defend_R","Defend_R","Defend_R","Defend_R","Bash","Searing Blow+3","Twin Strike","Uppercut","Shrug It Off","Offering","Whirlwind","Exhume","Headbutt","Entrench+1","Flex+1"],"relics":["Burning Blood","NeowsBlessing","Pantograph","Replay:Bottled Eggs","hubris:CrystalStatue","Ectoplasm"],"acts_visited":["Exordium","TheCity"],"potions_floor_usage":[11,16,18,23,24,24,27],"damage_taken":[{"damage":0,"enemies":"Small Slimes","floor":1,"turns":1},{"damage":0,"enemies":"Jaw Worm","floor":4,"turns":1},{"damage":0,"enemies":"Replay:BlueRogue","floor":6,"turns":1},{"damage":1,"enemies":"Cultist","floor":7,"turns":3},{"damage":21,"enemies":"Exordium Wildlife","floor":11,"turns":4},{"damage":0,"enemies":"Red Slaver","floor":12,"turns":4},{"damage":0,"enemies":"Blue Slaver","floor":15,"turns":3},{"damage":16,"enemies":"3 Sentries","floor":16,"turns":6},{"damage":12,"enemies":"Slime Boss","floor":18,"turns":7},{"damage":14,"enemies":"Shell Parasite","floor":20,"turns":3},{"damage":6,"enemies":"Spheric Guardian","floor":22,"turns":3},{"damage":33,"enemies":"Centurion and Healer","floor":23,"turns":5},{"damage":17,"enemies":"Snecko","floor":24,"turns":2},{"damage":27,"enemies":"3 Cultists","floor":26,"turns":5},{"damage":40,"enemies":"Slavers","floor":27,"turns":1}],"seed_played":"-7082651496917317335","potions_obtained":[{"floor":1,"key":"DuplicationPotion"},{"floor":2,"key":"Elixir"},{"floor":2,"key":"Slimebound:ThreeZeroPotion"},{"floor":2,"key":"Strength Potion"},{"floor":11,"key":"champ:CounterPotion"},{"floor":18,"key":"BloodPotion"},{"floor":22,"key":"SneckoOil"},{"floor":26,"key":"EssenceOfSteel"}],"is_trial":false,"path_per_floor":["M","?","?","M","$","E","M","R","T","$","M","M","PTL","PTL","M","E","R","B",null,"M","?","M","M","M","R","M","E"],"character_chosen":"IRONCLAD","items_purchased":["Shrug It Off"],"campfire_rested":0,"item_purchase_floors":[10],"current_hp_per_floor":[80,60,60,66,66,72,77,77,77,77,62,68,68,68,74,64,64,74,80,72,72,72,45,50,50,29,0,0],"gold":184,"neow_bonus":"THREE_ENEMY_KILL","is_daily":false,"chose_seed":false,"campfire_upgraded":3,"win_rate":0.0,"timestamp":1610117819,"path_taken":["M","?","?","M","?","E","M","R","T","$","M","?","PTL","PTL","M","E","R","BOSS","M","?","M","M","M","R","?","E"],"items_purchased_type":["Card"],"build_version":"2020-12-22","purchased_purges":1,"victory":false,"max_hp_per_floor":[80,80,80,80,80,80,80,80,80,80,80,80,80,80,80,80,80,80,80,80,80,80,80,80,80,80,80,80],"card_choices":[{"not_picked":["ReplayTheSpireMod:Strike From Hell","Thunderclap"],"picked":"Searing Blow","floor":1},{"not_picked":["Sword Boomerang","Replay:Undeath\u0027s Touch"],"picked":"Twin Strike","floor":2},{"not_picked":["Pummel","Clash"],"picked":"Uppercut","floor":4},{"not_picked":["Armaments","Wild Strike","Searing Blow"],"picked":"SKIP","floor":6},{"not_picked":["Havoc","Cleave","Pommel Strike"],"picked":"SKIP","floor":7},{"not_picked":["Heavy Blade","Wild Strike","Cleave"],"picked":"SKIP","floor":11},{"not_picked":["Sword Boomerang","Abandon","Clash"],"picked":"SKIP","floor":12},{"not_picked":["Headbutt","Wild Strike"],"picked":"Offering","floor":15},{"not_picked":["Dual Wield","ReplayReversal"],"picked":"Whirlwind","floor":16},{"not_picked":["Bludgeon","Immolate"],"picked":"Exhume","floor":18},{"not_picked":["Life Link+1","Havoc","Infernal Blade+1"],"picked":"SKIP","floor":20},{"not_picked":["Sever Soul","True Grit"],"picked":"Headbutt","floor":22},{"not_picked":["Infernal Blade","Body Slam","Iron Wave"],"picked":"SKIP","floor":23},{"not_picked":["Thunderclap","Replay:Undeath\u0027s Touch"],"picked":"Entrench","floor":24},{"not_picked":["Warcry","Body Slam"],"picked":"Flex+1","floor":26}],"player_experience":162324,"relics_obtained":[{"floor":6,"key":"Pantograph"},{"floor":9,"key":"Replay:Bottled Eggs"},{"floor":16,"key":"hubris:CrystalStatue"}],"event_choices":[{"cards_removed":["Strike_R"],"damage_healed":0,"gold_gain":0,"player_choice":"Card Removal","damage_taken":0,"max_hp_gain":0,"max_hp_loss":0,"event_name":"The Cleric","floor":3,"gold_loss":50},{"damage_healed":0,"gold_gain":0,"player_choice":"Bet on Owner","damage_taken":0,"max_hp_gain":0,"max_hp_loss":0,"event_name":"The Joust","floor":21,"gold_loss":50}],"is_beta":false,"boss_relics":[{"not_picked":["Replay:Bronze Core","vexMod:MegatonBomb"],"picked":"Ectoplasm"}],"items_purged_floors":[5],"is_endless":false,"potions_floor_spawned":[1,6,11,15,18,22,26],"killed_by":"Slavers","ascension_level":1}}