{"host":"amk01rs45492rldv","time":1610120370,"event":{"mods":["Act Like it!","Arknights The Spire","BaseMod","Gensokyo","GifTheSpireLib","KinomotoSakuraMod(ƒæ÷Æ±æ”£)","Marisa£®ÏF”Í°°ƒß¿Ì…≥£©","Minty Spire (QoL Compilation)","Quick Restart","Reimu£®≤©¿ˆ¡È√Œ£©","Remilia£®¿Ÿ√◊¿Ú—«£©","Replay The Spire","StSLib","The Administrix","The Servant 0.9.4","vexMod"],"gold_per_floor":[119,131,131,32,45,68,83,339,362,362,382,382,382,398,398,398,398],"floor_reached":16,"playtime":469,"items_purged":["Injury"],"score":94,"play_id":"1834c03f-f14b-4331-a3c4-6b3443ea7fb6","local_time":"20210108233930","is_ascension_mode":false,"campfire_choices":[{"data":"ats:Volcano","floor":13,"key":"SMITH"},{"data":"ats:Counter Healing Mode","floor":15,"key":"SMITH"}],"circlet_count":0,"master_deck":["ats:Strike C","ats:Strike G","ats:Strike S","ats:Strike V","ats:Armor Crushing Shot","ats:Defend","ats:Defend","ats:Defend","ats:Defend","ats:Emotion Absorption","Trip","ats:Automatic Cover","ats:Leaping Hammer","ats:Shell Defense","ats:Poison Spread","ats:Counter Healing Mode+1","ats:Rapid Magazine+1","ats:Volcano+1","ats:Thermite Blade","ats:Ignite"],"relics":["ats:Sanity","Golden Idol","Toy Ornithopter"],"acts_visited":["Exordium"],"potions_floor_usage":[7,11,14,14],"damage_taken":[{"damage":3,"enemies":"Small Slimes","floor":1,"turns":3},{"damage":5,"enemies":"2 Louse","floor":2,"turns":4},{"damage":1,"enemies":"Jaw Worm","floor":5,"turns":4},{"damage":6,"enemies":"Red Slaver","floor":6,"turns":4},{"damage":9,"enemies":"3 Louse","floor":7,"turns":3},{"damage":2,"enemies":"Blue Slaver","floor":11,"turns":4},{"damage":2,"enemies":"Gremlin Gang","floor":14,"turns":6},{"damage":65,"enemies":"Hexaghost","floor":16,"turns":12}],"seed_played":"8716158153438923195","potions_obtained":[{"floor":5,"key":"EntropicBrew"},{"floor":11,"key":"Block Potion"}],"is_trial":false,"path_per_floor":["M","M","?","$","M","M","M","?","T","?","M","?","R","M","R","B"],"character_chosen":"DOCTOR_CLASS","items_purchased":["ats:Shell Defense"],"campfire_rested":0,"item_purchase_floors":[4],"current_hp_per_floor":[69,64,64,64,63,59,52,34,34,34,40,40,40,53,53,0,0],"gold":398,"neow_bonus":"RANDOM_COLORLESS","is_daily":false,"chose_seed":false,"campfire_upgraded":2,"win_rate":0.0,"timestamp":1610120370,"path_taken":["M","M","?","$","M","M","M","?","T","?","?","?","R","M","R","BOSS"],"items_purchased_type":["Card"],"build_version":"2020-12-22","purchased_purges":1,"victory":false,"max_hp_per_floor":[72,72,72,72,72,72,72,72,72,72,72,72,72,72,72,72,72],"card_choices":[{"not_picked":["Good Instincts","PanicButton"],"picked":"Trip","floor":0},{"not_picked":["ats:Encircling Forest","ats:Curse Doll"],"picked":"ats:Automatic Cover","floor":1},{"not_picked":["ats:Shell Defense","ats:Guardian Obelisk"],"picked":"ats:Leaping Hammer","floor":2},{"not_picked":["ats:Curse Doll","ats:Flame Of Heaven"],"picked":"ats:Poison Spread","floor":5},{"not_picked":["ats:Directed Diagnosis","ats:Part Time Job"],"picked":"ats:Counter Healing Mode","floor":6},{"not_picked":["ats:Flexible Camouflage","ats:Healing Strengthening"],"picked":"ats:Rapid Magazine","floor":7},{"not_picked":["ats:Consecutive Shot Auto","ats:Explosion Area Strengthen"],"picked":"ats:Volcano","floor":8},{"not_picked":["ats:Consecutive Shot Auto","ats:Childhood Dance"],"picked":"ats:Thermite Blade","floor":11},{"not_picked":["ats:Sword Rain","ats:Flexible Camouflage"],"picked":"ats:Ignite","floor":14}],"player_experience":933138,"relics_obtained":[{"floor":9,"key":"Toy Ornithopter"}],"event_choices":[{"damage_healed":0,"gold_gain":0,"player_choice":"Take Wound","damage_taken":0,"relics_obtained":["Golden Idol"],"max_hp_gain":0,"max_hp_loss":0,"event_name":"Golden Idol","floor":3,"gold_loss":0,"cards_obtained":["Injury"]},{"damage_healed":0,"gold_gain":0,"player_choice":"Bought 0 Potions","damage_taken":0,"max_hp_gain":0,"max_hp_loss":0,"event_name":"The Woman in Blue","floor":10,"gold_loss":0}],"is_beta":false,"boss_relics":[],"items_purged_floors":[4],"is_endless":false,"potions_floor_spawned":[5,7,11],"killed_by":"Hexaghost","ascension_level":0}}