{"host":"39edsv1n7lhvfemz","time":1610091431,"event":{"mods":["Act Like it!","BaseMod","Better Vampires","Better-Laid Plans","CapriCore","Friendly Minions","Lobotomy","LobotomyExtend","Minty Spire (QoL Compilation)","Pale of the Ancients","StSLib","The Jungle","Waifu the Spire","noobMod","¡¾ÒÅÎï¿¨ÅÆ¡¿REMEMod"],"gold_per_floor":[118,118,118,118,130,130,130,160,160,160,170,170,170,188,188,292,292,303,322,336,349,365,365,397,397,451,451,451,451],"floor_reached":28,"playtime":1037,"items_purged":[],"score":511,"play_id":"07d5c296-6714-46e6-80c9-ece1c4611e9d","local_time":"20210108153711","is_ascension_mode":true,"campfire_choices":[{"data":"ParadiseLost+1","floor":6.0,"key":"SMITH"},{"data":"ParadiseLost+2","floor":10.0,"key":"SMITH"},{"data":"ParadiseLost+3","floor":12.0,"key":"SMITH"},{"floor":15.0,"key":"REST"}],"circlet_count":0,"master_deck":["AscendersBane","Strike_G","Strike_G","Strike_G","Strike_G","Strike_G","Defend_G","Defend_G","Defend_G","Defend_G","Defend_G","Survivor","Neutralize","ParadiseLost+4","DespairKnight","HereticApostle","Well Laid Plans","Cloak And Dagger","Freischutz","Storm of Steel","BlueStar","After Image","WhiteNight","DreamingCurrent","Accuracy","GalaxyChild","Well Laid Plans","Yin"],"relics":["Ring of the Snake","ice","REME_ComplimentaryCards","CogitoBucket","LetterFromLob","Eternal Feather","Blue Candle","Ornamental Fan","Bottled Lightning","InspiredRelic","MagicBullet_r","Empty Cage","LuminousBracelet","Matryoshka","Molten Egg 2","MealTicket"],"acts_visited":["Exordium","theJungle:Jungle"],"potions_floor_usage":[],"damage_taken":[{"damage":1.0,"enemies":"2 Louse","floor":1.0,"turns":4.0},{"damage":14.0,"enemies":"Jaw Worm","floor":5.0,"turns":5.0},{"damage":90.0,"enemies":"Gremlin Nob","floor":8.0,"turns":7.0},{"damage":0.0,"enemies":"Small Slimes","floor":11.0,"turns":3.0},{"damage":21.0,"enemies":"Gremlin Gang","floor":14.0,"turns":2.0},{"damage":0.0,"enemies":"Slime Boss","floor":16.0,"turns":4.0},{"damage":33.0,"enemies":"theJungle:5_Spyders","floor":18.0,"turns":3.0},{"damage":7.0,"enemies":"theJungle:MUSHROOMGANG","floor":19.0,"turns":2.0},{"damage":0.0,"enemies":"theJungle:2_Flameangoes","floor":20.0,"turns":4.0},{"damage":20.0,"enemies":"theJungle:2_Snecko_Cultists","floor":21.0,"turns":4.0},{"damage":28.0,"enemies":"theJungle:SlimyTreeVines","floor":22.0,"turns":3.0},{"damage":33.0,"enemies":"theJungle:Cassacara","floor":24.0,"turns":5.0},{"damage":136,"enemies":"theJungle:2_Flameangoes","floor":28,"turns":3}],"seed_played":"-2123575403441755861","potions_obtained":[{"floor":1.0,"key":"SkillPotion"},{"floor":11.0,"key":"SpeedPotion"},{"floor":14.0,"key":"GamblersBrew"},{"floor":27.0,"key":"FairyPotion"}],"is_trial":false,"path_per_floor":["M","?","?","?","M","R","T","E","T","R","M","R","E","M","R","B",null,"M","M","M","M","M","R","E","R","T","?","M"],"character_chosen":"THE_SILENT","items_purchased":[],"campfire_rested":1,"item_purchase_floors":[],"current_hp_per_floor":[62,50,58,58,44,53,53,29,29,38,38,47,31,10,40,40,58,40,33,59,66,69,69,80,80,80,80,0,0],"gold":451,"neow_bonus":"","is_daily":false,"chose_seed":false,"campfire_upgraded":3,"win_rate":0.0,"timestamp":1610091431,"path_taken":["M","?","?","?","M","R","?","E","T","R","M","R","E","M","R","BOSS","M","?","M","M","M","R","E","R","T","?","M"],"items_purchased_type":[],"build_version":"2020-12-22","purchased_purges":0,"victory":false,"max_hp_per_floor":[70,70,70,70,70,70,70,71,71,71,71,71,61,63,63,64,64,88,92,100,102,103,103,106,106,106,106,106,106],"card_choices":[{"not_picked":["CrumblingArmor","Scorched","CherryBlossoms"],"picked":"Singing Bowl","floor":1.0},{"not_picked":["Prepared","Setup"],"picked":"Tactician","floor":1.0},{"not_picked":["NakedNest","LittlePrince"],"picked":"DespairKnight","floor":5.0},{"not_picked":["Calculated Gamble","Deadly Poison"],"picked":"Blade Dance","floor":5.0},{"not_picked":["Dodge and Roll","Prepared"],"picked":"Well Laid Plans","floor":8.0},{"not_picked":["PunishingBird","CrumblingArmor"],"picked":"MHz","floor":11.0},{"not_picked":["Acrobatics","Underhanded Strike","Poisoned Stab"],"picked":"SKIP","floor":11.0},{"not_picked":["UniverseFragment","Bloodbath","Rudolta"],"picked":"Singing Bowl","floor":14.0},{"not_picked":["Flying Knee","Dagger Spray"],"picked":"Cloak And Dagger","floor":14.0},{"not_picked":["Scorched","VoidDream"],"picked":"Freischutz","floor":16.0},{"not_picked":["Tools of the Trade","REME_ShadowForm"],"picked":"Storm of Steel","floor":16.0},{"not_picked":["HappyTeddy","Funeral","Murderer"],"picked":"Singing Bowl","floor":18.0},{"not_picked":["LongBird","LaLuna"],"picked":"BlueStar","floor":18.0},{"not_picked":["Backflip","Blade Dance"],"picked":"After Image","floor":18.0},{"not_picked":["SnowQueen","Scorched"],"picked":"WhiteNight","floor":19.0},{"not_picked":["Underhanded Strike+1","Deflect+1","Slice"],"picked":"SKIP","floor":19.0},{"not_picked":["MeatLantern","CrumblingArmor"],"picked":"DreamingCurrent","floor":20.0},{"not_picked":["Well Laid Plans+1","Sucker Punch+1"],"picked":"Accuracy","floor":20.0},{"not_picked":["BlackSwan","Laetitia"],"picked":"GalaxyChild","floor":21.0},{"not_picked":["Underhanded Strike","Flechettes","Poisoned Stab+1"],"picked":"SKIP","floor":21.0},{"not_picked":["Wellcheers","Scorched","WallGazer"],"picked":"Singing Bowl","floor":22.0},{"not_picked":["Dagger Spray","Prepared"],"picked":"Well Laid Plans","floor":22.0},{"not_picked":["Wellcheers","CrumblingArmor","LittleHelper"],"picked":"Singing Bowl","floor":24.0},{"not_picked":["WhitesApple","Murderer"],"picked":"Yin","floor":24.0},{"not_picked":["Masterful Stab","Predator","PiercingWail"],"picked":"SKIP","floor":24.0}],"player_experience":144491,"relics_obtained":[{"floor":1.0,"key":"LetterFromLob"},{"floor":7.0,"key":"Blue Candle"},{"floor":8.0,"key":"Ornamental Fan"},{"floor":9.0,"key":"Bottled Lightning"},{"floor":24.0,"key":"Matryoshka"},{"floor":26.0,"key":"Molten Egg 2"},{"floor":26.0,"key":"MealTicket"}],"event_choices":[{"damage_healed":0.0,"max_hp_gain":0.0,"max_hp_loss":0.0,"gold_gain":0.0,"event_name":"Scrap Ooze","player_choice":"Success","floor":2.0,"gold_loss":0.0,"damage_taken":12.0,"relics_obtained":["Eternal Feather"]},{"damage_healed":0.0,"max_hp_gain":0.0,"max_hp_loss":0.0,"gold_gain":0.0,"event_name":"Living Wall","player_choice":"Grow","floor":4.0,"gold_loss":0.0,"damage_taken":0.0,"cards_upgraded":["ParadiseLost"]},{"damage_healed":0.0,"max_hp_gain":0.0,"max_hp_loss":0.0,"gold_gain":0.0,"event_name":"Lab","player_choice":"Got Potions","floor":27.0,"gold_loss":0.0,"damage_taken":0.0}],"is_beta":false,"boss_relics":[{"not_picked":["Snecko Eye","Cursed Key"],"picked":"Empty Cage"}],"items_purged_floors":[],"is_endless":false,"potions_floor_spawned":[1,11,14,16,19,24],"killed_by":"theJungle:2_Flameangoes","ascension_level":12}}