{"host":"0yig8d1fjk7bod2i","time":1610100484,"event":{"mods":["ATMod(阿瑾Mod)","Act Like it!","BaseMod","CapriCore","Decade(王小明)","Gensokyo","GifTheSpireLib","Hallownest","Lobotomy","LobotomyExtend","Minty Spire (QoL Compilation)","MostiFishMod","Replay The Spire","RumiaBox-露米娅的神秘盒子","Spicy Shops","StSLib","The Administrix","The Immortal","The Saiyan","UnlockEverythingMod","Yakumo Yukari mod","[IsaacMod]以撒尖塔","【功能Mod】混沌之环修复补丁","【功能Mod】聪明的最终Boss","【遗物卡牌】REMEMod","篝火指南"],"gold_per_floor":[87,99,112,338,352,586,605,620,644,644,879,879,599,409,462,762,762,773,773,76,89,140,372,372,391,440,670,31,31,49,60,60,560,560,570,628,132,132,76,76,276,286,286,257,257,146,375,386,386,586],"floor_reached":51,"playtime":5772,"items_purged":["Gensokyo:ImpossibleRequest","Pain","Doubt"],"score":1087,"play_id":"4926e1b8-a80f-4d63-aa76-fea94a59151a","local_time":"20210108180804","is_ascension_mode":false,"campfire_choices":[{"data":"Saiyan:SenzuBean","floor":24.0,"key":"SMITH"},{"data":"Saiyan:AugmentedBlast","floor":29.0,"key":"SMITH"},{"floor":32.0,"key":"RECALL"},{"data":"Gensokyo:ShootingStar","floor":40.0,"key":"SMITH"}],"circlet_count":0,"master_deck":["BigBird","ApocalypseBird","PunishingBird","LongBird","BodiesMountain","WhiteNight","DespairKnight","Woodsman","Saiyan:SAIYA_Strike","Saiyan:SAIYA_Strike","Saiyan:SAIYA_Strike","HereticApostle","Saiyan:SAIYA_Defend","Saiyan:EnergyBlast","Saiyan:RuthlessBlow","Reboot","AT_DarkMatter","OSAHOGD","Saiyan:KiExplosion","Saiyan:DragonFist","Saiyan:WarmUp","Saiyan:MeteorDash","Saiyan:Makankosappo","Saiyan:Rekindle","Saiyan:KameHameHa","Saiyan:Planning+1","Saiyan:PlotArmor","Saiyan:MajinSeal","Saiyan:AugmentedBlast+1","Saiyan:SenzuBean+1","Saiyan:SoulSpice","Saiyan:HyperTimeChamber+1","Saiyan:PowerStance+1","Saiyan:Twize","Saiyan:TransfigurationBeam","Saiyan:WarmUp","Gensokyo:ShootingStar+1","MostiFishMod:SephirahHod","Saiyan:Furor+1","Saiyan:Momentum","Saiyan:SpiritSword+1","Saiyan:Teleport+1"],"relics":["SaiyanSoul","SaiyanHeart","HushsDoor","AT_ATBox","REME_ComplimentaryCards","DaveBox","ChiXiaoBlade","MoneyPower","CogitoBucket","SynthV:TestCard","Baka","LetterFromLob","AT_TheCollector","AT_TheCollector","Replay:Bottled Snecko","AT_BladeRuinedKing","Replay:Wax Seal","Gensokyo:CelestialsFlawlessClothing","Logging_r","REME_HandOfSuture","Gensokyo:LunaticRedEyes","ReplayTheSpireMod:CursedCoin","SynthV:C4","Replay:Bottled Steam","Justitia_r","HaiYi:Twilight","SwordSharpenedByTears_r","HellTrain","Akabeko","Gensokyo:RedStar","EdensBlessing","MagicDraw4","Pet Ghost","REME_CardOfGreed","REME_PuzzleBoxRelic","AT_ChloranthyRing","MagicDraw3","War Paint","Garlic","SynthV","Kunai","TreeSap","Ancient Tea Set","SecretRecord","MostiFishMod:Hod","GuppysCollar","Guide Book","ChiLing","Chi","Ling","GodSword4","DeathAngel","TheSmile_r","SolemnVow_r","AT_ArchangelStaff","Replay:Accelerometer","Twilight","SSSystem","AT_GuinsooRageblade","Lamp_r","PokeGo"],"acts_visited":["Gensokyo:Gensokyo","Gensokyo:Gensokyoer","Gensokyo:Gensokyoest"],"potions_floor_usage":[46,46],"damage_taken":[{"damage":0.0,"enemies":"Gensokyo:2_Kodama","floor":1.0,"turns":1.0},{"damage":3.0,"enemies":"Gensokyo:Gryphon","floor":2.0,"turns":4.0},{"damage":2.0,"enemies":"Gensokyo:3_Fairies","floor":3.0,"turns":3.0},{"damage":44.0,"enemies":"Gensokyo:Mamizou","floor":4.0,"turns":7.0},{"damage":8.0,"enemies":"Gensokyo:VengefulSpirit","floor":5.0,"turns":5.0},{"damage":12.0,"enemies":"Gensokyo:Aya","floor":6.0,"turns":3.0},{"damage":16.0,"enemies":"Gensokyo:CorruptedTreant","floor":7.0,"turns":3.0},{"damage":5.0,"enemies":"Gensokyo:Python_and_Kodama","floor":8.0,"turns":2.0},{"damage":2.0,"enemies":"Gensokyo:Mamizou","floor":11.0,"turns":5.0},{"damage":10.0,"enemies":"Gensokyo:Gryphon_and_Rabbit","floor":14.0,"turns":2.0},{"damage":9.0,"enemies":"Gensokyo:Kokoro","floor":16.0,"turns":3.0},{"damage":74.0,"enemies":"Gensokyo:Chomper","floor":18.0,"turns":9.0},{"damage":0.0,"enemies":"Gensokyo:CosmicMonolith","floor":21.0,"turns":1.0},{"damage":25.0,"enemies":"Gensokyo:Koishi","floor":23.0,"turns":5.0},{"damage":3.0,"enemies":"Gensokyo:Slime_Group","floor":25.0,"turns":2.0},{"damage":0.0,"enemies":"Gensokyo:Tenshi","floor":27.0,"turns":3.0},{"damage":0.0,"enemies":"Gensokyo:Swordslinger","floor":30.0,"turns":5.0},{"damage":0.0,"enemies":"Gensokyo:Chomper_and_Gloop","floor":31.0,"turns":1.0},{"damage":2.0,"enemies":"Gensokyo:Eiki","floor":33.0,"turns":3.0},{"damage":0.0,"enemies":"Gensokyo:AncientGuardian","floor":35.0,"turns":1.0},{"damage":2.0,"enemies":"Gensokyo:3_Bats","floor":41.0,"turns":2.0},{"damage":0.0,"enemies":"Gensokyo:3_Bats","floor":42.0,"turns":2.0},{"damage":5.0,"enemies":"Gensokyo:Dusk_and_Dawn","floor":44.0,"turns":1.0},{"damage":52,"enemies":"Gensokyo:4_Bats","floor":46,"turns":4},{"damage":0,"enemies":"Gensokyo:Doremy","floor":47,"turns":1},{"damage":2,"enemies":"Gensokyo:4_Bats","floor":48,"turns":1},{"damage":0,"enemies":"Gensokyo:Yuyuko","floor":50,"turns":1},{"damage":34,"enemies":"Malkuth","floor":51,"turns":2},{"damage":1,"enemies":"Hod","floor":51,"turns":2},{"damage":3,"enemies":"Tiphereth","floor":51,"turns":3},{"damage":121,"enemies":"Binah","floor":51,"turns":6}],"seed_played":"-1133468962421640606","potions_obtained":[{"floor":4.0,"key":"Strength Potion"},{"floor":5.0,"key":"SpeedPotion"},{"floor":6.0,"key":"Fruit Juice"},{"floor":7.0,"key":"Regen Potion"},{"floor":16.0,"key":"Block Potion"},{"floor":27.0,"key":"Fruit Juice"},{"floor":30.0,"key":"AttackPotion"},{"floor":48,"key":"AttackPotion"}],"is_trial":false,"path_per_floor":["M","M","M","?","M","E","M","M","T","?","E","?","$","M","R","B",null,"M","?","$","M","T","E","R","M","T","E","$","R","M","M","R","B",null,"M","?","COS","?","$","R","M","M","T","M","?","M","E","M","R","B",null],"character_chosen":"SAIYAJIN","items_purchased":["ReplayTheSpireMod:CursedCoin","SynthV:C4","Replay:Bottled Steam","Saiyan:MajinSeal","EdensBlessing","AttackPotion","MagicDraw4","Pet Ghost","REME_CardOfGreed","Garlic","SynthV","Kunai","GuppysCollar","GodSword4"],"campfire_rested":0,"item_purchase_floors":[13,13,13,13,20,20,20,20,20,28,28,28,34,39],"current_hp_per_floor":[60,59,58,20,18,24,14,33,33,15,14,14,14,25,25,22,75,30,30,30,46,46,66,66,80,80,82,82,82,90,91,91,4,4,27,12,12,12,12,12,31,28,28,64,64,71,97,101,101,101],"gold":1386,"neow_bonus":"","is_daily":false,"chose_seed":false,"campfire_upgraded":3,"win_rate":0.0,"timestamp":1610100484,"path_taken":["M","M","M","?","M","E","M","?","T","?","E","?","$","M","R","BOSS","M","?","?","M","?","E","R","M","T","E","?","R","M","M","R","BOSS","M","?","COS","?","?","R","M","M","T","M","?","M","E","M","R","BOSS"],"items_purchased_type":["Relic","Relic","Relic","Card","Relic","Potion","Relic","Relic","Relic","Relic","Relic","Relic","Relic","Relic"],"build_version":"2020-12-22","purchased_purges":3,"victory":true,"max_hp_per_floor":[60,62,63,65,67,73,73,74,74,74,75,75,75,75,75,75,75,77,77,77,77,77,80,80,80,80,88,88,88,92,93,93,97,84,86,86,86,86,86,86,89,99,99,99,99,100,101,101,101,101],"card_choices":[{"not_picked":[],"picked":"ChaosCard","floor":0.0},{"not_picked":["CherryBlossoms","MHz","Bloodbath"],"picked":"Singing Bowl","floor":1.0},{"not_picked":["NakedNest","WallGazer"],"picked":"OSAHOGD","floor":1.0},{"not_picked":["Saiyan:Scouter","Saiyan:DrainingStrike"],"picked":"Saiyan:KiExplosion","floor":1.0},{"not_picked":["Alriune","BeautyBeast","MHz"],"picked":"Singing Bowl","floor":2.0},{"not_picked":["HappyTeddy","GalaxyChild"],"picked":"PunishingBird","floor":2.0},{"not_picked":["Saiyan:ConcussiveBlow","Saiyan:PowerUp","Saiyan:Planning","Saiyan:Furor"],"picked":"Saiyan:DragonFist","floor":2.0},{"not_picked":["VoidDream","MeatLantern","UniverseFragment"],"picked":"Singing Bowl","floor":3.0},{"not_picked":["Saiyan:UltraInstinct","Saiyan:ExpandingShockwave","Saiyan:PowerPole","Saiyan:Scouter"],"picked":"Saiyan:WarmUp","floor":3.0},{"not_picked":["GreedKing","QueenBee","BeautyBeast"],"picked":"Singing Bowl","floor":4.0},{"not_picked":["LittlePrince","FieryBird"],"picked":"Woodsman","floor":4.0},{"not_picked":["Saiyan:Scouter","Saiyan:Medicine","Saiyan:TurtleShell","Saiyan:DragonFist"],"picked":"Saiyan:MeteorDash","floor":4.0},{"not_picked":["Bloodbath","BeautyBeast","CrumblingArmor"],"picked":"Singing Bowl","floor":5.0},{"not_picked":["Saiyan:KiExplosion","Saiyan:RemoveWeights","Saiyan:SaiyanHubris","Saiyan:Quickening"],"picked":"Saiyan:Makankosappo","floor":5.0},{"not_picked":["QueenBee","FairyFestival","CherryBlossoms"],"picked":"Singing Bowl","floor":6.0},{"not_picked":["Saiyan:Endure","Saiyan:PowerUp","Saiyan:Expend","Saiyan:Planning"],"picked":"Saiyan:Rekindle","floor":6.0},{"not_picked":["BeautyBeast","OldLady","RedShoes"],"picked":"Singing Bowl","floor":7.0},{"not_picked":["Scorched","VoidDream"],"picked":"LongBird","floor":7.0},{"not_picked":["Saiyan:BackAttack","Saiyan:DragonFist","Saiyan:KiExplosion","Saiyan:Kienzan"],"picked":"Saiyan:KameHameHa","floor":7.0},{"not_picked":["SpiderBud","Murderer","Bloodbath"],"picked":"Singing Bowl","floor":8.0},{"not_picked":["BeautyBeast","CrumblingArmor"],"picked":"DespairKnight","floor":8.0},{"not_picked":["Saiyan:KameHameHa","Saiyan:Fly","Saiyan:SaiyanHubris","Saiyan:Kienzan"],"picked":"Saiyan:Planning","floor":8.0},{"not_picked":["SpiderBud","UniverseFragment","Scorched"],"picked":"Singing Bowl","floor":11.0},{"not_picked":["Saiyan:KiExplosion","Saiyan:SaiyanHubris","Saiyan:Endure","Saiyan:PowerUp"],"picked":"Saiyan:PlotArmor","floor":11.0},{"not_picked":["BeautyBeast","BlackArmy","Bloodbath"],"picked":"Singing Bowl","floor":14.0},{"not_picked":["Saiyan:FingerParry","Saiyan:PowerUp","Saiyan:RemoveWeights","Saiyan:SaiyanHubris"],"picked":"Saiyan:AugmentedBlast","floor":14.0},{"not_picked":["CrumblingArmor","VoidDream","Variant"],"picked":"Singing Bowl","floor":16.0},{"not_picked":["Saiyan:Rekindle","Saiyan:SolarFlare","Saiyan:HyperTimeChamber","Saiyan:Momentum"],"picked":"Saiyan:SenzuBean","floor":16.0},{"not_picked":["FieryBird","VoidDream"],"picked":"WhiteNight","floor":18.0},{"not_picked":["Saiyan:DragonFist","Saiyan:ExpandingShockwave","Saiyan:Flurry","Saiyan:SaiyanHubris+1"],"picked":"Saiyan:SoulSpice","floor":18.0},{"not_picked":["Bloodbath","BeautyBeast","Scorched"],"picked":"Singing Bowl","floor":21.0},{"not_picked":["Saiyan:Scouter","Saiyan:BackAttack","Saiyan:TurtleShell","Saiyan:MeteorDash"],"picked":"Saiyan:HyperTimeChamber","floor":21.0},{"not_picked":["Scorched","SpiderBud","Rudolta"],"picked":"Singing Bowl","floor":23.0},{"not_picked":["Saiyan:Planning","Saiyan:KameHameHa","Saiyan:Furor","Saiyan:Overexert"],"picked":"Saiyan:PowerStance+1","floor":23.0},{"not_picked":["LittleHelper","GreedKing","Murderer"],"picked":"Singing Bowl","floor":25.0},{"not_picked":["Saiyan:Scouter","Saiyan:Quickening+1","Saiyan:FingerParry","Saiyan:GhostAttack","Saiyan:Taunt"],"picked":"SKIP","floor":25.0},{"not_picked":["Rudolta","Alriune"],"picked":"Mercenary","floor":27.0},{"not_picked":["Saiyan:ExtremeSpeed","Saiyan:SaiyanHubris","Saiyan:KiExplosion+1","Saiyan:Planning"],"picked":"Saiyan:Medicine+1","floor":27.0},{"not_picked":["GalaxyChild","LittleHelper","Porccubus"],"picked":"Singing Bowl","floor":30.0},{"not_picked":["Saiyan:MeteorDash","Saiyan:Quickening+1","Saiyan:SoulSpice+1","Saiyan:BigBangAttack"],"picked":"Saiyan:TransfigurationBeam","floor":30.0},{"not_picked":["NakedNest","Yin"],"picked":"BodiesMountain","floor":31.0},{"not_picked":["Saiyan:PowerStance","Saiyan:GhostAttack","Saiyan:Planning","Saiyan:Overexert"],"picked":"Saiyan:WarmUp","floor":31.0},{"not_picked":["VoidDream","Scorched","CherryBlossoms"],"picked":"Singing Bowl","floor":33.0},{"not_picked":[],"picked":"Gensokyo:ShootingStar","floor":33.0},{"not_picked":["Saiyan:Rekindle","Saiyan:MajinSeal","Saiyan:TransfigurationBeam","Saiyan:SenzuBean"],"picked":"Saiyan:GenkiDama","floor":33.0},{"not_picked":["Variant","Murderer","BlackArmy"],"picked":"Singing Bowl","floor":35.0},{"not_picked":["Saiyan:Planning+1","Saiyan:ExpandingShockwave+1","Saiyan:FinalFlash+1","Saiyan:DoubleMasenko"],"picked":"Saiyan:Rekindle","floor":35.0},{"not_picked":["UniverseFragment","Variant","Scorched"],"picked":"Singing Bowl","floor":41.0},{"not_picked":["Saiyan:PlotArmor+1","Saiyan:DragonFist+1","Saiyan:TurtleShell","Saiyan:SaiyanHubris"],"picked":"Saiyan:Furor+1","floor":41.0},{"not_picked":["Yin","SnowQueen"],"picked":"Funeral","floor":42.0},{"not_picked":["Saiyan:Medicine","Saiyan:FingerParry+1","Saiyan:PlotArmor","Saiyan:RemoveWeights+1","Saiyan:Planning"],"picked":"SKIP","floor":42.0},{"not_picked":["Mercenary","LittlePrince"],"picked":"BigBird","floor":44.0},{"not_picked":["Saiyan:PowerUp+1","Saiyan:TurtleShell+1","Saiyan:Twize","Saiyan:Teleport"],"picked":"Saiyan:Momentum","floor":44.0},{"not_picked":["Alriune","GalaxyChild","BlackArmy"],"picked":"Singing Bowl","floor":46},{"not_picked":["Saiyan:Kienzan","Saiyan:Medicine+1","Saiyan:ExpandingShockwave+1","Saiyan:DragonFist"],"picked":"Saiyan:SpiritSword+1","floor":46},{"not_picked":["LittleHelper","Wellcheers"],"picked":"BigBadWolf","floor":47},{"not_picked":["Saiyan:Scouter+1","Saiyan:ExpandingShockwave","Saiyan:KameHameHa+1","Saiyan:FingerParry+1"],"picked":"Saiyan:Teleport+1","floor":47},{"not_picked":["HeroicMonk","GreedKing","Rudolta"],"picked":"Singing Bowl","floor":48},{"not_picked":["Saiyan:SolarFlare","Saiyan:Kienzan+1","Saiyan:PowerStance","Saiyan:UltraInstinct","Saiyan:Quickening+1"],"picked":"SKIP","floor":48}],"player_experience":149938,"relics_obtained":[{"floor":1.0,"key":"SynthV:TestCard"},{"floor":1.0,"key":"Baka"},{"floor":1.0,"key":"LetterFromLob"},{"floor":2.0,"key":"AT_TheCollector"},{"floor":2.0,"key":"AT_TheCollector"},{"floor":4.0,"key":"Replay:Bottled Snecko"},{"floor":6.0,"key":"AT_BladeRuinedKing"},{"floor":9.0,"key":"Replay:Wax Seal"},{"floor":11.0,"key":"REME_HandOfSuture"},{"floor":18.0,"key":"Akabeko"},{"floor":22.0,"key":"REME_PuzzleBoxRelic"},{"floor":23.0,"key":"AT_ChloranthyRing"},{"floor":23.0,"key":"MagicDraw3"},{"floor":26.0,"key":"War Paint"},{"floor":27.0,"key":"Damocles"},{"floor":30.0,"key":"Ancient Tea Set"},{"floor":31.0,"key":"SecretRecord"},{"floor":41.0,"key":"DeathAngel"},{"floor":44.0,"key":"AT_ArchangelStaff"},{"floor":46,"key":"Twilight"},{"floor":47,"key":"AT_GuinsooRageblade"}],"event_choices":[],"is_beta":false,"boss_relics":[{"not_picked":["AddBug","Coffee Dripper"],"picked":"HaiYi:Twilight"},{"not_picked":[]},{"not_picked":["REME_DemonsWealth","ChewingGum"],"picked":"MostiFishMod:Hod"},{"not_picked":[]}],"items_purged_floors":[13,20,28],"is_endless":false,"potions_floor_spawned":[4,5,6,7,16,27,30,41,47,48],"ascension_level":0}}