{"host":"exhp4inpfmbngj23","time":1610126510,"event":{"mods":["Abigail Mod","BaseMod","Beaked The Cultist","Friendly Minions","Gremlin Mod","Kiyohime????","Minty Spire (QoL Compilation)","StSLib","The Alterego"],"gold_per_floor":[110,121,121,121,141,141,157,185,210,210,210,158,176,211,211,310,310,328,328,328,328,6,33,33,63,63,63,63,63,63,79,79,183,183,193,193,193,193,121,121,147,147,147,163,173,173,90,120,120,120,120],"floor_reached":50,"playtime":4030,"items_purged":[],"score":672,"play_id":"407442f7-668f-4eb3-b7c0-cb63e7b1eb23","local_time":"20210108092150","is_ascension_mode":true,"campfire_choices":[{"data":"alterego_mod:BigMeatyClaws","floor":6,"key":"SMITH"},{"data":"alterego_mod:DiscoLights","floor":11,"key":"SMITH"},{"data":"alterego_mod:BrynhildrsRune","floor":15,"key":"SMITH"},{"data":"Apotheosis","floor":24,"key":"SMITH"},{"floor":30,"key":"REST"},{"floor":32,"key":"REST"},{"floor":40,"key":"RECALL"},{"floor":42,"key":"REST"},{"floor":46,"key":"REST"},{"floor":49,"key":"REST"}],"circlet_count":0,"master_deck":["alterego_mod:Strike","alterego_mod:Strike+1","alterego_mod:Strike+1","alterego_mod:Strike","alterego_mod:Defend","alterego_mod:Defend","alterego_mod:Defend","alterego_mod:Defend","alterego_mod:Impale+1","alterego_mod:BigMeatyClaws+1","alterego_mod:BrynhildrsRune+1","alterego_mod:Undulate","alterego_mod:MagicResistance","alterego_mod:Stockings","alterego_mod:DiscoLights+1","alterego_mod:GoddessCore","alterego_mod:Birthday","alterego_mod:Stockings","alterego_mod:TrickOrTreatment","CurseOfTheBell","alterego_mod:DeftHands+1","J.A.X.","Apotheosis+1","alterego_mod:SakuraFive","alterego_mod:TrashNCrash+1","alterego_mod:Undulate","alterego_mod:AlterEgo+1","alterego_mod:Rip+1","Madness","Madness","Bandage Up","alterego_mod:Cycle","alterego_mod:AlterEgo+1","alterego_mod:Undulate+1","Clumsy","alterego_mod:Bounce+1","alterego_mod:Cooking+1","Blind","alterego_mod:BreastValley+1"],"relics":["alterego_mod:MasochisticConstitution","PreservedInsect","Oddly Smooth Stone","Mummified Hand","Boot","Calling Bell","Lantern","StrikeDummy","Gambling Chip","Bird Faced Urn","Vajra","Frozen Egg 2","WingedGreaves","Mercury Hourglass","Cursed Key","Question Card","Bottled Tornado","Whetstone"],"acts_visited":["Exordium","TheCity","TheBeyond"],"potions_floor_usage":[7,16,16,25,35,50,50],"damage_taken":[{"damage":0,"enemies":"Small Slimes","floor":1,"turns":4},{"damage":9,"enemies":"2 Louse","floor":2,"turns":3},{"damage":3,"enemies":"Jaw Worm","floor":5,"turns":5},{"damage":3,"enemies":"Looter","floor":7,"turns":3},{"damage":11,"enemies":"3 Sentries","floor":8,"turns":10},{"damage":6,"enemies":"Blue Slaver","floor":13,"turns":5},{"damage":4,"enemies":"Lagavulin","floor":14,"turns":6},{"damage":10,"enemies":"The Guardian","floor":16,"turns":11},{"damage":6,"enemies":"Spheric Guardian","floor":18,"turns":4},{"damage":30,"enemies":"Gremlin Leader","floor":23,"turns":7},{"damage":3,"enemies":"Slavers","floor":25,"turns":4},{"damage":9,"enemies":"2 Thieves","floor":31,"turns":4},{"damage":48,"enemies":"Collector","floor":33,"turns":11},{"damage":4,"enemies":"3 Darklings","floor":35,"turns":5},{"damage":31,"enemies":"Giant Head","floor":41,"turns":8},{"damage":30,"enemies":"3 Shapes","floor":44,"turns":7},{"damage":19,"enemies":"Spire Growth","floor":45,"turns":6},{"damage":55,"enemies":"Nemesis","floor":48,"turns":4},{"damage":142,"enemies":"Time Eater","floor":50,"turns":14}],"seed_played":"-8303333755477141682","potions_obtained":[{"floor":2,"key":"DistilledChaos"},{"floor":5,"key":"SmokeBomb"},{"floor":13,"key":"SpeedPotion"},{"floor":14,"key":"FearPotion"},{"floor":23,"key":"DistilledChaos"},{"floor":33,"key":"SkillPotion"},{"floor":35,"key":"GamblersBrew"},{"floor":45,"key":"Explosive Potion"}],"is_trial":false,"path_per_floor":["M","M","?","?","M","R","M","E","T","T","R","$","M","E","R","B",null,"M","?","?","?","$","E","R","E","T","?","$","T","R","M","R","B",null,"M","?","?","?","$","R","E","R","T","M","M","R","$","E","R","B"],"character_chosen":"The_Alterego","items_purchased":["alterego_mod:GoddessCore","Apotheosis","Vajra","alterego_mod:AlterEgo+1","Blind"],"campfire_rested":5,"item_purchase_floors":[12,22,22,39,47],"current_hp_per_floor":[77,69,69,69,74,74,72,76,76,76,76,76,78,77,77,70,84,79,79,79,79,79,57,57,59,59,42,42,42,69,65,92,69,94,95,83,83,83,83,83,66,94,94,71,70,98,98,56,85,0,0],"gold":120,"neow_bonus":"TEN_PERCENT_HP_BONUS","is_daily":false,"chose_seed":false,"campfire_upgraded":4,"win_rate":0.0,"timestamp":1610126510,"path_taken":["M","M","?","?","M","R","M","E","T","?","R","$","M","E","R","BOSS","M","?","?","?","$","E","R","E","T","?","?","?","R","M","R","BOSS","M","?","?","?","$","R","E","R","T","M","?","R","$","E","R","BOSS"],"items_purchased_type":["Card","Card","Relic","Card","Card"],"build_version":"2020-12-22","purchased_purges":0,"victory":false,"max_hp_per_floor":[77,78,78,78,79,79,80,81,81,81,81,81,82,83,83,84,84,85,85,85,85,85,86,86,87,87,92,92,92,92,93,93,94,94,95,95,95,95,95,95,96,96,96,97,98,98,98,99,99,99,99],"card_choices":[{"not_picked":["alterego_mod:Cooking","alterego_mod:Bounce"],"picked":"alterego_mod:Undulate","floor":1},{"not_picked":["alterego_mod:HighServant","alterego_mod:Cycle"],"picked":"alterego_mod:Rip","floor":2},{"not_picked":["alterego_mod:Undulate","alterego_mod:DestructionOfProperty"],"picked":"alterego_mod:MagicResistance","floor":5},{"not_picked":["alterego_mod:DestructionOfProperty","alterego_mod:MagicResistance"],"picked":"alterego_mod:Stockings","floor":7},{"not_picked":["alterego_mod:Pet","alterego_mod:Tantrum"],"picked":"alterego_mod:DiscoLights","floor":8},{"not_picked":["alterego_mod:Complex","alterego_mod:Cycle"],"picked":"alterego_mod:Birthday","floor":13},{"not_picked":["alterego_mod:Skirt","alterego_mod:GachaTicket"],"picked":"alterego_mod:Stockings","floor":14},{"not_picked":["alterego_mod:Valkyrie","alterego_mod:ClassAdvantage"],"picked":"alterego_mod:TrickOrTreatment","floor":16},{"not_picked":["alterego_mod:MagicResistance","alterego_mod:SakuraFive"],"picked":"alterego_mod:DeftHands+1","floor":18},{"not_picked":["alterego_mod:SuperDuperMasochism+1","alterego_mod:Pet"],"picked":"alterego_mod:SakuraFive","floor":23},{"not_picked":["alterego_mod:IdEs","alterego_mod:GoddessCore"],"picked":"alterego_mod:TrashNCrash+1","floor":25},{"not_picked":["alterego_mod:Jiggle+1","alterego_mod:Cycle+1"],"picked":"alterego_mod:Undulate","floor":31},{"not_picked":["alterego_mod:GIGAMILK","alterego_mod:Weigh"],"picked":"alterego_mod:AlterEgo+1","floor":33},{"not_picked":["alterego_mod:BeGentle+1","alterego_mod:MagicResistance"],"picked":"alterego_mod:Rip+1","floor":35},{"not_picked":["Mind Blast","Enlightenment"],"picked":"Bandage Up","floor":37},{"not_picked":["alterego_mod:Punishment+1","alterego_mod:Cooking+1"],"picked":"alterego_mod:Undulate+1","floor":41},{"not_picked":["alterego_mod:MagicResistance+1","alterego_mod:Pet","alterego_mod:Punishment+1"],"picked":"alterego_mod:Bounce+1","floor":44},{"not_picked":["alterego_mod:Bounce","alterego_mod:TrashNCrash","alterego_mod:Undulate"],"picked":"alterego_mod:Cooking+1","floor":45},{"not_picked":["alterego_mod:BiFurious+1","alterego_mod:ChallengeComplete+1","alterego_mod:RingBreak+1"],"picked":"alterego_mod:BreastValley+1","floor":48}],"player_experience":1921439,"relics_obtained":[{"floor":8,"key":"PreservedInsect"},{"floor":9,"key":"Oddly Smooth Stone"},{"floor":10,"key":"Mummified Hand"},{"floor":14,"key":"Boot"},{"floor":17,"key":"Lantern"},{"floor":17,"key":"StrikeDummy"},{"floor":17,"key":"Gambling Chip"},{"floor":23,"key":"Frozen Egg 2"},{"floor":25,"key":"WingedGreaves"},{"floor":29,"key":"Mercury Hourglass"},{"floor":41,"key":"Question Card"},{"floor":43,"key":"Bottled Tornado"},{"floor":48,"key":"Whetstone"}],"event_choices":[{"damage_healed":0,"gold_gain":0,"player_choice":"Grow","damage_taken":0,"max_hp_gain":0,"max_hp_loss":0,"event_name":"Living Wall","floor":3,"gold_loss":0,"cards_upgraded":["alterego_mod:Impale"]},{"damage_healed":0,"gold_gain":0,"player_choice":"Leave","damage_taken":0,"max_hp_gain":0,"max_hp_loss":0,"event_name":"The Cleric","floor":4,"gold_loss":0},{"damage_healed":0,"gold_gain":0,"player_choice":"Opened","damage_taken":0,"relics_obtained":["Bird Faced Urn"],"max_hp_gain":0,"max_hp_loss":0,"event_name":"The Mausoleum","floor":19,"gold_loss":0},{"damage_healed":0,"gold_gain":0,"player_choice":"Obtain J.A.X.","damage_taken":0,"max_hp_gain":0,"max_hp_loss":0,"event_name":"Drug Dealer","floor":20,"gold_loss":0,"cards_obtained":["J.A.X."]},{"damage_healed":0,"gold_gain":0,"player_choice":"Ignored","damage_taken":0,"max_hp_gain":0,"max_hp_loss":0,"event_name":"Beggar","floor":21,"gold_loss":0},{"damage_healed":0,"gold_gain":0,"player_choice":"Shed Blood","damage_taken":22,"max_hp_gain":5,"max_hp_loss":0,"event_name":"Forgotten Altar","floor":27,"gold_loss":0},{"damage_healed":0,"gold_gain":0,"player_choice":"Embrace Madness","damage_taken":12,"max_hp_gain":0,"max_hp_loss":0,"event_name":"Winding Halls","floor":36,"gold_loss":0,"cards_obtained":["Madness","Madness"]},{"damage_healed":0,"gold_gain":0,"player_choice":"Memory 1","damage_taken":0,"max_hp_gain":0,"max_hp_loss":0,"event_name":"SensoryStone","floor":37,"gold_loss":0},{"damage_healed":0,"gold_gain":0,"cards_transformed":["alterego_mod:Rip"],"player_choice":"Transformed","damage_taken":0,"max_hp_gain":0,"max_hp_loss":0,"event_name":"Transmorgrifier","floor":38,"gold_loss":0,"cards_obtained":["alterego_mod:Cycle"]}],"is_beta":false,"boss_relics":[{"not_picked":["Runic Dome","SlaversCollar"],"picked":"Calling Bell"},{"not_picked":["Pandora\u0027s Box","Fusion Hammer"],"picked":"Cursed Key"}],"items_purged_floors":[],"is_endless":false,"potions_floor_spawned":[2,5,13,14,23,33,35,45],"killed_by":"Time Eater","ascension_level":2}}