{"host":"i0s8vbixp24k5aul","time":1610113507,"event":{"mods":["2.2 Compatiblity","Act Like it!","Arknights The Spire","Aspiration","BaseMod","Better Note","Better Third Choice","Better Vampires","BetterUpgradePreview","Colorless Booster Pack","Displayed Cursed Tome","GifTheSpireLib","Halation","Hermit","Hubris","Jedi Mod","Minty Spire (QoL Compilation)","Optimize The Spire","Random Character Mod","StSLib","Stuff the Spire","Swap Starting Deck Mod","vexMod","??????REMEMod"],"gold_per_floor":[110,129,105,105,105,105,132,132,132,146,146,146,165,9,9,84,84,98,98,113,113,113,113,127,127,127],"floor_reached":25,"playtime":1029,"items_purged":[],"score":328,"play_id":"eb74cc6f-d82d-47c6-958d-c45bda57e749","local_time":"20210108164507","is_ascension_mode":true,"campfire_choices":[{"floor":6,"key":"REST"},{"data":"Neutralize","floor":8,"key":"SMITH"},{"data":"Deadly Poison","floor":12,"key":"SMITH"},{"floor":15,"key":"REST"},{"data":"hubris:StunningStrike","floor":23,"key":"SMITH"}],"circlet_count":0,"master_deck":["AscendersBane","Strike_G","Strike_G","Strike_G","Strike_G","Defend_G","Defend_G","Defend_G","Defend_G","Defend_G+1","Survivor","Neutralize+1","ats:Thorns+1","Deadly Poison+1","Quick Slash+1","Predator","StuffTheSpire:BumpUp","Dagger Spray","REME_CopyPotion","StuffTheSpire:BrimstoneBlast","ats:Dogmatic Field+1","Deflect","Underhanded Strike","hubris:StunningStrike+1","REME_SpectralBlade","Thunder Strike","Twin Strike","Perfected Strike","Bane"],"relics":["Ring of the Snake","REME_ComplimentaryCards","betterThird:SlimedRelic","hubris:TenFootPole","halation:TwoAmDonut","vexMod:InvisibilityCloak","halation:PrussianBluePaint","hubris:Backtick","jedi:purplefairy"],"acts_visited":["Exordium","TheCity"],"potions_floor_usage":[7,16,16],"damage_taken":[{"damage":4,"enemies":"Cultist","floor":1,"turns":5},{"damage":0,"enemies":"Small Slimes","floor":2,"turns":4},{"damage":18,"enemies":"3 Sentries","floor":7,"turns":11},{"damage":0,"enemies":"2 Louse","floor":10,"turns":5},{"damage":0,"enemies":"2 Fungi Beasts","floor":13,"turns":3},{"damage":38,"enemies":"Slime Boss","floor":16,"turns":10},{"damage":0,"enemies":"3 Byrds","floor":18,"turns":5},{"damage":16,"enemies":"Chosen","floor":20,"turns":6},{"damage":12,"enemies":"Snake Plant","floor":24,"turns":6},{"damage":61,"enemies":"REME_1_Revenger","floor":25,"turns":6}],"seed_played":"-5730425290487532095","potions_obtained":[{"floor":1,"key":"Weak Potion"},{"floor":10,"key":"AttackPotion"},{"floor":13,"key":"Dexterity Potion"}],"is_trial":false,"path_per_floor":["M","M","?","?","?","R","E","R","T","M","T","R","M","$","R","B",null,"M","?","M","?","?","R","M","E"],"character_chosen":"THE_SILENT","items_purchased":["halation:PrussianBluePaint"],"campfire_rested":2,"item_purchase_floors":[14],"current_hp_per_floor":[59,59,48,34,34,55,37,37,37,37,37,37,37,37,58,20,58,58,58,53,53,53,54,42,0,0],"gold":127,"neow_bonus":"UPGRADE_CARD","is_daily":false,"chose_seed":false,"campfire_upgraded":3,"win_rate":0.0,"timestamp":1610113507,"path_taken":["M","?","?","?","?","R","E","R","T","?","?","R","M","$","R","BOSS","M","?","?","?","?","R","M","E"],"items_purchased_type":["Relic"],"build_version":"2020-12-22","purchased_purges":0,"victory":false,"max_hp_per_floor":[70,70,70,70,70,70,70,70,70,70,70,70,70,70,70,70,70,70,70,70,70,70,70,70,70,70],"card_choices":[{"not_picked":["Sucker Punch","Outmaneuver"],"picked":"Deadly Poison","floor":1},{"not_picked":["Tactician","Acrobatics"],"picked":"Quick Slash","floor":2},{"not_picked":["Dagger Throw","jedi:pocketpoison"],"picked":"Predator","floor":7},{"not_picked":["Grand Finale","Underhanded Strike"],"picked":"StuffTheSpire:BumpUp","floor":10},{"not_picked":["StuffTheSpire:BumpUp","Backflip"],"picked":"Dagger Spray","floor":13},{"not_picked":["Envenom","Malaise"],"picked":"REME_CopyPotion","floor":16},{"not_picked":["Underhanded Strike","Slice"],"picked":"StuffTheSpire:BrimstoneBlast","floor":18},{"not_picked":["StuffTheSpire:BumpUp","Escape Plan"],"picked":"Deflect","floor":20},{"not_picked":["Outmaneuver","Deflect"],"picked":"Bane","floor":24}],"player_experience":755635,"relics_obtained":[{"floor":7,"key":"hubris:TenFootPole"},{"floor":9,"key":"halation:TwoAmDonut"},{"floor":11,"key":"vexMod:InvisibilityCloak"}],"event_choices":[{"damage_healed":0,"gold_gain":0,"player_choice":"Slimed","damage_taken":11,"max_hp_gain":0,"max_hp_loss":0,"event_name":"betterThird:BetterGoop","floor":3,"gold_loss":24},{"damage_healed":48,"gold_gain":0,"player_choice":"Upgrade","damage_taken":14,"max_hp_gain":0,"max_hp_loss":70,"event_name":"betterThird:BetterShining","floor":4,"gold_loss":0,"cards_upgraded":["Quick Slash","Defend_G"]},{"cards_removed":["Strike_G"],"damage_healed":0,"gold_gain":0,"player_choice":"Purged","damage_taken":0,"max_hp_gain":0,"max_hp_loss":0,"event_name":"Purifier","floor":5,"gold_loss":0},{"damage_healed":0,"gold_gain":0,"player_choice":"Take","damage_taken":0,"max_hp_gain":0,"max_hp_loss":0,"event_name":"betterNote:BetterNote","floor":19,"gold_loss":0,"cards_obtained":["ats:Dogmatic Field"]}],"is_beta":false,"boss_relics":[{"not_picked":["Coffee Dripper","vexMod:MegatonBomb"],"picked":"hubris:Backtick"}],"items_purged_floors":[],"is_endless":false,"potions_floor_spawned":[1,10,13],"killed_by":"REME_1_Revenger","ascension_level":13}}