{"host":"pa65g39v0cwbmgvo","time":1610070341,"event":{"mods":["2.2 Compatiblity","ATMod(°¢èªMod)","BaseMod","Better Skull","Better Third Choice","BetterRewards","Dota2Spire","Minty Spire (QoL Compilation)","Quick Restart","Replay The Spire","Spicy Shops","StSLib","SuperFastMode","¡¾ÒÅÎï¿¨ÅÆ¡¿REMEMod"],"gold_per_floor":[109,59,75,88,107,138,138,138,188,251,251,311,311,433,433,656,756,803,840,1034,1110,568,568,625,716,716,716,756,812,879,965,482,482,683,683,778,921,921,996,1047,1113,748,968,1018,1018,1126,1126,1126,1126,1126,1179,1179,1179,536,616,536],"floor_reached":57,"playtime":2342,"items_purged":["Strike_B","Defend_B","Strike_B+1","Defend_B"],"score":2012,"play_id":"21d99df1-a2bc-4354-b6f0-1c1251677a4f","local_time":"20210108094541","is_ascension_mode":true,"campfire_choices":[{"data":"Fasting2","floor":7,"key":"SMITH"},{"floor":13,"key":"REST"},{"floor":15,"key":"DIG"},{"floor":23,"key":"DIG"},{"data":"Strike_B+1","floor":33,"key":"PURGE"},{"floor":45,"key":"RECALL"},{"floor":48,"key":"DIG"},{"floor":50,"key":"DIG"},{"floor":53,"key":"DIG"}],"circlet_count":0,"master_deck":["Defend_B","Zap+1","Dualcast+1","AT_ShrugMaster","Fasting2+1","Gash","Hologram","Gash","Conserve Battery","BootSequence+1","Beam Cell","Seek","Beam Cell+1","Steam+1","Coolheaded","Scrape","REME_ForAll+1","REME_Shoggoth","Steam"],"relics":["Cracked Core","REME_ComplimentaryCards","AT_ATBox","Omamori","REME_OnlineShoppingPlatform","Shovel","Replay:Multitool","ClockworkSouvenir","REME_ArchaeologicalTools","AT_MibuBalloonWealth","AT_SilvercatRing","AT_RedNoBalance","Replay:Wanted Poster","Solar Panel","Dota2Spire:HeartOfTarrasque","Orichalcum","Torii","Ornamental Fan","InkBottle","Ginger","Sling","BargainBundle","Dota2Spire:DrumOfEndurance","SlaversCollar","Dota2Spire:HandOfMidas","HornCleat","Prayer Wheel","Happy Flower","Dota2Spire:Mjollnir","BranchBurnRelic","AT_RedTearstoneRing","Blue Candle","Durian","AT_DeathDance","Dota2Spire:EchoSabre","Medical Kit","Dota2Spire:Butterfly","Counterbalance"],"acts_visited":["Exordium","TheCity","TheBeyond","TheEnding"],"potions_floor_usage":[16,24,24,24,28,31,56,56,56,56,56,56,56,56,56],"damage_taken":[{"damage":7.0,"enemies":"Jaw Worm","floor":1.0,"turns":4.0},{"damage":4.0,"enemies":"Small Slimes","floor":3.0,"turns":3.0},{"damage":16.0,"enemies":"2 Louse","floor":4.0,"turns":3.0},{"damage":2.0,"enemies":"Exordium Wildlife","floor":5.0,"turns":5.0},{"damage":5,"enemies":"Replay:BlueRogue","floor":6,"turns":6},{"damage":11,"enemies":"Lagavulin","floor":10,"turns":4},{"damage":1,"enemies":"Replay:BlueRogue","floor":12,"turns":5},{"damage":0,"enemies":"Gremlin Gang","floor":14,"turns":4},{"damage":2,"enemies":"Fading Forest","floor":16,"turns":11},{"damage":1,"enemies":"Shell Parasite","floor":18,"turns":4},{"damage":0,"enemies":"Chosen","floor":19,"turns":3},{"damage":1,"enemies":"Centurion and Healer","floor":21,"turns":4},{"damage":0,"enemies":"Slavers","floor":24,"turns":7},{"damage":1,"enemies":"3 Cultists","floor":25,"turns":5},{"damage":24,"enemies":"Centurion and Healer","floor":28,"turns":4},{"damage":0,"enemies":"Book of Stabbing","floor":29,"turns":4},{"damage":0,"enemies":"Shelled Parasite and Fungi","floor":30,"turns":4},{"damage":14,"enemies":"Slavers","floor":31,"turns":6},{"damage":1,"enemies":"Pondfish","floor":34,"turns":5},{"damage":0,"enemies":"3 Shapes","floor":36,"turns":1},{"damage":0,"enemies":"3 Darklings","floor":37,"turns":3},{"damage":0,"enemies":"Mind Bloom Boss Battle","floor":39,"turns":1},{"damage":0,"enemies":"Spire Growth","floor":40,"turns":1},{"damage":0,"enemies":"Giant Head","floor":41,"turns":1},{"damage":0,"enemies":"Transient","floor":43,"turns":5},{"damage":0,"enemies":"Reptomancer","floor":46,"turns":1},{"damage":0,"enemies":"Donu and Deca","floor":51,"turns":2},{"damage":0,"enemies":"Shield and Spear","floor":55,"turns":1},{"damage":2,"enemies":"The Heart","floor":56,"turns":5}],"seed_played":"2167517227392504097","potions_obtained":[],"is_trial":false,"path_per_floor":["M","?","M","M","M","E","R","?","T","E","?","E","R","M","R","B",null,"M","M","?","M","$","R","E","M","M","T","M","E","M","E","$","R","B",null,"M","M","?","?","M","E","$","M","T","R","E","?","R","T","R","B",null,"R","$","E","B",null],"character_chosen":"DEFECT","items_purchased":["Omamori","REME_OnlineShoppingPlatform","Shovel","Replay:Multitool","ClockworkSouvenir","Solar Panel","Dota2Spire:HeartOfTarrasque","REME_ForAll","Sling","BargainBundle","Dota2Spire:DrumOfEndurance","HornCleat","Dota2Spire:EchoSabre","Medical Kit","Dota2Spire:Butterfly"],"campfire_rested":1,"item_purchase_floors":[0,0,0,0,0,22,22,32,32,32,32,42,54,54,54],"current_hp_per_floor":[68,68,64,48,46,41,41,41,41,30,30,29,51,51,51,61,75,36,36,36,35,43,43,61,66,66,66,42,50,56,48,48,48,49,83,83,83,83,83,83,83,83,83,83,83,83,83,83,83,88,88,88,88,88,88,88],"gold":536,"neow_bonus":"","is_daily":false,"chose_seed":false,"campfire_upgraded":1,"win_rate":0.0,"timestamp":1610070341,"path_taken":["M","?","M","M","M","E","R","?","T","E","?","E","R","M","R","BOSS","M","M","?","?","?","R","E","M","M","T","M","E","M","E","$","R","BOSS","M","M","?","?","M","E","$","M","T","R","E","?","R","?","R","BOSS","R","$","E","BOSS"],"items_purchased_type":["Relic","Relic","Relic","Relic","Relic","Relic","Relic","Card","Relic","Relic","Relic","Relic","Relic","Relic","Relic"],"build_version":"2020-12-22","purchased_purges":4,"victory":true,"max_hp_per_floor":[75,75,75,75,75,75,75,75,75,75,75,75,75,75,75,75,75,75,75,75,75,83,83,83,83,83,83,83,83,83,83,83,83,83,83,83,83,83,83,83,83,83,83,83,83,83,83,83,83,88,88,88,88,88,88,88],"card_choices":[{"not_picked":["Steam","Rebound"],"picked":"Gash","floor":1.0},{"not_picked":["Glacier","Loop","Reprogram"],"picked":"SKIP","floor":3.0},{"not_picked":["Turbo","Steam Power"],"picked":"Hologram","floor":4.0},{"not_picked":["Reinforced Body","BasicCrystalCard"],"picked":"Gash","floor":5.0},{"not_picked":["Go for the Eyes","Stack"],"picked":"Gash","floor":6},{"not_picked":["Loop","AT_HeatAcrobatics"],"picked":"Conserve Battery","floor":10},{"not_picked":["Conserve Battery","Tempest"],"picked":"Beam Cell","floor":12},{"not_picked":["Hologram","ReplayRNGCard","Sweeping Beam"],"picked":"SKIP","floor":14},{"not_picked":["AT_WaterDrop","Fission"],"picked":"Seek","floor":16},{"not_picked":["ReplaySort","Streamline"],"picked":"Beam Cell+1","floor":18},{"not_picked":["Redo+1","Sweeping Beam"],"picked":"Steam","floor":19},{"not_picked":["Turbo","Skim"],"picked":"Coolheaded","floor":20},{"not_picked":["Compile Driver","Multi-Cast","Sweeping Beam"],"picked":"SKIP","floor":21},{"not_picked":["Redo","Barrage+1"],"picked":"Scrape","floor":24},{"not_picked":["Rebound+1","Stack","Conserve Battery"],"picked":"SKIP","floor":25},{"not_picked":["Capacitor","AT_HeatAcrobatics+1","Rebound"],"picked":"SKIP","floor":28},{"not_picked":["Auto Shields","Force Field+1","AT_EMC2"],"picked":"SKIP","floor":29},{"not_picked":["Hologram","Beam Cell+1","White Noise"],"picked":"SKIP","floor":30},{"not_picked":["Turbo","Steam Power","Streamline+1"],"picked":"SKIP","floor":31},{"not_picked":["Mirror Shield","ReplayRNGCard"],"picked":"REME_Shoggoth","floor":34},{"not_picked":["AT_DarkMatter","Ball Lightning+1","Melter+1"],"picked":"SKIP","floor":36},{"not_picked":["AT_ThreeBodyProblem","Beam Cell","Conserve Battery+1"],"picked":"SKIP","floor":37},{"not_picked":["Cold Snap","Capacitor+1","Reprogram"],"picked":"SKIP","floor":40},{"not_picked":["FIFO Queue+1","Compile Driver+1","Hologram+1"],"picked":"SKIP","floor":41},{"not_picked":["Double Energy","ReplayGash+1","Cold Snap+1"],"picked":"SKIP","floor":43},{"not_picked":["Rebound+1","Stack+1","Streamline+1"],"picked":"SKIP","floor":43},{"not_picked":["ReplayTheSpireMod:Reroute Power","Rebound+1"],"picked":"Steam","floor":46},{"not_picked":["Self Repair","Meteor Strike","Redo"],"picked":"SKIP","floor":55}],"player_experience":58269,"relics_obtained":[{"floor":6,"key":"REME_ArchaeologicalTools"},{"floor":10,"key":"AT_MibuBalloonWealth"},{"floor":12,"key":"AT_SilvercatRing"},{"floor":15,"key":"AT_SilverBalance"},{"floor":23,"key":"Orichalcum"},{"floor":24,"key":"Torii"},{"floor":27,"key":"Ornamental Fan"},{"floor":29,"key":"InkBottle"},{"floor":31,"key":"Ginger"},{"floor":39,"key":"Dead Branch"},{"floor":41,"key":"Dota2Spire:HandOfMidas"},{"floor":44,"key":"Happy Flower"},{"floor":46,"key":"Dota2Spire:Mjollnir"},{"floor":48,"key":"AT_RedTearstoneRing"},{"floor":49,"key":"Blue Candle"},{"floor":50,"key":"Durian"},{"floor":53,"key":"AT_DeathDance"},{"floor":55,"key":"Counterbalance"}],"event_choices":[{"cards_removed":["Strike_B"],"damage_healed":0.0,"max_hp_gain":0.0,"max_hp_loss":0.0,"gold_gain":0.0,"event_name":"The Cleric","player_choice":"Card Removal","floor":2.0,"gold_loss":50.0,"damage_taken":0.0},{"damage_healed":0,"gold_gain":0,"player_choice":"Ignored","damage_taken":138,"max_hp_gain":0,"max_hp_loss":0,"event_name":"betterThird:BetterSerpent","floor":8,"gold_loss":0},{"cards_removed":["Defend_B"],"damage_healed":0,"gold_gain":0,"player_choice":"Removed Skill","damage_taken":0,"max_hp_gain":0,"max_hp_loss":0,"event_name":"Falling","floor":38,"gold_loss":0},{"damage_healed":0,"gold_gain":0,"player_choice":"Fight","damage_taken":0,"max_hp_gain":0,"max_hp_loss":0,"event_name":"MindBloom","floor":39,"gold_loss":0},{"damage_healed":0,"gold_gain":0,"player_choice":"Memory 1","damage_taken":0,"max_hp_gain":0,"max_hp_loss":0,"event_name":"SensoryStone","floor":47,"gold_loss":0}],"is_beta":false,"boss_relics":[{"not_picked":["Ectoplasm","ReplayTheSpireMod:DimensionalGlitch"],"picked":"Replay:Wanted Poster"},{"not_picked":["ChewingGum","Inserter"],"picked":"SlaversCollar"}],"items_purged_floors":[32,32,42,54],"is_endless":false,"potions_floor_spawned":[5,6,12,14,18,25,29,31,36,37,43,46,55],"ascension_level":2}}