{"host":"ig7tc0uedzltt2sr","time":1610072291,"event":{"mods":["BaseMod","Better Twitch Integration","Block Reminder","Colored Map","Colored Powertips","Communication Mod","Current Relic Mod","GifTheSpireLib","HexUI Lib","Minty Spire (QoL Compilation)","Quick Restart","Random Character Button","Rare Cards Sparkle","Relic Sorter","Relic Stats","Slay the Relics Exporter","StSLib","SuperFastMode","Synergy Search","Twitch Decklist","Twitch Utils","everything is the same but u backflip on backflip","slay the spire mod where everything is the same but ironclad has a cowboy hat"],"gold_per_floor":[116,131,94,109,122,140,140,140,191,191,212,231,231,231,231,231,231],"floor_reached":16,"playtime":91,"items_purged":[],"score":96,"play_id":"76e375ab-19d1-43ed-99d3-2793969ffae2","local_time":"20210107181811","is_ascension_mode":false,"campfire_choices":[{"floor":10,"key":"RECALL"},{"floor":15,"key":"REST"}],"circlet_count":0,"master_deck":["Strike_R","Strike_R","Strike_R","Strike_R","Strike_R","Defend_R","Defend_R","Defend_R","Defend_R","Bash","Infernal Blade","Thunderclap","Hemokinesis","Berserk","Dropkick","Infernal Blade","Berserk"],"relics":["Burning Blood","NeowsBlessing","Golden Idol"],"acts_visited":["Exordium"],"potions_floor_usage":[],"damage_taken":[{"damage":0,"enemies":"2 Louse","floor":1,"turns":2},{"damage":0,"enemies":"Jaw Worm","floor":2,"turns":1},{"damage":0,"enemies":"Small Slimes","floor":4,"turns":1},{"damage":28,"enemies":"Exordium Thugs","floor":5,"turns":10},{"damage":21,"enemies":"Red Slaver","floor":6,"turns":4},{"damage":9,"enemies":"Exordium Wildlife","floor":11,"turns":3},{"damage":10,"enemies":"Looter","floor":12,"turns":3},{"damage":0,"enemies":"Large Slime","floor":14,"turns":1},{"damage":88,"enemies":"Hexaghost","floor":16,"turns":9}],"seed_played":"-2763999785566746039","potions_obtained":[{"floor":1,"key":"SteroidPotion"},{"floor":2,"key":"Dexterity Potion"},{"floor":11,"key":"Swift Potion"},{"floor":13,"key":"SmokeBomb"},{"floor":13,"key":"FairyPotion"},{"floor":13,"key":"Dexterity Potion"}],"is_trial":false,"path_per_floor":["M","M","?","M","M","M","?","$","T","R","M","M","?","M","R","B"],"character_chosen":"IRONCLAD","items_purchased":[],"campfire_rested":1,"item_purchase_floors":[],"current_hp_per_floor":[80,80,80,80,58,43,43,43,43,43,40,36,36,42,64,0,0],"gold":231,"neow_bonus":"THREE_ENEMY_KILL","is_daily":false,"chose_seed":false,"campfire_upgraded":0,"win_rate":0.0,"timestamp":1610072291,"path_taken":["M","M","?","M","M","M","?","$","T","R","M","M","?","M","R","BOSS"],"items_purchased_type":[],"build_version":"2020-12-22","purchased_purges":0,"victory":false,"max_hp_per_floor":[80,80,80,80,80,80,74,74,74,74,74,74,74,74,74,74,74],"relic_stats":{"counters":[9,34],"Golden Idol":12,"obtain_stats":[{"NeowsBlessing":0,"Golden Idol":7,"Burning Blood":0},{"NeowsBlessing":0,"Golden Idol":5,"Burning Blood":0},{"NeowsBlessing":0,"Golden Idol":18,"Burning Blood":0}],"Burning Blood":30},"card_choices":[{"not_picked":["Dropkick","Burning Pact"],"picked":"Infernal Blade","floor":1},{"not_picked":["True Grit","Body Slam"],"picked":"Thunderclap","floor":2},{"not_picked":["Iron Wave","Clash"],"picked":"Hemokinesis","floor":4},{"not_picked":["Perfected Strike","Flex"],"picked":"Berserk","floor":5},{"not_picked":["Sword Boomerang","True Grit"],"picked":"Dropkick","floor":6},{"not_picked":["Havoc","Twin Strike"],"picked":"Infernal Blade","floor":11},{"not_picked":["Anger","Shrug It Off"],"picked":"Berserk","floor":12}],"player_experience":1468937,"relics_obtained":[],"event_choices":[{"damage_healed":0,"gold_gain":0,"player_choice":"Left Gold","damage_taken":0,"max_hp_gain":0,"max_hp_loss":0,"event_name":"World of Goop","floor":3,"gold_loss":37},{"damage_healed":0,"gold_gain":0,"player_choice":"Lose Max HP","damage_taken":0,"relics_obtained":["Golden Idol"],"max_hp_gain":0,"max_hp_loss":6,"event_name":"Golden Idol","floor":7,"gold_loss":0},{"damage_healed":0,"gold_gain":0,"player_choice":"Got Potions","damage_taken":0,"max_hp_gain":0,"max_hp_loss":0,"event_name":"Lab","floor":13,"gold_loss":0}],"is_beta":false,"boss_relics":[],"items_purged_floors":[],"is_endless":false,"potions_floor_spawned":[1,2,11],"killed_by":"Hexaghost","ascension_level":0}}