{"host":"kncugt8qnf1emsb0","time":1610105260,"event":{"mods":["ATMod(°¢èªMod)","AchievementEnabler","Act Like it!","BaseMod","Friendly Minions","Lobotomy","LobotomyExtend","Minty Spire (QoL Compilation)","MostiFishMod","Quick Restart","Remilia£¨ÀÙÃ×ÀòÑÇ£©","RumiaBox-Â¶Ã×æ«µÄÉñÃØºÐ×Ó","Shop Mod","StSLib","TestMod","The Marked","¡¾ÒÅÎï¿¨ÅÆ¡¿REMEMod"],"gold_per_floor":[119,119,130,141,152,168,168,243,268,268,268,33,46,61,61,160,160,170,70,84,95,115,115,115,115,142,142,173,98,124,138,138,233,233,233,233],"floor_reached":35,"playtime":4183,"items_purged":["Defend_RM","LittlePrince"],"score":439,"play_id":"c7f7203a-4016-4f4c-a9bf-0958130dfee4","local_time":"20210108192740","is_ascension_mode":false,"campfire_choices":[{"data":"RedNightlessCastle","floor":7,"key":"SMITH"},{"data":"TricksterDevil","floor":11,"key":"SMITH"},{"data":"AT_PowerWithin","floor":15,"key":"SMITH"},{"data":"MastersStateliness","floor":23,"key":"SMITH"},{"data":"HellCatastrophe","floor":25,"key":"SMITH"},{"data":"ScarletShoot","floor":32,"key":"SMITH"}],"circlet_count":0,"master_deck":["Strike_RM","Strike_RM+1","Strike_RM","Defend_RM","RedMoon","ScarletShoot+1","RedNightlessCastle+1","AT_FamilyPortrait","Wellcheers","MHz","TricksterDevil+1","CrumblingArmor","HellCatastrophe+1","BeautyBeast","AT_PowerWithin+1","Woodsman","MastersStateliness+1","OldLady","ScarletCoffin+1","LittleHelper","BloodHunter+1","SnowQueen","EndlessAdversity+1","UniverseFragment","Writhe","BigBadWolf","SilentOrchestra","KillingBlow"],"relics":["ScarletHat","DaveBox","testmod-TestBox","REME_ComplimentaryCards","AT_ATBox","ChiXiaoBlade","testmod-HarvestTotem","CogitoBucket","SynthV:TestCard","LetterFromLob","Ccalipers","FleshIdol","ScarletEmblem","BackwardClock","Dream Catcher","testmod-OneHitWonder","SSSystem","Strawberry","testmod-Fanaticism"],"acts_visited":["Exordium","TheCity","TheBeyond"],"potions_floor_usage":[14,16,16,35],"damage_taken":[{"damage":0,"enemies":"2 Louse","floor":1,"turns":2},{"damage":10,"enemies":"Jaw Worm","floor":3,"turns":9},{"damage":0,"enemies":"Small Slimes","floor":4,"turns":3},{"damage":8,"enemies":"3 Louse","floor":5,"turns":3},{"damage":16,"enemies":"Large Slime","floor":6,"turns":4},{"damage":36,"enemies":"2 Fungi Beasts","floor":13,"turns":4},{"damage":14,"enemies":"Looter","floor":14,"turns":3},{"damage":67,"enemies":"The Guardian","floor":16,"turns":6},{"damage":49,"enemies":"3 Byrds","floor":18,"turns":3},{"damage":24,"enemies":"2 Thieves","floor":20,"turns":4},{"damage":56,"enemies":"Chosen and Byrds","floor":21,"turns":6},{"damage":17,"enemies":"Snake Plant","floor":22,"turns":3},{"damage":30,"enemies":"Gremlin Leader","floor":28,"turns":4},{"damage":50,"enemies":"Book of Stabbing","floor":30,"turns":7},{"damage":35,"enemies":"Centurion and Healer","floor":31,"turns":5},{"damage":54,"enemies":"Automaton","floor":33,"turns":8},{"damage":325,"enemies":"Orb Walker","floor":35,"turns":3}],"seed_played":"5024820464137166481","potions_obtained":[{"floor":5,"key":"REME_GoldPotion"},{"floor":6,"key":"Dexterity Potion"},{"floor":13,"key":"PowerPotion"},{"floor":14,"key":"LiquidMemories"},{"floor":16,"key":"Ancient Potion"},{"floor":20,"key":"Explosive Potion"},{"floor":28,"key":"SteroidPotion"}],"is_trial":false,"path_per_floor":["M","?","M","M","M","M","R","?","T","?","R","$","M","M","R","B",null,"M","$","M","M","M","R","$","R","T","?","E","?","E","M","R","B",null,"M"],"character_chosen":"REMILIA","items_purchased":["AT_PowerWithin","ReincarnationDial"],"campfire_rested":0,"item_purchase_floors":[12,12],"current_hp_per_floor":[150,120,122,126,124,112,112,101,101,101,101,101,91,99,99,62,150,149,149,150,116,113,113,113,113,113,113,149,149,157,152,152,163,164,0,0],"gold":233,"neow_bonus":"","is_daily":false,"chose_seed":false,"campfire_upgraded":6,"win_rate":0.0,"timestamp":1610105260,"path_taken":["M","?","M","M","M","M","R","?","T","?","R","$","M","M","R","BOSS","M","$","M","?","M","R","$","R","T","?","E","?","E","M","R","BOSS","M"],"items_purchased_type":["Card","Card"],"build_version":"2020-12-22","purchased_purges":2,"victory":false,"max_hp_per_floor":[150,150,150,150,150,150,150,150,150,150,150,150,150,150,150,150,150,150,150,150,150,150,150,150,150,150,150,150,150,164,164,164,164,164,164,164],"card_choices":[{"not_picked":["PunishingBird","SingingMachine"],"picked":"Wellcheers","floor":1},{"not_picked":["UnstableMagic","MiserableFate","BombardNight"],"picked":"SKIP","floor":1},{"not_picked":["UnstableMagic","MiserableFate","BombardNight"],"picked":"SKIP","floor":1},{"not_picked":["BigBird","WallGazer"],"picked":"MHz","floor":3},{"not_picked":["BloodyTrap","NightDance","CharismaGuard","GlobalNightmare","ScarletDevil"],"picked":"SKIP","floor":3},{"not_picked":["BloodyTrap","NightDance","CharismaGuard","GlobalNightmare","ScarletDevil"],"picked":"SKIP","floor":3},{"not_picked":["FairyFestival","Bloodbath"],"picked":"HappyTeddy","floor":4},{"not_picked":["CharismaGuard","BombardNight","FavorOfDestiny","Stigmanizer"],"picked":"TricksterDevil","floor":4},{"not_picked":["WallGazer","Scorched"],"picked":"CrumblingArmor","floor":5},{"not_picked":["CharismaGuard","EndlessAdversity","VampireKiss","Maim"],"picked":"HellCatastrophe","floor":5},{"not_picked":["Murderer","OldLady"],"picked":"BeautyBeast","floor":6},{"not_picked":["FitfulNightmare","BloodyMagicSquare","ForbiddenFruit","EquivalentExchange","FavorOfDestiny"],"picked":"SKIP","floor":6},{"not_picked":["FitfulNightmare","BloodyMagicSquare","ForbiddenFruit","EquivalentExchange","FavorOfDestiny"],"picked":"SKIP","floor":6},{"not_picked":["Alriune","CherryBlossoms"],"picked":"Woodsman","floor":13},{"not_picked":["BloodyMagicSquare","FavorOfDestiny","RedRainbow","UnstableMagic"],"picked":"MastersStateliness","floor":13},{"not_picked":["VoidDream","FairyFestival"],"picked":"OldLady","floor":14},{"not_picked":["ScarletNetherworld","StarOfDavid","ScarletGensokyo","BlasphemousPunishment","Stigmanizer"],"picked":"SKIP","floor":14},{"not_picked":["ScarletNetherworld","StarOfDavid","ScarletGensokyo","BlasphemousPunishment","Stigmanizer"],"picked":"SKIP","floor":14},{"not_picked":["OSAHOGD","WallGazer"],"picked":"LittlePrince","floor":16},{"not_picked":["EquivalentExchange","BatForm","BloodyCatastrophe","ScarletMeister"],"picked":"ScarletCoffin","floor":16},{"not_picked":["HeroicMonk","Rudolta"],"picked":"LittleHelper","floor":18},{"not_picked":["ScarletDevilSign+1","UltimateOffering","BadLadyScramble","ScarletMeister"],"picked":"BloodHunter+1","floor":18},{"not_picked":["OSAHOGD","MeatLantern"],"picked":"SnowQueen","floor":20},{"not_picked":["DiffusionOfMisfortune","ScarletDevil+1","RedRainbow","UnstableMagic+1"],"picked":"EndlessAdversity+1","floor":20},{"not_picked":["Variant","QueenBee"],"picked":"UniverseFragment","floor":21},{"not_picked":["UnstableMagic+1","EternalNight+1","BlasphemousPunishment","DiffusionOfMisfortune","BloodAndWine"],"picked":"SKIP","floor":21},{"not_picked":["UnstableMagic+1","EternalNight+1","BlasphemousPunishment","DiffusionOfMisfortune","BloodAndWine"],"picked":"SKIP","floor":21},{"not_picked":["MastersStateliness+1","ScarletDevil","DiffusionOfMisfortune+1","BloodHunter","UnderTheZenith"],"picked":"SKIP","floor":22},{"not_picked":["QueenBee","BigBird"],"picked":"BigBadWolf","floor":28},{"not_picked":["HellCatastrophe","RedNightlessCastle","DiffusionOfMisfortune","BloodHunter","RedRainbow"],"picked":"SKIP","floor":28},{"not_picked":["HellCatastrophe","RedNightlessCastle","DiffusionOfMisfortune","BloodHunter","RedRainbow"],"picked":"SKIP","floor":28},{"not_picked":["SpiderBud","WhitesApple"],"picked":"SilentOrchestra","floor":30},{"not_picked":["UltimateOffering","StarOfDavid","NightDance","UnderTheZenith+1","UnstableMagic+1"],"picked":"SKIP","floor":30},{"not_picked":["UltimateOffering","StarOfDavid","NightDance","UnderTheZenith+1","UnstableMagic+1"],"picked":"SKIP","floor":30},{"not_picked":["Ultimatum+1","BloodHunter","BombardNight","ScarletGensokyo","UnderTheZenith"],"picked":"SKIP","floor":31},{"not_picked":["ScarletCoffin","BloodRain","BloodyHallows","TricksterDevil"],"picked":"KillingBlow","floor":33}],"player_experience":20958,"relics_obtained":[{"floor":1,"key":"SynthV:TestCard"},{"floor":1,"key":"LetterFromLob"},{"floor":9,"key":"Ccalipers"},{"floor":26,"key":"Dream Catcher"},{"floor":28,"key":"SSSystem"},{"floor":30,"key":"Strawberry"}],"event_choices":[{"damage_healed":0,"gold_gain":0,"player_choice":"Entered Light","damage_taken":30,"max_hp_gain":0,"max_hp_loss":0,"event_name":"Shining Light","floor":2,"gold_loss":0,"cards_upgraded":["Strike_RM","Defend_RM"]},{"damage_healed":0,"gold_gain":75,"player_choice":"Gather Gold","damage_taken":11,"max_hp_gain":0,"max_hp_loss":0,"event_name":"World of Goop","floor":8,"gold_loss":0},{"cards_removed":["HappyTeddy"],"damage_healed":0,"gold_gain":0,"player_choice":"Purged","damage_taken":0,"max_hp_gain":0,"max_hp_loss":0,"event_name":"Purifier","floor":10,"gold_loss":0},{"damage_healed":0,"gold_gain":0,"player_choice":"Opened","damage_taken":0,"relics_obtained":["testmod-OneHitWonder"],"max_hp_gain":0,"max_hp_loss":0,"event_name":"The Mausoleum","floor":27,"gold_loss":0,"cards_obtained":["Writhe"]},{"cards_removed":["Defend_RM"],"damage_healed":0,"gold_gain":0,"player_choice":"Gave Gold","damage_taken":0,"max_hp_gain":0,"max_hp_loss":0,"event_name":"Beggar","floor":29,"gold_loss":75}],"is_beta":false,"boss_relics":[{"not_picked":["testmod-PortableAltar","BloodWine"],"picked":"ScarletEmblem"},{"not_picked":["AddBug","SlaversCollar"],"picked":"testmod-Fanaticism"}],"items_purged_floors":[12,19],"is_endless":false,"potions_floor_spawned":[5,6,13,14,16,20,21,28,30],"killed_by":"Orb Walker","ascension_level":0}}