{"host":"bpkhhmvsfrvlto2l","time":1610075416,"event":{"mods":["2.2 Compatiblity","AchievementEnabler","Act Like it!","AlwaysNeverKeys","Aspiration","BaseMod","Better Silent Start","Challenge The Spire","Colored Map","Colored Powertips","Custom Start","Downfall","Energized Spire","Friendly Minions","GifTheSpireLib","Halation","Hubris","Infinite Spire","Ironclad Rager","Mimic Mod","Minty Spire (QoL Compilation)","Permanent Neow","Quick Restart","Random Character Button","Relic Sorter","Replay The Spire","Spikes Relics","StSLib","Stuff the Spire","Swap Starting Deck Mod","Trackpad"],"gold_per_floor":[209,224,67,77,97,97,112,131,184,210,257,257,257,257,257,359,359,378,392,392,392,406,433,433,433,460,473,473,473],"floor_reached":28,"playtime":585,"items_purged":["Strike_B"],"score":300,"play_id":"e31f6c59-0bae-4cf8-9ece-3bfefc528ee2","local_time":"20210107221016","is_ascension_mode":true,"campfire_choices":[{"data":"Zap","floor":6.0,"key":"SMITH"},{"data":"StuffTheSpire:Synthwave","floor":12.0,"key":"SMITH"},{"data":"Loop","floor":15.0,"key":"SMITH"},{"floor":24.0,"key":"REST"}],"circlet_count":0,"master_deck":["Strike_B+1","Strike_B+1","Defend_B+1","Defend_B+1","Defend_B+1","Defend_B+1","Zap+1","Dualcast","Ball Lightning","Loop+1","StuffTheSpire:Synthwave+1","Ball Lightning","White Noise","Loop+1"],"relics":["Cracked Core","infinitespire:Eraser","Dream Catcher","Orichalcum","Geode","Onion Ring","aspiration:EnhancedActuators","infinitespire:Beetle Shell"],"acts_visited":["Exordium","TheCity"],"potions_floor_usage":[],"damage_taken":[{"damage":0.0,"enemies":"Cultist","floor":1.0,"turns":4.0},{"damage":0.0,"enemies":"2 Louse","floor":2.0,"turns":2.0},{"damage":0.0,"enemies":"Small Slimes","floor":4.0,"turns":3.0},{"damage":10.0,"enemies":"3 Louse","floor":5.0,"turns":3.0},{"damage":17.0,"enemies":"Gremlin Gang","floor":7.0,"turns":3.0},{"damage":8.0,"enemies":"Large Slime","floor":8.0,"turns":3.0},{"damage":3.0,"enemies":"Replay:BlueRogue","floor":10.0,"turns":4.0},{"damage":36.0,"enemies":"Hexaghost","floor":16.0,"turns":7.0},{"damage":5.0,"enemies":"Spheric Guardian","floor":18.0,"turns":3.0},{"damage":11.0,"enemies":"3 Byrds","floor":19.0,"turns":3.0},{"damage":20.0,"enemies":"Centurion and Healer","floor":22.0,"turns":4.0},{"damage":22.0,"enemies":"Gremlin Leader","floor":23.0,"turns":5.0},{"damage":6.0,"enemies":"Snake Plant","floor":27.0,"turns":3.0},{"damage":31,"enemies":"Slavers","floor":28,"turns":3}],"seed_played":"-8432061032696066627","potions_obtained":[{"floor":4.0,"key":"FocusPotion"},{"floor":5.0,"key":"ColorlessPotion"},{"floor":8.0,"key":"SpeedPotion"},{"floor":10.0,"key":"Regen Potion"},{"floor":19.0,"key":"sneckomod:MuddlingPotion"},{"floor":22.0,"key":"champ:CounterPotion"},{"floor":23.0,"key":"Block Potion"},{"floor":27.0,"key":"CultistPotion"}],"is_trial":false,"path_per_floor":["M","M","$","M","M","R","M","M","T","E","?","R","?","?","R","B",null,"M","M","AVR","?","M","E","R","?","T","M","E"],"character_chosen":"DEFECT","items_purchased":["Dream Catcher"],"campfire_rested":1,"item_purchase_floors":[3],"current_hp_per_floor":[75,75,75,75,65,65,48,40,40,37,37,37,59,59,59,38,66,61,50,50,50,30,8,30,30,30,24,0,0],"gold":473,"neow_bonus":"HUNDRED_GOLD","is_daily":false,"chose_seed":false,"campfire_upgraded":3,"win_rate":0.0,"timestamp":1610075416,"path_taken":["M","M","$","?","M","R","M","M","T","E","?","R","?","?","R","BOSS","M","?","AVR","?","M","E","R","?","T","M","E"],"items_purchased_type":["Relic"],"build_version":"2020-12-22","purchased_purges":1,"victory":false,"max_hp_per_floor":[75,75,75,75,75,75,75,75,75,75,75,75,75,75,75,75,75,75,75,75,75,75,75,75,75,75,75,75,75],"card_choices":[{"not_picked":["ReplayTheSpireMod:Calculation Training","Barrage"],"picked":"Ball Lightning","floor":1.0},{"not_picked":["Conserve Battery","ReplaySort"],"picked":"Loop","floor":5.0},{"not_picked":["Gash","Recycle"],"picked":"StuffTheSpire:Synthwave","floor":8.0},{"not_picked":["hubris:Prefetch","StuffTheSpire:CleanHardDrive","StuffTheSpire:LoadUp"],"picked":"SKIP","floor":10.0},{"not_picked":["Sunder","StuffTheSpire:ShieldGenerator"],"picked":"Ball Lightning","floor":11.0},{"not_picked":["Steam","Sweeping Beam"],"picked":"White Noise","floor":19.0},{"not_picked":["Storm","Machine Learning"],"picked":"Loop+1","floor":23.0}],"player_experience":40637,"relics_obtained":[{"floor":9.0,"key":"Orichalcum"},{"floor":10.0,"key":"Geode"},{"floor":11.0,"key":"Onion Ring"},{"floor":23.0,"key":"aspiration:EnhancedActuators"},{"floor":26.0,"key":"infinitespire:Beetle Shell"}],"event_choices":[{"cards_removed":["Strike_B"],"damage_healed":0.0,"max_hp_gain":0.0,"max_hp_loss":0.0,"gold_gain":0.0,"event_name":"Purifier","player_choice":"Purged","floor":14.0,"gold_loss":0.0,"damage_taken":0.0},{"damage_healed":0.0,"max_hp_gain":0.0,"max_hp_loss":0.0,"gold_gain":0.0,"event_name":"Back to Basics","player_choice":"Simplicity","floor":25.0,"gold_loss":0.0,"damage_taken":0.0,"cards_upgraded":["Strike_B","Strike_B","Defend_B","Defend_B","Defend_B","Defend_B"]}],"is_beta":false,"boss_relics":[{"not_picked":["Runic Dome","Pandora\u0027s Box","Honey Jar"]}],"items_purged_floors":[20],"is_endless":false,"potions_floor_spawned":[4,5,8,10,19,22,23,27],"killed_by":"Slavers","ascension_level":5}}