{"host":"dwyzfvnzfcqffr30","time":1610101569,"event":{"mods":["2.2 Compatiblity","Act Like it!","BaseMod","Beaked The Cultist","Better Altar","Better Match","Better Note","Better Sensory Stone","Better Skull","Better Third Choice","Clockwork Mod","Colored Map","Colored Powertips","Conspire","Downfall","Elementarium","GifTheSpireLib","Halation","Hermit","Hubris","Infinite Spire","Ironclad Rager","Jedi Mod","Menagerie","Mimic Mod","Minty Spire (QoL Compilation)","Permanent Neow","Random Character Button","Replay The Spire","Spicy Shops","StSLib","Stuff the Spire","The Construct","The Disciple","The Druid","The Marked","TheFirefly","Trackpad","vexMod"],"gold_per_floor":[440,81,105,131,160,160,204,204,239,297,222,307,307,365,365,496,596,671,753,199,174,174,174,174,251,300,427,427,497,556,621,621,788,788,875,875,875,946,1051,1173,1173,1319,1343,1343,500,500,500,582,582,626,626,626,63,134,202],"floor_reached":56,"playtime":3878,"items_purged":["Clumsy"],"score":2034,"play_id":"65093b41-d4a7-445c-9963-738cc5db8e17","local_time":"20210108022609","is_ascension_mode":true,"campfire_choices":[{"floor":6,"key":"RECALL"},{"floor":8,"key":"REST"},{"data":"jedi:LeechingStrike","floor":23,"key":"SMITH"},{"data":"jedi:LeechingStrike","floor":32,"key":"SMITH"},{"data":"jedi:LeechingStrike","floor":44,"key":"SMITH"},{"data":"jedi:LeechingStrike","floor":46,"key":"SMITH"},{"floor":49,"key":"DIG"},{"data":"jedi:LeechingStrike","floor":52,"key":"SMITH"}],"circlet_count":0,"master_deck":["AscendersBane","Strike_R+1","Strike_R+1","Strike_R+1","Strike_R+1","Strike_R+1","Defend_R+1","Defend_R+1","Defend_R+1","Defend_R+1","Bash+1","MasterReality+1","Metallicize+1","Shrug It Off+1","Body Slam+1","ReplayTheSpireMod:Muscle Training+1","conspire:Charge+1","jedi:LeechingStrike","Barricade+1","Warcry+1","infinitespire:FinalStrike+1","Berserk+1","Thunderclap+1","Impervious+1","Seeing Red+1","Inflame+1","Metallicize+1","Body Slam+1","expansioncontent:CaCaw+1","ReplayTheSpireMod:Stacked+1"],"relics":["Burning Blood","Bottled Tornado","infinitespire:EvilPickle","Juzu Bracelet","hubris:EvacipatedBox","SacredBark","Quantum Egg","Frozen Egg 2","Molten Egg 2","Toxic Egg 2","StuffTheSpire:DullRazor","Chemical X","Whetstone","Replay:Bandana","Omamori","hubris:MobiusCoin","Busted Crown","Replay:Rubber Ducky","hubris:CrystalStatue","Snack Pack","hubris:Towel","jedi:shrinkray","infinitespire:Beetle Shell","trackpad:BottledShadow","trackpad:CultistFigurine","Elementarium:ElementariumTrophy","SlaversCollar","halation:EternalFortune","vexMod:RetaliationKit","hubris:TinFlute","Bag of Marbles","Ancient Tea Set","infinitespire:Broken Mirror","Bottled Flame","hubris:Icosahedron","Replay:Kaleidoscope","Nunchaku","Membership Card","hubris:EmptyBottle","Oddly Smooth Stone","Garlic","Pen Nib","ReplayTheSpireMod:TigerMarble"],"acts_visited":[],"potions_floor_usage":[5,16,27,27,27,29,33,38,45,48,48,50,54,55,55,55,55,55],"damage_taken":[{"damage":2,"enemies":"Menagerie:StygianBoar","floor":1,"turns":3},{"damage":2,"enemies":"Menagerie:WhisperingWraith","floor":3,"turns":3},{"damage":0,"enemies":"Menagerie:MonstrousExperiment","floor":4,"turns":3},{"damage":12,"enemies":"Menagerie:EntropyWarlock","floor":5,"turns":1},{"damage":7,"enemies":"Menagerie:Hydra","floor":7,"turns":4},{"damage":0,"enemies":"Menagerie:3_RABBITS","floor":9,"turns":8},{"damage":0,"enemies":"conspire:MimicChest","floor":10,"turns":6},{"damage":19,"enemies":"Menagerie:MaskedSummoner","floor":12,"turns":9},{"damage":11,"enemies":"Menagerie:3_RABBITS","floor":14,"turns":5},{"damage":13,"enemies":"Menagerie:AVATARS","floor":16,"turns":7},{"damage":11,"enemies":"Elementarium:MUD_AND_TAR_GOLEMS","floor":18,"turns":5},{"damage":16,"enemies":"Elementarium:VoidCorruption","floor":19,"turns":6},{"damage":4,"enemies":"Elementarium:FIRE_NOBILITY","floor":25,"turns":6},{"damage":2,"enemies":"Elementarium:ElementalPortal","floor":27,"turns":5},{"damage":0,"enemies":"Elementarium:WarGolem","floor":29,"turns":2},{"damage":24,"enemies":"Elementarium:Hydrostalker","floor":30,"turns":3},{"damage":9,"enemies":"Elementarium:STONE_GOLEMS","floor":31,"turns":3},{"damage":17,"enemies":"Elementarium:GolemEmperor","floor":33,"turns":8},{"damage":4,"enemies":"3 Shapes","floor":35,"turns":3},{"damage":30,"enemies":"2 Orb Walkers","floor":38,"turns":4},{"damage":3,"enemies":"3 Darklings","floor":39,"turns":5},{"damage":26,"enemies":"Nemesis","floor":40,"turns":7},{"damage":19,"enemies":"Giant Head","floor":42,"turns":8},{"damage":2,"enemies":"Reptomancer","floor":48,"turns":5},{"damage":13,"enemies":"Time Eater","floor":50,"turns":10},{"damage":45,"enemies":"Shield and Spear","floor":54,"turns":7},{"damage":119,"enemies":"The Heart","floor":55,"turns":9}],"seed_played":"-6329249927714955392","potions_obtained":[{"floor":4,"key":"Death Potion"},{"floor":10,"key":"Energy Potion"},{"floor":12,"key":"LiquidBronze"},{"floor":18,"key":"EntropicBrew"},{"floor":30,"key":"Strength Potion"},{"floor":33,"key":"champ:CounterPotion"}],"is_trial":false,"path_per_floor":["M","$","M","M","M","R","E","R","MIM","?","?","E","?","M","R_BF","B",null,"M","M","$","?","?","R","?","E","T","E","?","E","M","M","R_BF","B",null,"M","?","?","?","M","E","?","E","T","R","$","R","?","E","R_BF","B",null,"R","$","E","B",null],"character_chosen":"IRONCLAD","items_purchased":["StuffTheSpire:DullRazor","Chemical X","Shrug It Off+1","Replay:Rubber Ducky","hubris:CrystalStatue","Snack Pack","Warcry+1","Ancient Tea Set","infinitespire:Broken Mirror","Fruit Juice","SkillPotion","Bottled Flame","LiquidBronze","Membership Card","hubris:EmptyBottle","Oddly Smooth Stone","Garlic","Metallicize+1","Body Slam+1","expansioncontent:CaCaw+1","ReplayTheSpireMod:Stacked+1","Pen Nib","ColorlessPotion","ColorlessPotion","DuplicationPotion"],"campfire_rested":1,"item_purchase_floors":[2,2,2,20,20,20,20,45,45,45,45,45,45,53,53,53,53,53,53,53,53,53,53,53,53],"current_hp_per_floor":[71,71,75,81,75,75,74,96,96,96,96,83,83,78,96,96,96,96,96,96,96,72,72,72,96,96,96,96,96,80,79,79,96,96,96,96,99,99,102,84,84,102,102,102,112,112,112,112,112,111,112,112,112,83,34],"gold":202,"neow_bonus":"TWENTY_PERCENT_HP_BONUS","is_daily":false,"chose_seed":false,"campfire_upgraded":5,"win_rate":0.0,"timestamp":1610101569,"path_taken":["M","$","M","M","M","R","E","R","MIM","?","?","E","?","M","R_BF","BOSS","M","M","$","?","?","R","?","E","T","E","?","E","M","M","R_BF","BOSS","M","?","?","?","M","E","?","E","T","R","?","R","?","E","R_BF","BOSS","R","$","E","BOSS"],"items_purchased_type":["Relic","Relic","Card","Relic","Relic","Relic","Card","Relic","Relic","Potion","Potion","Relic","Potion","Relic","Relic","Relic","Relic","Card","Card","Card","Card","Relic","Potion","Potion","Potion"],"build_version":"2020-12-22","purchased_purges":1,"victory":true,"max_hp_per_floor":[96,96,96,96,96,96,96,96,96,96,96,96,96,96,96,96,96,96,96,96,96,96,96,96,96,96,96,96,96,96,96,96,96,96,96,96,99,99,102,102,102,102,102,102,112,112,112,112,112,112,112,112,112,112,112],"card_choices":[{"not_picked":["Dropkick+1","Twin Strike+1"],"picked":"Metallicize+1","floor":1},{"not_picked":["Replay:Undeath\u0027s Touch+1","Shockwave+1"],"picked":"Body Slam+1","floor":3},{"not_picked":["Flex+1","jedi:hate+1","Run Through+1"],"picked":"SKIP","floor":4},{"not_picked":["Clash+1","jedi:fear+1","Twin Strike+1"],"picked":"SKIP","floor":5},{"not_picked":["Power Through+1","True Grit+1"],"picked":"ReplayTheSpireMod:Muscle Training+1","floor":7},{"not_picked":["Disarm+1","Sword Boomerang+1"],"picked":"conspire:Charge+1","floor":10},{"not_picked":["ReplayTheSpireMod:Strike From Hell+1","Armaments+1","Shrug It Off+1"],"picked":"SKIP","floor":12},{"not_picked":["Enlightenment+1","Replay:SS_fish_3+1"],"picked":"jedi:LeechingStrike","floor":13},{"not_picked":["Clothesline+1","Clash+1","ReplayTheSpireMod:Strike From Hell+1"],"picked":"SKIP","floor":14},{"not_picked":["Limit Break+1","Offering+1"],"picked":"Barricade+1","floor":16},{"not_picked":["Heavy Blade+1"],"picked":"SKIP","floor":18},{"not_picked":["Dark Embrace+1"],"picked":"SKIP","floor":19},{"not_picked":["infinitespire:Oblivion","infinitespire:Punishment"],"picked":"infinitespire:FinalStrike","floor":22},{"not_picked":[],"picked":"Berserk+1","floor":25},{"not_picked":["Rage+1"],"picked":"SKIP","floor":27},{"not_picked":["Rage+1"],"picked":"SKIP","floor":27},{"not_picked":["jedi:MakeshiftSword+1"],"picked":"SKIP","floor":29},{"not_picked":[],"picked":"Thunderclap+1","floor":30},{"not_picked":["Shrug It Off+1"],"picked":"SKIP","floor":31},{"not_picked":[],"picked":"Impervious+1","floor":33},{"not_picked":["Clash+1"],"picked":"SKIP","floor":35},{"not_picked":["ReplayTheSpireMod:Limb From Limb+1"],"picked":"SKIP","floor":39},{"not_picked":["StuffTheSpire:Slingshot+1"],"picked":"SKIP","floor":40},{"not_picked":[],"picked":"Inflame+1","floor":42},{"not_picked":["Uppercut+1"],"picked":"SKIP","floor":48},{"not_picked":["Havoc+1"],"picked":"SKIP","floor":54}],"player_experience":2647507,"relics_obtained":[{"floor":7,"key":"Whetstone"},{"floor":9,"key":"Replay:Bandana"},{"floor":10,"key":"Omamori"},{"floor":12,"key":"hubris:MobiusCoin"},{"floor":25,"key":"jedi:shrinkray"},{"floor":26,"key":"infinitespire:Beetle Shell"},{"floor":27,"key":"trackpad:BottledShadow"},{"floor":29,"key":"trackpad:CultistFigurine"},{"floor":38,"key":"vexMod:RetaliationKit"},{"floor":39,"key":"halation:EternalFortune"},{"floor":40,"key":"hubris:TinFlute"},{"floor":42,"key":"Bag of Marbles"},{"floor":48,"key":"Replay:Kaleidoscope"},{"floor":49,"key":"Nunchaku"},{"floor":54,"key":"ReplayTheSpireMod:TigerMarble"}],"event_choices":[{"damage_healed":0,"gold_gain":0,"player_choice":"Simplicity","damage_taken":0,"max_hp_gain":0,"max_hp_loss":9,"event_name":"betterThird:BetterWriting","floor":0,"gold_loss":0},{"damage_healed":0,"gold_gain":0,"player_choice":"3","damage_taken":0,"max_hp_gain":0,"max_hp_loss":0,"event_name":"betterMatch:BetterMatch","floor":11,"gold_loss":0,"cards_obtained":[]},{"damage_healed":0,"gold_gain":1,"player_choice":"1","damage_taken":0,"max_hp_gain":0,"max_hp_loss":0,"event_name":"betterStone:BetterStone","floor":13,"gold_loss":0},{"damage_healed":0,"gold_gain":0,"player_choice":"Leave","damage_taken":0,"max_hp_gain":0,"max_hp_loss":0,"event_name":"conspire:Investor","floor":28,"gold_loss":0},{"damage_healed":0,"gold_gain":0,"player_choice":"Fight","damage_taken":0,"max_hp_gain":0,"max_hp_loss":0,"event_name":"Mysterious Sphere","floor":38,"gold_loss":0}],"is_beta":false,"boss_relics":[{"not_picked":["vexMod:EndlessSickness","conspire:RunicOctahedron","StuffTheSpire:RunicConfusion"],"picked":"Busted Crown"},{"not_picked":["hubris:HollowSoul","vexMod:MysteryBossChallenge","hubris:TerracottaHorce"],"picked":"SlaversCollar"}],"items_purged_floors":[53],"is_endless":false,"potions_floor_spawned":[4,10,12,18,25,30,33,39],"ascension_level":13}}