{"host":"bxn2em57qlx5u4i0","time":1610139427,"event":{"mods":["BaseMod","Colored Map","Colored Powertips","Highlight Path","Minty Spire (QoL Compilation)","Random Character Button","Relic Sorter","Relic Stats","StSLib","SuperFastMode"],"gold_per_floor":[119,4,23,23,23,61,85,85,85,120,120,140,40,65,65,161,161,181,181,191,191,208,208,236,249,249,124,124,156,6,38,38,109,109,119,40,40,40,40,74,74,89,115,150,196,212,239,76,76,76,76,76,76,22,57,57],"floor_reached":57,"playtime":2250,"items_purged":["Strike_G","Defend_G","Strike_G","Strike_G","Strike_G"],"score":3558,"play_id":"dd111b2b-7199-4585-b429-6bc46a3ea763","local_time":"20210108155707","is_ascension_mode":true,"campfire_choices":[{"data":"All Out Attack","floor":8.0,"key":"SMITH"},{"data":"Deadly Poison","floor":11.0,"key":"SMITH"},{"data":"Neutralize","floor":15.0,"key":"SMITH"},{"data":"Survivor","floor":23.0,"key":"SMITH"},{"data":"Defend_G","floor":32.0,"key":"SMITH"},{"floor":41.0,"key":"REST"},{"floor":49.0,"key":"RECALL"},{"floor":53.0,"key":"REST"}],"circlet_count":0,"master_deck":["AscendersBane","Defend_G+1","Defend_G+1","Defend_G+1","Defend_G+1","Survivor+1","Neutralize+1","All Out Attack+1","Deadly Poison+1","Backflip+1","Bullet Time+1","Terror+1","Backflip+1","Catalyst+1","Bullet Time+1","Crippling Poison+1","Leg Sweep+1","Corpse Explosion+1","Backflip+1","Leg Sweep+1","Panacea+1","Acrobatics+1","Footwork+1","PiercingWail+1","Footwork+1","Footwork+1"],"relics":["Ring of the Serpent","NeowsBlessing","Bloody Idol","Toxic Egg 2","Ornamental Fan","Calipers","Snecko Eye","White Beast Statue","InkBottle","Oddly Smooth Stone","War Paint","Regal Pillow","Potion Belt","Unceasing Top","MawBank","Happy Flower"],"acts_visited":["Exordium","TheCity","TheBeyond","TheEnding"],"potions_floor_usage":[56,56,56,56],"damage_taken":[{"damage":0.0,"enemies":"Jaw Worm","floor":1.0,"turns":1.0},{"damage":0.0,"enemies":"Small Slimes","floor":3.0,"turns":1.0},{"damage":0.0,"enemies":"Gremlin Nob","floor":6.0,"turns":1.0},{"damage":0.0,"enemies":"Cultist","floor":7.0,"turns":3.0},{"damage":5.0,"enemies":"3 Sentries","floor":10.0,"turns":8.0},{"damage":0.0,"enemies":"Red Slaver","floor":12.0,"turns":3.0},{"damage":0.0,"enemies":"Large Slime","floor":14.0,"turns":4.0},{"damage":18.0,"enemies":"The Guardian","floor":16.0,"turns":9.0},{"damage":0.0,"enemies":"Chosen","floor":18.0,"turns":3.0},{"damage":0.0,"enemies":"Spheric Guardian","floor":20.0,"turns":4.0},{"damage":3.0,"enemies":"Cultist and Chosen","floor":22.0,"turns":5.0},{"damage":0.0,"enemies":"Gremlin Leader","floor":24.0,"turns":5.0},{"damage":0.0,"enemies":"Snake Plant","floor":25.0,"turns":4.0},{"damage":0.0,"enemies":"Slavers","floor":29.0,"turns":4.0},{"damage":0.0,"enemies":"Book of Stabbing","floor":31.0,"turns":5.0},{"damage":0.0,"enemies":"Automaton","floor":33.0,"turns":8.0},{"damage":0.0,"enemies":"Orb Walker","floor":35.0,"turns":3.0},{"damage":23.0,"enemies":"Nemesis","floor":40.0,"turns":9.0},{"damage":0.0,"enemies":"3 Shapes","floor":42.0,"turns":3.0},{"damage":0.0,"enemies":"Reptomancer","floor":44.0,"turns":5.0},{"damage":0.0,"enemies":"2 Orb Walkers","floor":45.0,"turns":3.0},{"damage":0.0,"enemies":"Writhing Mass","floor":46.0,"turns":6.0},{"damage":0.0,"enemies":"Giant Head","floor":47.0,"turns":7.0},{"damage":0.0,"enemies":"Donu and Deca","floor":50.0,"turns":5.0},{"damage":0.0,"enemies":"Time Eater","floor":51.0,"turns":14.0},{"damage":0.0,"enemies":"Shield and Spear","floor":55.0,"turns":5.0},{"damage":10,"enemies":"The Heart","floor":56,"turns":11}],"seed_played":"-4121547186405499372","potions_obtained":[{"floor":1.0,"key":"Ancient Potion"},{"floor":6.0,"key":"SkillPotion"},{"floor":16.0,"key":"Swift Potion"},{"floor":18.0,"key":"SneckoOil"},{"floor":24.0,"key":"Strength Potion"},{"floor":25.0,"key":"Fire Potion"},{"floor":29.0,"key":"Block Potion"},{"floor":31.0,"key":"SpeedPotion"},{"floor":44.0,"key":"ColorlessPotion"},{"floor":45.0,"key":"SpeedPotion"},{"floor":46.0,"key":"ColorlessPotion"},{"floor":55.0,"key":"PowerPotion"}],"is_trial":false,"path_per_floor":["M","$","M","?","?","E","M","R","T","E","R","M","$","M","R","B",null,"M","?","M","?","M","R","E","M","T","$","?","E","$","E","R","B",null,"M","$","?","?","?","E","R","M","T","E","?","M","E","$","R","B","B",null,"R","$","E","B",null],"character_chosen":"THE_SILENT","items_purchased":["Dash","Leg Sweep+1","Poison Potion"],"campfire_rested":2,"item_purchase_floors":[2,36,54],"current_hp_per_floor":[59,59,59,59,41,41,41,41,41,36,36,36,36,36,36,18,50,50,50,55,55,57,57,60,60,60,60,60,60,60,60,60,60,60,60,60,50,50,50,32,57,57,57,57,57,57,57,57,57,57,57,57,57,57,57,47],"gold":57,"neow_bonus":"THREE_ENEMY_KILL","is_daily":false,"chose_seed":false,"campfire_upgraded":5,"win_rate":0.0,"timestamp":1610139427,"path_taken":["M","$","M","?","?","E","M","R","T","E","R","M","$","M","R","BOSS","M","?","M","?","M","R","E","?","T","?","?","E","$","E","R","BOSS","M","$","?","?","?","E","R","M","T","E","?","M","E","$","R","BOSS","BOSS","R","$","E","BOSS"],"items_purchased_type":["Card","Card","Potion"],"build_version":"2020-12-22","purchased_purges":5,"victory":true,"max_hp_per_floor":[66,66,66,60,60,60,60,60,60,60,60,60,60,60,60,60,60,60,60,60,60,60,60,60,60,60,60,60,60,60,60,60,60,60,60,60,60,60,57,57,57,57,57,57,57,57,57,57,57,57,57,57,57,57,57,57],"relic_stats":{"Regal Pillow":8,"Happy Flower":[3],"counters":[27,139],"Ornamental Fan":[72],"Bloody Idol":18,"Snecko Eye":[244,245,253,233],"War Paint":["Defend_G","Defend_G"],"MawBank":12,"obtain_stats":[{"Potion Belt":44,"Regal Pillow":40,"Calipers":10,"NeowsBlessing":0,"Happy Flower":55,"Golden Idol":4,"Oddly Smooth Stone":29,"War Paint":31,"MawBank":47,"White Beast Statue":24,"Ornamental Fan":9,"Bloody Idol":19,"Snecko Eye":17,"Toxic Egg 2":6,"InkBottle":26,"Ring of the Serpent":34,"Unceasing Top":45,"Ring of the Snake":0},{"Potion Belt":20,"Regal Pillow":18,"Calipers":5,"NeowsBlessing":0,"Happy Flower":26,"Golden Idol":2,"Oddly Smooth Stone":14,"War Paint":15,"MawBank":23,"White Beast Statue":12,"Ornamental Fan":4,"Bloody Idol":9,"Snecko Eye":8,"Toxic Egg 2":3,"InkBottle":13,"Ring of the Serpent":16,"Unceasing Top":21,"Ring of the Snake":0},{"Potion Belt":88,"Regal Pillow":80,"Calipers":14,"NeowsBlessing":0,"Happy Flower":128,"Golden Idol":2,"Oddly Smooth Stone":55,"War Paint":60,"MawBank":104,"White Beast Statue":47,"Ornamental Fan":6,"Bloody Idol":33,"Snecko Eye":30,"Toxic Egg 2":3,"InkBottle":51,"Ring of the Serpent":68,"Unceasing Top":91,"Ring of the Snake":0}],"InkBottle":[25],"Unceasing Top":[1]},"card_choices":[{"not_picked":["Reflex","Finisher"],"picked":"All Out Attack","floor":1.0},{"not_picked":["Deflect","Dodge and Roll"],"picked":"Deadly Poison","floor":3.0},{"not_picked":["Acrobatics+1","Backstab"],"picked":"Backflip+1","floor":6.0},{"not_picked":["Finisher","Blade Dance+1"],"picked":"Bullet Time+1","floor":7.0},{"not_picked":["Dodge and Roll+1","Bane"],"picked":"Terror+1","floor":10.0},{"not_picked":["Underhanded Strike","Flechettes"],"picked":"Backflip+1","floor":12.0},{"not_picked":["Bane","Slice"],"picked":"Catalyst+1","floor":14.0},{"not_picked":["Glass Knife","Venomology+1"],"picked":"Bullet Time+1","floor":16.0},{"not_picked":["Flying Knee","Outmaneuver+1","Sucker Punch"],"picked":"SKIP","floor":18.0},{"not_picked":["Sucker Punch","Dagger Throw"],"picked":"Crippling Poison+1","floor":20.0},{"not_picked":["Backflip+1","Acrobatics+1"],"picked":"Leg Sweep+1","floor":22.0},{"not_picked":["Unload","Sucker Punch","Outmaneuver+1"],"picked":"SKIP","floor":24.0},{"not_picked":["Unload","Sucker Punch","Outmaneuver+1"],"picked":"SKIP","floor":24.0},{"not_picked":["Cloak And Dagger+1","Eviscerate","Dagger Spray"],"picked":"SKIP","floor":25.0},{"not_picked":["Cloak And Dagger+1","Eviscerate","Dagger Spray"],"picked":"SKIP","floor":25.0},{"not_picked":["Blade Dance+1","Flechettes","Calculated Gamble+1"],"picked":"SKIP","floor":29.0},{"not_picked":["All Out Attack","Dash","Blade Dance+1"],"picked":"SKIP","floor":31.0},{"not_picked":["Wraith Form v2","Venomology+1"],"picked":"Corpse Explosion+1","floor":33.0},{"not_picked":["Flying Knee","Deadly Poison+1"],"picked":"Backflip+1","floor":35.0},{"not_picked":["The Bomb+1","Good Instincts+1"],"picked":"Panacea+1","floor":37.0},{"not_picked":["Sucker Punch","Leg Sweep+1","Underhanded Strike+1"],"picked":"SKIP","floor":40.0},{"not_picked":["Blade Dance+1","Sucker Punch+1","Poisoned Stab"],"picked":"SKIP","floor":42.0},{"not_picked":["Leg Sweep+1","Setup+1"],"picked":"Acrobatics+1","floor":44.0},{"not_picked":["Deadly Poison+1","Dagger Throw"],"picked":"Footwork+1","floor":45.0},{"not_picked":["Sucker Punch","Riddle With Holes"],"picked":"PiercingWail+1","floor":46.0},{"not_picked":["After Image","Dagger Spray"],"picked":"Footwork+1","floor":47.0},{"not_picked":["Deadly Poison+1","Adrenaline+1"],"picked":"Footwork+1","floor":55.0}],"player_experience":2888412,"relics_obtained":[{"floor":6.0,"key":"Toxic Egg 2"},{"floor":9.0,"key":"Ornamental Fan"},{"floor":10.0,"key":"Calipers"},{"floor":24.0,"key":"White Beast Statue"},{"floor":26.0,"key":"InkBottle"},{"floor":29.0,"key":"Oddly Smooth Stone"},{"floor":31.0,"key":"War Paint"},{"floor":40.0,"key":"Regal Pillow"},{"floor":44.0,"key":"Potion Belt"},{"floor":45.0,"key":"Unceasing Top"},{"floor":47.0,"key":"MawBank"},{"floor":55.0,"key":"Happy Flower"}],"event_choices":[{"damage_healed":0.0,"max_hp_gain":0.0,"max_hp_loss":6.0,"gold_gain":0.0,"event_name":"Golden Idol","player_choice":"Lose Max HP","floor":4.0,"gold_loss":0.0,"damage_taken":0.0,"relics_obtained":["Golden Idol"]},{"damage_healed":0.0,"max_hp_gain":0.0,"max_hp_loss":0.0,"gold_gain":0.0,"event_name":"Shining Light","player_choice":"Entered Light","floor":5.0,"gold_loss":0.0,"damage_taken":18.0,"cards_upgraded":["Defend_G","Dash"]},{"damage_healed":0.0,"max_hp_gain":0.0,"max_hp_loss":0.0,"gold_gain":0.0,"event_name":"Forgotten Altar","player_choice":"Gave Idol","floor":19.0,"relics_lost":["Golden Idol"],"gold_loss":0.0,"damage_taken":0.0,"relics_obtained":["Bloody Idol"]},{"cards_removed":["Strike_G"],"damage_healed":0.0,"max_hp_gain":0.0,"max_hp_loss":0.0,"gold_gain":0.0,"event_name":"Purifier","player_choice":"Purged","floor":21.0,"gold_loss":0.0,"damage_taken":0.0},{"damage_healed":0.0,"max_hp_gain":0.0,"max_hp_loss":0.0,"gold_gain":0.0,"event_name":"Ghosts","player_choice":"Ignored","floor":28.0,"gold_loss":0.0,"damage_taken":0.0},{"damage_healed":0.0,"max_hp_gain":0.0,"max_hp_loss":0.0,"gold_gain":0.0,"event_name":"SensoryStone","player_choice":"Memory 3","floor":37.0,"gold_loss":0.0,"damage_taken":10.0},{"cards_removed":["Dash"],"damage_healed":0.0,"max_hp_gain":0.0,"max_hp_loss":0.0,"gold_gain":0.0,"event_name":"Falling","player_choice":"Removed Attack","floor":38.0,"gold_loss":0.0,"damage_taken":0.0},{"damage_healed":0.0,"max_hp_gain":0.0,"max_hp_loss":3.0,"gold_gain":0.0,"event_name":"Winding Halls","player_choice":"Max HP","floor":39.0,"gold_loss":0.0,"damage_taken":0.0},{"damage_healed":0.0,"max_hp_gain":0.0,"max_hp_loss":0.0,"gold_gain":0.0,"event_name":"Mysterious Sphere","player_choice":"Fight","floor":45.0,"gold_loss":0.0,"damage_taken":0.0}],"is_beta":false,"boss_relics":[{"not_picked":["SlaversCollar","Philosopher\u0027s Stone"],"picked":"Snecko Eye"},{"not_picked":["HoveringKite","Runic Pyramid"],"picked":"Ring of the Serpent"}],"items_purged_floors":[2,13,27,30,48],"is_endless":false,"potions_floor_spawned":[1,6,7,16,18,24,25,29,31,33,35,40,42,44,45,46,47,55],"ascension_level":20}}