{"host":"szp1d6dso4pv7ddl","time":1610146893,"event":{"mods":["AchievementEnabler","Alarm Clock","BaseMod","Bestiary","Block Reminder","Colored Map","Colored Powertips","Curses Come First","Displayed Cursed Tome","Highlight Path","Minty Spire (QoL Compilation)","Permanent Neow","Quick Restart","Relic Sorter","Relic Stats","StSLib","Synergy Search"],"gold_per_floor":[114,114,133,133,52,52,64,64,64,64,102,127,24,51,51,135,135,163,172,201,210,232,232,269,345,345,370,295,295,295],"floor_reached":29,"playtime":2798,"items_purged":[],"score":425,"play_id":"036ba2f6-4fce-4984-8f81-5d13ac961cdf","local_time":"20210108150133","is_ascension_mode":true,"campfire_choices":[{"data":"Glass Knife","floor":6.0,"key":"SMITH"},{"data":"Neutralize","floor":8.0,"key":"SMITH"},{"data":"Reflex","floor":10.0,"key":"SMITH"},{"floor":15.0,"key":"REST"},{"data":"Acrobatics","floor":23,"key":"SMITH"}],"circlet_count":0,"master_deck":["AscendersBane","Survivor","Neutralize+1","Outmaneuver","Escape Plan","Dagger Throw","All Out Attack","Caltrops","Riddle With Holes","Malaise","Phantasmal Killer","Glass Knife+1","Blade Dance","Prepared","Reflex+1","Underhanded Strike","Underhanded Strike","Leg Sweep","Blur","Adrenaline","Heel Hook","Underhanded Strike","Dagger Throw","Acrobatics+1","Acrobatics","Footwork"],"relics":["Pandora\u0027s Box","Bottled Flame","CeramicFish","Tiny Chest","Sozu","Meat on the Bone","Pantograph","Question Card","The Courier"],"acts_visited":["Exordium","TheCity"],"potions_floor_usage":[24,27],"damage_taken":[{"damage":2.0,"enemies":"Small Slimes","floor":1.0,"turns":3.0},{"damage":2.0,"enemies":"Cultist","floor":3.0,"turns":3.0},{"damage":0.0,"enemies":"2 Louse","floor":7.0,"turns":1.0},{"damage":22.0,"enemies":"Lagavulin","floor":11.0,"turns":4.0},{"damage":9.0,"enemies":"Red Slaver","floor":12.0,"turns":2.0},{"damage":2.0,"enemies":"Blue Slaver","floor":14.0,"turns":2.0},{"damage":23.0,"enemies":"The Guardian","floor":16.0,"turns":10.0},{"damage":4.0,"enemies":"Chosen","floor":18.0,"turns":3.0},{"damage":0.0,"enemies":"3 Byrds","floor":20.0,"turns":4.0},{"damage":1,"enemies":"Centurion and Healer","floor":22,"turns":6},{"damage":25,"enemies":"Slavers","floor":24,"turns":4},{"damage":0,"enemies":"Snecko","floor":27,"turns":4},{"damage":36,"enemies":"Gremlin Leader","floor":29,"turns":4}],"seed_played":"-2100206927069408671","potions_obtained":[{"floor":1.0,"key":"SpeedPotion"},{"floor":7.0,"key":"SneckoOil"},{"floor":14.0,"key":"LiquidMemories"}],"is_trial":false,"path_per_floor":["M","?","M","T","$","R","M","R","T","R","E","M","$","M","R","B",null,"M","?","M","?","M","R","E","T","T","M","?","E"],"character_chosen":"THE_SILENT","items_purchased":["Reflex","Underhanded Strike","Leg Sweep"],"campfire_rested":1,"item_purchase_floors":[5,13,13],"current_hp_per_floor":[57,57,55,55,55,55,55,55,55,55,33,24,24,22,41,18,54,50,50,50,50,49,49,36,36,36,36,36,0,0],"gold":295,"neow_bonus":"BOSS_RELIC","is_daily":false,"chose_seed":false,"campfire_upgraded":4,"win_rate":0.0,"timestamp":1610146893,"path_taken":["M","?","?","?","$","R","M","R","T","R","E","M","$","M","R","BOSS","M","?","M","?","?","R","E","?","T","M","?","E"],"items_purchased_type":["Card","Card","Card"],"build_version":"2020-12-22","purchased_purges":0,"victory":false,"max_hp_per_floor":[66,66,66,66,66,66,66,66,66,66,66,66,66,66,66,66,66,66,66,66,66,66,66,66,66,66,66,66,66,66],"relic_stats":{"Sozu":2,"counters":[13,50],"CeramicFish":117,"Pantograph":0,"Pandora\u0027s Box":["Outmaneuver","Escape Plan","Dagger Throw","All Out Attack","Caltrops","Riddle With Holes","Malaise","Phantasmal Killer","PiercingWail","Glass Knife"],"Tiny Chest":1,"Question Card":1,"obtain_stats":[{"Sozu":17,"Bottled Flame":4,"CeramicFish":9,"Pantograph":24,"Pandora\u0027s Box":0,"Tiny Chest":11,"The Courier":26,"Question Card":25,"Ring of the Snake":0,"Meat on the Bone":19},{"Sozu":7,"Bottled Flame":2,"CeramicFish":3,"Pantograph":11,"Pandora\u0027s Box":0,"Tiny Chest":4,"The Courier":11,"Question Card":11,"Ring of the Snake":0,"Meat on the Bone":8},{"Sozu":25,"Bottled Flame":6,"CeramicFish":7,"Pantograph":42,"Pandora\u0027s Box":0,"Tiny Chest":11,"The Courier":42,"Question Card":42,"Ring of the Snake":0,"Meat on the Bone":28}],"Meat on the Bone":12},"card_choices":[{"not_picked":["All Out Attack","Poisoned Stab","Slice"],"picked":"SKIP","floor":1.0},{"not_picked":["Endless Agony","Concentrate"],"picked":"Prepared","floor":3.0},{"not_picked":["Deadly Poison","Sucker Punch","Calculated Gamble"],"picked":"SKIP","floor":7.0},{"not_picked":["PiercingWail","Flying Knee"],"picked":"Blade Dance","floor":11.0},{"not_picked":["Deflect","Slice"],"picked":"Underhanded Strike","floor":12.0},{"not_picked":["All Out Attack","Well Laid Plans"],"picked":"Blur","floor":14.0},{"not_picked":["Wraith Form v2","Unload"],"picked":"Adrenaline","floor":16.0},{"not_picked":["Sucker Punch","Deflect"],"picked":"Heel Hook","floor":18.0},{"not_picked":["Blade Dance","Concentrate"],"picked":"Underhanded Strike","floor":20},{"not_picked":["Quick Slash","Slice"],"picked":"Acrobatics","floor":22},{"not_picked":["Doppelganger","Slice"],"picked":"Acrobatics","floor":24},{"not_picked":["Poisoned Stab","Flechettes","Flying Knee"],"picked":"Footwork","floor":27}],"player_experience":1142989,"relics_obtained":[{"floor":4.0,"key":"Bottled Flame"},{"floor":9.0,"key":"CeramicFish"},{"floor":11.0,"key":"Tiny Chest"},{"floor":24,"key":"Pantograph"},{"floor":25,"key":"Question Card"},{"floor":26,"key":"The Courier"}],"event_choices":[{"damage_healed":0.0,"max_hp_gain":0.0,"max_hp_loss":0.0,"gold_gain":0.0,"cards_transformed":["PiercingWail"],"event_name":"Transmorgrifier","player_choice":"Transformed","floor":2.0,"gold_loss":0.0,"damage_taken":0.0,"cards_obtained":["Blade Dance"]},{"damage_healed":0.0,"max_hp_gain":0.0,"max_hp_loss":0.0,"gold_gain":0.0,"event_name":"The Mausoleum","player_choice":"Opened","floor":19.0,"gold_loss":0.0,"damage_taken":0.0,"relics_obtained":["Meat on the Bone"],"cards_obtained":["Writhe"]},{"damage_healed":0,"gold_gain":0,"cards_transformed":["Blade Dance"],"player_choice":"Transformed","damage_taken":0,"max_hp_gain":0,"max_hp_loss":0,"event_name":"Transmorgrifier","floor":21,"gold_loss":0,"cards_obtained":["Dagger Throw"]},{"cards_removed":["Writhe"],"damage_healed":0,"gold_gain":0,"player_choice":"Gave Gold","damage_taken":0,"max_hp_gain":0,"max_hp_loss":0,"event_name":"Beggar","floor":28,"gold_loss":75}],"is_beta":false,"boss_relics":[{"not_picked":["Tiny House","Empty Cage"],"picked":"Sozu"}],"items_purged_floors":[],"is_endless":false,"potions_floor_spawned":[1,7,14,20,27],"killed_by":"Gremlin Leader","ascension_level":15}}