{"host":"df48i9djcn92c5sx","time":1610112259,"event":{"mods":["BaseMod","Downfall","Marisa£®ÏF”Í°°ƒß¿Ì…≥£©","Minty Spire (QoL Compilation)","READ ME - Guardian Mod","READ ME - Snecko Mod","Reimu£®≤©¿ˆ¡È√Œ£©","Remilia£®¿Ÿ√◊¿Ú—«£©","Replay The Spire","Shop Mod","StSLib","The Jungle","The Servant 0.9.4"],"gold_per_floor":[99,99,99,99,99,99,99,118,218,218,218,218,218],"floor_reached":12,"playtime":294,"items_purged":[],"score":81,"play_id":"81bf9d33-df4d-4ab0-af74-3a3c8ce5cdff","local_time":"20210108212419","is_ascension_mode":true,"campfire_choices":[{"data":"KidneyShot","floor":1,"key":"SMITH"},{"data":"Sabotage","floor":6,"key":"SMITH"},{"data":"GearUp","floor":10,"key":"SMITH"}],"circlet_count":0,"master_deck":["Strike_S","Strike_S","Defend_S","Defend_S","Defend_S","KidneyShot+1","Exchange","Sabotage+1","SoulSculpture+1","GearUp+1"],"relics":["Uniform","downfall:HeartsMalice","Divine Protection"],"acts_visited":["Exordium"],"potions_floor_usage":[9],"damage_taken":[{"damage":0,"enemies":"Cultist","floor":3,"turns":1},{"damage":0,"enemies":"Small Slimes","floor":4,"turns":1},{"damage":0,"enemies":"Jaw Worm","floor":5,"turns":1},{"damage":2,"enemies":"2 Fungi Beasts","floor":8,"turns":4},{"damage":56,"enemies":"downfall:Heads","floor":9,"turns":6},{"damage":1,"enemies":"3 Sentries","floor":12,"turns":4}],"seed_played":"-4255563951390004854","potions_obtained":[{"floor":8,"key":"ColorlessPotion"}],"is_trial":false,"path_per_floor":["R","?","M","M","M","R","T","M","?","R","T","E"],"character_chosen":"THE_SERVANT","items_purchased":[],"campfire_rested":0,"item_purchase_floors":[],"current_hp_per_floor":[59,59,59,59,59,59,59,57,1,1,1,0,0],"gold":218,"neow_bonus":"THREE_ENEMY_KILL","is_daily":false,"chose_seed":false,"campfire_upgraded":3,"win_rate":0.0,"timestamp":1610112259,"path_taken":["R","?","M","M","M","R","T","?","?","R","?","E"],"items_purchased_type":[],"build_version":"2020-12-22","purchased_purges":0,"victory":false,"max_hp_per_floor":[65,65,65,65,65,65,65,65,65,65,65,65,65],"card_choices":[{"not_picked":["Alleviate","FastForward","TimeWarp"],"picked":"SKIP","floor":3},{"not_picked":["ShatteredReality","Potential"],"picked":"Sabotage","floor":4},{"not_picked":["Unruled","TimeWarp","DoubleEdge"],"picked":"SKIP","floor":5},{"not_picked":["DoubleEdge","Starlight","Potential"],"picked":"SKIP","floor":8},{"not_picked":["ShatteredReality","Defy"],"picked":"SoulSculpture","floor":9}],"player_experience":1407598,"relics_obtained":[{"floor":11,"key":"Divine Protection"}],"event_choices":[{"cards_removed":["Strike_S"],"damage_healed":0,"gold_gain":0,"player_choice":"Purged","damage_taken":0,"max_hp_gain":0,"max_hp_loss":0,"event_name":"Purifier","floor":2,"gold_loss":0}],"is_beta":false,"boss_relics":[],"items_purged_floors":[],"is_endless":false,"potions_floor_spawned":[8],"killed_by":"3 Sentries","ascension_level":6}}