{"host":"6qo42zgaknezulyg","time":1610083519,"event":{"mods":["2.2 Compatiblity","BaseMod","Colored Map","Downfall","Keyboard Shortcuts","Minty Spire (QoL Compilation)","Permanent Neow","Quick Restart","StSLib","SuperFastMode"],"gold_per_floor":[349,367,367,112,112,112,135,154,154,154,154],"floor_reached":10,"playtime":178,"items_purged":["bronze:Strike"],"score":108,"play_id":"8343d9ca-d490-4015-a785-77d665594e07","local_time":"20210108142519","is_ascension_mode":true,"campfire_choices":[{"data":"bronze:Replicate","floor":1,"key":"SMITH"},{"floor":6,"key":"REST"}],"circlet_count":0,"master_deck":["AscendersBane","bronze:Strike","bronze:Strike","bronze:Strike","bronze:Defend+1","bronze:Defend","bronze:Defend","bronze:Defend+1","bronze:Replicate+1","bronze:Goto","bronze:ChildClass"],"relics":["bronze:BronzeCore","War Paint","Happy Flower","sneckomod:BlankCard"],"acts_visited":["Exordium"],"potions_floor_usage":[],"damage_taken":[{"damage":2,"enemies":"2 Louse","floor":2,"turns":4},{"damage":0,"enemies":"downfall:FleeingMerchant","floor":4,"turns":4},{"damage":1,"enemies":"Jaw Worm","floor":8,"turns":4},{"damage":0,"enemies":"Cultist","floor":9,"turns":1},{"damage":54,"enemies":"Gremlin Nob","floor":10,"turns":4}],"seed_played":"2820609857303666672","potions_obtained":[],"is_trial":false,"path_per_floor":["R","M","?","$","?","R","T","M","M","E"],"character_chosen":"THE_AUTOMATON","items_purchased":["Happy Flower"],"campfire_rested":1,"item_purchase_floors":[4],"current_hp_per_floor":[42,40,29,29,29,47,47,46,46,0,0],"gold":154,"neow_bonus":"TWO_FIFTY_GOLD","is_daily":false,"chose_seed":false,"campfire_upgraded":1,"win_rate":0.0,"timestamp":1610083519,"path_taken":["R","M","?","$","?","R","T","M","M","E"],"items_purchased_type":["Relic"],"build_version":"2020-12-22","purchased_purges":1,"victory":false,"max_hp_per_floor":[63,63,63,63,63,63,63,63,63,63,63],"card_choices":[{"not_picked":["bronze:DelayedGuard","bronze:ForceShield","bronze:WildBeam"],"picked":"SKIP","floor":2},{"not_picked":["bronze:ChosenStrike","bronze:NullPointer"],"picked":"bronze:ChildClass","floor":4},{"not_picked":["bronze:OilSpill","bronze:Terminator","bronze:Shield"],"picked":"SKIP","floor":8},{"not_picked":["bronze:Overheat","bronze:Shield","bronze:Separator"],"picked":"SKIP","floor":9}],"player_experience":1151577,"relics_obtained":[{"floor":7,"key":"sneckomod:BlankCard"}],"event_choices":[{"damage_healed":0,"gold_gain":0,"player_choice":"Success","damage_taken":11,"relics_obtained":["War Paint"],"max_hp_gain":0,"max_hp_loss":0,"event_name":"Scrap Ooze","floor":3,"gold_loss":0}],"is_beta":false,"boss_relics":[],"items_purged_floors":[4],"is_endless":false,"potions_floor_spawned":[],"killed_by":"Gremlin Nob","ascension_level":20}}