{"host":"r5d2dd2phecx262s","time":1610136193,"event":{"mods":["2.2 Compatiblity","AchievementEnabler","BaseMod","Curses Come First","Minty Spire (QoL Compilation)","Relic Stats","StSLib"],"gold_per_floor":[119,139,150,150,150,150,165,165,165,184,204,238,238,248,248,351,351,368,179,197,197,197,197,197],"floor_reached":23,"playtime":1456,"items_purged":[],"score":193,"play_id":"cc101f8b-b8bc-4755-8bf5-cd48a0d246df","local_time":"20210108170313","is_ascension_mode":false,"campfire_choices":[{"data":"Noxious Fumes","floor":6,"key":"SMITH"},{"data":"Dagger Throw","floor":8,"key":"SMITH"},{"floor":15,"key":"REST"}],"circlet_count":0,"master_deck":["Strike_G","Strike_G","Defend_G","Defend_G","Defend_G","Defend_G","Defend_G","Survivor","Neutralize","Noxious Fumes+1","Noxious Fumes+1","Dagger Throw+1","Expertise","Underhanded Strike","Deadly Poison","Bane","PiercingWail","Tools of the Trade","Envenom","Skewer+1","Catalyst+1","Predator+1","Poisoned Stab","Poisoned Stab+1"],"relics":["Snecko Eye","Matryoshka","Bottled Lightning","Astrolabe","Regal Pillow","FossilizedHelix"],"acts_visited":["Exordium","TheCity"],"potions_floor_usage":[16,23,23,23],"damage_taken":[{"damage":0,"enemies":"Cultist","floor":1,"turns":4},{"damage":0,"enemies":"2 Louse","floor":2,"turns":3},{"damage":1,"enemies":"Jaw Worm","floor":3,"turns":5},{"damage":3,"enemies":"Large Slime","floor":7,"turns":6},{"damage":5,"enemies":"2 Fungi Beasts","floor":10,"turns":4},{"damage":6,"enemies":"Exordium Wildlife","floor":11,"turns":4},{"damage":14,"enemies":"Gremlin Nob","floor":12,"turns":4},{"damage":7,"enemies":"Red Slaver","floor":14,"turns":5},{"damage":26,"enemies":"Hexaghost","floor":16,"turns":7},{"damage":10,"enemies":"Shell Parasite","floor":18,"turns":5},{"damage":0,"enemies":"3 Byrds","floor":20,"turns":6},{"damage":65,"enemies":"Slavers","floor":23,"turns":5}],"seed_played":"-8173913645056708888","potions_obtained":[{"floor":10,"key":"LiquidBronze"},{"floor":11,"key":"Dexterity Potion"},{"floor":14,"key":"Strength Potion"},{"floor":20,"key":"Block Potion"}],"is_trial":false,"path_per_floor":["M","M","M","$","?","R","M","R","T","M","M","E","?","M","R","B",null,"M","$","M","?","?","E"],"character_chosen":"THE_SILENT","items_purchased":["Regal Pillow","Poisoned Stab"],"campfire_rested":1,"item_purchase_floors":[19,19],"current_hp_per_floor":[70,70,69,69,69,69,66,66,66,61,55,41,41,34,55,29,70,60,60,60,60,60,0,0],"gold":197,"neow_bonus":"BOSS_RELIC","is_daily":false,"chose_seed":false,"campfire_upgraded":2,"win_rate":0.0,"timestamp":1610136193,"path_taken":["M","M","M","$","?","R","M","R","T","?","M","E","?","M","R","BOSS","M","$","?","?","?","E"],"items_purchased_type":["Relic","Card"],"build_version":"2020-12-22","purchased_purges":0,"victory":false,"max_hp_per_floor":[70,70,70,70,70,70,70,70,70,70,70,70,70,70,70,70,70,70,70,70,70,70,70,70],"relic_stats":{"Regal Pillow":0,"counters":[12,58],"Astrolabe":["Skewer","Catalyst","Predator"],"Snecko Eye":[100,120,115,92],"obtain_stats":[{"Regal Pillow":19,"Matryoshka":9,"Astrolabe":17,"Snecko Eye":0,"Bottled Lightning":12,"FossilizedHelix":22,"Ring of the Snake":0},{"Regal Pillow":10,"Matryoshka":4,"Astrolabe":9,"Snecko Eye":0,"Bottled Lightning":7,"FossilizedHelix":11,"Ring of the Snake":0},{"Regal Pillow":47,"Matryoshka":18,"Astrolabe":42,"Snecko Eye":0,"Bottled Lightning":30,"FossilizedHelix":53,"Ring of the Snake":0}]},"card_choices":[{"not_picked":["Underhanded Strike","Outmaneuver"],"picked":"Noxious Fumes","floor":1},{"not_picked":["PiercingWail","Dodge and Roll"],"picked":"Noxious Fumes","floor":2},{"not_picked":["PiercingWail","Prepared"],"picked":"Dagger Throw","floor":3},{"not_picked":["Unload","Reflex"],"picked":"Expertise","floor":7},{"not_picked":["Deflect","PiercingWail"],"picked":"Underhanded Strike","floor":10},{"not_picked":["Prepared","Expertise"],"picked":"Deadly Poison","floor":11},{"not_picked":["Flechettes","Deadly Poison"],"picked":"Bane","floor":12},{"not_picked":["PiercingWail","Phantasmal Killer","Blade Dance"],"picked":"SKIP","floor":14},{"not_picked":["Unload","Die Die Die"],"picked":"Envenom","floor":16},{"not_picked":["PiercingWail","Eviscerate","Prepared"],"picked":"SKIP","floor":18},{"not_picked":["Cloak And Dagger","Flying Knee"],"picked":"Poisoned Stab+1","floor":20}],"player_experience":1589933,"relics_obtained":[{"floor":9,"key":"Matryoshka"},{"floor":12,"key":"Bottled Lightning"}],"event_choices":[{"damage_healed":0,"gold_gain":0,"player_choice":"Forge","damage_taken":0,"max_hp_gain":0,"max_hp_loss":0,"event_name":"Accursed Blacksmith","floor":5,"gold_loss":0,"cards_upgraded":["Noxious Fumes"]},{"damage_healed":0,"gold_gain":0,"player_choice":"2 cards matched","damage_taken":0,"max_hp_gain":0,"max_hp_loss":0,"event_name":"Match and Keep!","floor":13,"gold_loss":0,"cards_obtained":["PiercingWail","Tools of the Trade"]},{"damage_healed":0,"gold_gain":0,"player_choice":"Ignored","damage_taken":0,"max_hp_gain":0,"max_hp_loss":0,"event_name":"Vampires","floor":21,"gold_loss":0},{"damage_healed":0,"gold_gain":0,"player_choice":"Opened","damage_taken":0,"relics_obtained":["FossilizedHelix"],"max_hp_gain":0,"max_hp_loss":0,"event_name":"The Mausoleum","floor":22,"gold_loss":0}],"is_beta":false,"boss_relics":[{"not_picked":["Sozu","Busted Crown"],"picked":"Astrolabe"}],"items_purged_floors":[],"is_endless":false,"potions_floor_spawned":[10,11,14,20],"killed_by":"Slavers","ascension_level":0}}