{"host":"kabf61oc9jgfwufg","time":1610110362,"event":{"mods":["AchievementEnabler","Act Like it!","Aspiration","BaseMod","Conspire","GifTheSpireLib","Halation","HexUI Lib","Hubris","Infinite Spire","Melee Mod","Minty Spire (QoL Compilation)","Quick Restart","Rare Cards Sparkle","Replay The Spire","Shop Mod","StSLib","Waifu the Spire"],"gold_per_floor":[109,34,44,54,54,54,66,26,26,41,41,41,41,74,74,74,74],"floor_reached":16,"playtime":291,"items_purged":["Strike_P"],"score":125,"play_id":"adde583d-6de3-4c15-994c-e4c9c81481a5","local_time":"20210108125242","is_ascension_mode":false,"campfire_choices":[{"data":"Eruption","floor":6,"key":"SMITH"},{"floor":15,"key":"REST"}],"circlet_count":0,"master_deck":["Strike_P","Strike_P","Strike_P","Defend_P","Defend_P","Defend_P","Defend_P","Eruption+1","Vigilance","FlurryOfBlows+1","FlurryOfBlows","FlurryOfBlows","FlurryOfBlows"],"relics":["PureWater","NeowsBlessing","Singing Bowl","The Courier"],"acts_visited":["Exordium"],"potions_floor_usage":[16,16],"damage_taken":[{"damage":0,"enemies":"Jaw Worm","floor":1,"turns":1},{"damage":0,"enemies":"Small Slimes","floor":3,"turns":1},{"damage":0,"enemies":"Cultist","floor":4,"turns":1},{"damage":13,"enemies":"3 Louse","floor":7,"turns":3},{"damage":0,"enemies":"Looter","floor":10,"turns":1},{"damage":31,"enemies":"Lagavulin","floor":14,"turns":4},{"damage":53,"enemies":"Hexaghost","floor":16,"turns":9}],"seed_played":"-3517616362137488625","potions_obtained":[{"floor":3,"key":"Languid Potion"},{"floor":8,"key":"Dexterity Potion"},{"floor":8,"key":"Doom Potion"},{"floor":8,"key":"Explosive Potion"},{"floor":10,"key":"Doom Potion"}],"is_trial":false,"path_per_floor":["M","$","M","M","?","R","M","?","T","M","$","?","?","E","R","B"],"character_chosen":"WATCHER","items_purchased":[],"campfire_rested":1,"item_purchase_floors":[],"current_hp_per_floor":[72,72,72,72,72,72,59,59,59,59,59,59,59,30,52,0,0],"gold":74,"neow_bonus":"THREE_ENEMY_KILL","is_daily":false,"chose_seed":false,"campfire_upgraded":1,"win_rate":0.0,"timestamp":1610110362,"path_taken":["M","$","M","M","?","R","M","?","T","?","$","?","?","E","R","BOSS"],"items_purchased_type":[],"build_version":"2020-12-22","purchased_purges":1,"victory":false,"max_hp_per_floor":[72,72,72,72,72,72,72,72,72,72,72,72,72,74,74,74,74],"card_choices":[{"not_picked":["Pray","Replay:DivineShield"],"picked":"FlurryOfBlows","floor":1},{"not_picked":["Nirvana","CrushJoints","Replay:Anticipation"],"picked":"SKIP","floor":3},{"not_picked":["FollowUp","Nirvana"],"picked":"FlurryOfBlows","floor":4},{"not_picked":["Replay:ManipulateFuture","SandsOfTime"],"picked":"FlurryOfBlows","floor":7},{"not_picked":["PathToVictory","Evaluate"],"picked":"FlurryOfBlows","floor":10},{"not_picked":["ReachHeaven","WreathOfFlame","Sanctity"],"picked":"Singing Bowl","floor":14}],"player_experience":84388,"relics_obtained":[{"floor":14,"key":"The Courier"}],"event_choices":[{"damage_healed":0,"gold_gain":0,"player_choice":"Disagree","damage_taken":0,"max_hp_gain":0,"max_hp_loss":0,"event_name":"conspire:LoneGhost","floor":5,"gold_loss":0},{"damage_healed":0,"gold_gain":0,"player_choice":"Bought 3 Potions","damage_taken":0,"max_hp_gain":0,"max_hp_loss":0,"event_name":"The Woman in Blue","floor":8,"gold_loss":0},{"damage_healed":0,"gold_gain":0,"player_choice":"Searched \u00271\u0027 times","damage_taken":0,"relics_obtained":["Singing Bowl"],"max_hp_gain":0,"max_hp_loss":0,"event_name":"Dead Adventurer","floor":12,"gold_loss":0},{"damage_healed":0,"gold_gain":0,"player_choice":"Upgraded","damage_taken":0,"max_hp_gain":0,"max_hp_loss":0,"event_name":"Upgrade Shrine","floor":13,"gold_loss":0,"cards_upgraded":["FlurryOfBlows"]}],"is_beta":false,"boss_relics":[],"items_purged_floors":[2],"is_endless":false,"potions_floor_spawned":[3,10,14],"killed_by":"Hexaghost","ascension_level":0}}