{"host":"eydwxg59205c3vtl","time":1610124903,"event":{"mods":["2.2 Compatiblity","BaseMod","Colored Map","Colored Powertips","Hubris","Minty Spire (QoL Compilation)","StSLib","The Jungle","The Necromancer"],"gold_per_floor":[215,215,57,76,1,1,29,29,76,76,76,76],"floor_reached":11,"playtime":248,"items_purged":["Strike_R"],"score":138,"play_id":"bd829ec8-b6d0-44eb-927f-9355c4585966","local_time":"20210108115503","is_ascension_mode":true,"campfire_choices":[{"data":"Infernal Blade","floor":6.0,"key":"SMITH"},{"data":"Inflame","floor":8,"key":"SMITH"}],"circlet_count":0,"master_deck":["AscendersBane","Strike_R","Strike_R+1","Strike_R","Strike_R","Defend_R","Defend_R","Defend_R+1","Defend_R","Bash","Pommel Strike","Infernal Blade+1","Inflame+1"],"relics":["Burning Blood","Happy Flower","hubris:BottledRain","Centennial Puzzle"],"acts_visited":["Exordium"],"potions_floor_usage":[],"damage_taken":[{"damage":9.0,"enemies":"Jaw Worm","floor":1.0,"turns":4.0},{"damage":2.0,"enemies":"2 Louse","floor":4.0,"turns":2.0},{"damage":35.0,"enemies":"3 Sentries","floor":7.0,"turns":10.0},{"damage":29,"enemies":"Gremlin Nob","floor":11,"turns":3}],"seed_played":"-2659597399815170441","potions_obtained":[{"floor":4.0,"key":"ElixirPotion"}],"is_trial":false,"path_per_floor":["M","?","$","M","$","R","E","R","T","?","E"],"character_chosen":"IRONCLAD","items_purchased":["Happy Flower"],"campfire_rested":0,"item_purchase_floors":[3],"current_hp_per_floor":[65,42,42,46,46,46,17,17,17,17,0,0],"gold":76,"neow_bonus":"HUNDRED_GOLD","is_daily":false,"chose_seed":false,"campfire_upgraded":2,"win_rate":0.0,"timestamp":1610124903,"path_taken":["M","?","$","M","$","R","E","R","T","?","E"],"items_purchased_type":["Relic"],"build_version":"2020-12-22","purchased_purges":1,"victory":false,"max_hp_per_floor":[75,75,75,75,75,75,75,75,75,75,75,75],"card_choices":[{"not_picked":["Thunderclap","Battle Trance"],"picked":"Pommel Strike","floor":1.0},{"not_picked":["Rupture","Perfected Strike"],"picked":"Infernal Blade","floor":4.0},{"not_picked":["Evolve","Shrug It Off"],"picked":"Inflame","floor":7}],"player_experience":606500,"relics_obtained":[{"floor":7,"key":"hubris:BottledRain"},{"floor":9,"key":"Centennial Puzzle"}],"event_choices":[{"damage_healed":0.0,"max_hp_gain":0.0,"max_hp_loss":0.0,"gold_gain":0.0,"event_name":"Shining Light","player_choice":"Entered Light","floor":2.0,"gold_loss":0.0,"damage_taken":23.0,"cards_upgraded":["Strike_R","Defend_R"]},{"damage_healed":0,"gold_gain":0,"player_choice":"Ignored","damage_taken":0,"max_hp_gain":0,"max_hp_loss":0,"event_name":"Liars Game","floor":10,"gold_loss":0}],"is_beta":false,"boss_relics":[],"items_purged_floors":[5],"is_endless":false,"potions_floor_spawned":[4],"killed_by":"Gremlin Nob","ascension_level":20}}