{"host":"6pgtslebjnyv5xmi","time":1610100149,"event":{"mods":["AchievementEnabler","BaseMod","Colored Map","Minty Spire (QoL Compilation)","Rare Cards Sparkle","StSLib","SuperFastMode","The Hierophant","everything is the same but u backflip on backflip"],"gold_per_floor":[118,43,8,26,22,22,22,22,22,39,59,49,49,49,49,107,107,151,151,51,251,267,267,330,330,354,354,79,8,8,92,92,214,214,213,320,406,472,472,472,468,468],"floor_reached":41,"playtime":2087,"items_purged":["hierophant:Strike_Hierophant","Writhe","hierophant:Strike_Hierophant"],"score":458,"play_id":"5b5c6910-6e9d-4dfe-9869-337b7e4fd74f","local_time":"20210108190229","is_ascension_mode":false,"campfire_choices":[{"data":"hierophant:Prophecy","floor":6.0,"key":"SMITH"},{"data":"hierophant:LocustPlague","floor":8.0,"key":"SMITH"},{"data":"hierophant:LocustPlague","floor":15.0,"key":"SMITH"},{"data":"hierophant:ChurchCoffers","floor":23.0,"key":"SMITH"},{"data":"hierophant:Glossolalia","floor":25.0,"key":"SMITH"},{"data":"hierophant:BulkyChest","floor":27.0,"key":"SMITH"},{"data":"hierophant:Embezzle","floor":32.0,"key":"SMITH"},{"data":"hierophant:EyeForCoin","floor":40.0,"key":"SMITH"}],"circlet_count":0,"master_deck":["hierophant:Punish","hierophant:Defend_Hierophant","hierophant:Defend_Hierophant","hierophant:Defend_Hierophant+1","hierophant:Defend_Hierophant+1","hierophant:ChurchCoffers+1","hierophant:LocustPlague+1","hierophant:SolarFlare","hierophant:Mercenaries","hierophant:Prophecy+1","hierophant:Bribe","hierophant:LocustPlague+1","hierophant:Glossolalia+1","hierophant:BulkyChest+1","hierophant:Embezzle+1","hierophant:Zeal+1","hierophant:Batter","hierophant:LocustPlague","hierophant:FieryStrike+1","hierophant:EyeForCoin+1","hierophant:Doubloon","hierophant:Doubloon"],"relics":["hierophant:PropheticMaskRelic","Bottled Lightning","Black Star","Nunchaku","MealTicket","Bag of Preparation","CeramicFish","Empty Cage"],"acts_visited":["Exordium","TheCity","TheBeyond"],"potions_floor_usage":[41,41,41],"damage_taken":[{"damage":8.0,"enemies":"Jaw Worm","floor":1.0,"turns":3.0},{"damage":5.0,"enemies":"2 Louse","floor":4.0,"turns":2.0},{"damage":11.0,"enemies":"Small Slimes","floor":5.0,"turns":3.0},{"damage":0.0,"enemies":"Exordium Wildlife","floor":10.0,"turns":2.0},{"damage":0.0,"enemies":"2 Fungi Beasts","floor":11.0,"turns":1.0},{"damage":11.0,"enemies":"Gremlin Gang","floor":12.0,"turns":3.0},{"damage":0.0,"enemies":"Slime Boss","floor":16.0,"turns":3.0},{"damage":0.0,"enemies":"Shell Parasite","floor":18.0,"turns":1.0},{"damage":5.0,"enemies":"3 Byrds","floor":22.0,"turns":4.0},{"damage":0.0,"enemies":"Snake Plant","floor":24.0,"turns":2.0},{"damage":2.0,"enemies":"Cultist and Chosen","floor":31.0,"turns":4.0},{"damage":21.0,"enemies":"Automaton","floor":33.0,"turns":6.0},{"damage":9.0,"enemies":"3 Darklings","floor":35.0,"turns":4.0},{"damage":0.0,"enemies":"Orb Walker","floor":36.0,"turns":1.0},{"damage":34.0,"enemies":"Sphere and 2 Shapes","floor":37.0,"turns":5.0},{"damage":10.0,"enemies":"Maw","floor":38.0,"turns":5.0},{"damage":26,"enemies":"Reptomancer","floor":41,"turns":2}],"seed_played":"545240317299752526","potions_obtained":[{"floor":1.0,"key":"EssenceOfSteel"},{"floor":4.0,"key":"Explosive Potion"},{"floor":10.0,"key":"SpeedPotion"},{"floor":22.0,"key":"Dexterity Potion"},{"floor":33.0,"key":"Explosive Potion"},{"floor":39.0,"key":"SkillPotion"},{"floor":39.0,"key":"Strength Potion"},{"floor":39.0,"key":"CultistPotion"}],"is_trial":false,"path_per_floor":["M","$","?","M","M","R","?","R","T","M","M","M","$","?","R","B",null,"M","?","$","?","M","R","M","R","T","R","$","$","?","M","R","B",null,"M","M","M","M","?","R","E"],"character_chosen":"HIEROPHANT","items_purchased":["Bag of Preparation","hierophant:Batter"],"campfire_rested":0,"item_purchase_floors":[28,29],"current_hp_per_floor":[46,46,64,59,48,48,73,73,73,73,73,62,62,47,47,47,75,75,75,75,75,70,70,70,70,70,70,75,75,75,73,73,52,75,66,66,32,22,22,22,0,0],"gold":468,"neow_bonus":"THREE_RARE_CARDS","is_daily":false,"chose_seed":false,"campfire_upgraded":8,"win_rate":0.0,"timestamp":1610100149,"path_taken":["M","$","?","M","M","R","?","R","T","M","M","M","$","?","R","BOSS","M","?","$","?","?","R","M","R","T","R","?","$","?","M","R","BOSS","M","?","M","M","?","R","E"],"items_purchased_type":["Relic","Card"],"build_version":"2020-12-22","purchased_purges":3,"victory":false,"max_hp_per_floor":[75,75,75,75,75,75,75,75,75,75,75,75,75,75,75,75,75,75,75,75,75,75,75,75,75,75,75,75,75,75,75,75,75,75,75,75,75,75,75,75,75,75],"card_choices":[{"not_picked":["hierophant:BulkyChest","hierophant:Invocation"],"picked":"hierophant:LocustPlague","floor":0.0},{"not_picked":["hierophant:Purify","hierophant:Encroach"],"picked":"hierophant:SolarFlare","floor":1.0},{"not_picked":["hierophant:AuricBeam","hierophant:OrnateBuckler"],"picked":"hierophant:Mercenaries","floor":4.0},{"not_picked":["hierophant:Smite","hierophant:Doubloon"],"picked":"hierophant:Prophecy","floor":5.0},{"not_picked":["hierophant:Smite","hierophant:Charity"],"picked":"hierophant:Bribe","floor":10.0},{"not_picked":["hierophant:MorningPrayer","hierophant:Blessing"],"picked":"hierophant:LocustPlague","floor":11.0},{"not_picked":["hierophant:FaithHealing","hierophant:Doubloon"],"picked":"hierophant:Glossolalia","floor":12.0},{"not_picked":["hierophant:Determination","hierophant:LocustPlague"],"picked":"hierophant:BulkyChest","floor":16.0},{"not_picked":["hierophant:CoinFling","hierophant:MorningPrayer"],"picked":"hierophant:Embezzle","floor":18.0},{"not_picked":["hierophant:FieryStrike","hierophant:Zeal","hierophant:Refuge"],"picked":"SKIP","floor":22.0},{"not_picked":["hierophant:SealAway","hierophant:ThreeLashes"],"picked":"hierophant:Zeal+1","floor":24.0},{"not_picked":["hierophant:MorningPrayer","hierophant:Encroach","hierophant:DisplayOfPower"],"picked":"SKIP","floor":31.0},{"not_picked":["hierophant:Levitation","hierophant:Cornucopia"],"picked":"hierophant:LocustPlague","floor":33.0},{"not_picked":["hierophant:ThreeLashes","hierophant:SolarFlare"],"picked":"hierophant:FieryStrike+1","floor":35.0},{"not_picked":["hierophant:FaithHealing","hierophant:SolarFlare"],"picked":"hierophant:EyeForCoin","floor":36.0},{"not_picked":["hierophant:ThreeLashes","hierophant:RepressedViolence+1","hierophant:Encroach"],"picked":"SKIP","floor":37.0},{"not_picked":["hierophant:Racketeering+1","hierophant:FlamingChariot+1","hierophant:Glossolalia+1"],"picked":"SKIP","floor":38.0}],"player_experience":902701,"relics_obtained":[{"floor":9.0,"key":"Bottled Lightning"},{"floor":26.0,"key":"MealTicket"}],"event_choices":[{"damage_healed":18.0,"max_hp_gain":0.0,"max_hp_loss":0.0,"gold_gain":0.0,"event_name":"The Cleric","player_choice":"Healed","floor":3.0,"gold_loss":35.0,"damage_taken":0.0},{"damage_healed":25.0,"max_hp_gain":0.0,"max_hp_loss":0.0,"gold_gain":0.0,"event_name":"Big Fish","player_choice":"Banana","floor":7.0,"gold_loss":0.0,"damage_taken":0.0},{"damage_healed":0.0,"max_hp_gain":0.0,"max_hp_loss":0.0,"gold_gain":0.0,"event_name":"Shining Light","player_choice":"Entered Light","floor":14.0,"gold_loss":0.0,"damage_taken":15.0,"cards_upgraded":["hierophant:Defend_Hierophant","hierophant:Defend_Hierophant"]},{"damage_healed":0.0,"max_hp_gain":0.0,"max_hp_loss":0.0,"gold_gain":0.0,"event_name":"The Mausoleum","player_choice":"Opened","floor":19.0,"gold_loss":0.0,"damage_taken":0.0,"relics_obtained":["Nunchaku"],"cards_obtained":["Writhe"]},{"damage_healed":0.0,"max_hp_gain":0.0,"max_hp_loss":0.0,"gold_gain":250.0,"event_name":"The Joust","player_choice":"Bet on Owner","floor":21.0,"gold_loss":50.0,"damage_taken":0.0},{"damage_healed":0.0,"max_hp_gain":0.0,"max_hp_loss":0.0,"gold_gain":0.0,"event_name":"WeMeetAgain","player_choice":"Gave Potion","floor":30.0,"gold_loss":0.0,"damage_taken":0.0,"relics_obtained":["CeramicFish"]},{"damage_healed":0.0,"max_hp_gain":0.0,"max_hp_loss":0.0,"gold_gain":0.0,"event_name":"Lab","player_choice":"Got Potions","floor":39.0,"gold_loss":0.0,"damage_taken":0.0}],"is_beta":false,"boss_relics":[{"not_picked":["Fusion Hammer","Tiny House"],"picked":"Black Star"},{"not_picked":["Runic Dome","SlaversCollar"],"picked":"Empty Cage"}],"items_purged_floors":[2,20,28],"is_endless":false,"potions_floor_spawned":[1,4,10,22,33],"killed_by":"Reptomancer","ascension_level":0}}