{"host":"msmkw03x1o7nq45i","time":1610097778,"event":{"mods":["BaseMod","Bestiary","Colored Powertips","GifTheSpireLib","Highlight Path","Minty Spire (QoL Compilation)","Random Character Button","StSLib","everything is the same but u backflip on backflip"],"gold_per_floor":[117,42,53,53,8,8,40,40,40,40,53,80,97,116,116,218,218,232,34,50,50,30,57,68,94,163,163,174,31,31,61,61,157,157,167,167,183,202,214,214,247,262,262,288,288,305,322,336,336,336],"floor_reached":51,"playtime":3188,"items_purged":["Clumsy","Pain"],"score":1319,"play_id":"245daf4a-b218-4550-9fc1-a441ce3959f7","local_time":"20210108112258","is_ascension_mode":true,"campfire_choices":[{"data":"Beam Cell","floor":6,"key":"SMITH"},{"data":"Gash","floor":10,"key":"SMITH"},{"floor":15,"key":"REST"},{"data":"Seek","floor":27,"key":"SMITH"},{"data":"Hyperbeam","floor":30,"key":"SMITH"},{"data":"Steam Power","floor":32,"key":"SMITH"},{"data":"Reprogram","floor":40,"key":"SMITH"},{"data":"Reprogram","floor":49,"key":"SMITH"}],"circlet_count":0,"master_deck":["AscendersBane","Strike_B","Strike_B","Strike_B","Strike_B","Defend_B","Defend_B","Defend_B","Defend_B","Dualcast","Sweeping Beam+1","Gash","Beam Cell+1","Gash+1","Self Repair","Recycle","Go for the Eyes","Hologram","Gash","Hyperbeam+1","CurseOfTheBell","Steam Power+1","Dark Shackles","Gash+1","Seek+1","Turbo+1","Steam","Leap","All For One","Reprogram+1","Conserve Battery+1","Seek","Parasite","FTL","Stack","Scrape+1","Reprogram+1"],"relics":["Cracked Core","Gambling Chip","WarpedTongs","Dream Catcher","Sundial","Toy Ornithopter","Calling Bell","Bronze Scales","White Beast Statue","Incense Burner","MutagenicStrength","Bird Faced Urn","Akabeko","HornCleat","ClockworkSouvenir","Kunai","Cursed Key","Orichalcum","Turnip"],"acts_visited":["Exordium","TheCity","TheBeyond"],"potions_floor_usage":[12,16,16,23,23,25,28,33,33,41,42,44,50],"damage_taken":[{"damage":7,"enemies":"Jaw Worm","floor":1,"turns":5},{"damage":0,"enemies":"Cultist","floor":3,"turns":3},{"damage":13,"enemies":"Gremlin Nob","floor":7,"turns":3},{"damage":8,"enemies":"Small Slimes","floor":11,"turns":3},{"damage":28,"enemies":"3 Sentries","floor":12,"turns":4},{"damage":23,"enemies":"Exordium Thugs","floor":13,"turns":4},{"damage":11,"enemies":"Blue Slaver","floor":14,"turns":4},{"damage":5,"enemies":"Slime Boss","floor":16,"turns":5},{"damage":18,"enemies":"Shell Parasite","floor":18,"turns":4},{"damage":2,"enemies":"Chosen","floor":20,"turns":4},{"damage":19,"enemies":"Book of Stabbing","floor":23,"turns":3},{"damage":1,"enemies":"Centurion and Healer","floor":24,"turns":1},{"damage":13,"enemies":"Gremlin Leader","floor":25,"turns":5},{"damage":1,"enemies":"Chosen and Byrds","floor":28,"turns":5},{"damage":0,"enemies":"Slavers","floor":31,"turns":1},{"damage":55,"enemies":"Champ","floor":33,"turns":9},{"damage":0,"enemies":"3 Shapes","floor":35,"turns":2},{"damage":0,"enemies":"Orb Walker","floor":37,"turns":2},{"damage":0,"enemies":"Maw","floor":38,"turns":5},{"damage":3,"enemies":"Sphere and 2 Shapes","floor":39,"turns":4},{"damage":13,"enemies":"Giant Head","floor":41,"turns":4},{"damage":5,"enemies":"Writhing Mass","floor":42,"turns":5},{"damage":0,"enemies":"Reptomancer","floor":44,"turns":2},{"damage":0,"enemies":"Maw","floor":46,"turns":5},{"damage":0,"enemies":"Sphere and 2 Shapes","floor":47,"turns":1},{"damage":0,"enemies":"4 Shapes","floor":48,"turns":4},{"damage":59,"enemies":"Awakened One","floor":50,"turns":9}],"seed_played":"-3761094322806017403","potions_obtained":[{"floor":1,"key":"LiquidMemories"},{"floor":7,"key":"LiquidBronze"},{"floor":12,"key":"FairyPotion"},{"floor":14,"key":"CultistPotion"},{"floor":18,"key":"ColorlessPotion"},{"floor":20,"key":"LiquidMemories"},{"floor":22,"key":"AttackPotion"},{"floor":23,"key":"CultistPotion"},{"floor":24,"key":"Swift Potion"},{"floor":25,"key":"Strength Potion"},{"floor":28,"key":"DuplicationPotion"},{"floor":33,"key":"FairyPotion"},{"floor":35,"key":"Energy Potion"},{"floor":38,"key":"Regen Potion"},{"floor":41,"key":"ColorlessPotion"},{"floor":42,"key":"SkillPotion"},{"floor":44,"key":"ColorlessPotion"}],"is_trial":false,"path_per_floor":["M","$","M","?","$","R","E","?","T","R","M","E","M","M","R","B",null,"M","$","M","?","?","E","M","E","T","R","M","$","R","E","R","B",null,"M","?","M","M","M","R","E","M","T","E","?","M","M","M","R","B",null],"character_chosen":"DEFECT","items_purchased":["Beam Cell","Dark Shackles","ClockworkSouvenir"],"campfire_rested":1,"item_purchase_floors":[5,19,29],"current_hp_per_floor":[61,61,61,61,61,61,48,48,48,48,40,12,18,7,29,34,65,47,47,52,52,52,50,49,50,50,50,63,63,63,63,63,30,64,64,64,73,75,72,72,75,70,70,75,75,75,75,75,75,28],"gold":336,"neow_bonus":"ONE_RARE_RELIC","is_daily":false,"chose_seed":false,"campfire_upgraded":7,"win_rate":0.0,"timestamp":1610097778,"path_taken":["M","$","M","?","?","R","E","?","T","R","M","E","M","M","R","BOSS","M","$","M","?","?","E","M","E","T","R","M","$","R","E","R","BOSS","M","?","M","M","?","R","E","M","T","E","?","?","M","M","R","BOSS"],"items_purchased_type":["Card","Card","Relic"],"build_version":"2020-12-22","purchased_purges":2,"victory":true,"max_hp_per_floor":[75,75,75,75,75,75,75,75,75,75,75,75,75,75,75,75,75,75,75,75,75,75,75,75,75,75,75,75,75,75,75,75,75,75,75,75,75,75,75,75,75,75,75,75,75,75,75,75,75,75],"card_choices":[{"not_picked":["Conserve Battery","Beam Cell"],"picked":"Sweeping Beam","floor":1},{"not_picked":["Leap","Steam"],"picked":"Gash","floor":3},{"not_picked":["Reinforced Body","Hello World"],"picked":"Gash","floor":7},{"not_picked":["Streamline","Blizzard"],"picked":"Self Repair","floor":11},{"not_picked":["Turbo","Ball Lightning"],"picked":"Recycle","floor":12},{"not_picked":["Darkness","Recycle"],"picked":"Go for the Eyes","floor":13},{"not_picked":["Storm","Hello World"],"picked":"Hologram","floor":14},{"not_picked":["Storm","Conserve Battery"],"picked":"Gash","floor":15},{"not_picked":["Meteor Strike","Creative AI"],"picked":"Hyperbeam","floor":16},{"not_picked":["Undo","Sweeping Beam"],"picked":"Steam Power","floor":18},{"not_picked":["Storm","Sweeping Beam+1"],"picked":"Gash+1","floor":20},{"not_picked":["Stack+1","Steam"],"picked":"Seek","floor":23},{"not_picked":["Darkness","Scrape"],"picked":"Turbo+1","floor":24},{"not_picked":["Go for the Eyes","Reinforced Body"],"picked":"Steam","floor":25},{"not_picked":["Tempest","Chaos","Coolheaded+1"],"picked":"SKIP","floor":28},{"not_picked":["Coolheaded","Heatsinks"],"picked":"Leap","floor":31},{"not_picked":["Machine Learning","Buffer"],"picked":"All For One","floor":33},{"not_picked":["Darkness","Beam Cell+1"],"picked":"Reprogram","floor":35},{"not_picked":["Glacier+1","Fusion+1","Redo"],"picked":"SKIP","floor":37},{"not_picked":["Coolheaded","Beam Cell+1","Ball Lightning+1"],"picked":"SKIP","floor":38},{"not_picked":["Beam Cell","Compile Driver"],"picked":"Conserve Battery+1","floor":39},{"not_picked":["Conserve Battery","Go for the Eyes+1"],"picked":"Seek","floor":41},{"not_picked":["Turbo","Streamline+1"],"picked":"FTL","floor":42},{"not_picked":["Barrage","Streamline+1","Rebound+1"],"picked":"SKIP","floor":44},{"not_picked":["Stack","Tempest+1"],"picked":"Scrape+1","floor":46},{"not_picked":["Buffer","Coolheaded"],"picked":"Reprogram","floor":47},{"not_picked":["Auto Shields","Streamline","Stack+1"],"picked":"SKIP","floor":48}],"player_experience":359677,"relics_obtained":[{"floor":7,"key":"Dream Catcher"},{"floor":9,"key":"Sundial"},{"floor":12,"key":"Toy Ornithopter"},{"floor":17,"key":"Bronze Scales"},{"floor":17,"key":"White Beast Statue"},{"floor":17,"key":"Incense Burner"},{"floor":23,"key":"Bird Faced Urn"},{"floor":25,"key":"Akabeko"},{"floor":26,"key":"HornCleat"},{"floor":31,"key":"Kunai"},{"floor":41,"key":"Orichalcum"},{"floor":44,"key":"Turnip"}],"event_choices":[{"damage_healed":0,"gold_gain":0,"player_choice":"Rummage","damage_taken":0,"relics_obtained":["WarpedTongs"],"max_hp_gain":0,"max_hp_loss":0,"event_name":"Accursed Blacksmith","floor":4,"gold_loss":0,"cards_obtained":["Pain"]},{"damage_healed":0,"gold_gain":0,"player_choice":"Upgraded","damage_taken":0,"max_hp_gain":0,"max_hp_loss":0,"event_name":"Upgrade Shrine","floor":8,"gold_loss":0,"cards_upgraded":["Sweeping Beam"]},{"damage_healed":0,"gold_gain":0,"player_choice":"Inject Mutagens","damage_taken":0,"relics_obtained":["MutagenicStrength"],"max_hp_gain":0,"max_hp_loss":0,"event_name":"Drug Dealer","floor":21,"gold_loss":0},{"damage_healed":0,"gold_gain":0,"player_choice":"Bought 1 Potion","damage_taken":0,"max_hp_gain":0,"max_hp_loss":0,"event_name":"The Woman in Blue","floor":22,"gold_loss":0},{"cards_removed":["Zap"],"damage_healed":0,"gold_gain":0,"player_choice":"Purged","damage_taken":0,"max_hp_gain":0,"max_hp_loss":0,"event_name":"Purifier","floor":36,"gold_loss":0},{"damage_healed":0,"gold_gain":0,"player_choice":"1 cards matched","damage_taken":0,"max_hp_gain":0,"max_hp_loss":0,"event_name":"Match and Keep!","floor":45,"gold_loss":0,"cards_obtained":["Stack"]}],"is_beta":false,"boss_relics":[{"not_picked":["Black Star","Fusion Hammer"],"picked":"Calling Bell"},{"not_picked":["Runic Dome","Velvet Choker"],"picked":"Cursed Key"}],"items_purged_floors":[2,19],"is_endless":false,"potions_floor_spawned":[1,7,12,14,18,20,23,24,25,28,31,33,35,37,38,39,41,42,44,46,47,48],"ascension_level":10}}