{"host":"crjmoxe2wwb87pm5","time":1610079342,"event":{"mods":["BaseMod","Colored Map","GifTheSpireLib","Infinite Spire","Minty Spire (QoL Compilation)","Replay The Spire","StSLib"],"gold_per_floor":[113,128,128,128,128,163,163,163,231,231,2,18,18,32,32,129,129,148,135,135,135,153,153,26,26,26,26,26,39,67,86,86,184,184,201,288,301,301,301],"floor_reached":38,"playtime":2616,"items_purged":["Defend_R"],"score":544,"play_id":"5ad434bf-8cdc-4977-8311-ed4e17ae6d9c","local_time":"20210107231542","is_ascension_mode":false,"campfire_choices":[{"floor":8,"key":"REST"},{"data":"Armaments","floor":10,"key":"SMITH"},{"data":"Strike_R","floor":15,"key":"PURGE"},{"data":"Combust","floor":23,"key":"SMITH"},{"data":"Armaments","floor":25,"key":"SMITH"},{"data":"Armaments","floor":27,"key":"SMITH"},{"floor":32,"key":"REST"}],"circlet_count":0,"master_deck":["Strike_R","Strike_R","Strike_R","Defend_R","Defend_R","Defend_R","Bash","Armaments+1","Disarm","Combust+1","Metallicize","Armaments+1","Limit Break","ReplayTheSpireMod:Strike From Hell","Shrug It Off+1","Armaments+1","Flex","Burning Pact+1","Thunderclap","Flex","Juggernaut","Body Slam","Warcry","Dual Wield","Headbutt+1"],"relics":["Burning Blood","infinitespire:Golems Mask","ReplayFunnel","Magic Flower","Matryoshka","Bag of Preparation","Sozu","Omamori","Ornamental Fan","PreservedInsect"],"acts_visited":["Exordium","TheCity","TheBeyond"],"potions_floor_usage":[16,16],"damage_taken":[{"damage":8,"enemies":"2 Louse","floor":1,"turns":3},{"damage":1,"enemies":"Jaw Worm","floor":2,"turns":5},{"damage":28,"enemies":"Gremlin Nob","floor":6,"turns":5},{"damage":5,"enemies":"Cultist","floor":12,"turns":5},{"damage":10,"enemies":"Exordium Wildlife","floor":14,"turns":5},{"damage":29,"enemies":"Hexaghost","floor":16,"turns":12},{"damage":29,"enemies":"Spheric Guardian","floor":18,"turns":6},{"damage":20,"enemies":"2 Thieves","floor":19,"turns":4},{"damage":12,"enemies":"Snake Plant","floor":21,"turns":6},{"damage":14,"enemies":"Centurion and Healer","floor":22,"turns":9},{"damage":12,"enemies":"Sentry and Sphere","floor":29,"turns":7},{"damage":41,"enemies":"Gremlin Leader","floor":30,"turns":7},{"damage":8,"enemies":"Snake Plant","floor":31,"turns":5},{"damage":71,"enemies":"Pondfish","floor":33,"turns":12},{"damage":25,"enemies":"3 Shapes","floor":35,"turns":5},{"damage":6,"enemies":"Orb Walker","floor":37,"turns":4},{"damage":29,"enemies":"Sphere and 2 Shapes","floor":38,"turns":3}],"seed_played":"-2416458536261141847","potions_obtained":[{"floor":2,"key":"SkillPotion"},{"floor":6,"key":"Block Potion"}],"is_trial":false,"path_per_floor":["M","M","?","?","?","E","T","R","T","R","$","M","T","M","R_BF","B",null,"M","M","?","M","M","R","$","R","T","R","?","M","E","M","R","B",null,"M","?","M","M"],"character_chosen":"IRONCLAD","items_purchased":["Metallicize","Bag of Preparation","Flex"],"campfire_rested":2,"item_purchase_floors":[11,11,24],"current_hp_per_floor":[86,88,81,74,74,52,52,78,78,78,78,82,82,81,81,61,88,68,57,88,85,80,80,80,80,80,80,80,77,45,46,72,10,88,72,37,40,11,11],"gold":301,"neow_bonus":"TEN_PERCENT_HP_BONUS","is_daily":false,"chose_seed":false,"campfire_upgraded":4,"win_rate":0.0,"timestamp":1610079342,"path_taken":["M","M","?","?","?","E","?","R","T","R","$","?","?","M","R_BF","BOSS","M","M","?","M","?","R","?","R","T","R","?","M","E","M","R","BOSS","M","?","M","M"],"items_purchased_type":["Card","Relic","Card"],"build_version":"2020-12-22","purchased_purges":1,"victory":false,"max_hp_per_floor":[88,88,88,88,88,88,88,88,88,88,88,88,88,88,88,88,88,88,88,88,88,88,88,88,88,88,88,88,88,88,88,88,88,88,88,88,88,88,88],"card_choices":[{"not_picked":["Replay:Undeath\u0027s Touch","True Grit"],"picked":"Armaments","floor":1},{"not_picked":["Run Through","Searing Blow"],"picked":"Disarm","floor":2},{"not_picked":["Flex","Clothesline"],"picked":"Combust","floor":6},{"not_picked":["Fire Breathing","Clash","Headbutt"],"picked":"SKIP","floor":12},{"not_picked":["Sever Soul","Sword Boomerang"],"picked":"Armaments","floor":14},{"not_picked":["Offering","Feed"],"picked":"Limit Break","floor":16},{"not_picked":["Perfected Strike","Havoc"],"picked":"ReplayTheSpireMod:Strike From Hell","floor":18},{"not_picked":["Sentinel","Reckless Charge"],"picked":"Shrug It Off+1","floor":19},{"not_picked":["True Grit","Thunderclap","Heavy Blade"],"picked":"SKIP","floor":21},{"not_picked":["Sword Boomerang+1","Perfected Strike+1"],"picked":"Armaments","floor":22},{"not_picked":["Inflame","Clothesline+1"],"picked":"Burning Pact+1","floor":29},{"not_picked":["Brutality","Whirlwind+1"],"picked":"Thunderclap","floor":30},{"not_picked":["Headbutt","Twin Strike"],"picked":"Flex","floor":31},{"not_picked":["Offering","Exhume"],"picked":"Juggernaut","floor":33},{"not_picked":["Replay:Undeath\u0027s Touch","Pommel Strike"],"picked":"Body Slam","floor":35},{"not_picked":["Havoc+1","Perfected Strike+1"],"picked":"Warcry","floor":36},{"not_picked":["ReplayTheSpireMod:Strike From Hell+1","Warcry"],"picked":"Dual Wield","floor":36},{"not_picked":["Havoc","Flex"],"picked":"Headbutt+1","floor":37}],"player_experience":124837,"relics_obtained":[{"floor":6,"key":"ReplayFunnel"},{"floor":7,"key":"Magic Flower"},{"floor":9,"key":"Matryoshka"},{"floor":26,"key":"Omamori"},{"floor":26,"key":"Ornamental Fan"},{"floor":30,"key":"PreservedInsect"}],"event_choices":[{"damage_healed":0,"gold_gain":0,"player_choice":"Success","damage_taken":7,"relics_obtained":["infinitespire:Golems Mask"],"max_hp_gain":0,"max_hp_loss":0,"event_name":"Scrap Ooze","floor":3,"gold_loss":0},{"cards_removed":["Strike_R"],"damage_healed":0,"gold_gain":0,"player_choice":"Card Removal","damage_taken":7,"max_hp_gain":0,"max_hp_loss":0,"event_name":"Golden Wing","floor":4,"gold_loss":0},{"damage_healed":31,"gold_gain":0,"player_choice":"Full Heal","damage_taken":0,"max_hp_gain":0,"max_hp_loss":0,"event_name":"Wheel of Change","floor":20,"gold_loss":0},{"damage_healed":0,"gold_gain":0,"player_choice":"Ignored","damage_taken":0,"max_hp_gain":0,"max_hp_loss":0,"event_name":"Ghosts","floor":28,"gold_loss":0}],"is_beta":false,"boss_relics":[{"not_picked":["Replay:Wanted Poster","Ring of Chaos"],"picked":"Sozu"},{"not_picked":["Cursed Key","infinitespire:Cupcake","Honey Jar"]}],"items_purged_floors":[24],"is_endless":false,"potions_floor_spawned":[2,6,22,29,30,31,35],"killed_by":"Sphere and 2 Shapes","ascension_level":0}}