{"host":"tcdxiwht2vajk3tk","time":1610077842,"event":{"mods":["AchievementEnabler","BaseMod","Beaked The Cultist","Conspire","Defuse TimeMaze Blight","Downfall","Halation","Hermit","Hubris","Infinite Spire","Lobotomy","Minty Spire (QoL Compilation)","Replay The Spire","Shop Mod","StSLib","The Cursed","The Disciple","vexMod"],"gold_per_floor":[118,43,57,57,70,70,101,101,101,101,101],"floor_reached":10,"playtime":1043,"items_purged":[],"score":86,"play_id":"769d82df-6da7-450f-9c8f-da6e9dc673d8","local_time":"20210107225042","is_ascension_mode":true,"campfire_choices":[{"floor":6.0,"key":"REST"}],"circlet_count":0,"master_deck":["beaked:Strike_Y","beaked:Strike_Y","beaked:Strike_Y","beaked:Strike_Y","beaked:Strike_Y","beaked:Strike_Y","beaked:Defend_Y","beaked:Defend_Y","beaked:Defend_Y","beaked:Defend_Y","beaked:Ceremony","beaked:Ceremony","beaked:Ceremony","Alriune","beaked:MaddeningMurmurs","beaked:BloodRitual","BigBird","beaked:MimicMachine","PunishingBird","beaked:FeelMyPain","SpiderBud","beaked:BraceForImpact"],"relics":["beaked:MendingPlumage","CogitoBucket","vexMod:ScavengeHelm","halation:Trompette","Golden Idol","InkBottle"],"acts_visited":["Exordium"],"potions_floor_usage":[],"damage_taken":[{"damage":1.0,"enemies":"conspire:RoseBush","floor":1.0,"turns":7.0},{"damage":19.0,"enemies":"Small Slimes","floor":3.0,"turns":4.0},{"damage":38.0,"enemies":"Cultist","floor":5.0,"turns":6.0},{"damage":44.0,"enemies":"Lagavulin","floor":7.0,"turns":5.0},{"damage":17,"enemies":"Gremlin Nob","floor":10,"turns":2}],"seed_played":"8781703880558519625","potions_obtained":[{"floor":3.0,"key":"Regen Potion"},{"floor":5.0,"key":"SkillPotion"}],"is_trial":false,"path_per_floor":["M","$","M","?","M","R","E","?","T","E"],"character_chosen":"BEAKED_THE_CULTIST","items_purchased":["beaked:BloodRitual"],"campfire_rested":1,"item_purchase_floors":[2],"current_hp_per_floor":[50,50,39,39,21,36,19,7,7,0,0],"gold":101,"neow_bonus":"","is_daily":false,"chose_seed":false,"campfire_upgraded":0,"win_rate":0.0,"timestamp":1610077842,"path_taken":["M","$","M","?","M","R","E","?","T","E"],"items_purchased_type":["Card"],"build_version":"2020-12-22","purchased_purges":0,"victory":false,"max_hp_per_floor":[50,50,50,50,50,50,50,50,50,50,50],"card_choices":[{"not_picked":["WallGazer","MHz"],"picked":"Alriune","floor":1.0},{"not_picked":["beaked:Redirect","beaked:Flinch"],"picked":"beaked:MaddeningMurmurs","floor":1.0},{"not_picked":["MHz","BigBadWolf"],"picked":"BigBird","floor":3.0},{"not_picked":["beaked:Replenish","beaked:Daydream"],"picked":"beaked:MimicMachine","floor":3.0},{"not_picked":["GreedKing","WallGazer"],"picked":"PunishingBird","floor":5.0},{"not_picked":["beaked:Resilience","beaked:SurvivalInstinct"],"picked":"beaked:FeelMyPain","floor":5.0},{"not_picked":["MHz","MeatLantern"],"picked":"SpiderBud","floor":7.0},{"not_picked":["ReplayTheSpireMod:Prepare the Ceremony","beaked:SurvivalInstinct"],"picked":"beaked:BraceForImpact","floor":7.0}],"player_experience":1513902,"relics_obtained":[{"floor":4.0,"key":"vexMod:ScavengeHelm"},{"floor":7.0,"key":"halation:Trompette"},{"floor":9.0,"key":"InkBottle"}],"event_choices":[{"damage_healed":0.0,"max_hp_gain":0.0,"max_hp_loss":0.0,"gold_gain":0.0,"event_name":"Golden Idol","player_choice":"Take Damage","floor":8.0,"gold_loss":0.0,"damage_taken":12.0,"relics_obtained":["Golden Idol"]}],"is_beta":false,"boss_relics":[],"items_purged_floors":[],"is_endless":false,"potions_floor_spawned":[3,5],"killed_by":"Gremlin Nob","ascension_level":6}}