{"host":"36mulxq349byzoa2","time":1610118140,"event":{"mods":["AchievementEnabler","BaseMod","Better Match","Block Reminder","Colored Map","Colored Powertips","Minty Spire (QoL Compilation)","Rare Cards Sparkle","StSLib","SuperFastMode"],"gold_per_floor":[110,125,125,175,195,220,233,233,257,275,299,20,39,39,39],"floor_reached":14,"playtime":303,"items_purged":[],"score":179,"play_id":"3e6f70a5-7d1d-4891-8b5d-72986466edb9","local_time":"20210108100220","is_ascension_mode":true,"campfire_choices":[{"floor":8,"key":"REST"}],"circlet_count":0,"master_deck":["AscendersBane","Strike_G","Strike_G","Strike_G","Strike_G","Strike_G","Defend_G","Defend_G","Defend_G","Defend_G","Defend_G","Survivor","Neutralize+1","Choke+1","Deadly Poison","Underhanded Strike","Backstab","Deadly Poison","Envenom"],"relics":["Ring of the Snake","NeowsBlessing","Omamori","Bronze Scales","Whetstone","Mummified Hand"],"acts_visited":["Exordium"],"potions_floor_usage":[6,14],"damage_taken":[{"damage":0,"enemies":"Jaw Worm","floor":1,"turns":1},{"damage":0,"enemies":"Small Slimes","floor":2,"turns":1},{"damage":0,"enemies":"Cultist","floor":5,"turns":1},{"damage":38,"enemies":"Lagavulin","floor":6,"turns":8},{"damage":12,"enemies":"Exordium Wildlife","floor":7,"turns":4},{"damage":5,"enemies":"Gremlin Gang","floor":10,"turns":4},{"damage":7,"enemies":"Exordium Thugs","floor":13,"turns":4},{"damage":10,"enemies":"3 Sentries","floor":14,"turns":5}],"seed_played":"8099597015163843663","potions_obtained":[{"floor":1,"key":"DuplicationPotion"},{"floor":2,"key":"DuplicationPotion"},{"floor":7,"key":"SteroidPotion"}],"is_trial":false,"path_per_floor":["M","M","?","?","M","E","M","R","T","M","T","$","M","E"],"character_chosen":"THE_SILENT","items_purchased":["Mummified Hand"],"campfire_rested":1,"item_purchase_floors":[12],"current_hp_per_floor":[59,59,59,59,59,21,9,28,28,23,23,23,16,6,6],"gold":39,"neow_bonus":"THREE_ENEMY_KILL","is_daily":false,"chose_seed":false,"campfire_upgraded":0,"win_rate":0.0,"timestamp":1610118140,"path_taken":["M","M","?","?","M","E","?","R","T","M","?","$","?","E"],"items_purchased_type":["Relic"],"build_version":"2020-12-22","purchased_purges":0,"victory":false,"max_hp_per_floor":[66,66,66,66,66,66,66,66,66,66,66,66,66,66,66],"card_choices":[{"not_picked":["Quick Slash","Flying Knee"],"picked":"Choke","floor":1},{"not_picked":["Tactician","Sucker Punch"],"picked":"Deadly Poison","floor":2},{"not_picked":["Acrobatics","Dagger Throw"],"picked":"Underhanded Strike","floor":5},{"not_picked":["Cloak And Dagger","Prepared"],"picked":"Backstab","floor":6},{"not_picked":["Underhanded Strike","Terror"],"picked":"Deadly Poison","floor":7},{"not_picked":["Endless Agony","Distraction","Cloak And Dagger"],"picked":"SKIP","floor":10},{"not_picked":["Calculated Gamble","Prepared"],"picked":"Envenom","floor":13}],"player_experience":1020016,"relics_obtained":[{"floor":6,"key":"Omamori"},{"floor":9,"key":"Bronze Scales"},{"floor":11,"key":"Whetstone"}],"event_choices":[{"damage_healed":0,"gold_gain":0,"player_choice":"Ignored","damage_taken":0,"max_hp_gain":0,"max_hp_loss":0,"event_name":"Liars Game","floor":3,"gold_loss":0},{"damage_healed":0,"gold_gain":50,"player_choice":"Pray","damage_taken":0,"max_hp_gain":0,"max_hp_loss":0,"event_name":"Golden Shrine","floor":4,"gold_loss":0}],"is_beta":false,"boss_relics":[],"items_purged_floors":[],"is_endless":false,"potions_floor_spawned":[1,2,7,13],"killed_by":"3 Sentries","ascension_level":19}}