{"host":"8fuipfsvjht9cgcs","time":1610064342,"event":{"mods":["AchievementEnabler","BaseMod","Colored Map","Colored Powertips","Minty Spire (QoL Compilation)","Replay The Spire","StSLib","SuperFastMode","The Gatherer"],"gold_per_floor":[118,118,41,57,57,90,90,90,90,104,104,104,104,119,44,65,65,190,190,206,106,119,144,165,165,190,233,233,233,254,281,318,318,318,442,442,459,334,370,42,72,72,72,72],"floor_reached":43,"playtime":2597,"items_purged":["Strike_R","Strike_R","Defend_R","Strike_R"],"score":930,"play_id":"5fe11f26-8334-447c-a295-6422ad57fc0a","local_time":"20210108130542","is_ascension_mode":true,"campfire_choices":[{"data":"Feel No Pain","floor":7.0,"key":"SMITH"},{"data":"Abandon","floor":11.0,"key":"SMITH"},{"data":"Dark Embrace","floor":17.0,"key":"SMITH"},{"data":"Barricade","floor":25.0,"key":"SMITH"},{"floor":34.0,"key":"REST"},{"data":"Apotheosis","floor":42.0,"key":"SMITH"}],"circlet_count":0,"master_deck":["AscendersBane","Strike_R","Defend_R","Defend_R","Bash","Spot Weakness","Abandon+1","Feel No Pain+1","Demon Form","Power Through","Fire Breathing","Burning Pact","Dark Embrace+1","Metallicize","Barricade+1","Body Slam+1","Evolve","Heavy Blade+1","True Grit+1","Offering","Fiend Fire","Bloodletting+1","Apotheosis+1","Entrench+1"],"relics":["Burning Blood","Orichalcum","Golden Idol","Art of War","Runic Pyramid","Replay:Bandana","Bottled Tornado","Anchor","Happy Flower","Cursed Key","Membership Card"],"acts_visited":["Exordium","TheCity","TheBeyond"],"potions_floor_usage":[],"damage_taken":[{"damage":20.0,"enemies":"2 Louse","floor":1.0,"turns":6.0},{"damage":1.0,"enemies":"Cultist","floor":4.0,"turns":5.0},{"damage":28.0,"enemies":"Gremlin Nob","floor":6.0,"turns":5.0},{"damage":3.0,"enemies":"Small Slimes","floor":10.0,"turns":4.0},{"damage":0.0,"enemies":"Exordium Wildlife","floor":14.0,"turns":4.0},{"damage":7.0,"enemies":"Large Slime","floor":16.0,"turns":5.0},{"damage":8.0,"enemies":"Slime Boss","floor":18.0,"turns":8.0},{"damage":2.0,"enemies":"Chosen","floor":20.0,"turns":7.0},{"damage":12.0,"enemies":"Shell Parasite","floor":22.0,"turns":5.0},{"damage":3.0,"enemies":"Cultist and Chosen","floor":23.0,"turns":4.0},{"damage":23.0,"enemies":"Snake Plant","floor":24.0,"turns":7.0},{"damage":11.0,"enemies":"Centurion and Healer","floor":26.0,"turns":7.0},{"damage":9.0,"enemies":"Replay:Snechameleon","floor":27.0,"turns":6.0},{"damage":2.0,"enemies":"Shelled Parasite and Fungi","floor":30.0,"turns":5.0},{"damage":14.0,"enemies":"Snecko","floor":31.0,"turns":7.0},{"damage":21.0,"enemies":"Gremlin Leader","floor":32.0,"turns":5.0},{"damage":15.0,"enemies":"Pondfish","floor":35.0,"turns":8.0},{"damage":14.0,"enemies":"3 Darklings","floor":37.0,"turns":4.0},{"damage":0.0,"enemies":"Orb Walker","floor":39.0,"turns":4.0},{"damage":9.0,"enemies":"Writhing Mass","floor":41.0,"turns":3.0},{"damage":59,"enemies":"Reptomancer","floor":43,"turns":2}],"seed_played":"-8445104074465361916","potions_obtained":[{"floor":1.0,"key":"Block Potion"},{"floor":10.0,"key":"Languid Potion"},{"floor":14.0,"key":"LiquidMemories"},{"floor":20.0,"key":"Swift Potion"},{"floor":22.0,"key":"Elixir"},{"floor":23.0,"key":"Weak Potion"}],"is_trial":false,"path_per_floor":["M","?","$","M","$","E","R","?","T","M","R","PTL","PTL","M","$","M","R_BF","B",null,"M","$","M","M","M","R","M","E","T","?","M","M","E","?","R","B",null,"M","$","M","$","M","R","E"],"character_chosen":"IRONCLAD","items_purchased":["Fire Breathing","Membership Card","Apotheosis"],"campfire_rested":1,"item_purchase_floors":[3,40,40],"current_hp_per_floor":[37,37,37,42,42,20,20,20,20,23,23,23,23,29,29,28,28,26,62,66,66,60,63,46,46,41,38,38,38,42,34,19,19,41,32,64,56,56,62,62,59,59,0,0],"gold":72,"neow_bonus":"TRANSFORM_TWO_CARDS","is_daily":false,"chose_seed":false,"campfire_upgraded":5,"win_rate":0.0,"timestamp":1610064342,"path_taken":["M","?","$","?","?","E","R","?","T","M","R","PTL","PTL","M","$","M","R_BF","BOSS","M","$","M","M","M","R","M","E","T","?","M","M","E","?","R","BOSS","M","$","?","$","M","R","E"],"items_purchased_type":["Card","Relic","Card"],"build_version":"2020-12-22","purchased_purges":4,"victory":false,"max_hp_per_floor":[80,80,80,80,80,80,80,74,74,74,74,74,74,74,74,74,74,74,74,74,74,74,74,74,74,74,74,74,74,74,74,74,74,74,74,74,74,74,74,74,74,74,74,74],"card_choices":[{"not_picked":["Sentinel","Pommel Strike"],"picked":"Feel No Pain","floor":1.0},{"not_picked":["Clash","Clothesline","Wild Strike"],"picked":"SKIP","floor":4.0},{"not_picked":["Massacre","Shrug It Off"],"picked":"Burning Pact","floor":6.0},{"not_picked":["Inflame","Iron Wave","Clothesline"],"picked":"SKIP","floor":10.0},{"not_picked":["Abandon","Pummel"],"picked":"Dark Embrace","floor":14.0},{"not_picked":["Run Through","Pommel Strike"],"picked":"Metallicize","floor":16.0},{"not_picked":["Corruption","Fiend Fire"],"picked":"Barricade","floor":18.0},{"not_picked":["Iron Wave+1","Heavy Blade+1"],"picked":"Body Slam+1","floor":20.0},{"not_picked":["Inflame","Metallicize","Replay:Undeath\u0027s Touch"],"picked":"SKIP","floor":22.0},{"not_picked":["Iron Wave","Warcry"],"picked":"Evolve","floor":23.0},{"not_picked":["Disarm+1","Wild Strike","Cleave"],"picked":"SKIP","floor":24.0},{"not_picked":["Iron Wave","ReplayTheSpireMod:Stacked","Carnage"],"picked":"SKIP","floor":26.0},{"not_picked":["Run Through","Warcry+1"],"picked":"Heavy Blade","floor":27.0},{"not_picked":["Abandon","Burning Pact"],"picked":"True Grit+1","floor":30.0},{"not_picked":["ReplayTheSpireMod:LeadingStrike+1","Havoc"],"picked":"Offering","floor":31.0},{"not_picked":["Armaments","Shrug It Off","Pommel Strike+1"],"picked":"SKIP","floor":32.0},{"not_picked":["Armaments","Shrug It Off","Pommel Strike+1"],"picked":"SKIP","floor":32.0},{"not_picked":["Bludgeon","Offering"],"picked":"Fiend Fire","floor":35.0},{"not_picked":["ReplayTheSpireMod:Muscle Training+1","Replay:Undeath\u0027s Touch+1","Warcry+1"],"picked":"SKIP","floor":37.0},{"not_picked":["Dropkick+1","True Grit"],"picked":"Bloodletting+1","floor":39.0},{"not_picked":["Thunderclap+1","Wild Strike"],"picked":"Entrench+1","floor":41.0}],"player_experience":356288,"relics_obtained":[{"floor":6.0,"key":"Orichalcum"},{"floor":9.0,"key":"Art of War"},{"floor":27.0,"key":"Replay:Bandana"},{"floor":28.0,"key":"Bottled Tornado"},{"floor":32.0,"key":"Happy Flower"}],"event_choices":[{"damage_healed":0.0,"max_hp_gain":0.0,"max_hp_loss":0.0,"gold_gain":0.0,"event_name":"Match and Keep!","player_choice":"2 cards matched","floor":2.0,"gold_loss":0.0,"damage_taken":0.0,"cards_obtained":["Demon Form","Power Through"]},{"damage_healed":0.0,"max_hp_gain":0.0,"max_hp_loss":6.0,"gold_gain":0.0,"event_name":"Golden Idol","player_choice":"Lose Max HP","floor":8.0,"gold_loss":0.0,"damage_taken":0.0,"relics_obtained":["Golden Idol"]},{"damage_healed":0.0,"max_hp_gain":0.0,"max_hp_loss":0.0,"gold_gain":0.0,"event_name":"The Mausoleum","player_choice":"Opened","floor":29.0,"gold_loss":0.0,"damage_taken":0.0,"relics_obtained":["Anchor"]},{"damage_healed":0.0,"max_hp_gain":0.0,"max_hp_loss":0.0,"gold_gain":0.0,"event_name":"Upgrade Shrine","player_choice":"Upgraded","floor":33.0,"gold_loss":0.0,"damage_taken":0.0,"cards_upgraded":["Heavy Blade"]}],"is_beta":false,"boss_relics":[{"not_picked":["Ring of Chaos","Honey Jar"],"picked":"Runic Pyramid"},{"not_picked":["Abe\u0027s Treasure","ReplayTheSpireMod:DimensionalGlitch"],"picked":"Cursed Key"}],"items_purged_floors":[15,21,38,40],"is_endless":false,"potions_floor_spawned":[1,10,14,20,22,23],"killed_by":"Reptomancer","ascension_level":10}}