{"host":"r53pw7z744tg3fxg","time":1610116279,"event":{"mods":["AchievementEnabler","BaseMod","Colored Map","Colored Powertips","Highlight Path","Minty Spire (QoL Compilation)","Quick Restart","Transform Curses"],"gold_per_floor":[111,111,186,199,210,245,0,0,47,47,73,73,86,33,33,33,33],"floor_reached":16,"playtime":398,"items_purged":[],"score":167,"play_id":"1b5a6676-e3ee-45d1-b9df-342a534a330a","local_time":"20210108073119","is_ascension_mode":true,"campfire_choices":[{"floor":12,"key":"REST"},{"floor":15,"key":"REST"}],"circlet_count":0,"master_deck":["AscendersBane","Strike_P","Strike_P","Strike_P","Strike_P","Defend_P","Defend_P","Defend_P","Defend_P","Eruption","Vigilance","Sanctity","BowlingBash","InnerPeace","Consecrate","Prostrate+1","PathToVictory+1"],"relics":["PureWater","NeowsBlessing","Smiling Mask","Toxic Egg 2","Peace Pipe","Happy Flower","StrikeDummy","Mercury Hourglass"],"acts_visited":["Exordium"],"potions_floor_usage":[11],"damage_taken":[{"damage":0.0,"enemies":"Jaw Worm","floor":1.0,"turns":1.0},{"damage":0.0,"enemies":"2 Louse","floor":4.0,"turns":1.0},{"damage":0.0,"enemies":"Cultist","floor":5.0,"turns":1.0},{"damage":38.0,"enemies":"Gremlin Nob","floor":6.0,"turns":5.0},{"damage":11,"enemies":"3 Sentries","floor":11,"turns":8},{"damage":4,"enemies":"3 Louse","floor":13,"turns":3},{"damage":55,"enemies":"Slime Boss","floor":16,"turns":9}],"seed_played":"2721398357972428990","potions_obtained":[{"floor":1.0,"key":"AttackPotion"},{"floor":6.0,"key":"CultistPotion"}],"is_trial":false,"path_per_floor":["M","?","?","M","M","E","$","?","T","T","E","R","M","$","R","B"],"character_chosen":"WATCHER","items_purchased":["Toxic Egg 2","PathToVictory+1"],"campfire_rested":2,"item_purchase_floors":[7,14],"current_hp_per_floor":[65,65,54,54,54,16,16,13,13,13,2,23,19,19,40,0,0],"gold":33,"neow_bonus":"THREE_ENEMY_KILL","is_daily":false,"chose_seed":false,"campfire_upgraded":0,"win_rate":0.0,"timestamp":1610116279,"path_taken":["M","?","?","M","?","E","?","?","T","?","E","R","?","$","R","BOSS"],"items_purchased_type":["Relic","Card"],"build_version":"2020-12-22","purchased_purges":0,"victory":false,"max_hp_per_floor":[72,72,72,72,72,72,72,72,72,72,72,72,72,72,72,72,72],"card_choices":[{"not_picked":["Tantrum","FollowUp"],"picked":"Sanctity","floor":1.0},{"not_picked":["Wireheading","Consecrate"],"picked":"BowlingBash","floor":4.0},{"not_picked":["CrushJoints","ThirdEye"],"picked":"InnerPeace","floor":5.0},{"not_picked":["BowlingBash","JustLucky","EmptyMind"],"picked":"SKIP","floor":6.0},{"not_picked":["JustLucky","SandsOfTime"],"picked":"Consecrate","floor":11},{"not_picked":["SashWhip","ThirdEye+1"],"picked":"Prostrate+1","floor":13}],"player_experience":1213642,"relics_obtained":[{"floor":6.0,"key":"Smiling Mask"},{"floor":9.0,"key":"Happy Flower"},{"floor":10.0,"key":"StrikeDummy"},{"floor":11,"key":"Mercury Hourglass"}],"event_choices":[{"damage_healed":0.0,"max_hp_gain":0.0,"max_hp_loss":0.0,"gold_gain":0.0,"event_name":"Golden Wing","player_choice":"Ignored","floor":2.0,"gold_loss":0.0,"damage_taken":0.0},{"damage_healed":0.0,"max_hp_gain":0.0,"max_hp_loss":0.0,"gold_gain":75.0,"event_name":"World of Goop","player_choice":"Gather Gold","floor":3.0,"gold_loss":0.0,"damage_taken":11.0},{"damage_healed":0.0,"max_hp_gain":0.0,"max_hp_loss":0.0,"gold_gain":0.0,"event_name":"Scrap Ooze","player_choice":"Success","floor":8.0,"gold_loss":0.0,"damage_taken":3.0,"relics_obtained":["Peace Pipe"]}],"is_beta":false,"boss_relics":[],"items_purged_floors":[],"is_endless":false,"potions_floor_spawned":[1,6],"killed_by":"Slime Boss","ascension_level":11}}