{"host":"wwo1kwxjf4eyz37q","time":1610102410,"event":{"mods":["AchievementEnabler","BaseMod","Colored Map","Minty Spire (QoL Compilation)","Quick Restart","SuperFastMode"],"gold_per_floor":[15,25,42,56,4,31,31,58,58,58,58,5,5,24,24,24,24],"floor_reached":16,"playtime":627,"items_purged":[],"score":198,"play_id":"55016a72-4482-4188-a5cf-f6cb5c5a7373","local_time":"20210108194010","is_ascension_mode":true,"campfire_choices":[{"data":"Bash","floor":7.0,"key":"SMITH"},{"floor":10.0,"key":"REST"},{"data":"Clothesline","floor":13.0,"key":"SMITH"},{"data":"Sword Boomerang","floor":15.0,"key":"SMITH"}],"circlet_count":0,"master_deck":["AscendersBane","Strike_R","Strike_R","Strike_R","Strike_R","Defend_R","Defend_R","Defend_R","Bash+1","Spot Weakness","Clothesline+1","Shrug It Off","Shrug It Off","Twin Strike","Reaper","Sword Boomerang+1"],"relics":["Burning Blood","Mummified Hand","Ornamental Fan","Question Card"],"acts_visited":["Exordium"],"potions_floor_usage":[16,16],"damage_taken":[{"damage":9.0,"enemies":"2 Louse","floor":1.0,"turns":3.0},{"damage":6.0,"enemies":"Cultist","floor":2.0,"turns":3.0},{"damage":9.0,"enemies":"Jaw Worm","floor":3.0,"turns":3.0},{"damage":5.0,"enemies":"Large Slime","floor":4.0,"turns":8.0},{"damage":42.0,"enemies":"Lagavulin","floor":6.0,"turns":8.0},{"damage":19.0,"enemies":"Gremlin Nob","floor":8.0,"turns":4.0},{"damage":36.0,"enemies":"Exordium Thugs","floor":14.0,"turns":6.0},{"damage":25,"enemies":"Slime Boss","floor":16,"turns":8}],"seed_played":"5957123727663234476","potions_obtained":[{"floor":1.0,"key":"BlessingOfTheForge"},{"floor":2.0,"key":"AttackPotion"},{"floor":4.0,"key":"ElixirPotion"},{"floor":11.0,"key":"BloodPotion"},{"floor":11.0,"key":"ElixirPotion"}],"is_trial":false,"path_per_floor":["M","M","M","M","$","E","R","E","T","R","?","$","R","M","R","B"],"character_chosen":"IRONCLAD","items_purchased":["Twin Strike","Explosive Potion"],"campfire_rested":1,"item_purchase_floors":[5,12],"current_hp_per_floor":[65,65,62,63,63,27,27,14,14,36,51,51,51,32,32,7,7],"gold":24,"neow_bonus":"REMOVE_TWO","is_daily":false,"chose_seed":false,"campfire_upgraded":3,"win_rate":0.0,"timestamp":1610102410,"path_taken":["M","M","M","M","$","E","R","E","T","R","?","?","R","M","R","BOSS"],"items_purchased_type":["Card","Potion"],"build_version":"2020-12-22","purchased_purges":0,"victory":false,"max_hp_per_floor":[75,75,75,75,75,75,75,75,75,75,75,75,75,75,75,75,75],"card_choices":[{"not_picked":["Feel No Pain","Dropkick"],"picked":"Spot Weakness","floor":1.0},{"not_picked":["True Grit","Inflame"],"picked":"Clothesline","floor":2.0},{"not_picked":["Clash","Armaments"],"picked":"Shrug It Off","floor":3.0},{"not_picked":["Carnage","Pommel Strike"],"picked":"Shrug It Off","floor":4.0},{"not_picked":["Combust","Blood for Blood","Searing Blow"],"picked":"SKIP","floor":6.0},{"not_picked":["Combust","Shrug It Off"],"picked":"Reaper","floor":8.0},{"not_picked":["Heavy Blade","Flex","Twin Strike"],"picked":"Sword Boomerang","floor":14.0}],"player_experience":196049,"relics_obtained":[{"floor":6.0,"key":"Mummified Hand"},{"floor":8.0,"key":"Ornamental Fan"},{"floor":9.0,"key":"Question Card"}],"event_choices":[{"damage_healed":0.0,"max_hp_gain":0.0,"max_hp_loss":0.0,"gold_gain":0.0,"event_name":"Lab","player_choice":"Got Potions","floor":11.0,"gold_loss":0.0,"damage_taken":0.0}],"is_beta":false,"boss_relics":[],"items_purged_floors":[],"is_endless":false,"potions_floor_spawned":[1,2,4],"killed_by":"Slime Boss","ascension_level":16}}