{"host":"8z9pdspl1iu3cd7i","time":1610073729,"event":{"mods":["BaseMod","Colored Powertips","Highlight Path","Marisa£®ÏF”Í°°ƒß¿Ì…≥£©","Marked Mod","Minty Spire (QoL Compilation)","StSLib"],"gold_per_floor":[116,116,142,164,176,219,264,276,288,344,356,165,205,205,205,205,205],"floor_reached":16,"playtime":904,"items_purged":["Strike_MRS"],"score":211,"play_id":"424c3e39-9e99-408b-93ac-b7d4b0d9eb51","local_time":"20210108104209","daily_mods":["Heirloom","Flight"],"is_ascension_mode":true,"campfire_choices":[{"floor":8.0,"key":"REST"},{"floor":11.0,"key":"REST"},{"floor":15.0,"key":"REST"}],"circlet_count":0,"master_deck":["Strike_MRS","Strike_MRS","Strike_MRS","Defend_MRS","Defend_MRS","Defend_MRS","Defend_MRS","MasterSpark","UpSweep","OrrerysSun","PulseMagic","SporeBomb","MagicChant+1","WitchOfGreed+1","GasGiant"],"relics":["MiniHakkero","Lizard Tail","MawBank","Golden Idol","Sundial","Smiling Mask","HandmadeGrimoire","Frozen Egg 2","Boot"],"acts_visited":["Exordium"],"potions_floor_usage":[],"damage_taken":[{"damage":7.0,"enemies":"Jaw Worm","floor":1.0,"turns":3.0},{"damage":1.0,"enemies":"Cultist","floor":3.0,"turns":3.0},{"damage":0.0,"enemies":"Small Slimes","floor":4.0,"turns":4.0},{"damage":20.0,"enemies":"3 Sentries","floor":6.0,"turns":9.0},{"damage":24.0,"enemies":"Gremlin Nob","floor":7.0,"turns":4.0},{"damage":25.0,"enemies":"3 Sentries","floor":10.0,"turns":8.0},{"damage":22.0,"enemies":"Gremlin Nob","floor":13.0,"turns":4.0},{"damage":30,"enemies":"Slime Boss","floor":16,"turns":8}],"seed_played":"-6055265890789609643","potions_obtained":[{"floor":3.0,"key":"DistilledChaos"},{"floor":6.0,"key":"LiquidBronze"},{"floor":10.0,"key":"SpeedPotion"}],"is_trial":true,"path_per_floor":["M","?","M","M","?","E","E","R","T","E","R","$","E","?","R","B"],"character_chosen":"MARISA","items_purchased":["WitchOfGreed+1","Fruit Juice"],"campfire_rested":3,"item_purchase_floors":[12,12],"current_hp_per_floor":[68,68,67,67,49,29,5,27,27,2,24,29,7,7,31,1,1],"gold":205,"neow_bonus":"","is_daily":false,"chose_seed":false,"campfire_upgraded":0,"win_rate":0.0,"timestamp":1610073729,"path_taken":["M","?","?","?","?","E","E","R","T","E","R","$","E","?","R","BOSS"],"items_purchased_type":["Card","Potion"],"build_version":"2020-12-22","purchased_purges":1,"victory":false,"max_hp_per_floor":[75,75,75,75,75,75,75,75,75,75,75,80,80,80,80,80,80],"card_choices":[{"not_picked":["6A","UnstableBomb"],"picked":"LuminesStrike","floor":1.0},{"not_picked":["SporeBomb","DoubleSpark"],"picked":"OrrerysSun","floor":3.0},{"not_picked":["SuperPerseids","FinalSpark"],"picked":"PulseMagic","floor":4.0},{"not_picked":["MysteriousBeam","LuminesStrike"],"picked":"SporeBomb","floor":6.0},{"not_picked":["DoubleSpark","Occultation","MeteoricShower"],"picked":"SKIP","floor":7.0},{"not_picked":["AsteroidBelt","SprinkleStarSeal"],"picked":"MagicChant","floor":10.0},{"not_picked":["MilkyWay","PowerUp"],"picked":"GasGiant","floor":13.0}],"player_experience":88851,"relics_obtained":[{"floor":6.0,"key":"Sundial"},{"floor":7.0,"key":"Smiling Mask"},{"floor":9.0,"key":"HandmadeGrimoire"},{"floor":10.0,"key":"Frozen Egg 2"},{"floor":13.0,"key":"Boot"}],"event_choices":[{"cards_removed":["LuminesStrike"],"damage_healed":0.0,"max_hp_gain":0.0,"max_hp_loss":0.0,"gold_gain":0.0,"event_name":"WeMeetAgain","player_choice":"Gave Card","floor":2.0,"gold_loss":0.0,"damage_taken":0.0,"relics_obtained":["MawBank"]},{"damage_healed":0.0,"max_hp_gain":0.0,"max_hp_loss":0.0,"gold_gain":0.0,"event_name":"Golden Idol","player_choice":"Take Damage","floor":5.0,"gold_loss":0.0,"damage_taken":18.0,"relics_obtained":["Golden Idol"]},{"damage_healed":0.0,"max_hp_gain":0.0,"max_hp_loss":0.0,"gold_gain":0.0,"event_name":"Living Wall","player_choice":"Grow","floor":14.0,"gold_loss":0.0,"damage_taken":0.0,"cards_upgraded":["MagicChant"]}],"is_beta":false,"boss_relics":[],"items_purged_floors":[12],"is_endless":true,"potions_floor_spawned":[3,6,10],"killed_by":"Slime Boss","ascension_level":4}}