{"host":"40gggw0x72bpm5se","time":1610074519,"event":{"mods":["Act Like it!","Ascension Reborn","Aspiration","BaseMod","Better Vampires","Colored Map","Conspire","Gensokyo","GungeonMod","Hallownest","Jedi Mod","Library of Ruina","Library of Ruina Extra","Lobotomy","LobotomyExtend","Minty Spire (QoL Compilation)","Quarter Circle Forward PUNCH!","Reimu（博丽灵梦）","Relic Stats","Replay The Spire","RumiaBox-露米娅的神秘盒子","Shop Mod","Spicy Shops","StSLib","UnlockEverythingMod","Waifu the Spire","WarShipGirlsR/战舰少女R mod","[IsaacMod]以撒尖塔","vexMod","【遗物卡牌】REMEMod"],"gold_per_floor":[111,127,144,156,156,156,156],"floor_reached":6,"playtime":401,"items_purged":[],"score":40,"play_id":"9663ce81-9bb2-4aee-bad8-ffad62fe5f27","local_time":"20210108105519","is_ascension_mode":true,"campfire_choices":[],"circlet_count":0,"master_deck":["rmod:strick","rmod:strick","rmod:strick","rmod:strick","rmod:defend","rmod:defend","rmod:defend","rmod:defend","rmod:basicallowance","rmod:maingunfire","BettingIsNotGood","Metamorphosis","ChargeAndCover","UpstandingSlash","rmod:unsinkable","rmod:diamondstrike","rmod:diamondstrike","rmod:chargemoney"],"relics":["rmod:firstchargereward","REME_ComplimentaryCards","HushsDoor","BloodDonationMachine","DeadEye","Baka","LetterFromLob"],"acts_visited":["Gensokyo:Gensokyo"],"potions_floor_usage":[3,6],"damage_taken":[{"damage":7,"enemies":"Gensokyo:Gryphon","floor":1,"turns":2},{"damage":0,"enemies":"Gensokyo:Python","floor":2,"turns":2},{"damage":40,"enemies":"Gensokyo:3_Fairies","floor":3,"turns":11},{"damage":8,"enemies":"Gensokyo:CorruptedTreant","floor":4,"turns":2},{"damage":27,"enemies":"Gensokyo:Cirno","floor":6,"turns":2}],"seed_played":"-6810966910739575773","potions_obtained":[{"floor":1,"key":"Swift Potion"},{"floor":3,"key":"Fire Potion"}],"is_trial":false,"path_per_floor":["M","M","M","M","?","E"],"character_chosen":"PRAEFECT","items_purchased":[],"campfire_rested":0,"item_purchase_floors":[],"current_hp_per_floor":[68,68,28,25,25,0,0],"gold":156,"neow_bonus":"ONE_RARE_RELIC","is_daily":false,"chose_seed":false,"campfire_upgraded":0,"win_rate":0.0,"timestamp":1610074519,"path_taken":["M","M","M","M","?","E"],"items_purchased_type":[],"build_version":"2020-12-22","purchased_purges":0,"victory":false,"max_hp_per_floor":[75,75,75,75,75,75,75],"relic_stats":{"counters":[5,19],"obtain_stats":[{"KeepersGift":0,"DemoMod:GlassGuonStoneRelic":1,"rmod:firstchargereward":0,"Baka":1,"LetterFromLob":1,"DeadEye":0,"HushsDoor":0,"REME_ComplimentaryCards":0,"BloodDonationMachine":0},{"KeepersGift":0,"DemoMod:GlassGuonStoneRelic":1,"rmod:firstchargereward":0,"Baka":1,"LetterFromLob":1,"DeadEye":0,"HushsDoor":0,"REME_ComplimentaryCards":0,"BloodDonationMachine":0},{"KeepersGift":0,"DemoMod:GlassGuonStoneRelic":2,"rmod:firstchargereward":0,"Baka":2,"LetterFromLob":2,"DeadEye":0,"HushsDoor":0,"REME_ComplimentaryCards":0,"BloodDonationMachine":0}]},"card_choices":[{"not_picked":[],"picked":"BettingIsNotGood","floor":0},{"not_picked":["rmod:aggressivemary","rmod:slowdown"],"picked":"rmod:unsinkable","floor":1},{"not_picked":["rmod:mineteam","rmod:unsinkable"],"picked":"rmod:diamondstrike","floor":2},{"not_picked":["rmod:tearstotiara","rmod:overbreakdown"],"picked":"rmod:diamondstrike","floor":3},{"not_picked":["rmod:ammunitionsupply","rmod:firesupport"],"picked":"rmod:chargemoney","floor":4}],"player_experience":28377,"relics_obtained":[{"floor":1,"key":"Baka"},{"floor":1,"key":"LetterFromLob"}],"event_choices":[],"is_beta":false,"boss_relics":[],"items_purged_floors":[],"is_endless":false,"potions_floor_spawned":[1,3],"killed_by":"Gensokyo:Cirno","ascension_level":1}}