{"host":"T","time":1610124352,"event":{"mods":["Aspiration","BaseMod","Downfall","GungeonMod","Hunter ¡‘»À","Minty Spire (QoL Compilation)","READ ME - Guardian Mod","Relic Stats","StSLib","The Alterego","The Cursed","The Jungle","The Poker Player","The Runesmith","The Servant 0.9.4"],"gold_per_floor":[109,148,98,173,58,90,90,104,104,114,114,114,114],"floor_reached":12,"playtime":1451,"items_purged":[],"score":76,"play_id":"2f9f269b-1f0a-4194-9fb8-7ffd64667f10","local_time":"20210109004552","is_ascension_mode":false,"campfire_choices":[{"data":"DemoMod:ManualReload","floor":7,"key":"SMITH"},{"data":"DemoMod:FeignSurrender","floor":11,"key":"SMITH"}],"circlet_count":0,"master_deck":["DemoMod:Strike_Huntress","DemoMod:Strike_Huntress","DemoMod:Defend_Huntress","DemoMod:Defend_Huntress","DemoMod:Defend_Huntress","DemoMod:Defend_Huntress","DemoMod:Roll","DemoMod:ManualReload+1","DemoMod:RustySidearm","DemoMod:CrossBow","DemoMod:DoubleSwitch","DemoMod:BattleInHaste","DemoMod:FeignSurrender+1","DemoMod:SniperShot"],"relics":["DemoMod:Dog","DemoMod:GnawedKey","Boot","Prayer Wheel"],"acts_visited":["Exordium"],"potions_floor_usage":[1,6,10],"damage_taken":[{"damage":1,"enemies":"Cultist","floor":1,"turns":3},{"damage":0,"enemies":"Jaw Worm","floor":2,"turns":8},{"damage":13,"enemies":"3 Sentries","floor":6,"turns":10},{"damage":0,"enemies":"Jaw Worm","floor":8,"turns":4},{"damage":0,"enemies":"2 Louse","floor":10,"turns":1},{"damage":54,"enemies":"Gremlin Nob","floor":12,"turns":4}],"seed_played":"-7977777149735122598","potions_obtained":[{"floor":1,"key":"EntropicBrew"},{"floor":6,"key":"SneckoOil"}],"is_trial":false,"path_per_floor":["M","?","?","?","$","E","R","M","T","M","R","E"],"character_chosen":"HUNTRESS","items_purchased":["DemoMod:GnawedKey"],"campfire_rested":0,"item_purchase_floors":[5],"current_hp_per_floor":[76,76,76,65,65,52,52,52,52,52,52,0,0],"gold":114,"neow_bonus":"TEN_PERCENT_HP_BONUS","is_daily":false,"chose_seed":false,"campfire_upgraded":2,"win_rate":0.0,"timestamp":1610124352,"path_taken":["M","?","?","?","?","E","R","?","T","M","R","E"],"items_purchased_type":["Relic"],"build_version":"2020-12-18","purchased_purges":0,"victory":false,"max_hp_per_floor":[77,77,77,77,77,77,77,77,77,77,77,77,77],"relic_stats":{"counters":[6,30],"Prayer Wheel":1,"Boot":[3],"obtain_stats":[{"DemoMod:Dog":0,"Prayer Wheel":9,"DemoMod:GlassGuonStoneRelic":1,"DemoMod:GnawedKey":5,"Boot":6},{"DemoMod:Dog":0,"Prayer Wheel":4,"DemoMod:GlassGuonStoneRelic":1,"DemoMod:GnawedKey":2,"Boot":3},{"DemoMod:Dog":0,"Prayer Wheel":25,"DemoMod:GlassGuonStoneRelic":3,"DemoMod:GnawedKey":11,"Boot":21}]},"card_choices":[{"not_picked":["DemoMod:AC15","DemoMod:TeaPot"],"picked":"DemoMod:DoubleSwitch","floor":1},{"not_picked":["DemoMod:HuntsMan","DemoMod:SAA"],"picked":"DemoMod:BattleInHaste","floor":2},{"not_picked":["DemoMod:GunstockTap","DemoMod:PracticeMakesPerfect"],"picked":"DemoMod:FeignSurrender","floor":6},{"not_picked":["DemoMod:JK47","DemoMod:BattleInHaste","DemoMod:TeaPot"],"picked":"SKIP","floor":8},{"not_picked":["DemoMod:PotionOfGunFriendShip","DemoMod:AC15"],"picked":"DemoMod:SniperShot","floor":10},{"not_picked":["DemoMod:PracticeMakesPerfect","DemoMod:StickyCrossBow","DemoMod:JK47"],"picked":"SKIP","floor":10}],"player_experience":370396,"relics_obtained":[{"floor":6,"key":"Boot"},{"floor":9,"key":"Prayer Wheel"}],"event_choices":[{"cards_removed":["DemoMod:Strike_Huntress"],"damage_healed":0,"gold_gain":0,"player_choice":"Card Removal","damage_taken":0,"max_hp_gain":0,"max_hp_loss":0,"event_name":"The Cleric","floor":3,"gold_loss":50},{"damage_healed":0,"gold_gain":75,"player_choice":"Gather Gold","damage_taken":11,"max_hp_gain":0,"max_hp_loss":0,"event_name":"World of Goop","floor":4,"gold_loss":0}],"is_beta":true,"boss_relics":[],"items_purged_floors":[],"is_endless":false,"potions_floor_spawned":[1,6,8],"killed_by":"Gremlin Nob","ascension_level":0}}