{"host":"eeuhgv8goqdjv4ip","time":1610148361,"event":{"mods":["2.2 Compatiblity","AchievementEnabler","BaseMod","Challenge The Spire","Colored Map","Colored Powertips","Conspire","Dark Map","Hubris","Infinite Spire","Marisa????????","Minty Spire (QoL Compilation)","Remilia??????","Replay The Spire","SIMod","StSLib","The Animator","The Saiyan","The Servant 0.9.4","The Wild Card"],"gold_per_floor":[19,194,211,59,59,86,98,98,125,125,140,140,166,8,8,109,109,124,124,124,134,134,134,61,61,61],"floor_reached":25,"playtime":1488,"items_purged":["Doubt"],"score":371,"play_id":"9c266db2-66c6-4cf9-b6f3-55ddc49f1742","local_time":"20210108192601","is_ascension_mode":true,"campfire_choices":[{"data":"MillisecondPulsars","floor":12,"key":"SMITH"},{"data":"BlazingStar","floor":15,"key":"SMITH"},{"data":"infinitespire:Menacing","floor":23,"key":"SMITH"}],"circlet_count":0,"master_deck":["conspire:GhostlyStrike","conspire:GhostlyStrike","conspire:GhostlyStrike","conspire:GhostlyStrike","conspire:GhostlyDefend","conspire:GhostlyDefend","conspire:GhostlyDefend","conspire:GhostlyDefend","MasterSpark","UpSweep","MillisecondPulsars+1","MysteriousBeam","AsteroidBelt","BlazingStar+1","MysteriousBeam","UltimateShortwave","IllusionStar","EventHorizon","MaximisePower","BlazingStar","Parasite","MasterSpark","BinaryStars+1","Madness","infinitespire:Menacing+1","AsteroidBelt+1","AsteroidBelt+1","Gluttony_TH","WitchOfGreed","MysteriousBeam"],"relics":["MiniHakkero","hubris:Reverence","Bag of Preparation","NlothsMask","infinitespire:Joker Card","ReplayTheSpireMod:SealedPack"],"acts_visited":["Exordium","TheCity"],"potions_floor_usage":[3],"damage_taken":[{"damage":3,"enemies":"conspire:RoseBush","floor":1,"turns":3},{"damage":0,"enemies":"Small Slimes","floor":3,"turns":2},{"damage":19,"enemies":"3 Sentries","floor":6,"turns":6},{"damage":0,"enemies":"Cultist","floor":7,"turns":2},{"damage":5,"enemies":"Exordium Thugs","floor":11,"turns":3},{"damage":0,"enemies":"Lagavulin","floor":13,"turns":4},{"damage":0,"enemies":"Slime Boss","floor":16,"turns":3},{"damage":32,"enemies":"3 Byrds","floor":18,"turns":4},{"damage":0,"enemies":"conspire:FuzzyDice","floor":21,"turns":2},{"damage":0,"enemies":"Sentry and Sphere","floor":25,"turns":1}],"seed_played":"-3320466787319284864","potions_obtained":[{"floor":1,"key":"Fire Potion"},{"floor":7,"key":"Strength Potion"},{"floor":13,"key":"GamblersBrew"},{"floor":21,"key":"Languid Potion"}],"is_trial":false,"path_per_floor":["M","?","M","$","?","E","M","?","T","?","M","R","E","$","R","B",null,"M","?","?","M","?","R","$","M"],"character_chosen":"MARISA","items_purchased":["BlazingStar","MaximisePower","WitchOfGreed","MysteriousBeam"],"campfire_rested":0,"item_purchase_floors":[4,14,24,24],"current_hp_per_floor":[72,72,72,72,72,53,53,58,58,58,53,53,53,53,53,53,80,48,48,33,33,48,48,48,48,48],"gold":61,"neow_bonus":"THREE_RARE_CARDS","is_daily":false,"chose_seed":false,"campfire_upgraded":3,"win_rate":0.0,"timestamp":1610148361,"path_taken":["M","?","M","$","?","E","M","?","T","?","?","R","E","?","R","BOSS","M","?","?","M","?","R","?","M"],"items_purchased_type":["Card","Card","Card","Card"],"build_version":"2020-12-22","purchased_purges":1,"victory":false,"max_hp_per_floor":[75,75,75,75,75,75,75,80,80,80,80,80,80,80,80,80,80,80,80,85,85,100,100,100,100,100],"card_choices":[{"not_picked":["TreasureHunter","AbsoluteMagnitude"],"picked":"MillisecondPulsars","floor":0},{"not_picked":["GalacticHalo","PulseMagic"],"picked":"MysteriousBeam","floor":1},{"not_picked":["MysteriousBeam","DoubleSpark"],"picked":"AsteroidBelt","floor":3},{"not_picked":["PulseMagic","Acceleration"],"picked":"MysteriousBeam","floor":6},{"not_picked":["EnergyRecoil","Acceleration"],"picked":"UltimateShortwave","floor":7},{"not_picked":["StarlightTyphoon","AsteroidBelt"],"picked":"IllusionStar","floor":11},{"not_picked":["MeteoricShower","MilkyWay"],"picked":"EventHorizon","floor":13},{"not_picked":["JA","BigCrunch"],"picked":"BlazingStar","floor":16},{"not_picked":["Neutralize","Zap"],"picked":"MasterSpark","floor":17},{"not_picked":["AbsoluteMagnitude","TreasureHunter"],"picked":"BinaryStars","floor":17},{"not_picked":["Survey Options","Forethought"],"picked":"Madness","floor":17},{"not_picked":["ReplayTheSpireMod:Haul","infinitespire:FinalStrike"],"picked":"infinitespire:Menacing","floor":17},{"not_picked":["SporeBomb+1","GasGiant"],"picked":"AsteroidBelt+1","floor":18},{"not_picked":["MysteriousBeam","DoubleSpark+1"],"picked":"AsteroidBelt+1","floor":21}],"player_experience":415439,"relics_obtained":[{"floor":6,"key":"hubris:Reverence"},{"floor":9,"key":"Bag of Preparation"},{"floor":13,"key":"infinitespire:Joker Card"}],"event_choices":[{"damage_healed":0,"gold_gain":175,"player_choice":"AGREE","damage_taken":0,"max_hp_gain":0,"max_hp_loss":0,"event_name":"Liars Game","floor":2,"gold_loss":0,"cards_obtained":["Doubt"]},{"damage_healed":0,"gold_gain":0,"player_choice":"Agree","damage_taken":0,"max_hp_gain":0,"max_hp_loss":0,"event_name":"conspire:LoneGhost","floor":5,"gold_loss":0},{"damage_healed":0,"gold_gain":0,"player_choice":"Donut","damage_taken":0,"max_hp_gain":5,"max_hp_loss":0,"event_name":"Big Fish","floor":8,"gold_loss":0},{"damage_healed":0,"gold_gain":0,"player_choice":"Trade","damage_taken":0,"relics_obtained":["NlothsMask"],"max_hp_gain":0,"max_hp_loss":0,"event_name":"FaceTrader","floor":10,"gold_loss":0},{"damage_healed":0,"gold_gain":0,"player_choice":"Shed Blood","damage_taken":20,"max_hp_gain":5,"max_hp_loss":0,"event_name":"Forgotten Altar","floor":20,"gold_loss":0}],"is_beta":false,"boss_relics":[{"not_picked":["Velvet Choker","hubris:CrackedHourglass"],"picked":"ReplayTheSpireMod:SealedPack"}],"items_purged_floors":[4],"is_endless":false,"potions_floor_spawned":[1,7,13,21],"killed_by":"Sentry and Sphere","ascension_level":1}}