{"host":"nuce7grnusr8lpe2","time":1610147757,"event":{"mods":["Act Like it!","BaseMod","Better Third Choice","Gensokyo","Marisa????????","Minty Spire (QoL Compilation)","Prisma Mod","Rare Cards Sparkle","StSLib","Td1madao Mod","The Animator","The Servant 0.9.4","The Wild Card"],"gold_per_floor":[114,114,133,148,160,186,200,150,174,231,231,13,13,24,24,152,152,165,131,81,98,98,108,137,137,137,137,168,187,187,206,206,338,338,353,353,372,322,404,434,446,446,446,446,274,291,301,342,342,372,372,372,15,47,77],"floor_reached":56,"playtime":3959,"items_purged":["PrismaMod:IllyaCommonAttack","PrismaMod:IllyaCommonAttack","PrismaMod:IllyaCommonDefend","PrismaMod:IllyaCommonDefend","PrismaMod:IllyaCommonDefend","PrismaMod:IllyaCommonAttack"],"score":1296,"play_id":"80b37410-9754-4822-b47c-90ba3dc11986","local_time":"20210109001557","is_ascension_mode":false,"campfire_choices":[{"floor":11,"key":"RECALL"},{"floor":15,"key":"REST"},{"data":"PrismaMod:IllyaUncommonDefend","floor":25,"key":"SMITH"},{"data":"PrismaMod:IllyaBerserCAR","floor":27,"key":"SMITH"},{"data":"PrismaMod:IllyaCarnivalAttack","floor":30,"key":"SMITH"},{"data":"PrismaMod:IllyaCheapChannelAttack","floor":32,"key":"SMITH"},{"data":"PrismaMod:IllyaPoisonBomb","floor":42,"key":"SMITH"},{"data":"PrismaMod:IllyaUncommonAOEAttack","floor":44,"key":"SMITH"},{"data":"PrismaMod:IllyaUncommonAttack","floor":49,"key":"SMITH"},{"data":"PrismaMod:IllyaCommonDefend","floor":52,"key":"SMITH"}],"circlet_count":0,"master_deck":["PrismaMod:IllyaCommonAttack","PrismaMod:IllyaCommonDefend+1","PrismaMod:IllyaUncommonAttack+1","PrismaMod:IllyaUncommonDefend+1","PrismaMod:IllyaUncommonDefend+1","PrismaMod:IllyaCheapChannelAttack+1","PrismaMod:IllyaBerserCAR+1","PrismaMod:IllyaPoisonBomb+1","PrismaMod:IllyaCarnivalPrismaAstolfo+1","PrismaMod:IllyaSaphire+1","PrismaMod:IllyaUberChannel+1","PrismaMod:IllyaCarnivalAttack+1","PrismaMod:IllyaSaphire+1","PrismaMod:IllyaMinorZwei+1","PrismaMod:IllyaUberDefendChannel+1","CurseOfTheBell","PrismaMod:IllyaUncommonDefend+1","PrismaMod:IllyaCarnivalDefend+1","PrismaMod:IllyaUncommonAOEAttack+1","PrismaMod:IllyaUncommonDefend+1","PrismaMod:IllyaCarnivalOrbs+1","PrismaMod:IllyaUberChannel+1","PrismaMod:IllyaUberPoisonChannel+1","PrismaMod:IllyaCommandSeal+1","Parasite","PrismaMod:IllyaSaphire+1","PrismaMod:IllyaSaphire+1"],"relics":["PrismaMod:PrismaRuby","Smiling Mask","Toxic Egg 2","Happy Flower","Calling Bell","Centennial Puzzle","Question Card","Bird Faced Urn","Tiny Chest","Torii","Turnip","Philosopher\u0027s Stone","Mummified Hand","The Courier","Bottled Flame","OrangePellets","Membership Card","Kunai","Bag of Preparation"],"acts_visited":["Exordium","TheCity","TheBeyond","TheEnding"],"potions_floor_usage":[6,14,21,50,50,55,55,55],"damage_taken":[{"damage":0,"enemies":"2 Louse","floor":1,"turns":3},{"damage":0,"enemies":"Small Slimes","floor":3,"turns":4},{"damage":0,"enemies":"Cultist","floor":4,"turns":5},{"damage":0,"enemies":"Exordium Wildlife","floor":5,"turns":4},{"damage":17,"enemies":"3 Sentries","floor":6,"turns":8},{"damage":0,"enemies":"Exordium Thugs","floor":7,"turns":5},{"damage":1,"enemies":"3 Sentries","floor":10,"turns":11},{"damage":12,"enemies":"Lots of Slimes","floor":14,"turns":3},{"damage":0,"enemies":"Slime Boss","floor":16,"turns":11},{"damage":0,"enemies":"Shell Parasite","floor":18,"turns":5},{"damage":9,"enemies":"2 Thieves","floor":19,"turns":5},{"damage":0,"enemies":"Snake Plant","floor":21,"turns":4},{"damage":4,"enemies":"Centurion and Healer","floor":23,"turns":8},{"damage":0,"enemies":"Book of Stabbing","floor":24,"turns":7},{"damage":0,"enemies":"Gremlin Leader","floor":28,"turns":7},{"damage":0,"enemies":"Sentry and Sphere","floor":29,"turns":6},{"damage":0,"enemies":"Chosen and Byrds","floor":31,"turns":8},{"damage":2,"enemies":"Champ","floor":33,"turns":13},{"damage":0,"enemies":"3 Shapes","floor":35,"turns":4},{"damage":0,"enemies":"Orb Walker","floor":37,"turns":5},{"damage":2,"enemies":"Reptomancer","floor":40,"turns":7},{"damage":0,"enemies":"Transient","floor":41,"turns":5},{"damage":5,"enemies":"4 Shapes","floor":46,"turns":3},{"damage":0,"enemies":"Spire Growth","floor":47,"turns":5},{"damage":1,"enemies":"Writhing Mass","floor":48,"turns":6},{"damage":25,"enemies":"Time Eater","floor":50,"turns":13},{"damage":7,"enemies":"Shield and Spear","floor":54,"turns":6},{"damage":36,"enemies":"The Heart","floor":55,"turns":11}],"seed_played":"3869322499187525345","potions_obtained":[{"floor":3,"key":"CultistPotion"},{"floor":6,"key":"Explosive Potion"},{"floor":14,"key":"Ancient Potion"},{"floor":19,"key":"Energy Potion"},{"floor":24,"key":"Block Potion"},{"floor":29,"key":"Explosive Potion"},{"floor":33,"key":"Energy Potion"},{"floor":35,"key":"ColorlessPotion"},{"floor":41,"key":"LiquidMemories"}],"is_trial":false,"path_per_floor":["M","?","M","M","M","E","M","$","T","?","R","$","?","M","R","B",null,"M","M","$","M","?","M","E","R","T","R","E","M","R","M","R","B",null,"M","?","M","$","T","E","M","R","T","R","$","M","M","M","R","B",null,"R","$","E","B",null],"character_chosen":"ILLYA","items_purchased":["PrismaMod:IllyaCarnivalAttack","PrismaMod:IllyaSaphire+1","OrangePellets","Membership Card","PrismaMod:IllyaSaphire+1","DistilledChaos","Kunai","SneckoOil"],"campfire_rested":1,"item_purchase_floors":[12,12,45,53,53,53,53,53],"current_hp_per_floor":[75,75,75,75,75,58,61,61,61,60,60,60,60,51,74,74,78,78,69,69,72,72,68,71,71,71,71,71,74,74,77,77,75,78,78,78,78,78,78,76,76,76,76,76,76,71,71,70,70,45,78,78,78,76,43],"gold":77,"neow_bonus":"RANDOM_COMMON_RELIC","is_daily":false,"chose_seed":false,"campfire_upgraded":8,"win_rate":0.0,"timestamp":1610147757,"path_taken":["M","?","M","M","M","E","M","$","T","?","R","$","?","M","R","BOSS","M","M","$","?","?","M","E","R","T","R","E","M","R","M","R","BOSS","M","?","?","$","?","E","M","R","T","R","$","M","M","M","R","BOSS","R","$","E","BOSS"],"items_purchased_type":["Card","Card","Relic","Relic","Card","Potion","Relic","Potion"],"build_version":"2020-12-22","purchased_purges":6,"victory":true,"max_hp_per_floor":[75,75,75,75,75,75,75,75,75,75,75,75,75,78,78,78,78,78,78,78,78,78,78,78,78,78,78,78,78,78,78,78,78,78,78,78,78,78,78,78,78,78,78,78,78,78,78,78,78,78,78,78,78,78,78],"card_choices":[{"not_picked":["PrismaMod:IllyaGun","PrismaMod:IllyaRubysPotion","PrismaMod:IllyaFeed"],"picked":"SKIP","floor":1},{"not_picked":["PrismaMod:IllyaMaid","PrismaMod:IllyaUberPoisonBlock"],"picked":"PrismaMod:IllyaCheapChannelAttack","floor":3},{"not_picked":["PrismaMod:IllyaUncommonAttack","PrismaMod:IllyaGun"],"picked":"PrismaMod:IllyaBerserCAR","floor":4},{"not_picked":["PrismaMod:IllyaBlindPoisonToss","PrismaMod:IllyaCheapChannelPoison"],"picked":"PrismaMod:IllyaPoisonBomb","floor":5},{"not_picked":["PrismaMod:IllyaGun","PrismaMod:IllyaPartialInstallAssassin+1"],"picked":"PrismaMod:IllyaCarnivalPrismaAstolfo+1","floor":6},{"not_picked":["PrismaMod:IllyaPoisonTippedWeapons","PrismaMod:IllyaUberChannel+1"],"picked":"PrismaMod:IllyaSaphire+1","floor":7},{"not_picked":["PrismaMod:IllyaPoisoningPhantasm","PrismaMod:IllyaCommonEvoke"],"picked":"PrismaMod:IllyaUberChannel+1","floor":10},{"not_picked":["PrismaMod:IllyaGun","PrismaMod:IllyaBoysLove+1"],"picked":"PrismaMod:IllyaMinorZwei+1","floor":14},{"not_picked":["PrismaMod:IllyaInstallAvenger","PrismaMod:IllyaZwei+1"],"picked":"PrismaMod:IllyaUberDefendChannel+1","floor":16},{"not_picked":["PrismaMod:IllyaCommonEvoke","PrismaMod:IllyaUncommonEvoke","PrismaMod:IllyaPartialInstallAssassin+1"],"picked":"PrismaMod:IllyaUncommonDefend+1","floor":18},{"not_picked":["PrismaMod:IllyaStunPoison+1","PrismaMod:IllyaPoisoningPhantasm","PrismaMod:IllyaPartialInstallAssassin+1","PrismaMod:IllyaCheapAttack"],"picked":"SKIP","floor":19},{"not_picked":["PrismaMod:IllyaStunPoison","PrismaMod:IllyaRussianRoulette+1","PrismaMod:IllyaUncommonEvoke","PrismaMod:IllyaPoisonBlock+1"],"picked":"SKIP","floor":21},{"not_picked":["PrismaMod:IllyaHassanGift+1","PrismaMod:IllyaBoysLove+1","PrismaMod:IllyaRapidFire","PrismaMod:IllyaCheapChannelAttack+1"],"picked":"SKIP","floor":23},{"not_picked":["PrismaMod:IllyaBlindPoisonToss+1","PrismaMod:IllyaPoisonBomb","PrismaMod:IllyaGun"],"picked":"PrismaMod:IllyaCarnivalDefend+1","floor":24},{"not_picked":["PrismaMod:IllyaBoysLove+1","PrismaMod:IllyaPartialInstallAssassin+1","PrismaMod:IllyaStunPoison"],"picked":"PrismaMod:IllyaUncommonAOEAttack","floor":28},{"not_picked":["PrismaMod:IllyaRussianRoulette+1","PrismaMod:IllyaCheapChannelPoison+1","PrismaMod:IllyaCheapChannelAttack+1"],"picked":"PrismaMod:IllyaUncommonDefend+1","floor":29},{"not_picked":["PrismaMod:IllyaDetonatingBlow","PrismaMod:IllyaPoisonBlock+1","PrismaMod:IllyaGrailKun+1","PrismaMod:IllyaCommonEvoke"],"picked":"SKIP","floor":31},{"not_picked":["PrismaMod:IllyaCarnivalDefend+1","PrismaMod:IllyaInstallShielder","PrismaMod:IllyaCarnivalPrismaAstolfo+1"],"picked":"PrismaMod:IllyaCarnivalOrbs+1","floor":33},{"not_picked":["PrismaMod:IllyaBerserCAR","PrismaMod:IllyaDualEvoke","PrismaMod:IllyaTestament","PrismaMod:IllyaMaid+1"],"picked":"SKIP","floor":35},{"not_picked":["PrismaMod:IllyaGrail+1","PrismaMod:IllyaStunPoison","PrismaMod:IllyaUpgradeOrbs+1"],"picked":"PrismaMod:IllyaUberChannel+1","floor":37},{"not_picked":["PrismaMod:IllyaReinForce+1","PrismaMod:IllyaCommonEvoke","PrismaMod:IllyaBride+1"],"picked":"PrismaMod:IllyaUberPoisonChannel+1","floor":40},{"not_picked":["PrismaMod:IllyaDetonatingBlow+1","PrismaMod:IllyaCommonEvoke+1","PrismaMod:IllyaBerserCAR+1"],"picked":"PrismaMod:IllyaCommandSeal+1","floor":41},{"not_picked":["PrismaMod:IllyaFriendMaker+1","PrismaMod:IllyaBride+1","PrismaMod:IllyaCheapAttack","PrismaMod:IllyaEvokeAll"],"picked":"SKIP","floor":46},{"not_picked":["PrismaMod:IllyaStunPoison","PrismaMod:IllyaGrailKun+1","PrismaMod:IllyaTestament","PrismaMod:IllyaHassanGift+1"],"picked":"SKIP","floor":47},{"not_picked":["PrismaMod:IllyaFeed+1","PrismaMod:IllyaPartialInstallAssassin+1","PrismaMod:IllyaHassanGift+1","PrismaMod:IllyaBlindPoisonToss+1"],"picked":"SKIP","floor":48},{"not_picked":["PrismaMod:IllyaGun+1","PrismaMod:IllyaPoisonTippedWeapons+1","PrismaMod:IllyaStunPoison+1"],"picked":"PrismaMod:IllyaSaphire+1","floor":54}],"player_experience":432184,"relics_obtained":[{"floor":6,"key":"Toxic Egg 2"},{"floor":10,"key":"Happy Flower"},{"floor":17,"key":"Centennial Puzzle"},{"floor":17,"key":"Question Card"},{"floor":17,"key":"Bird Faced Urn"},{"floor":24,"key":"Tiny Chest"},{"floor":26,"key":"Torii"},{"floor":28,"key":"Turnip"},{"floor":39,"key":"Mummified Hand"},{"floor":40,"key":"The Courier"},{"floor":43,"key":"Bottled Flame"},{"floor":54,"key":"Bag of Preparation"}],"event_choices":[{"damage_healed":0,"gold_gain":0,"cards_transformed":["PrismaMod:IllyaCommonAttack"],"player_choice":"Change","damage_taken":0,"max_hp_gain":0,"max_hp_loss":0,"event_name":"Living Wall","floor":2,"gold_loss":0,"cards_obtained":["PrismaMod:IllyaUncommonDefend"]},{"damage_healed":0,"gold_gain":0,"player_choice":"Searched \u00271\u0027 times","damage_taken":0,"max_hp_gain":0,"max_hp_loss":0,"event_name":"Dead Adventurer","floor":10,"gold_loss":0},{"cards_removed":["PrismaMod:IllyaCommonDefend"],"damage_healed":0,"gold_gain":0,"player_choice":"Card Removal","damage_taken":0,"max_hp_gain":0,"max_hp_loss":0,"event_name":"Wheel of Change","floor":13,"gold_loss":0},{"damage_healed":0,"gold_gain":0,"player_choice":"Forge","damage_taken":0,"max_hp_gain":0,"max_hp_loss":0,"event_name":"Accursed Blacksmith","floor":22,"gold_loss":0,"cards_upgraded":["PrismaMod:IllyaUncommonDefend"]},{"damage_healed":0,"gold_gain":0,"player_choice":"Ignored","damage_taken":0,"max_hp_gain":0,"max_hp_loss":0,"event_name":"NoteForYourself","floor":36,"gold_loss":0}],"is_beta":false,"boss_relics":[{"not_picked":["Empty Cage","Pandora\u0027s Box"],"picked":"Calling Bell"},{"not_picked":["Runic Pyramid","Black Star"],"picked":"Philosopher\u0027s Stone"}],"items_purged_floors":[8,12,20,38,45,53],"is_endless":false,"potions_floor_spawned":[3,6,14,19,24,29,33,35,37,41,54],"ascension_level":0}}