{"host":"ueaobptuyu87ouwy","time":1610120973,"event":{"mods":["Aspiration","Bard","BaseMod","Better Altar","Better Match","Better Note","Better Sensory Stone","Better Skull","Better Third Choice","BetterRewards","CCEM","Colored Map","Conspire","Downfall","GifTheSpireLib","GungeonMod","Halation","Hermit","Highlight Path","Hubris","Infinite Spire","Jedi Mod","Jorbs\u0027s Wanderer Trilogy","Marisa????????","Marked Mod","Mimic Mod","Minty Spire (QoL Compilation)","Permanent Neow","Replay The Spire","Shop Mod","Small Relic Pack","StSLib","Stuff the Spire","The Runesmith","Unceasing Turn Reminder","everything is the same but u backflip on backflip","slay the spire mod where everything is the same but ironclad has a cowboy hat"],"gold_per_floor":[109,109,31,44,58,83,83,100,136,136,136,148,182,198,198,299,299,313,313,313,313,313,341,341,353,353,353,388,3,38,38,38,70,70,167,167,185,200,125,143,161,161,189,189,214,246,346,372,372,384,384,384],"floor_reached":53,"playtime":2295,"items_purged":[],"score":1051,"play_id":"a0ee300d-badf-4e97-860e-af781edc798a","local_time":"20210108234933","is_ascension_mode":true,"campfire_choices":[{"data":"Armaments","floor":7,"key":"SMITH"},{"data":"hubris:SharpeningStone","floor":11,"key":"SMITH"},{"data":"Juggernaut","floor":15,"key":"SMITH"},{"data":"infinitespire:Collect","floor":24,"key":"SMITH"},{"data":"Twin Strike","floor":27,"key":"SMITH"},{"data":"Spot Weakness","floor":34,"key":"SMITH"},{"data":"Sadistic Nature","floor":42,"key":"SMITH"},{"data":"Offering","floor":44,"key":"SMITH"},{"floor":49,"key":"REST"},{"floor":51,"key":"REST"}],"circlet_count":0,"master_deck":["Strike_R","Strike_R","Strike_R","Strike_R","Strike_R","Defend_R","Defend_R","Defend_R","Defend_R","Bash","Armaments+1","Evolve","Blood for Blood","Twin Strike+1","hubris:SharpeningStone+1","Juggernaut+1","Spot Weakness+1","Wild Strike","Cleave+1","infinitespire:Collect+1","Twin Strike+1","Uppercut","Body Slam+1","Flame Barrier+1","Sadistic Nature+1","Violence","Offering+1","Sword Boomerang+1","infinitespire:Gouge","Iron Wave+1"],"relics":["Burning Blood","StuffTheSpire:HeavyRock","hubris:Icosahedron","Ancient Tea Set","halation:PromiseList","infinitespire:Lucky Rock","ReplayTheSpireMod:Spearhead","aspiration:MobileForge","hubris:HollowSoul","conspire:SpecialSausage","DemoMod:WhiteGuonStone","Blue Doll","DemoMod:ChaffGrenade","CCEMRelics:CocoNut","Red Skull","halation:Convergence","DemoMod:ClearGuonStone","aspiration:HummingbirdHeart","StuffTheSpire:ModemDavis","ReplayTheSpireMod:Lightbulb","ReplayFunnel","Strawberry","DemoMod:GlassGuonStoneRelic","Turnip","CCEMRelics:TinyMinotavrHorn"],"acts_visited":["Exordium","TheCity","TheBeyond"],"potions_floor_usage":[6,16,18,35,35,38,47,47,47],"damage_taken":[{"damage":2,"enemies":"Small Slimes","floor":1,"turns":5},{"damage":0,"enemies":"Jaw Worm","floor":4,"turns":4},{"damage":0,"enemies":"2 Louse","floor":5,"turns":3},{"damage":19,"enemies":"3 Sentries","floor":6,"turns":7},{"damage":5,"enemies":"Exordium Thugs","floor":8,"turns":5},{"damage":0,"enemies":"Looter","floor":9,"turns":9},{"damage":3,"enemies":"Looter","floor":12,"turns":3},{"damage":26,"enemies":"Gremlin Nob","floor":13,"turns":4},{"damage":4,"enemies":"Blue Slaver","floor":14,"turns":4},{"damage":41,"enemies":"The Guardian","floor":16,"turns":8},{"damage":20,"enemies":"2 Thieves","floor":18,"turns":3},{"damage":30,"enemies":"Book of Stabbing","floor":23,"turns":5},{"damage":0,"enemies":"Spheric Guardian","floor":25,"turns":1},{"damage":11,"enemies":"Gremlin Leader","floor":28,"turns":3},{"damage":1,"enemies":"Book of Stabbing","floor":30,"turns":2},{"damage":3,"enemies":"Slavers","floor":33,"turns":4},{"damage":12,"enemies":"Champ","floor":35,"turns":5},{"damage":0,"enemies":"Orb Walker","floor":37,"turns":3},{"damage":0,"enemies":"3 Darklings","floor":38,"turns":3},{"damage":0,"enemies":"Maw","floor":40,"turns":5},{"damage":5,"enemies":"Sphere and 2 Shapes","floor":41,"turns":3},{"damage":11,"enemies":"Nemesis","floor":43,"turns":3},{"damage":0,"enemies":"R_Hoarder","floor":46,"turns":3},{"damage":6,"enemies":"infinitespire:Three Voidlings","floor":47,"turns":3},{"damage":79,"enemies":"Nightmare_Alpha","floor":47,"turns":7},{"damage":0,"enemies":"Nemesis","floor":48,"turns":4},{"damage":0,"enemies":"Writhing Mass","floor":50,"turns":2},{"damage":6,"enemies":"Donu and Deca","floor":52,"turns":5}],"seed_played":"7367417357672823368","potions_obtained":[{"floor":4,"key":"FearPotion"},{"floor":5,"key":"Fire Potion"},{"floor":12,"key":"ElixirPotion"},{"floor":14,"key":"AttackPotion"},{"floor":16,"key":"Guardian:BlockOnCardUsePotion"},{"floor":30,"key":"AttackPotion"},{"floor":35,"key":"SteroidPotion"},{"floor":41,"key":"Doom Potion"}],"is_trial":false,"path_per_floor":["M","?","$","M","M","E","R","M","MIM","?","R","M","E","M","R","B",null,"M","AVR","?","?","?","E","R","M","T","R","E","$","E","PTL","PTL","E","R","B",null,"M","M","?","M","M","R","E","R","T","E","?","E","R","M","R_BF","B",null],"character_chosen":"IRONCLAD","items_purchased":["Evolve","CCEMRelics:CocoNut","Red Skull","halation:Convergence"],"campfire_rested":2,"item_purchase_floors":[3,29,29,29],"current_hp_per_floor":[80,80,80,80,80,67,67,68,74,74,74,77,57,59,59,24,80,66,66,90,90,68,44,44,50,50,50,45,50,55,55,55,58,58,52,73,73,73,73,73,73,73,68,68,68,80,7,13,37,43,67,67],"gold":384,"neow_bonus":"RANDOM_COMMON_RELIC","is_daily":false,"chose_seed":false,"campfire_upgraded":8,"win_rate":0.0,"timestamp":1610120973,"path_taken":["M","?","?","?","M","E","R","M","MIM","?","R","M","E","M","R","BOSS","M","AVR","?","?","?","E","R","?","T","R","E","$","E","PTL","PTL","E","R","BOSS","M","M","?","M","M","R","E","R","T","E","?","E","R","M","R_BF","BOSS"],"items_purchased_type":["Card","Relic","Relic","Relic"],"build_version":"2020-12-13","purchased_purges":0,"victory":true,"max_hp_per_floor":[80,80,80,80,80,80,80,80,80,80,80,80,80,80,80,80,80,80,80,90,90,68,68,68,68,68,68,68,73,73,73,73,73,73,73,73,73,73,73,73,73,73,73,73,73,80,80,80,80,80,80,80],"card_choices":[{"not_picked":["Run Through","ReplayTheSpireMod:Strike From Hell"],"picked":"Armaments","floor":1},{"not_picked":["True Grit","Flex"],"picked":"Blood for Blood","floor":4},{"not_picked":["Life Link","Ghostly Armor"],"picked":"Twin Strike","floor":5},{"not_picked":["Twin Strike","Clothesline","Shockwave"],"picked":"SKIP","floor":6},{"not_picked":["Ghostly Armor","hubris:ReadiedAction"],"picked":"hubris:SharpeningStone","floor":8},{"not_picked":["jedi:fear","Seeing Red"],"picked":"Juggernaut","floor":12},{"not_picked":["True Grit","Anger"],"picked":"Spot Weakness","floor":13},{"not_picked":["Abandon","Clash"],"picked":"Wild Strike","floor":14},{"not_picked":["Brutality","Corruption"],"picked":"Juggernaut","floor":16},{"not_picked":["Anger","Body Slam"],"picked":"Cleave+1","floor":18},{"not_picked":["Hemokinesis+1","Flex"],"picked":"Twin Strike+1","floor":23},{"not_picked":["Body Slam","Perfected Strike","Hemogenesis"],"picked":"SKIP","floor":25},{"not_picked":["Shrug It Off","ReplayTheSpireMod:Corrosion Curse","Cleave"],"picked":"SKIP","floor":28},{"not_picked":["Body Slam","Headbutt"],"picked":"Uppercut","floor":30},{"not_picked":["jedi:unlimitedpower","jedi:collectorstrike"],"picked":"Body Slam+1","floor":33},{"not_picked":["StuffTheSpire:RagingBull","conspire:ExplosiveBarrier+1"],"picked":"Flame Barrier+1","floor":37},{"not_picked":["hubris:ReadiedAction","ReplayTheSpireMod:Strike From Hell+1","Anger"],"picked":"SKIP","floor":38},{"not_picked":["expansioncontent:StudyTheSpire","Secret Technique"],"picked":"Sadistic Nature","floor":39},{"not_picked":["Poisoned Strike","Replay:Dark Deal"],"picked":"Violence","floor":39},{"not_picked":["jedi:fear","Body Slam+1","StuffTheSpire:Incineration+1"],"picked":"SKIP","floor":40},{"not_picked":["Wild Strike","hubris:CleavingFinish+1"],"picked":"Offering","floor":41},{"not_picked":["Dual Wield","Flex"],"picked":"Sword Boomerang+1","floor":43},{"not_picked":["Headbutt+1","Juggernaut","Sword Boomerang"],"picked":"SKIP","floor":46},{"not_picked":["hubris:InfiniteBlow","infinitespire:Execution"],"picked":"infinitespire:Gouge","floor":47},{"not_picked":["conspire:Purge","Wild Strike"],"picked":"Iron Wave+1","floor":48},{"not_picked":["Flex","jedi:fear","Whirlwind+1"],"picked":"SKIP","floor":50}],"player_experience":85777,"relics_obtained":[{"floor":6,"key":"Ancient Tea Set"},{"floor":9,"key":"halation:PromiseList"},{"floor":13,"key":"ReplayTheSpireMod:Spearhead"},{"floor":23,"key":"DemoMod:WhiteGuonStone"},{"floor":26,"key":"Blue Doll"},{"floor":28,"key":"DemoMod:ChaffGrenade"},{"floor":30,"key":"DemoMod:ClearGuonStone"},{"floor":33,"key":"aspiration:HummingbirdHeart"},{"floor":43,"key":"ReplayTheSpireMod:Lightbulb"},{"floor":45,"key":"ReplayFunnel"},{"floor":46,"key":"Strawberry"},{"floor":47,"key":"Turnip"},{"floor":48,"key":"CCEMRelics:TinyMinotavrHorn"}],"event_choices":[{"damage_healed":0,"gold_gain":0,"player_choice":"Box","damage_taken":0,"relics_obtained":["infinitespire:Lucky Rock"],"max_hp_gain":0,"max_hp_loss":0,"event_name":"Big Fish","floor":10,"gold_loss":0,"cards_obtained":["Regret"]},{"cards_removed":["Juggernaut"],"damage_healed":14,"gold_gain":0,"player_choice":"Offered Rare","damage_taken":0,"max_hp_gain":10,"max_hp_loss":0,"event_name":"Bonfire Elementals","floor":20,"gold_loss":0},{"cards_removed":["Regret"],"damage_healed":0,"gold_gain":0,"player_choice":"Removed Curses","damage_taken":0,"max_hp_gain":0,"max_hp_loss":0,"event_name":"Fountain of Cleansing","floor":21,"gold_loss":0},{"damage_healed":0,"gold_gain":0,"player_choice":"1","damage_taken":0,"max_hp_gain":0,"max_hp_loss":0,"event_name":"betterMatch:BetterMatch","floor":39,"gold_loss":0,"cards_obtained":["betterMatch:ColorlessRareCard","betterMatch:ColorlessRareCard"]}],"is_beta":false,"boss_relics":[{"not_picked":["halation:ForbiddenBikini","Runic Cube"],"picked":"aspiration:MobileForge"},{"not_picked":["Astrolabe","StuffTheSpire:RunicHypercube"],"picked":"StuffTheSpire:ModemDavis"}],"items_purged_floors":[],"is_endless":false,"potions_floor_spawned":[4,5,12,14,16,23,25,30,35,38,41,43],"ascension_level":1}}