{"host":"1stlzvh7atuy33yh","time":1610069531,"event":{"mods":["BaseMod","Colored Map","Colored Powertips","Downfall","Hermit","Minty Spire (QoL Compilation)","StSLib","The Disciple","The Hierophant"],"gold_per_floor":[99,99,99,99,111,124,124,134,15,31,31,31,31,31,51,148,148,73,73,83,83,101,101,148,158,168,6,18,44,144,15,27,27,27,27],"floor_reached":33,"playtime":3930,"items_purged":["Slimebound:Strike_Slimebound"],"score":282,"play_id":"1c5ca6ec-bfa5-4c0c-9542-77f585890be3","local_time":"20210107203211","is_ascension_mode":false,"campfire_choices":[{"data":"Slimebound:Split","floor":1,"key":"SMITH"},{"data":"Slimebound:Chomp","floor":18,"key":"SMITH"},{"floor":23,"key":"RECALL"}],"circlet_count":0,"master_deck":["Slimebound:Tackle","Slimebound:Defend_Slimebound","Slimebound:Defend_Slimebound","Slimebound:Split+1","Slimebound:CorrosiveSpit","Slimebound:PressTheAttack","Slimebound:RollThrough","Slimebound:Chomp+1","Slimebound:SplitAcid","Slimebound:LeadByExample","Slimebound:FinishingTackle","Slimebound:Nibble","Slimebound:SplitBruiser","Slimebound:MegaLick","Slimebound:SamplingLick","Slimebound:SlimeSpikes","Slimebound:MassRepurpose","Slimebound:PrepareCrush+1","Slimebound:SlimeSpikes+1","Slimebound:GoopSpray+1","RitualDagger+1","Slimebound:SplitMire","Slimebound:Schlurp+1","Slimebound:SlimeTap","Slimebound:Nibble","Slimebound:Overexert","Slimebound:Nibble","Slimebound:AcidTongue"],"relics":["Slimebound:AbsorbEndCombat","downfall:HeartsMalice","Ancient Tea Set","Astrolabe","downfall:HeartBlessingBlue","Oddly Smooth Stone","Strawberry","PreservedInsect","Sling"],"acts_visited":["Exordium","TheCity"],"potions_floor_usage":[16,16,33,33],"damage_taken":[{"damage":0,"enemies":"Cultist","floor":2,"turns":1},{"damage":0,"enemies":"2 Louse","floor":3,"turns":1},{"damage":0,"enemies":"Small Slimes","floor":4,"turns":1},{"damage":20,"enemies":"Gremlin Gang","floor":5,"turns":3},{"damage":31,"enemies":"Lots of Slimes","floor":6,"turns":3},{"damage":24,"enemies":"Blue Slaver","floor":8,"turns":3},{"damage":19,"enemies":"downfall:FleeingMerchant","floor":9,"turns":4},{"damage":4,"enemies":"Exordium Wildlife","floor":10,"turns":2},{"damage":21,"enemies":"Red Slaver","floor":15,"turns":2},{"damage":48,"enemies":"downfall:Watcher","floor":16,"turns":6},{"damage":0,"enemies":"Chosen","floor":19,"turns":1},{"damage":25,"enemies":"Snake Plant","floor":20,"turns":4},{"damage":23,"enemies":"Centurion and Healer","floor":22,"turns":3},{"damage":15,"enemies":"3 Cultists","floor":25,"turns":4},{"damage":32,"enemies":"Sentry and Sphere","floor":26,"turns":4},{"damage":16,"enemies":"downfall:FleeingMerchant","floor":27,"turns":4},{"damage":25,"enemies":"Snecko","floor":28,"turns":5},{"damage":70,"enemies":"Slavers","floor":29,"turns":5},{"damage":34,"enemies":"downfall:FleeingMerchant","floor":31,"turns":4},{"damage":23,"enemies":"Snake Plant","floor":32,"turns":3},{"damage":70,"enemies":"downfall:Silent","floor":33,"turns":6}],"seed_played":"647239719839507977","potions_obtained":[{"floor":6,"key":"SkillPotion"},{"floor":8,"key":"ColorlessPotion"},{"floor":16,"key":"FairyPotion"},{"floor":20,"key":"Fire Potion"},{"floor":32,"key":"Block Potion"}],"is_trial":false,"path_per_floor":["R","M","M","M","M","M","T","M","$","M","?","?","?","?","M","B",null,"R","M","M","?","M","R","T","M","M","$","M","E","?","$","M","B"],"character_chosen":"SLIMEBOUND","items_purchased":["Slimebound:SplitBruiser","Slimebound:MegaLick","Slimebound:Overexert","Slimebound:Nibble","PreservedInsect","Sling"],"campfire_rested":0,"item_purchase_floors":[9,9,27,31,31,31],"current_hp_per_floor":[60,60,60,60,50,31,31,21,20,26,26,26,26,46,41,35,60,70,70,65,65,50,50,50,51,35,51,50,27,27,25,18,0,0,0],"gold":27,"neow_bonus":"THREE_ENEMY_KILL","is_daily":false,"chose_seed":false,"campfire_upgraded":2,"win_rate":0.0,"timestamp":1610069531,"path_taken":["R","M","M","M","?","M","T","M","$","M","?","?","?","?","M","BOSS","R","M","M","?","M","R","T","M","M","$","M","E","?","$","M","BOSS"],"items_purchased_type":["Card","Card","Card","Card","Relic","Relic"],"build_version":"2020-12-22","purchased_purges":1,"victory":false,"max_hp_per_floor":[60,60,60,60,60,60,60,60,60,60,60,60,60,60,60,60,60,70,70,70,70,70,70,70,70,70,70,70,77,77,77,77,77,77,77],"card_choices":[{"not_picked":["Slimebound:AcidTongue","Slimebound:LeechingTouch"],"picked":"Slimebound:PressTheAttack","floor":2},{"not_picked":["Slimebound:LivingWall","Slimebound:GrowthPunch"],"picked":"Slimebound:RollThrough","floor":3},{"not_picked":["Slimebound:BestDefense","Slimebound:RollThrough"],"picked":"Slimebound:Chomp","floor":4},{"not_picked":["Slimebound:PressTheAttack","Slimebound:FinishingTackle"],"picked":"Slimebound:SplitAcid","floor":5},{"not_picked":["Slimebound:SlimeBrawl","Slimebound:LeechingTouch"],"picked":"Slimebound:LeadByExample","floor":6},{"not_picked":["Slimebound:Prepare","Slimebound:LeechingTouch"],"picked":"Slimebound:FinishingTackle","floor":8},{"not_picked":["Slimebound:RollThrough","Slimebound:DuplicatedForm"],"picked":"Slimebound:Nibble","floor":9},{"not_picked":["Slimebound:LeechEnergy","Slimebound:ViciousTackle"],"picked":"Slimebound:SamplingLick","floor":10},{"not_picked":["Slimebound:SamplingLick","Slimebound:Prepare"],"picked":"Slimebound:SlimeSpikes","floor":15},{"not_picked":["Slimebound:DuplicatedForm","Slimebound:WasteNot"],"picked":"Slimebound:MassRepurpose","floor":16},{"not_picked":["Slimebound:ViciousTackle","Slimebound:SamplingLick","Slimebound:LeechingTouch"],"picked":"SKIP","floor":19},{"not_picked":["Slimebound:SamplingLick","Slimebound:SplitBruiser","Slimebound:FinishingTackle"],"picked":"SKIP","floor":20},{"not_picked":["Slimebound:FirmFortitude","Slimebound:LeechingTouch+1"],"picked":"Slimebound:SplitMire","floor":22},{"not_picked":["Slimebound:GoopSpray","Slimebound:RollThrough"],"picked":"Slimebound:Schlurp+1","floor":25},{"not_picked":["Slimebound:LeechEnergy+1","Slimebound:LevelUp"],"picked":"Slimebound:SlimeTap","floor":26},{"not_picked":["Slimebound:RollThrough","Slimebound:ViciousTackle"],"picked":"Slimebound:Nibble","floor":27},{"not_picked":["Slimebound:GrowthPunch+1","Slimebound:SplitAcid","Slimebound:Gluttony"],"picked":"SKIP","floor":28},{"not_picked":["Slimebound:SplitAcid+1","Slimebound:Dissolve","Slimebound:Overexert"],"picked":"SKIP","floor":29},{"not_picked":["Slimebound:SplitAcid","Slimebound:SlimeTap","Slimebound:ViciousTackle+1"],"picked":"SKIP","floor":31},{"not_picked":["Slimebound:PressTheAttack","Slimebound:SplitBruiser"],"picked":"Slimebound:AcidTongue","floor":32}],"player_experience":81697,"relics_obtained":[{"floor":24,"key":"Oddly Smooth Stone"},{"floor":29,"key":"Strawberry"}],"event_choices":[{"cards_removed":["Slimebound:Strike_Slimebound"],"damage_healed":0,"gold_gain":0,"player_choice":"Forget","damage_taken":0,"max_hp_gain":0,"max_hp_loss":0,"event_name":"Living Wall","floor":11,"gold_loss":0},{"damage_healed":20,"gold_gain":0,"player_choice":"Banana","damage_taken":0,"max_hp_gain":0,"max_hp_loss":0,"event_name":"Big Fish","floor":14,"gold_loss":0}],"is_beta":false,"boss_relics":[{"not_picked":["Fusion Hammer","downfall:Hecktoplasm"],"picked":"Astrolabe"}],"items_purged_floors":[31],"is_endless":false,"potions_floor_spawned":[6,8,16,20,32],"killed_by":"downfall:Silent","ascension_level":0}}