{"host":"t7mx8yfj1no5p62f","time":1610123607,"event":{"mods":["BaseMod","Colored Map","Colored Powertips","Minty Spire (QoL Compilation)","Relic Stats","StSLib"],"gold_per_floor":[117,117,131,143,218,218,231,265,265,265,300,300,319,334,334,409,409,421,336,347,218,218,237,237,25,48,81,81,98,18,53,53,127,127,144,144,34,46,63,63,9,36,83,83,108,118,130,140,140,140,140,140,140,55,81,81],"floor_reached":57,"playtime":3011,"items_purged":["Strike_G"],"score":3023,"play_id":"7fd5bf7d-5ca8-4b23-92dd-d1f13a47579e","local_time":"20210108113327","is_ascension_mode":true,"campfire_choices":[{"data":"Deadly Poison","floor":6.0,"key":"SMITH"},{"data":"Noxious Fumes","floor":12.0,"key":"SMITH"},{"data":"Catalyst","floor":15.0,"key":"SMITH"},{"data":"Tools of the Trade","floor":24.0,"key":"SMITH"},{"data":"Calculated Gamble","floor":28.0,"key":"SMITH"},{"data":"Acrobatics","floor":32.0,"key":"SMITH"},{"floor":40.0,"key":"RECALL"}],"circlet_count":0,"master_deck":["AscendersBane","Defend_G","Defend_G+1","Defend_G","Defend_G","Survivor","Neutralize","Deadly Poison+1","Catalyst+1","Noxious Fumes+1","Acrobatics+1","Tools of the Trade+1","Dash","Calculated Gamble+1","Bouncing Flask","Glass Knife","Prepared+1","Acrobatics+1","Skewer+1","Reflex+1","Catalyst+1","PiercingWail","Acrobatics","Backflip","PiercingWail","Outmaneuver","Doppelganger","Tactician","Concentrate","Well Laid Plans","Crippling Poison+1","Acrobatics","Calculated Gamble","Caltrops+1"],"relics":["Coffee Dripper","WarpedTongs","Bag of Marbles","Question Card","Spirit Poop","Turnip","Astrolabe","Centennial Puzzle","Toy Ornithopter","CaptainsWheel","Bronze Scales","Fusion Hammer","Strawberry","Omamori","MealTicket","Bottled Lightning"],"acts_visited":["Exordium","TheCity","TheBeyond","TheEnding"],"potions_floor_usage":[56],"damage_taken":[{"damage":0.0,"enemies":"2 Louse","floor":1.0,"turns":3.0},{"damage":3.0,"enemies":"Cultist","floor":3.0,"turns":4.0},{"damage":6.0,"enemies":"Small Slimes","floor":4.0,"turns":4.0},{"damage":5.0,"enemies":"Blue Slaver","floor":7.0,"turns":4.0},{"damage":16.0,"enemies":"3 Sentries","floor":8.0,"turns":8.0},{"damage":3.0,"enemies":"Gremlin Nob","floor":11.0,"turns":3.0},{"damage":0.0,"enemies":"Exordium Thugs","floor":13.0,"turns":3.0},{"damage":0.0,"enemies":"3 Louse","floor":14.0,"turns":3.0},{"damage":0.0,"enemies":"Hexaghost","floor":16.0,"turns":6.0},{"damage":0.0,"enemies":"Spheric Guardian","floor":18.0,"turns":3.0},{"damage":15.0,"enemies":"Shell Parasite","floor":20.0,"turns":3.0},{"damage":13.0,"enemies":"Snecko","floor":23.0,"turns":3.0},{"damage":0.0,"enemies":"Gremlin Leader","floor":27.0,"turns":5.0},{"damage":5.0,"enemies":"Centurion and Healer","floor":29.0,"turns":5.0},{"damage":16.0,"enemies":"Slavers","floor":31.0,"turns":5.0},{"damage":0.0,"enemies":"Champ","floor":33.0,"turns":6.0},{"damage":0.0,"enemies":"Orb Walker","floor":35.0,"turns":2.0},{"damage":0.0,"enemies":"3 Darklings","floor":38.0,"turns":4.0},{"damage":0.0,"enemies":"Maw","floor":39.0,"turns":4.0},{"damage":2.0,"enemies":"Nemesis","floor":42.0,"turns":3.0},{"damage":4.0,"enemies":"Reptomancer","floor":45.0,"turns":5.0},{"damage":1.0,"enemies":"Writhing Mass","floor":46.0,"turns":4.0},{"damage":1.0,"enemies":"Sphere and 2 Shapes","floor":47.0,"turns":4.0},{"damage":2.0,"enemies":"Spire Growth","floor":48.0,"turns":4.0},{"damage":43.0,"enemies":"Time Eater","floor":50.0,"turns":6.0},{"damage":15.0,"enemies":"Donu and Deca","floor":51.0,"turns":7.0},{"damage":9.0,"enemies":"Shield and Spear","floor":55.0,"turns":6.0},{"damage":54,"enemies":"The Heart","floor":56,"turns":8}],"seed_played":"-2785445100705574840","potions_obtained":[{"floor":1.0,"key":"SteroidPotion"},{"floor":4.0,"key":"Dexterity Potion"},{"floor":14.0,"key":"EssenceOfSteel"},{"floor":16.0,"key":"GhostInAJar"},{"floor":27.0,"key":"Weak Potion"},{"floor":31.0,"key":"SpeedPotion"},{"floor":46.0,"key":"SneckoOil"},{"floor":47.0,"key":"GamblersBrew"}],"is_trial":false,"path_per_floor":["M","?","M","M","?","R","M","E","T","?","E","R","M","M","R","B",null,"M","?","M","$","?","M","R","$","T","E","R","M","$","E","R","B",null,"M","?","?","M","M","R","$","E","T","R","E","M","M","M","R","B","B",null,"R","$","E","B",null],"character_chosen":"THE_SILENT","items_purchased":["PiercingWail","Toy Ornithopter","Acrobatics","DuplicationPotion","Explosive Potion","GamblersBrew"],"campfire_rested":0,"item_purchase_floors":[21,25,25,30,41,54],"current_hp_per_floor":[59,59,56,50,39,39,34,18,18,18,15,15,15,15,15,15,53,53,53,38,38,38,25,25,25,25,30,30,30,30,19,19,19,54,54,54,54,54,59,59,59,64,64,64,65,64,63,61,61,23,8,57,57,72,68,19],"gold":81,"neow_bonus":"BOSS_RELIC","is_daily":false,"chose_seed":false,"campfire_upgraded":6,"win_rate":0.0,"timestamp":1610123607,"path_taken":["M","?","M","?","?","R","M","E","T","?","E","R","M","?","R","BOSS","M","?","M","$","?","M","R","?","T","E","R","M","?","E","R","BOSS","M","?","?","M","?","R","?","E","T","R","E","M","M","?","R","BOSS","BOSS","R","$","E","BOSS"],"items_purchased_type":["Card","Relic","Card","Potion","Potion","Potion"],"build_version":"2020-12-22","purchased_purges":1,"victory":true,"max_hp_per_floor":[66,66,66,66,66,66,66,66,66,66,66,66,66,66,66,66,66,66,66,66,66,66,66,66,66,66,66,66,66,66,66,66,66,66,66,66,66,66,66,66,66,73,73,73,73,73,73,73,73,73,73,73,73,73,73,73],"relic_stats":{"Centennial Puzzle":[39],"counters":[28,125],"Astrolabe":["Prepared","Acrobatics","Skewer"],"Bronze Scales":[204],"MealTicket":15,"Turnip":[27],"Question Card":20,"obtain_stats":[{"Astrolabe":17,"Spirit Poop":10,"Omamori":43,"Question Card":9,"WarpedTongs":2,"Centennial Puzzle":19,"CaptainsWheel":27,"Bronze Scales":31,"Strawberry":42,"MealTicket":45,"Turnip":11,"Fusion Hammer":34,"Coffee Dripper":0,"Bag of Marbles":8,"Bottled Lightning":55,"Toy Ornithopter":25,"Ring of the Snake":0},{"Astrolabe":9,"Spirit Poop":5,"Omamori":20,"Question Card":5,"WarpedTongs":1,"Centennial Puzzle":10,"CaptainsWheel":13,"Bronze Scales":15,"Strawberry":20,"MealTicket":21,"Turnip":6,"Fusion Hammer":16,"Coffee Dripper":0,"Bag of Marbles":5,"Bottled Lightning":27,"Toy Ornithopter":12,"Ring of the Snake":0},{"Astrolabe":38,"Spirit Poop":23,"Omamori":81,"Question Card":23,"WarpedTongs":3,"Centennial Puzzle":41,"CaptainsWheel":52,"Bronze Scales":62,"Strawberry":81,"MealTicket":86,"Turnip":26,"Fusion Hammer":68,"Coffee Dripper":0,"Bag of Marbles":23,"Bottled Lightning":117,"Toy Ornithopter":47,"Ring of the Snake":0}],"Toy Ornithopter":40,"WarpedTongs":[119]},"card_choices":[{"not_picked":["Flechettes","Cloak And Dagger"],"picked":"Deadly Poison","floor":1.0},{"not_picked":["Endless Agony","Expertise"],"picked":"Catalyst","floor":3.0},{"not_picked":["Underhanded Strike","Flechettes"],"picked":"Noxious Fumes","floor":4.0},{"not_picked":["Backstab","Dagger Spray"],"picked":"Acrobatics","floor":7.0},{"not_picked":["Heel Hook","Blade Dance"],"picked":"Tools of the Trade","floor":8.0},{"not_picked":["Deflect","Deadly Poison","Crippling Poison"],"picked":"Dash","floor":11.0},{"not_picked":["Deflect","Terror","Quick Slash"],"picked":"Calculated Gamble","floor":13.0},{"not_picked":["Flechettes","Cloak And Dagger","Quick Slash"],"picked":"Bouncing Flask","floor":14.0},{"not_picked":["Grand Finale","Storm of Steel","A Thousand Cuts"],"picked":"Glass Knife","floor":16.0},{"not_picked":["Acrobatics+1","Underhanded Strike","Predator"],"picked":"Reflex+1","floor":18.0},{"not_picked":["Escape Plan","Deadly Poison+1","Accuracy"],"picked":"Catalyst+1","floor":20.0},{"not_picked":["Outmaneuver","Underhanded Strike","Dodge and Roll","Poisoned Stab"],"picked":"SKIP","floor":23.0},{"not_picked":["Bouncing Flask+1","Slice","Distraction"],"picked":"Backflip","floor":27.0},{"not_picked":["Dagger Spray","Eviscerate","Endless Agony"],"picked":"PiercingWail","floor":29.0},{"not_picked":["Cloak And Dagger","Terror+1","Underhanded Strike"],"picked":"Outmaneuver","floor":31.0},{"not_picked":["A Thousand Cuts","Phantasmal Killer","Glass Knife"],"picked":"Doppelganger","floor":33.0},{"not_picked":["Sucker Punch+1","Poisoned Stab","Dodge and Roll"],"picked":"Tactician","floor":35.0},{"not_picked":["Grand Finale","Slice+1","Endless Agony+1","Deflect"],"picked":"SKIP","floor":38.0},{"not_picked":["Outmaneuver+1","Finisher","Accuracy"],"picked":"Concentrate","floor":39.0},{"not_picked":["Poisoned Stab+1","Choke","Phantasmal Killer","Bane"],"picked":"SKIP","floor":42.0},{"not_picked":["Leg Sweep","Prepared","Dagger Throw+1"],"picked":"Well Laid Plans","floor":45.0},{"not_picked":["Underhanded Strike","Dodge and Roll","Quick Slash"],"picked":"Crippling Poison+1","floor":46.0},{"not_picked":["Slice","Underhanded Strike","Poisoned Stab"],"picked":"Acrobatics","floor":47.0},{"not_picked":["Dagger Spray+1","Slice+1","Deadly Poison+1"],"picked":"Calculated Gamble","floor":48.0},{"not_picked":["Backflip","Corpse Explosion","Accuracy"],"picked":"Caltrops+1","floor":55.0}],"player_experience":1685067,"relics_obtained":[{"floor":8.0,"key":"Bag of Marbles"},{"floor":9.0,"key":"Question Card"},{"floor":11.0,"key":"Turnip"},{"floor":27.0,"key":"CaptainsWheel"},{"floor":31.0,"key":"Bronze Scales"},{"floor":42.0,"key":"Strawberry"},{"floor":43.0,"key":"Omamori"},{"floor":45.0,"key":"MealTicket"},{"floor":55.0,"key":"Bottled Lightning"}],"event_choices":[{"damage_healed":0.0,"max_hp_gain":0.0,"max_hp_loss":0.0,"gold_gain":0.0,"event_name":"Accursed Blacksmith","player_choice":"Rummage","floor":2.0,"gold_loss":0.0,"damage_taken":0.0,"relics_obtained":["WarpedTongs"],"cards_obtained":["Pain"]},{"damage_healed":0.0,"max_hp_gain":0.0,"max_hp_loss":0.0,"gold_gain":75.0,"event_name":"World of Goop","player_choice":"Gather Gold","floor":5.0,"gold_loss":0.0,"damage_taken":11.0},{"cards_removed":["Pain"],"damage_healed":0.0,"max_hp_gain":0.0,"max_hp_loss":0.0,"gold_gain":0.0,"event_name":"Bonfire Elementals","player_choice":"Offered Curse","floor":10.0,"gold_loss":0.0,"damage_taken":0.0,"relics_obtained":["Spirit Poop"]},{"damage_healed":0.0,"max_hp_gain":0.0,"max_hp_loss":0.0,"gold_gain":0.0,"event_name":"Addict","player_choice":"Obtained Relic","floor":19.0,"gold_loss":85.0,"damage_taken":0.0,"relics_obtained":["Centennial Puzzle"]},{"damage_healed":0.0,"max_hp_gain":0.0,"max_hp_loss":0.0,"gold_gain":0.0,"event_name":"The Mausoleum","player_choice":"Ignored","floor":22.0,"gold_loss":0.0,"damage_taken":0.0},{"cards_removed":["Defend_G"],"damage_healed":0.0,"max_hp_gain":0.0,"max_hp_loss":0.0,"gold_gain":0.0,"event_name":"Falling","player_choice":"Removed Skill","floor":36.0,"gold_loss":0.0,"damage_taken":0.0},{"cards_removed":["Strike_G"],"damage_healed":0.0,"max_hp_gain":0.0,"max_hp_loss":0.0,"gold_gain":0.0,"event_name":"Designer","player_choice":"Upgrade and Remove","floor":37.0,"gold_loss":110.0,"damage_taken":0.0,"cards_upgraded":["Defend_G"]}],"is_beta":false,"boss_relics":[{"not_picked":["Sozu","SlaversCollar"],"picked":"Astrolabe"},{"not_picked":["Philosopher\u0027s Stone","Tiny House"],"picked":"Fusion Hammer"}],"items_purged_floors":[21],"is_endless":false,"potions_floor_spawned":[1,4,8,14,16,18,20,27,31,38,46,47],"ascension_level":20}}