{"host":"zig6x0mxqzam82fb","time":1610068403,"event":{"mods":["BaseMod","Block Reminder","Colored Map","Colored Powertips","Marisa????????","Minty Spire (QoL Compilation)","Relic Stats","StSLib","The Cursed","The Marked","Waifu the Spire"],"gold_per_floor":[113,113,131,147,164,164,198,198,198,198,208,222,242,256,256,256,256],"floor_reached":16,"playtime":809,"items_purged":[],"score":257,"play_id":"dad08f06-d550-44a4-9f14-24c3c287cef6","local_time":"20210107201323","is_ascension_mode":true,"campfire_choices":[{"floor":6,"key":"REST"},{"floor":8,"key":"REST"},{"floor":15,"key":"REST"}],"circlet_count":0,"master_deck":["AscendersBane","Strike_B","Strike_B","Strike_B","Strike_B","Defend_B","Defend_B","Defend_B","Zap","Dualcast","Go for the Eyes","Compile Driver","Beam Cell","Thunder Strike","Redo","Ball Lightning","Cold Snap","Streamline","Auto Shields"],"relics":["Inserter","FossilizedHelix","Gambling Chip","Girya"],"acts_visited":["Exordium"],"potions_floor_usage":[7,14,16],"damage_taken":[{"damage":14,"enemies":"Jaw Worm","floor":1,"turns":4},{"damage":3,"enemies":"Cultist","floor":3,"turns":4},{"damage":14,"enemies":"2 Louse","floor":4,"turns":3},{"damage":11,"enemies":"Looter","floor":5,"turns":3},{"damage":40,"enemies":"Gremlin Nob","floor":7,"turns":5},{"damage":8,"enemies":"Blue Slaver","floor":11,"turns":3},{"damage":0,"enemies":"2 Fungi Beasts","floor":12,"turns":3},{"damage":0,"enemies":"Exordium Thugs","floor":13,"turns":4},{"damage":5,"enemies":"Gremlin Gang","floor":14,"turns":3}],"seed_played":"-1518986204387411344","potions_obtained":[{"floor":1,"key":"Dexterity Potion"},{"floor":3,"key":"Energy Potion"},{"floor":11,"key":"GamblersBrew"},{"floor":12,"key":"BlessingOfTheForge"}],"is_trial":false,"path_per_floor":["M","?","M","M","M","R","E","R","T","?","M","M","M","M","R","B"],"character_chosen":"DEFECT","items_purchased":[],"campfire_rested":3,"item_purchase_floors":[],"current_hp_per_floor":[54,54,51,37,26,48,8,30,30,23,15,15,15,10,32,0,0],"gold":256,"neow_bonus":"BOSS_RELIC","is_daily":false,"chose_seed":false,"campfire_upgraded":0,"win_rate":0.0,"timestamp":1610068403,"path_taken":["M","?","M","M","?","R","E","R","T","?","M","M","M","M","R","BOSS"],"items_purchased_type":[],"build_version":"2020-12-22","purchased_purges":0,"victory":false,"max_hp_per_floor":[75,75,75,75,75,75,75,75,75,75,75,75,75,75,75,75,75],"relic_stats":{"Inserter":[21],"counters":[10,43],"Gambling Chip":[12],"obtain_stats":[{"Girya":10,"Inserter":0,"Gambling Chip":9,"Cracked Core":0,"FossilizedHelix":7},{"Girya":5,"Inserter":0,"Gambling Chip":5,"Cracked Core":0,"FossilizedHelix":5},{"Girya":19,"Inserter":0,"Gambling Chip":19,"Cracked Core":0,"FossilizedHelix":19}]},"card_choices":[{"not_picked":["Scrape","Redo"],"picked":"Go for the Eyes","floor":1},{"not_picked":["Storm","Undo"],"picked":"Compile Driver","floor":3},{"not_picked":["Steam","Self Repair"],"picked":"Beam Cell","floor":4},{"not_picked":["Beam Cell","Coolheaded"],"picked":"Thunder Strike","floor":5},{"not_picked":["Turbo","Fusion"],"picked":"Redo","floor":7},{"not_picked":["Sweeping Beam","Turbo"],"picked":"Ball Lightning","floor":11},{"not_picked":["Leap","Rebound"],"picked":"Cold Snap","floor":12},{"not_picked":["Reprogram","Meteor Strike"],"picked":"Streamline","floor":13},{"not_picked":["Turbo","Streamline"],"picked":"Auto Shields","floor":14}],"player_experience":452367,"relics_obtained":[{"floor":7,"key":"FossilizedHelix"},{"floor":9,"key":"Gambling Chip"}],"event_choices":[{"cards_removed":["Defend_B"],"damage_healed":0,"gold_gain":0,"player_choice":"Offered Basic","damage_taken":0,"max_hp_gain":0,"max_hp_loss":0,"event_name":"Bonfire Elementals","floor":2,"gold_loss":0},{"damage_healed":0,"gold_gain":0,"player_choice":"Success","damage_taken":7,"relics_obtained":["Girya"],"max_hp_gain":0,"max_hp_loss":0,"event_name":"Scrap Ooze","floor":10,"gold_loss":0}],"is_beta":false,"boss_relics":[],"items_purged_floors":[],"is_endless":false,"potions_floor_spawned":[1,3,11,12],"killed_by":"The Guardian","ascension_level":13}}