{"host":"dwyzfvnzfcqffr30","time":1610097629,"event":{"mods":["2.2 Compatiblity","Act Like it!","BaseMod","Beaked The Cultist","Better Altar","Better Match","Better Note","Better Sensory Stone","Better Skull","Better Third Choice","Clockwork Mod","Colored Map","Colored Powertips","Conspire","Downfall","Elementarium","GifTheSpireLib","Halation","Hermit","Hubris","Infinite Spire","Ironclad Rager","Jedi Mod","Menagerie","Mimic Mod","Minty Spire (QoL Compilation)","Permanent Neow","Random Character Button","Replay The Spire","Spicy Shops","StSLib","Stuff the Spire","The Construct","The Disciple","The Druid","The Marked","TheFirefly","Trackpad","vexMod"],"gold_per_floor":[435,435,535,588,588,588,661,722,722,722,787,942,1012,1203,1203,1359,1359,1462,1675,1675,1804,1804,2061,2061,2215,2215,2215,2215,2215],"floor_reached":28,"playtime":2340,"items_purged":[],"score":463,"play_id":"869beed3-f792-4926-82f7-f56e4189b8bd","local_time":"20210108012029","is_ascension_mode":true,"campfire_choices":[{"floor":6,"key":"RECALL"},{"floor":10,"key":"REST"},{"floor":15,"key":"REST"},{"floor":24,"key":"REST"},{"floor":27,"key":"REST"}],"circlet_count":0,"master_deck":["AscendersBane","beaked:Strike_Y+1","beaked:Strike_Y+1","beaked:Strike_Y+1","beaked:Strike_Y+1","beaked:Strike_Y+1","beaked:Strike_Y+1","beaked:Defend_Y+1","beaked:Defend_Y+1","beaked:Defend_Y+1","beaked:Defend_Y+1","beaked:Ceremony+1","beaked:Ceremony+1","beaked:Ceremony+1","MasterReality+1","beaked:BraceForImpact+1","beaked:DigDeep+1","beaked:MachineSpirit+1","beaked:MaddeningMurmurs+1","beaked:Cower+1","beaked:Foresight+1","beaked:RitualOfBody+1","beaked:Roost+1","beaked:Resilience+1","Necronomicurse","hubris:NaturalOne"],"relics":["beaked:MendingPlumage","Whetstone","SacredBark","Toxic Egg 2","Molten Egg 2","Frozen Egg 2","Quantum Egg","hubris:EvacipatedBox","Juzu Bracelet","infinitespire:EvilPickle","Bottled Tornado","hubris:Icosahedron","StuffTheSpire:TintedRock","Question Card","jedi:HeartOfTheCards","halation:LettersToHer","Necronomicon","The Courier","Replay:Rubber Ducky"],"acts_visited":["Exordium","TheCity"],"potions_floor_usage":[4,12,13,23,28],"damage_taken":[{"damage":4,"enemies":"Small Slimes","floor":1,"turns":4},{"damage":0,"enemies":"2 Louse","floor":4,"turns":1},{"damage":6,"enemies":"Replay:BlueRogue","floor":7,"turns":8},{"damage":29,"enemies":"Cultist","floor":8,"turns":6},{"damage":14,"enemies":"Exordium Wildlife","floor":11,"turns":5},{"damage":18,"enemies":"Lagavulin","floor":12,"turns":7},{"damage":10,"enemies":"Looter","floor":13,"turns":1},{"damage":18,"enemies":"2 Fungi Beasts","floor":14,"turns":7},{"damage":43,"enemies":"Slime Boss","floor":16,"turns":11},{"damage":52,"enemies":"Chosen","floor":18,"turns":10},{"damage":31,"enemies":"Shell Parasite","floor":19,"turns":10},{"damage":48,"enemies":"Sentry and Sphere","floor":21,"turns":9},{"damage":42,"enemies":"Replay:Snechameleon","floor":23,"turns":10},{"damage":47,"enemies":"Snake Plant","floor":25,"turns":9},{"damage":81,"enemies":"Slavers","floor":28,"turns":9}],"seed_played":"59639515642890623","potions_obtained":[{"floor":1,"key":"Explosive Potion"},{"floor":7,"key":"jedi:tentaclejuice"},{"floor":19,"key":"Toxic Potion"},{"floor":23,"key":"Elixir"}],"is_trial":false,"path_per_floor":["M","?","?","M","?","R","E","M","T","R","M","E","M","M","R","B",null,"M","M","?","M","?","E","R","M","T","R","E"],"character_chosen":"BEAKED_THE_CULTIST","items_purchased":[],"campfire_rested":4,"item_purchase_floors":[],"current_hp_per_floor":[50,50,50,50,50,50,50,29,29,44,50,50,40,44,50,50,50,48,50,50,37,21,43,50,40,40,50,0,0],"gold":2215,"neow_bonus":"RANDOM_COMMON_RELIC","is_daily":false,"chose_seed":false,"campfire_upgraded":0,"win_rate":0.0,"timestamp":1610097629,"path_taken":["M","?","?","M","?","R","E","M","T","R","M","E","M","M","R","BOSS","M","M","?","M","?","E","R","M","T","R","E"],"items_purchased_type":[],"build_version":"2020-12-22","purchased_purges":0,"victory":false,"max_hp_per_floor":[50,50,50,50,50,50,50,50,50,50,50,50,50,50,50,50,50,50,50,50,50,50,50,50,50,50,50,50,50],"card_choices":[{"not_picked":["beaked:Tweet+1","beaked:Redirect+1"],"picked":"beaked:BraceForImpact+1","floor":1},{"not_picked":["beaked:SurvivalInstinct+1","beaked:CursingBlood+1"],"picked":"beaked:DigDeep+1","floor":4},{"not_picked":["beaked:DigDeep+1","beaked:Daydream+1"],"picked":"beaked:MachineSpirit+1","floor":7},{"not_picked":["beaked:Insight+1","beaked:Redirect+1"],"picked":"beaked:MaddeningMurmurs+1","floor":8},{"not_picked":["beaked:Redirect+1","beaked:DigDeep+1","beaked:HuntressSpirit+1"],"picked":"beaked:Cower+1","floor":11},{"not_picked":["beaked:FeelMyPain+1","beaked:BraceForImpact+1","beaked:Brainwash+1"],"picked":"beaked:Foresight+1","floor":12},{"not_picked":["beaked:Flinch+1","beaked:Brace+1","beaked:Windmill+1"],"picked":"beaked:RitualOfBody+1","floor":13},{"not_picked":["beaked:WarriorEssence+1","beaked:Recite+1","beaked:TuckingFeathers+1"],"picked":"beaked:Roost+1","floor":14},{"not_picked":["beaked:Recite+1","beaked:Tweet+1","beaked:Flinch+1","beaked:HuntressSpirit+1"],"picked":"SKIP","floor":18},{"not_picked":["beaked:Insight+1","beaked:DigDeeper+1","beaked:BraceForImpact+1"],"picked":"beaked:Resilience+1","floor":19},{"not_picked":["beaked:SurvivalInstinct+1","beaked:Recite+1","beaked:Insight+1","beaked:CursingBlood+1"],"picked":"SKIP","floor":21},{"not_picked":["beaked:Resilience+1","beaked:Flinch+1","beaked:VolatileMisfortune+1","beaked:Cower+1"],"picked":"SKIP","floor":23},{"not_picked":["beaked:Flinch+1","beaked:FeelMyPain+1","beaked:Daydream+1","beaked:CursingBlood+1"],"picked":"SKIP","floor":25}],"player_experience":2645167,"relics_obtained":[{"floor":7,"key":"StuffTheSpire:TintedRock"},{"floor":9,"key":"Question Card"},{"floor":12,"key":"jedi:HeartOfTheCards"},{"floor":20,"key":"halation:LettersToHer"},{"floor":22,"key":"Necronomicon"},{"floor":23,"key":"The Courier"},{"floor":26,"key":"halation:LettersToHer"},{"floor":26,"key":"Replay:Rubber Ducky"}],"event_choices":[{"damage_healed":0,"gold_gain":0,"player_choice":"Simplicity","damage_taken":0,"max_hp_gain":0,"max_hp_loss":8,"event_name":"betterThird:BetterWriting","floor":0,"gold_loss":0},{"damage_healed":0,"gold_gain":100,"player_choice":"Gold","damage_taken":0,"max_hp_gain":0,"max_hp_loss":0,"event_name":"Wheel of Change","floor":3,"gold_loss":0},{"damage_healed":0,"gold_gain":0,"player_choice":"Leave","damage_taken":0,"max_hp_gain":0,"max_hp_loss":0,"event_name":"conspire:Investor","floor":5,"gold_loss":0},{"damage_healed":0,"gold_gain":0,"player_choice":"Obtained Book","damage_taken":16,"max_hp_gain":0,"max_hp_loss":0,"event_name":"Cursed Tome","floor":22,"gold_loss":0}],"is_beta":false,"boss_relics":[{"not_picked":["Velvet Choker","jedi:battlestandard","Coffee Dripper","vexMod:RockOfEvil"]}],"items_purged_floors":[],"is_endless":false,"potions_floor_spawned":[1,7,14,16,19,23,25],"killed_by":"Slavers","ascension_level":13}}