{"host":"7sy3dyg71hje4mzx","time":1610107439,"event":{"mods":["BaseMod","Downfall","Minty Spire (QoL Compilation)","StSLib"],"gold_per_floor":[99,118,32,32,44,44,67,83,101,101,117,146,162,147,160,160,160,160],"floor_reached":16,"playtime":1203,"items_purged":[],"score":94,"play_id":"a6f6f48d-cf44-4814-91c4-bd1400aa00f3","local_time":"20210108230359","is_ascension_mode":false,"campfire_choices":[{"data":"champ:Taunt","floor":1.0,"key":"SMITH"},{"data":"champ:ViciousMockery","floor":10.0,"key":"SMITH"}],"circlet_count":0,"master_deck":["champ:Strike","champ:Strike","champ:Strike","champ:Strike","champ:Defend","champ:Defend","champ:Defend","champ:Execute","champ:Taunt+1","champ:BerserkerStyle","champ:Lariat","champ:ViciousMockery+1","champ:ArenaPreparation","champ:BringItOn","champ:FalseCounter","champ:Devastate","champ:BringItOn"],"relics":["champ:ChampionCrown","Toy Ornithopter","Odd Mushroom"],"acts_visited":["Exordium"],"potions_floor_usage":[16,16,16],"damage_taken":[{"damage":11.0,"enemies":"Cultist","floor":2.0,"turns":3.0},{"damage":9.0,"enemies":"downfall:FleeingMerchant","floor":3.0,"turns":4.0},{"damage":48.0,"enemies":"2 Louse","floor":5.0,"turns":6.0},{"damage":32.0,"enemies":"Jaw Worm","floor":8.0,"turns":4.0},{"damage":55.0,"enemies":"Lots of Slimes","floor":9.0,"turns":7.0},{"damage":30.0,"enemies":"3 Louse","floor":11.0,"turns":7.0},{"damage":54.0,"enemies":"The Mushroom Lair","floor":12.0,"turns":6.0},{"damage":8,"enemies":"Exordium Wildlife","floor":13,"turns":4},{"damage":8,"enemies":"downfall:FleeingMerchant","floor":14,"turns":4},{"damage":7,"enemies":"Blue Slaver","floor":15,"turns":3},{"damage":35,"enemies":"downfall:Ironclad","floor":16,"turns":3}],"seed_played":"3949450608599741159","potions_obtained":[{"floor":5.0,"key":"SteroidPotion"},{"floor":11.0,"key":"Ancient Potion"},{"floor":12.0,"key":"Energy Potion"}],"is_trial":false,"path_per_floor":["R","M","$","?","M","?","T","M","M","R","M","?","M","$","M","B"],"character_chosen":"THE_CHAMP","items_purchased":["champ:ViciousMockery"],"campfire_rested":0,"item_purchase_floors":[3],"current_hp_per_floor":[99,98,98,98,89,54,54,53,38,38,35,9,9,8,8,0,0,0],"gold":160,"neow_bonus":"TEN_PERCENT_HP_BONUS","is_daily":false,"chose_seed":false,"campfire_upgraded":2,"win_rate":0.0,"timestamp":1610107439,"path_taken":["R","M","?","?","?","?","T","?","M","R","M","?","M","?","M","BOSS"],"items_purchased_type":["Card"],"build_version":"2020-12-22","purchased_purges":0,"victory":false,"max_hp_per_floor":[99,99,99,99,99,99,99,99,99,99,99,99,99,99,99,99,99,99],"card_choices":[{"not_picked":["champ:GutPunch","champ:SkillfulDodge"],"picked":"champ:BerserkerStyle","floor":2.0},{"not_picked":["champ:CrookedStrike","champ:FocusedBerserking"],"picked":"champ:Lariat","floor":3.0},{"not_picked":["champ:HeartStrike","champ:DefensiveStyle"],"picked":"champ:ArenaPreparation","floor":5.0},{"not_picked":["champ:PerfectedStrike","champ:Riposte","champ:FocusedGladiator"],"picked":"SKIP","floor":8.0},{"not_picked":["champ:DefensiveShout","champ:FlashCut"],"picked":"champ:BringItOn","floor":9.0},{"not_picked":["champ:DeathBlow","champ:FlashCut","champ:GladiatorsShout"],"picked":"SKIP","floor":11.0},{"not_picked":["champ:FaceSlap","champ:AdrenalArmor"],"picked":"champ:FalseCounter","floor":13},{"not_picked":["champ:BladeFlurry","champ:StanceDance"],"picked":"champ:Devastate","floor":14},{"not_picked":["champ:GladiatorsShout","champ:PreciseThrust"],"picked":"champ:BringItOn","floor":15}],"player_experience":184212,"relics_obtained":[{"floor":7.0,"key":"Toy Ornithopter"},{"floor":12.0,"key":"Odd Mushroom"}],"event_choices":[{"cards_removed":["champ:Defend"],"damage_healed":0.0,"max_hp_gain":0.0,"max_hp_loss":0.0,"gold_gain":0.0,"event_name":"Bonfire Elementals","player_choice":"Offered Basic","floor":4.0,"gold_loss":0.0,"damage_taken":0.0},{"damage_healed":0.0,"max_hp_gain":0.0,"max_hp_loss":0.0,"gold_gain":0.0,"event_name":"Mushrooms","player_choice":"Fought Mushrooms","floor":12.0,"gold_loss":0.0,"damage_taken":0.0}],"is_beta":false,"boss_relics":[],"items_purged_floors":[],"is_endless":false,"potions_floor_spawned":[5,11,12],"killed_by":"downfall:Ironclad","ascension_level":0}}