{"host":"jl15pmpb41l0mhji","time":1610132617,"event":{"mods":["2.2 Compatiblity","AchievementEnabler","BaseMod","Better Altar","Better Match","Better Note","Better Sensory Stone","Better Skull","Better Third Choice","Better Vampires","Colored Map","Displayed Cursed Tome","Emptier Cage","Hermit","Highlight Path","Minty Spire (QoL Compilation)","Permanent Neow","Random Character Button","Relic Stats","StSLib","The Hierophant"],"gold_per_floor":[110,130,80,1,21,52,52,85,85,102,102,102,65,65,65,163,163,183,193,205,221,146,146,171,171,194,206,232,244,256,303,315,327,327],"floor_reached":33,"playtime":1250,"items_purged":[],"score":333,"play_id":"915746cc-df1b-4995-8c54-8605b503703f","local_time":"20210108130337","is_ascension_mode":true,"campfire_choices":[{"data":"Neutralize","floor":7,"key":"SMITH"},{"data":"Footwork","floor":11,"key":"SMITH"},{"data":"Blur","floor":15,"key":"SMITH"},{"data":"Heel Hook","floor":23,"key":"SMITH"},{"data":"Cloak And Dagger","floor":25,"key":"SMITH"},{"data":"Dagger Spray","floor":27,"key":"SMITH"},{"floor":29,"key":"REST"},{"data":"Bite","floor":32,"key":"SMITH"}],"circlet_count":0,"master_deck":["Defend_G","Defend_G","Defend_G","Survivor","Neutralize+1","Dramatic Entrance","Dagger Spray+1","Cloak And Dagger+1","Heel Hook+1","Footwork+1","Blur+1","Terror+1","Backflip+1","Reflex+1","Riddle With Holes+1","Phantasmal Killer+1","Flying Knee+1","Well Laid Plans+1","Acrobatics+1","Leg Sweep+1","Storm of Steel+1","Bite","Bite","Bite","Bite+1","Quick Slash+1"],"relics":["Ring of the Snake","Bird Faced Urn","Toxic Egg 2","Sozu","Frozen Egg 2","MawBank","HornCleat"],"acts_visited":["Exordium","TheCity"],"potions_floor_usage":[6,18,24],"damage_taken":[{"damage":0,"enemies":"Small Slimes","floor":1,"turns":2},{"damage":0,"enemies":"Cultist","floor":2,"turns":3},{"damage":0,"enemies":"2 Louse","floor":5,"turns":1},{"damage":16,"enemies":"Gremlin Nob","floor":6,"turns":5},{"damage":30,"enemies":"Lagavulin","floor":8,"turns":9},{"damage":0,"enemies":"Blue Slaver","floor":10,"turns":3},{"damage":11,"enemies":"Hexaghost","floor":16,"turns":10},{"damage":0,"enemies":"Spheric Guardian","floor":18,"turns":3},{"damage":4,"enemies":"Chosen","floor":19,"turns":2},{"damage":7,"enemies":"3 Cultists","floor":20,"turns":5},{"damage":9,"enemies":"Snake Plant","floor":21,"turns":4},{"damage":7,"enemies":"Gremlin Leader","floor":24,"turns":3},{"damage":11,"enemies":"Centurion and Healer","floor":28,"turns":3},{"damage":8,"enemies":"Slavers","floor":31,"turns":6},{"damage":75,"enemies":"Collector","floor":33,"turns":5}],"seed_played":"9087598575684233918","potions_obtained":[{"floor":1,"key":"SpeedPotion"},{"floor":10,"key":"Fire Potion"},{"floor":16,"key":"CunningPotion"}],"is_trial":false,"path_per_floor":["M","M","?","$","M","E","R","E","T","M","R","?","$","?","R","B",null,"M","M","M","M","?","R","E","R","T","R","M","R","?","E","R","B"],"character_chosen":"THE_SILENT","items_purchased":["Heel Hook","Reflex+1"],"campfire_rested":1,"item_purchase_floors":[4,13],"current_hp_per_floor":[70,70,70,70,70,54,54,26,26,28,28,28,28,28,28,19,70,70,66,63,58,58,58,55,55,55,55,46,67,53,53,53,0,0],"gold":327,"neow_bonus":"RANDOM_COLORLESS","is_daily":false,"chose_seed":false,"campfire_upgraded":7,"win_rate":0.0,"timestamp":1610132617,"path_taken":["M","M","?","$","M","E","R","E","T","M","R","?","$","?","R","BOSS","M","?","M","M","?","R","E","R","T","R","M","R","?","E","R","BOSS"],"items_purchased_type":["Card","Card"],"build_version":"2020-12-22","purchased_purges":0,"victory":false,"max_hp_per_floor":[70,70,70,70,70,70,70,70,70,70,70,70,70,70,70,70,70,70,70,70,70,70,70,70,70,70,70,70,70,53,53,53,53,53],"relic_stats":{"Sozu":3,"counters":[15,64],"Bird Faced Urn":[24],"MawBank":84,"obtain_stats":[{"Sozu":17,"HornCleat":31,"Bird Faced Urn":6,"Toxic Egg 2":8,"Frozen Egg 2":24,"MawBank":26,"Ring of the Snake":0},{"Sozu":7,"HornCleat":14,"Bird Faced Urn":4,"Toxic Egg 2":5,"Frozen Egg 2":12,"MawBank":12,"Ring of the Snake":0},{"Sozu":33,"HornCleat":59,"Bird Faced Urn":11,"Toxic Egg 2":20,"Frozen Egg 2":50,"MawBank":50,"Ring of the Snake":0}],"Ring of the Snake":[30]},"card_choices":[{"not_picked":["Enlightenment","Impatience"],"picked":"Dramatic Entrance","floor":0},{"not_picked":["Blade Dance","Acrobatics"],"picked":"Dagger Spray","floor":1},{"not_picked":["Backflip","Noxious Fumes"],"picked":"Cloak And Dagger","floor":2},{"not_picked":["Slice","PiercingWail"],"picked":"Footwork","floor":5},{"not_picked":["Bane","Flying Knee"],"picked":"Blur","floor":6},{"not_picked":["Poisoned Stab","Dagger Spray"],"picked":"Terror+1","floor":8},{"not_picked":["Dagger Throw","Quick Slash"],"picked":"Backflip+1","floor":10},{"not_picked":["Die Die Die","Grand Finale"],"picked":"Phantasmal Killer+1","floor":16},{"not_picked":["Quick Slash","Bane"],"picked":"Flying Knee+1","floor":18},{"not_picked":["Deflect+1","Underhanded Strike+1"],"picked":"Well Laid Plans+1","floor":19},{"not_picked":["Deadly Poison+1","Backflip+1"],"picked":"Acrobatics+1","floor":20},{"not_picked":["Distraction+1","Acrobatics+1"],"picked":"Leg Sweep+1","floor":21},{"not_picked":["Doppelganger+1","Terror+1"],"picked":"Storm of Steel+1","floor":24},{"not_picked":["Dagger Spray","Quick Slash","Slice"],"picked":"SKIP","floor":28},{"not_picked":["Leg Sweep+1","Backstab"],"picked":"Quick Slash+1","floor":31}],"player_experience":1674614,"relics_obtained":[{"floor":6,"key":"Bird Faced Urn"},{"floor":8,"key":"Toxic Egg 2"},{"floor":24,"key":"Frozen Egg 2"},{"floor":26,"key":"MawBank"},{"floor":31,"key":"HornCleat"}],"event_choices":[{"cards_removed":["Defend_G"],"damage_healed":0,"gold_gain":0,"player_choice":"Card Removal","damage_taken":0,"max_hp_gain":0,"max_hp_loss":0,"event_name":"The Cleric","floor":3,"gold_loss":50},{"cards_removed":["Strike_G"],"damage_healed":0,"gold_gain":0,"player_choice":"Forget","damage_taken":0,"max_hp_gain":0,"max_hp_loss":0,"event_name":"Living Wall","floor":12,"gold_loss":0},{"cards_removed":["Backflip"],"damage_healed":0,"gold_gain":0,"player_choice":"Take \u0026 Give","damage_taken":0,"max_hp_gain":0,"max_hp_loss":0,"event_name":"betterNote:BetterNote","floor":14,"gold_loss":0,"cards_obtained":["Riddle With Holes"]},{"cards_removed":["Defend_G"],"damage_healed":0,"gold_gain":0,"player_choice":"Gave Gold","damage_taken":0,"max_hp_gain":0,"max_hp_loss":0,"event_name":"Beggar","floor":22,"gold_loss":75},{"damage_healed":0,"gold_gain":0,"player_choice":"Became a vampire","damage_taken":0,"max_hp_gain":0,"max_hp_loss":17,"event_name":"Vampires","floor":30,"gold_loss":0,"cards_obtained":["Bite","Bite","Bite","Bite"]}],"is_beta":false,"boss_relics":[{"not_picked":["Black Star","Astrolabe"],"picked":"Sozu"}],"items_purged_floors":[],"is_endless":false,"potions_floor_spawned":[1,10,16,19,24,31],"killed_by":"Collector","ascension_level":1}}