{"host":"8fup84v061vi31le","time":1610092514,"event":{"mods":["Aspiration","BaseMod","Better Match","Better Third Choice","Minty Spire (QoL Compilation)","Shop Mod","Spicy Shops","StSLib"],"gold_per_floor":[219,231,78,78,78,153,153,59,133,133,146,146,146,156,156,257,257,276,276,57,76,95,95,115,115,115],"floor_reached":25,"playtime":603,"items_purged":["Defend_R"],"score":302,"play_id":"9f76ebf9-863c-4249-a041-eb2ec9d39232","local_time":"20210108155514","is_ascension_mode":true,"campfire_choices":[{"data":"Perfected Strike","floor":7.0,"key":"SMITH"},{"data":"1","floor":10.0,"key":"LIFT"},{"data":"2","floor":13.0,"key":"LIFT"},{"data":"3","floor":15.0,"key":"LIFT"},{"floor":23,"key":"REST"}],"circlet_count":0,"master_deck":["Strike_R","Strike_R","Strike_R","Strike_R","Strike_R","Defend_R","Defend_R","Defend_R","Bash","Wild Strike","Perfected Strike+1","Pommel Strike","Berserk","Double Tap","Twin Strike"],"relics":["Black Blood","Regal Pillow","Girya","Pear","Nunchaku","aspiration:DSix"],"acts_visited":["Exordium","TheCity"],"potions_floor_usage":[22,24,24],"damage_taken":[{"damage":2.0,"enemies":"Small Slimes","floor":1.0,"turns":5.0},{"damage":1.0,"enemies":"2 Louse","floor":2.0,"turns":3.0},{"damage":2.0,"enemies":"Jaw Worm","floor":11.0,"turns":2.0},{"damage":3.0,"enemies":"Blue Slaver","floor":14.0,"turns":2.0},{"damage":64,"enemies":"Hexaghost","floor":16,"turns":8},{"damage":46,"enemies":"2 Thieves","floor":18,"turns":4},{"damage":6,"enemies":"Spheric Guardian","floor":21,"turns":3},{"damage":34,"enemies":"Centurion and Healer","floor":22,"turns":4},{"damage":45,"enemies":"Shelled Parasite and Fungi","floor":24,"turns":4},{"damage":37,"enemies":"Slavers","floor":25,"turns":2}],"seed_played":"4945777639059721905","potions_obtained":[{"floor":1.0,"key":"GamblersBrew"},{"floor":2.0,"key":"DistilledChaos"},{"floor":18,"key":"ColorlessPotion"},{"floor":22,"key":"Dexterity Potion"}],"is_trial":false,"path_per_floor":["M","M","$","?","?","?","R","$","T","R","M","?","R","M","R","B",null,"M","?","$","M","M","R","M","E"],"character_chosen":"IRONCLAD","items_purchased":["Regal Pillow","Girya","aspiration:DSix","Double Tap"],"campfire_rested":1,"item_purchase_floors":[3,8,20,20],"current_hp_per_floor":[76,80,80,85,85,74,74,74,84,84,88,76,76,79,79,21,77,43,43,43,49,27,70,37,0,0],"gold":115,"neow_bonus":"HUNDRED_GOLD","is_daily":false,"chose_seed":false,"campfire_upgraded":1,"win_rate":0.0,"timestamp":1610092514,"path_taken":["M","M","$","?","?","?","R","$","T","R","M","?","R","?","R","BOSS","M","?","?","M","M","R","M","E"],"items_purchased_type":["Relic","Relic","Relic","Card"],"build_version":"2020-12-22","purchased_purges":1,"victory":false,"max_hp_per_floor":[80,80,80,85,85,85,85,85,95,95,95,95,95,95,95,95,95,95,95,95,95,95,95,95,95,95],"card_choices":[{"not_picked":["Inflame","Iron Wave"],"picked":"Wild Strike","floor":1.0},{"not_picked":["Body Slam","Iron Wave"],"picked":"Perfected Strike","floor":2.0},{"not_picked":["Cleave","Thunderclap"],"picked":"Pommel Strike","floor":11.0},{"not_picked":["Shrug It Off","Headbutt","Havoc"],"picked":"SKIP","floor":14.0},{"not_picked":["Corruption","Bludgeon"],"picked":"Berserk","floor":16},{"not_picked":["Armaments","Sentinel","Iron Wave"],"picked":"SKIP","floor":18},{"not_picked":["Anger+1","Flame Barrier","Thunderclap"],"picked":"SKIP","floor":21},{"not_picked":["Combust","Carnage","Anger"],"picked":"SKIP","floor":22},{"not_picked":["Uppercut+1","Spot Weakness"],"picked":"Twin Strike","floor":24}],"player_experience":149578,"relics_obtained":[{"floor":9.0,"key":"Pear"}],"event_choices":[{"damage_healed":0.0,"max_hp_gain":5.0,"max_hp_loss":0.0,"gold_gain":0.0,"event_name":"Big Fish","player_choice":"Donut","floor":4.0,"gold_loss":0.0,"damage_taken":0.0},{"damage_healed":0.0,"max_hp_gain":0.0,"max_hp_loss":0.0,"gold_gain":0.0,"event_name":"betterThird:BetterSerpent","player_choice":"Ignored","floor":5.0,"gold_loss":0.0,"damage_taken":78.0},{"damage_healed":0.0,"max_hp_gain":0.0,"max_hp_loss":0.0,"gold_gain":75.0,"event_name":"betterThird:BetterGoop","player_choice":"Gold","floor":6.0,"gold_loss":0.0,"damage_taken":11.0},{"damage_healed":0.0,"max_hp_gain":0.0,"max_hp_loss":0.0,"gold_gain":0.0,"event_name":"betterThird:BetterScrap","player_choice":"Relic ","floor":12.0,"gold_loss":0.0,"damage_taken":12.0,"cards_obtained":["All Out Attack"]},{"damage_healed":0,"gold_gain":0,"player_choice":"Ignored","damage_taken":0,"max_hp_gain":0,"max_hp_loss":0,"event_name":"N\u0027loth","floor":19,"gold_loss":0}],"is_beta":false,"boss_relics":[{"not_picked":["Busted Crown","aspiration:SilentSkillbook"],"picked":"Black Blood"}],"items_purged_floors":[3],"is_endless":false,"potions_floor_spawned":[1,2,11,18,22],"killed_by":"Slavers","ascension_level":9}}