{"host":"ig7tc0uedzltt2sr","time":1610069318,"event":{"mods":["BaseMod","Better Twitch Integration","Block Reminder","Colored Map","Colored Powertips","Communication Mod","Current Relic Mod","GifTheSpireLib","HexUI Lib","Minty Spire (QoL Compilation)","Quick Restart","Random Character Button","Rare Cards Sparkle","Relic Sorter","Relic Stats","Slay the Relics Exporter","StSLib","SuperFastMode","Synergy Search","Twitch Decklist","Twitch Utils","everything is the same but u backflip on backflip","slay the spire mod where everything is the same but ironclad has a cowboy hat"],"gold_per_floor":[117,134,148,103,123,134,154,164,191,191,191,191,191],"floor_reached":12,"playtime":111,"items_purged":[],"score":74,"play_id":"3be05ca4-f86e-44f9-9d5d-ca3ff5205b5a","local_time":"20210107172838","is_ascension_mode":false,"campfire_choices":[{"floor":11,"key":"RECALL"}],"circlet_count":0,"master_deck":["Strike_R","Strike_R","Strike_R","Strike_R","Strike_R","Defend_R","Defend_R","Defend_R","Defend_R","Bash","Seeing Red","Flex","Intimidate","Pommel Strike","Dropkick","Feed","Blood for Blood","Thunderclap"],"relics":["Burning Blood","NeowsBlessing"],"acts_visited":["Exordium"],"potions_floor_usage":[],"damage_taken":[{"damage":0,"enemies":"Cultist","floor":1,"turns":1},{"damage":0,"enemies":"Jaw Worm","floor":2,"turns":1},{"damage":0,"enemies":"2 Louse","floor":3,"turns":1},{"damage":9,"enemies":"Looter","floor":4,"turns":5},{"damage":20,"enemies":"3 Louse","floor":5,"turns":7},{"damage":12,"enemies":"2 Fungi Beasts","floor":6,"turns":7},{"damage":13,"enemies":"Large Slime","floor":7,"turns":8},{"damage":13,"enemies":"3 Louse","floor":8,"turns":4},{"damage":53,"enemies":"3 Sentries","floor":12,"turns":6}],"seed_played":"-20842547108424799","potions_obtained":[{"floor":1,"key":"LiquidBronze"},{"floor":2,"key":"BloodPotion"},{"floor":3,"key":"AttackPotion"},{"floor":5,"key":"Ancient Potion"},{"floor":7,"key":"Swift Potion"}],"is_trial":false,"path_per_floor":["M","M","M","M","M","M","M","M","T","$","R","E"],"character_chosen":"IRONCLAD","items_purchased":[],"campfire_rested":0,"item_purchase_floors":[],"current_hp_per_floor":[80,80,80,77,63,57,50,46,46,46,46,0,0],"gold":191,"neow_bonus":"THREE_ENEMY_KILL","is_daily":false,"chose_seed":false,"campfire_upgraded":0,"win_rate":0.0,"timestamp":1610069318,"path_taken":["M","M","M","M","M","M","M","M","T","?","R","E"],"items_purchased_type":[],"build_version":"2020-12-22","purchased_purges":0,"victory":false,"max_hp_per_floor":[80,80,80,80,80,80,80,83,83,83,83,83,83],"relic_stats":{"counters":[9,40],"obtain_stats":[{"NeowsBlessing":0,"Burning Blood":0},{"NeowsBlessing":0,"Burning Blood":0},{"NeowsBlessing":0,"Burning Blood":0}],"Burning Blood":30},"card_choices":[{"not_picked":["Uppercut","Spot Weakness"],"picked":"Seeing Red","floor":1},{"not_picked":["Fire Breathing","Shrug It Off"],"picked":"Flex","floor":2},{"not_picked":["Thunderclap","Havoc"],"picked":"Intimidate","floor":3},{"not_picked":["Clash","Shrug It Off"],"picked":"Pommel Strike","floor":4},{"not_picked":["Fire Breathing","Pommel Strike"],"picked":"Dropkick","floor":5},{"not_picked":["Perfected Strike","Anger"],"picked":"Feed","floor":6},{"not_picked":["Cleave","Thunderclap"],"picked":"Blood for Blood","floor":7},{"not_picked":["Sword Boomerang","Flex"],"picked":"Thunderclap","floor":8}],"player_experience":1466616,"relics_obtained":[],"event_choices":[],"is_beta":false,"boss_relics":[],"items_purged_floors":[],"is_endless":false,"potions_floor_spawned":[1,2,3,5,7],"killed_by":"3 Sentries","ascension_level":0}}