{"host":"69bxgjr0sv0a6xc4","time":1610119826,"event":{"mods":["Act Like it!","BaseMod","Better Altar","Better Match","Better Note","Better Sensory Stone","Better Skull","Better Third Choice","BetterRewards","DeckTracker","Friendly Minions","Jorbs\u0027s Wanderer Trilogy","Lobotomy","LobotomyExtend","Minty Spire (QoL Compilation)","Relic Stats","Spicy Shops","StSLib","The Bladedancer","Unceasing Turn Reminder"],"gold_per_floor":[277,277,296,310,72,102,119,139,139,139,139,139,172,192,192,266,266,286,304,332,257,277,311,311,325,350,350,385,405,420,454,454,528,528,546,215,215,227,240,240,273,273,273,306,131,131,166,146,146,146],"floor_reached":51,"playtime":3380,"items_purged":["Strike_G","Strike_G","Strike_G"],"score":1503,"play_id":"124a41a3-5384-49a2-b212-3b3a3d117c06","local_time":"20210108163026","is_ascension_mode":true,"campfire_choices":[{"data":"Accuracy","floor":10,"key":"SMITH"},{"data":"Blade Dance","floor":15,"key":"SMITH"},{"floor":24,"key":"REST"},{"floor":27,"key":"REST"},{"floor":32,"key":"REST"},{"data":"Defend_G","floor":40,"key":"SMITH"},{"data":"Defend_G","floor":42,"key":"SMITH"},{"data":"Defend_G","floor":46,"key":"SMITH"},{"data":"Defend_G","floor":49,"key":"SMITH"}],"circlet_count":0,"master_deck":["AscendersBane","Strike_G","Defend_G+1","Defend_G+1","Defend_G+1","Defend_G+1","Defend_G","Survivor","Neutralize+1","Accuracy+1","Blade Dance+1","Terror+1","Backflip+1","Finesse+1","Caltrops+1","After Image+1","Cloak And Dagger+1","Infinite Blades+1","Caltrops+1","Storm of Steel+1","After Image+1","Dark Shackles+1","Infinite Blades+1","Blur+1"],"relics":["Ring of the Snake","LetterFromLob","GremlinMask","Kunai","Toxic Egg 2","Frozen Egg 2","Strawberry","WristBlade","Red Mask","Shuriken","Smiling Mask","Pen Nib","CaptainsWheel","Black Star","Centennial Puzzle","Bottled Lightning","HornCleat","Nunchaku","The Courier","Lee\u0027s Waffle","Thread and Needle","Oddly Smooth Stone"],"acts_visited":["Exordium","TheCity","TheBeyond"],"potions_floor_usage":[3,11,23,28,29,31,33,41,41,50,51],"damage_taken":[{"damage":0,"enemies":"Small Slimes","floor":1,"turns":5},{"damage":0,"enemies":"Cultist","floor":3,"turns":3},{"damage":2,"enemies":"2 Louse","floor":4,"turns":4},{"damage":11,"enemies":"Lagavulin","floor":6,"turns":10},{"damage":13,"enemies":"Exordium Wildlife","floor":7,"turns":4},{"damage":5,"enemies":"Large Slime","floor":8,"turns":5},{"damage":0,"enemies":"3 Sentries","floor":11,"turns":8},{"damage":16,"enemies":"3 Sentries","floor":13,"turns":8},{"damage":0,"enemies":"Blue Slaver","floor":14,"turns":3},{"damage":9,"enemies":"Slime Boss","floor":16,"turns":11},{"damage":10,"enemies":"Spheric Guardian","floor":18,"turns":4},{"damage":0,"enemies":"Shell Parasite","floor":19,"turns":5},{"damage":12,"enemies":"Masked Bandits","floor":20,"turns":4},{"damage":12,"enemies":"Snake Plant","floor":22,"turns":4},{"damage":13,"enemies":"Slavers","floor":23,"turns":4},{"damage":13,"enemies":"Centurion and Healer","floor":25,"turns":3},{"damage":19,"enemies":"Gremlin Leader","floor":28,"turns":6},{"damage":0,"enemies":"3 Cultists","floor":29,"turns":4},{"damage":1,"enemies":"Chosen and Byrds","floor":30,"turns":4},{"damage":21,"enemies":"Slavers","floor":31,"turns":4},{"damage":21,"enemies":"Automaton","floor":33,"turns":7},{"damage":5,"enemies":"3 Shapes","floor":35,"turns":6},{"damage":5,"enemies":"Orb Walker","floor":38,"turns":3},{"damage":8,"enemies":"Writhing Mass","floor":39,"turns":4},{"damage":13,"enemies":"Nemesis","floor":41,"turns":6},{"damage":0,"enemies":"Reptomancer","floor":44,"turns":4},{"damage":21,"enemies":"Nemesis","floor":47,"turns":6},{"damage":0,"enemies":"Awakened One","floor":50,"turns":9},{"damage":27,"enemies":"Malkuth","floor":51,"turns":10},{"damage":0,"enemies":"Hod","floor":51,"turns":9}],"seed_played":"3747198305371726644","potions_obtained":[{"floor":1,"key":"CunningPotion"},{"floor":4,"key":"Ancient Potion"},{"floor":8,"key":"Regen Potion"},{"floor":16,"key":"FearPotion"},{"floor":20,"key":"LiquidMemories"},{"floor":23,"key":"Weak Potion"},{"floor":29,"key":"Fruit Juice"},{"floor":30,"key":"AttackPotion"},{"floor":31,"key":"Block Potion"},{"floor":35,"key":"LiquidMemories"},{"floor":39,"key":"CunningPotion"},{"floor":44,"key":"PowerPotion"},{"floor":47,"key":"Weak Potion"}],"is_trial":false,"path_per_floor":["M","?","M","M","$","E","M","M","T","R","E","?","E","M","R","B",null,"M","M","?","?","M","E","R","M","T","R","E","M","M","E","R","B",null,"M","$","?","M","M","R","E","R","T","E","$","R","E","?","R","B",null],"character_chosen":"THE_SILENT","items_purchased":["Kunai","Dark Shackles+1","Infinite Blades+1","Lee\u0027s Waffle"],"campfire_rested":3,"item_purchase_floors":[5,36,36,45],"current_hp_per_floor":[59,59,59,57,57,46,33,28,28,28,62,62,53,53,53,44,66,56,56,44,44,32,19,40,27,27,48,29,34,33,12,35,14,62,57,57,57,52,44,44,31,31,31,31,85,85,64,64,64,64],"gold":146,"neow_bonus":"","is_daily":false,"chose_seed":false,"campfire_upgraded":6,"win_rate":0.0,"timestamp":1610119826,"path_taken":["M","?","M","M","?","E","M","M","T","R","E","?","E","M","R","BOSS","M","M","?","?","M","E","R","M","T","R","E","M","M","E","R","BOSS","M","$","?","?","M","R","E","R","T","E","$","R","E","?","R","BOSS"],"items_purchased_type":["Relic","Card","Card","Relic"],"build_version":"2020-12-22","purchased_purges":3,"victory":true,"max_hp_per_floor":[66,66,66,66,66,66,66,66,66,66,66,66,73,73,73,73,73,73,73,73,73,73,73,73,73,73,73,73,78,78,78,78,78,78,78,78,78,78,78,78,78,78,78,78,85,85,85,85,85,85],"relic_stats":{"Centennial Puzzle":[9],"Nunchaku":[20],"Lee\u0027s Waffle":54,"counters":[31,182],"Shuriken":[87],"Pen Nib":[31],"Black Star":3,"Kunai":[117],"Smiling Mask":125,"obtain_stats":[{"Lee\u0027s Waffle":45,"Oddly Smooth Stone":47,"GremlinMask":2,"Thread and Needle":47,"Pen Nib":28,"The Courier":44,"Frozen Egg 2":9,"Smiling Mask":26,"CogitoBucket":0,"CaptainsWheel":31,"Centennial Puzzle":41,"Nunchaku":44,"HornCleat":43,"WristBlade":17,"Shuriken":23,"Strawberry":13,"LetterFromLob":1,"Red Mask":20,"Black Star":34,"Kunai":5,"Bottled Lightning":41,"Toxic Egg 2":6,"Ring of the Snake":0},{"Lee\u0027s Waffle":26,"Oddly Smooth Stone":27,"GremlinMask":1,"Thread and Needle":27,"Pen Nib":17,"The Courier":26,"Frozen Egg 2":6,"Smiling Mask":16,"CogitoBucket":0,"CaptainsWheel":20,"Centennial Puzzle":25,"Nunchaku":26,"HornCleat":25,"WristBlade":10,"Shuriken":15,"Strawberry":8,"LetterFromLob":1,"Red Mask":13,"Black Star":21,"Kunai":3,"Bottled Lightning":25,"Toxic Egg 2":4,"Ring of the Snake":0},{"Lee\u0027s Waffle":133,"Oddly Smooth Stone":139,"GremlinMask":5,"Thread and Needle":139,"Pen Nib":91,"The Courier":133,"Frozen Egg 2":31,"Smiling Mask":85,"CogitoBucket":0,"CaptainsWheel":103,"Centennial Puzzle":129,"Nunchaku":133,"HornCleat":129,"WristBlade":61,"Shuriken":82,"Strawberry":47,"LetterFromLob":5,"Red Mask":74,"Black Star":110,"Kunai":12,"Bottled Lightning":129,"Toxic Egg 2":22,"Ring of the Snake":0}],"Ring of the Snake":[62]},"card_choices":[{"not_picked":["Reflex","Concentrate"],"picked":"Accuracy","floor":1},{"not_picked":["Bane","Dagger Throw"],"picked":"Blade Dance","floor":3},{"not_picked":["Dodge and Roll","Flying Knee","Underhanded Strike"],"picked":"SKIP","floor":4},{"not_picked":["All Out Attack","Expertise+1"],"picked":"Terror+1","floor":6},{"not_picked":["Underhanded Strike","Poisoned Stab"],"picked":"Backflip+1","floor":7},{"not_picked":["Backstab","Footwork","Predator"],"picked":"SKIP","floor":8},{"not_picked":["Dark Shackles+1","Swift Strike"],"picked":"Finesse+1","floor":12},{"not_picked":["Deadly Poison+1","Slice","Setup+1"],"picked":"SKIP","floor":13},{"not_picked":["Poisoned Stab","Skewer"],"picked":"Caltrops+1","floor":14},{"not_picked":["Glass Knife","Corpse Explosion+1"],"picked":"After Image+1","floor":16},{"not_picked":["Predator","Outmaneuver+1","Slice"],"picked":"SKIP","floor":18},{"not_picked":["Outmaneuver+1","Deadly Poison+1"],"picked":"Cloak And Dagger+1","floor":19},{"not_picked":["Cloak And Dagger+1","Masterful Stab"],"picked":"Infinite Blades+1","floor":22},{"not_picked":["Flying Knee","Bane","Setup+1"],"picked":"SKIP","floor":23},{"not_picked":["Setup+1","Poisoned Stab"],"picked":"Caltrops+1","floor":25},{"not_picked":["PiercingWail+1","Expertise+1","Outmaneuver+1"],"picked":"SKIP","floor":28},{"not_picked":["Outmaneuver+1","Dash"],"picked":"Storm of Steel+1","floor":29},{"not_picked":["Underhanded Strike","Endless Agony","Slice"],"picked":"SKIP","floor":30},{"not_picked":["Prepared+1","Flying Knee","Flechettes"],"picked":"SKIP","floor":31},{"not_picked":["Die Die Die","Phantasmal Killer+1"],"picked":"After Image+1","floor":33},{"not_picked":["PiercingWail+1","Well Laid Plans+1","Bane"],"picked":"SKIP","floor":35},{"not_picked":["Poisoned Stab","Catalyst+1"],"picked":"Blur+1","floor":38},{"not_picked":["Acrobatics+1","Sucker Punch","Slice"],"picked":"SKIP","floor":39},{"not_picked":["Endless Agony","Outmaneuver+1","Expertise+1"],"picked":"SKIP","floor":41},{"not_picked":["Bane","Calculated Gamble+1","All Out Attack"],"picked":"SKIP","floor":44},{"not_picked":["Quick Slash","PiercingWail+1","Storm of Steel+1"],"picked":"SKIP","floor":47}],"player_experience":899488,"relics_obtained":[{"floor":1,"key":"LetterFromLob"},{"floor":6,"key":"Toxic Egg 2"},{"floor":9,"key":"Frozen Egg 2"},{"floor":13,"key":"Strawberry"},{"floor":20,"key":"Red Mask"},{"floor":23,"key":"Shuriken"},{"floor":26,"key":"Smiling Mask"},{"floor":28,"key":"Pen Nib"},{"floor":31,"key":"CaptainsWheel"},{"floor":41,"key":"Centennial Puzzle"},{"floor":41,"key":"Bottled Lightning"},{"floor":43,"key":"HornCleat"},{"floor":44,"key":"Nunchaku"},{"floor":44,"key":"The Courier"},{"floor":47,"key":"Thread and Needle"},{"floor":47,"key":"Oddly Smooth Stone"}],"event_choices":[{"damage_healed":0,"gold_gain":0,"player_choice":"Trade","damage_taken":0,"relics_obtained":["GremlinMask"],"max_hp_gain":0,"max_hp_loss":0,"event_name":"FaceTrader","floor":2,"gold_loss":0},{"damage_healed":0,"gold_gain":1,"player_choice":"1","damage_taken":0,"max_hp_gain":0,"max_hp_loss":0,"event_name":"betterStone:BetterStone","floor":12,"gold_loss":0},{"damage_healed":0,"gold_gain":0,"player_choice":"Fought Bandits","damage_taken":0,"max_hp_gain":0,"max_hp_loss":0,"event_name":"Masked Bandits","floor":20,"gold_loss":0},{"cards_removed":["Strike_G"],"damage_healed":0,"gold_gain":0,"player_choice":"Gave Gold","damage_taken":0,"max_hp_gain":0,"max_hp_loss":0,"event_name":"Beggar","floor":21,"gold_loss":75},{"damage_healed":0,"gold_gain":0,"player_choice":"Forge","damage_taken":0,"max_hp_gain":0,"max_hp_loss":0,"event_name":"Accursed Blacksmith","floor":37,"gold_loss":0,"cards_upgraded":["Neutralize"]},{"damage_healed":0,"gold_gain":0,"player_choice":"Bought 1 Potion","damage_taken":0,"max_hp_gain":0,"max_hp_loss":0,"event_name":"The Woman in Blue","floor":48,"gold_loss":0}],"is_beta":false,"boss_relics":[{"not_picked":["Velvet Choker","Ectoplasm"],"picked":"WristBlade"},{"not_picked":["Astrolabe","HoveringKite"],"picked":"Black Star"}],"items_purged_floors":[36,36,45],"is_endless":false,"potions_floor_spawned":[1,4,8,16,18,20,23,29,30,31,35,39,44,47],"ascension_level":15}}