{"host":"yfmxxe9lmz3153be","time":1610113712,"event":{"mods":["BaseMod","Colored Map","Colored Powertips","Minty Spire (QoL Compilation)","StSLib"],"gold_per_floor":[144,189,234,137,137,137,182,227,252,411,456,456,546,591,591,891,891,945,999,1053,1103,1148,1247,1247,1301,1326,1326,1380,1380,544,853,853,1162,1162,1216,1270,600,750,804,804,894,894,894,957,1011,1011,1065,1119,1119,1119],"floor_reached":51,"playtime":5810,"items_purged":["Twin Strike","Warcry"],"score":757,"play_id":"e0f562d0-dac3-4fd1-923d-e4b0361e3744","local_time":"20210108154832","daily_mods":["Draft","Uncertain Future","Midas"],"is_ascension_mode":false,"campfire_choices":[{"floor":12.0,"key":"REST"},{"floor":15.0,"key":"REST"},{"floor":24.0,"key":"REST"},{"floor":27.0,"key":"REST"},{"floor":32.0,"key":"REST"},{"floor":40,"key":"REST"},{"floor":46,"key":"REST"},{"floor":49,"key":"REST"}],"circlet_count":0,"master_deck":["Iron Wave","Anger","Wild Strike","Flame Barrier","Disarm","Armaments","Rupture","Sword Boomerang","Whirlwind","Metallicize","Shrug It Off","Seeing Red+1","Disarm","Armaments","Hemokinesis","Flame Barrier","Dramatic Entrance","Pommel Strike","Bloodletting","Pommel Strike","Fire Breathing","Rage","Combust","Immolate","CurseOfTheBell","Thunderclap+1","Clothesline+1","Ghostly Armor","Evolve","Carnage+1","Iron Wave+1","Apotheosis","Heavy Blade+1","Spot Weakness","Reaper+1","Heavy Blade+1","Demon Form","Apotheosis","Carnage+1","Ghostly Armor","Uppercut+1","Parasite","Power Through","Thunderclap+1","Sword Boomerang+1","Reckless Charge+1"],"relics":["Burning Blood","Boot","Meat on the Bone","Gremlin Horn","Calling Bell","CeramicFish","Molten Egg 2","Torii","White Beast Statue","Bag of Preparation","Vajra","Prayer Wheel","StoneCalendar","Self Forming Clay","Sozu","Oddly Smooth Stone","Regal Pillow","Turnip","Peace Pipe","Blue Candle"],"acts_visited":["Exordium","TheCity","TheBeyond"],"potions_floor_usage":[50],"damage_taken":[{"damage":0.0,"enemies":"2 Louse","floor":1.0,"turns":3.0},{"damage":5.0,"enemies":"Small Slimes","floor":2.0,"turns":4.0},{"damage":2.0,"enemies":"Jaw Worm","floor":3.0,"turns":3.0},{"damage":0.0,"enemies":"Gremlin Gang","floor":7.0,"turns":1.0},{"damage":2.0,"enemies":"2 Fungi Beasts","floor":8.0,"turns":3.0},{"damage":18.0,"enemies":"Lagavulin Event","floor":10.0,"turns":9.0},{"damage":0.0,"enemies":"3 Louse","floor":11.0,"turns":2.0},{"damage":9.0,"enemies":"Gremlin Nob","floor":13.0,"turns":4.0},{"damage":0.0,"enemies":"Blue Slaver","floor":14.0,"turns":3.0},{"damage":24.0,"enemies":"Hexaghost","floor":16.0,"turns":8.0},{"damage":7.0,"enemies":"Chosen","floor":18.0,"turns":4.0},{"damage":10.0,"enemies":"Shell Parasite","floor":19.0,"turns":5.0},{"damage":28.0,"enemies":"Sentry and Sphere","floor":20.0,"turns":5.0},{"damage":27.0,"enemies":"Shelled Parasite and Fungi","floor":22.0,"turns":7.0},{"damage":19.0,"enemies":"Book of Stabbing","floor":23.0,"turns":6.0},{"damage":12.0,"enemies":"Centurion and Healer","floor":25.0,"turns":8.0},{"damage":22.0,"enemies":"Snecko","floor":28.0,"turns":5.0},{"damage":0.0,"enemies":"Snake Plant","floor":29.0,"turns":1.0},{"damage":0.0,"enemies":"Colosseum Slavers","floor":31.0,"turns":1.0},{"damage":0.0,"enemies":"Colosseum Nobs","floor":31.0,"turns":1.0},{"damage":50.0,"enemies":"Collector","floor":33.0,"turns":9.0},{"damage":3.0,"enemies":"3 Darklings","floor":35.0,"turns":3.0},{"damage":4.0,"enemies":"3 Shapes","floor":36.0,"turns":3.0},{"damage":17.0,"enemies":"Mind Bloom Boss Battle","floor":38.0,"turns":7.0},{"damage":8,"enemies":"Transient","floor":39,"turns":5},{"damage":65,"enemies":"Giant Head","floor":41,"turns":10},{"damage":30,"enemies":"Writhing Mass","floor":44,"turns":7},{"damage":14,"enemies":"4 Shapes","floor":45,"turns":3},{"damage":0,"enemies":"Jaw Worm Horde","floor":47,"turns":1},{"damage":14,"enemies":"Maw","floor":48,"turns":7},{"damage":53,"enemies":"Awakened One","floor":50,"turns":10}],"seed_played":"-6062085814737979882","potions_obtained":[{"floor":1.0,"key":"Weak Potion"},{"floor":8.0,"key":"GamblersBrew"},{"floor":10.0,"key":"SteroidPotion"},{"floor":13.0,"key":"ColorlessPotion"},{"floor":16.0,"key":"AttackPotion"},{"floor":18.0,"key":"SneckoOil"},{"floor":22.0,"key":"SmokeBomb"},{"floor":25.0,"key":"DistilledChaos"},{"floor":28.0,"key":"DuplicationPotion"},{"floor":31.0,"key":"Weak Potion"},{"floor":33.0,"key":"DistilledChaos"}],"is_trial":false,"path_per_floor":["M","M","M","$","?","?","M","M","T","?","M","R","E","M","R","B",null,"M","M","M","?","M","E","R","M","T","R","M","M","$","?","R","B",null,"M","M","$","?","M","R","E","?","T","M","M","R","M","M","R","B",null],"character_chosen":"IRONCLAD","items_purchased":["Dramatic Entrance","Apotheosis","Vajra","Heavy Blade+1","Prayer Wheel","Fruit Juice","Oddly Smooth Stone","Apotheosis","Regal Pillow","Carnage+1","Ghostly Armor"],"campfire_rested":8,"item_purchase_floors":[4,30,30,30,30,30,37,37,37,37,37],"current_hp_per_floor":[80,80,80,80,80,80,80,80,80,68,74,80,77,80,80,62,80,79,75,53,53,44,43,67,61,61,80,64,70,75,85,85,53,85,85,85,85,83,81,85,46,46,46,34,50,85,85,77,85,54],"gold":1119,"neow_bonus":"","is_daily":true,"chose_seed":false,"campfire_upgraded":0,"win_rate":0.0,"timestamp":1610113712,"path_taken":["M","M","M","$","?","?","M","M","T","?","M","R","E","M","R","BOSS","M","M","M","?","M","E","R","M","T","R","?","M","$","?","R","BOSS","M","M","$","?","M","R","E","?","T","M","M","R","?","M","R","BOSS"],"items_purchased_type":["Card","Card","Relic","Card","Relic","Potion","Relic","Card","Relic","Card","Card"],"build_version":"2020-12-22","purchased_purges":2,"victory":true,"max_hp_per_floor":[80,80,80,80,80,80,80,80,80,80,80,80,80,80,80,80,80,80,80,80,80,80,80,80,80,80,80,80,80,85,85,85,85,85,85,85,85,85,85,85,85,85,85,85,85,85,85,85,85,85],"card_choices":[{"not_picked":["Intimidate","Metallicize"],"picked":"Iron Wave","floor":0.0},{"not_picked":["Rampage","Sword Boomerang"],"picked":"Anger","floor":0.0},{"not_picked":["Havoc","Clothesline"],"picked":"Wild Strike","floor":0.0},{"not_picked":["Clash","Anger"],"picked":"Twin Strike","floor":0.0},{"not_picked":["Pommel Strike","Warcry"],"picked":"Flame Barrier","floor":0.0},{"not_picked":["Warcry","Flex"],"picked":"Disarm","floor":0.0},{"not_picked":["Fire Breathing","Cleave"],"picked":"Armaments","floor":0.0},{"not_picked":["Cleave","Battle Trance"],"picked":"Rupture","floor":0.0},{"not_picked":["Sever Soul","Dual Wield"],"picked":"Sword Boomerang","floor":0.0},{"not_picked":["Wild Strike","Combust"],"picked":"Whirlwind","floor":0.0},{"not_picked":["Flex","Reckless Charge"],"picked":"Metallicize","floor":0.0},{"not_picked":["Entrench","Battle Trance"],"picked":"Shrug It Off","floor":0.0},{"not_picked":["True Grit","Reckless Charge"],"picked":"Seeing Red","floor":0.0},{"not_picked":["Clash","Cleave"],"picked":"Warcry","floor":0.0},{"not_picked":["Thunderclap","Flex"],"picked":"Disarm","floor":0.0},{"not_picked":["Perfected Strike","True Grit"],"picked":"Armaments","floor":1.0},{"not_picked":["Flex","Ghostly Armor"],"picked":"Hemokinesis","floor":2.0},{"not_picked":["Clothesline","Rupture"],"picked":"Flame Barrier","floor":3.0},{"not_picked":["Wild Strike","Burning Pact"],"picked":"Pommel Strike","floor":7.0},{"not_picked":["Cleave","Battle Trance"],"picked":"Bloodletting","floor":8.0},{"not_picked":["Corruption","Power Through"],"picked":"Pommel Strike","floor":10.0},{"not_picked":["Perfected Strike","Intimidate"],"picked":"Fire Breathing","floor":11.0},{"not_picked":["Infernal Blade","Metallicize"],"picked":"Rage","floor":13.0},{"not_picked":["Clothesline","Metallicize"],"picked":"Combust","floor":14.0},{"not_picked":["Fiend Fire","Corruption"],"picked":"Immolate","floor":16.0},{"not_picked":["Inflame+1","Warcry"],"picked":"Thunderclap+1","floor":18.0},{"not_picked":["Armaments","Twin Strike+1"],"picked":"Clothesline+1","floor":19.0},{"not_picked":["Shrug It Off","Rampage+1"],"picked":"Ghostly Armor","floor":20.0},{"not_picked":["Dual Wield","Twin Strike+1","Body Slam+1"],"picked":"SKIP","floor":22.0},{"not_picked":["Entrench+1","Brutality"],"picked":"Evolve","floor":23.0},{"not_picked":["Flex","Twin Strike+1"],"picked":"Carnage+1","floor":25.0},{"not_picked":["Warcry+1","Pommel Strike+1"],"picked":"Iron Wave+1","floor":28.0},{"not_picked":["Dropkick+1","Body Slam+1"],"picked":"Spot Weakness","floor":31.0},{"not_picked":["Immolate+1","Bludgeon+1"],"picked":"Reaper+1","floor":33.0},{"not_picked":["Sword Boomerang+1","Intimidate"],"picked":"Heavy Blade+1","floor":35.0},{"not_picked":["Sword Boomerang+1","Armaments","Body Slam+1"],"picked":"SKIP","floor":35.0},{"not_picked":["Entrench+1","Shockwave+1"],"picked":"Demon Form","floor":36.0},{"not_picked":["Rupture","Carnage+1","Iron Wave+1"],"picked":"SKIP","floor":36.0},{"not_picked":["Sword Boomerang+1","Flame Barrier"],"picked":"Uppercut+1","floor":39},{"not_picked":["True Grit","Clothesline+1","Headbutt+1"],"picked":"SKIP","floor":39},{"not_picked":["Combust+1","Pummel+1","Iron Wave+1"],"picked":"SKIP","floor":41},{"not_picked":["Sentinel+1","Bludgeon+1"],"picked":"Power Through","floor":44},{"not_picked":["Wild Strike+1","Perfected Strike+1","Headbutt+1"],"picked":"SKIP","floor":44},{"not_picked":["Hemokinesis+1","Headbutt+1"],"picked":"Thunderclap+1","floor":45},{"not_picked":["Shrug It Off","Armaments","Battle Trance"],"picked":"SKIP","floor":45},{"not_picked":["Feed+1","Blood for Blood+1"],"picked":"Sword Boomerang+1","floor":47},{"not_picked":["Rupture","Sword Boomerang+1","Anger+1"],"picked":"SKIP","floor":47},{"not_picked":["Ghostly Armor","Carnage+1"],"picked":"Reckless Charge+1","floor":48},{"not_picked":["Thunderclap+1","Spot Weakness","Cleave+1"],"picked":"SKIP","floor":48}],"player_experience":92360,"relics_obtained":[{"floor":9.0,"key":"Boot"},{"floor":13.0,"key":"Gremlin Horn"},{"floor":17.0,"key":"CeramicFish"},{"floor":17.0,"key":"Molten Egg 2"},{"floor":17.0,"key":"Torii"},{"floor":23.0,"key":"White Beast Statue"},{"floor":26.0,"key":"Bag of Preparation"},{"floor":31.0,"key":"StoneCalendar"},{"floor":31.0,"key":"Self Forming Clay"},{"floor":38.0,"key":"Turnip"},{"floor":41,"key":"Peace Pipe"},{"floor":43,"key":"Blue Candle"}],"event_choices":[{"damage_healed":0.0,"max_hp_gain":0.0,"max_hp_loss":0.0,"gold_gain":0.0,"event_name":"Liars Game","player_choice":"Ignored","floor":5.0,"gold_loss":0.0,"damage_taken":0.0},{"damage_healed":0.0,"max_hp_gain":0.0,"max_hp_loss":0.0,"gold_gain":0.0,"event_name":"Living Wall","player_choice":"Grow","floor":6.0,"gold_loss":0.0,"damage_taken":0.0,"cards_upgraded":["Seeing Red"]},{"damage_healed":0.0,"max_hp_gain":0.0,"max_hp_loss":0.0,"gold_gain":0.0,"event_name":"Dead Adventurer","player_choice":"Searched \u00272\u0027 times","floor":10.0,"gold_loss":0.0,"damage_taken":0.0,"relics_obtained":["Meat on the Bone"]},{"damage_healed":0.0,"max_hp_gain":0.0,"max_hp_loss":0.0,"gold_gain":100.0,"event_name":"The Joust","player_choice":"Bet on Murderer","floor":21.0,"gold_loss":50.0,"damage_taken":0.0},{"damage_healed":0.0,"max_hp_gain":0.0,"max_hp_loss":0.0,"gold_gain":0.0,"event_name":"Colosseum","player_choice":"Fight","floor":31.0,"gold_loss":0.0,"damage_taken":0.0},{"damage_healed":0.0,"max_hp_gain":0.0,"max_hp_loss":0.0,"gold_gain":0.0,"event_name":"Colosseum","player_choice":"Fought Nobs","floor":31.0,"gold_loss":0.0,"damage_taken":0.0},{"damage_healed":0.0,"max_hp_gain":0.0,"max_hp_loss":0.0,"gold_gain":0.0,"event_name":"MindBloom","player_choice":"Fight","floor":38.0,"gold_loss":0.0,"damage_taken":0.0},{"damage_healed":0,"gold_gain":0,"player_choice":"Got Potions","damage_taken":0,"max_hp_gain":0,"max_hp_loss":0,"event_name":"Lab","floor":42,"gold_loss":0}],"is_beta":false,"boss_relics":[{"not_picked":["Runic Cube","Runic Pyramid"],"picked":"Calling Bell"},{"not_picked":["Tiny House","Philosopher\u0027s Stone"],"picked":"Sozu"}],"items_purged_floors":[30,37],"is_endless":false,"potions_floor_spawned":[1,8,10,13,16,18,22,25,28,29,31,31,33,35,36,38,39,41,44,45,47,48],"ascension_level":0}}