{"host":"gk9qdtkqd8dwfeg2","time":1610096450,"event":{"mods":["Aspiration","BaseMod","Colored Powertips","KomeijiMod","Minty Spire (QoL Compilation)","Quick Restart","Replay The Spire","Shop Mod","StSLib","TestMod","The Gatherer","The Servant 0.9.4","Waifu the Spire","WarShipGirlsR/’ΩΩ¢…Ÿ≈ÆR mod","Yuri Mod"],"gold_per_floor":[110,122,188,199,214,244,244,273,273,273,373,400,418,418,418,418,418],"floor_reached":16,"playtime":444,"items_purged":[],"score":180,"play_id":"7ee9f86b-3578-45d2-9f8f-f3ffcd09ad84","local_time":"20210108170050","is_ascension_mode":true,"campfire_choices":[{"data":"Armaments","floor":7,"key":"SMITH"},{"floor":10,"key":"REST"},{"data":"Feel No Pain","floor":15,"key":"SMITH"}],"circlet_count":0,"master_deck":["AscendersBane","Strike_R","Strike_R","Strike_R","Strike_R","Strike_R","Defend_R","Defend_R","Defend_R","Defend_R","Bash","Dual Wield","Armaments+1","Second Wind","ReplayReversal","Feel No Pain+1","Reaper","Impervious+1","Injury"],"relics":["Burning Blood","testmod-TestBox","testmod-ThousandKnives","NeowsBlessing","Self Forming Clay","KyoryuNoHagoromo","Golden Egg","Bag of Marbles","Molten Egg 2"],"acts_visited":["Exordium"],"potions_floor_usage":[5,6,8,12,16],"damage_taken":[{"damage":0,"enemies":"2 Louse","floor":1,"turns":1},{"damage":0,"enemies":"Small Slimes","floor":2,"turns":1},{"damage":0,"enemies":"Cultist","floor":4,"turns":1},{"damage":11,"enemies":"2 Fungi Beasts","floor":5,"turns":4},{"damage":42,"enemies":"3 Sentries","floor":6,"turns":10},{"damage":29,"enemies":"Lagavulin","floor":8,"turns":9},{"damage":21,"enemies":"3 Sentries","floor":12,"turns":8},{"damage":22,"enemies":"3 Louse","floor":13,"turns":5},{"damage":0,"enemies":"Slime Boss","floor":16,"turns":3}],"seed_played":"640645954475635493","potions_obtained":[{"floor":3,"key":"Fruit Juice"},{"floor":3,"key":"AttackPotion"},{"floor":3,"key":"UndeadPotion"},{"floor":5,"key":"CultistPotion"},{"floor":8,"key":"Explosive Potion"},{"floor":13,"key":"SpeedPotion"}],"is_trial":false,"path_per_floor":["M","M","?","M","M","E","R","E","T","R","?","E","M","?","R","B"],"character_chosen":"IRONCLAD","items_purchased":[],"campfire_rested":1,"item_purchase_floors":[],"current_hp_per_floor":[78,80,60,66,66,30,30,7,7,32,32,29,25,25,25,25,25],"gold":418,"neow_bonus":"THREE_ENEMY_KILL","is_daily":false,"chose_seed":false,"campfire_upgraded":2,"win_rate":0.0,"timestamp":1610096450,"path_taken":["M","M","?","M","M","E","R","E","T","R","?","E","?","?","R","BOSS"],"items_purchased_type":[],"build_version":"2020-12-22","purchased_purges":0,"victory":false,"max_hp_per_floor":[80,80,80,80,85,85,85,85,85,85,85,85,85,85,85,85,85],"card_choices":[{"not_picked":["Flex","Anger"],"picked":"Dual Wield","floor":1},{"not_picked":["Flex","Rupture"],"picked":"Armaments","floor":2},{"not_picked":["Bloodletting","Replay:Undeath\u0027s Touch"],"picked":"Second Wind","floor":4},{"not_picked":["Sentinel","Dual Wield"],"picked":"ReplayReversal","floor":5},{"not_picked":["Rampage","Seeing Red"],"picked":"Feel No Pain","floor":6},{"not_picked":["Wild Strike","Twin Strike"],"picked":"Reaper","floor":8},{"not_picked":["Wild Strike","Life Link"],"picked":"Impervious","floor":12},{"not_picked":["Metallicize","Sever Soul","Rupture"],"picked":"SKIP","floor":13}],"player_experience":613030,"relics_obtained":[{"floor":6,"key":"Self Forming Clay"},{"floor":8,"key":"KyoryuNoHagoromo"},{"floor":9,"key":"Golden Egg"},{"floor":12,"key":"Bag of Marbles"}],"event_choices":[{"damage_healed":0,"gold_gain":100,"player_choice":"Pray","damage_taken":0,"max_hp_gain":0,"max_hp_loss":0,"event_name":"Golden Shrine","floor":11,"gold_loss":0}],"is_beta":false,"boss_relics":[],"items_purged_floors":[],"is_endless":false,"potions_floor_spawned":[5,8,13],"killed_by":"Slime Boss","ascension_level":10}}