{"host":"Sean","time":1610121679,"event":{"mods":["BaseMod","Block Reminder","Colored Map","Colored Powertips","Highlight Path","Minty Spire (QoL Compilation)","Relic Stats"],"gold_per_floor":[215,390,7,67,67,67,153,228,228,178,178,228,297,31,31,175,238,284,322,367,367,392,392],"floor_reached":22,"playtime":2277,"items_purged":["Doubt"],"score":328,"play_id":"bbebfb1f-2a32-46ab-a455-98982ede3b3e","local_time":"20210108160119","is_ascension_mode":true,"campfire_choices":[{"data":"HandOfGreed","floor":6.0,"key":"SMITH"},{"data":"Hologram","floor":11.0,"key":"SMITH"},{"data":"Apotheosis","floor":15.0,"key":"SMITH"}],"circlet_count":0,"master_deck":["Defend_B","Defend_B","Defend_B","Defend_B","Zap","Dualcast","Rip and Tear","HandOfGreed+1","Cold Snap+1","Darkness","Gash","Hologram+1","Genetic Algorithm","Apotheosis+1","Seek","Chill","Ball Lightning","Coolheaded","Electrodynamics","Bite","Bite","Bite","Bite","Bite"],"relics":["Cracked Core","Golden Idol","Juzu Bracelet","Bag of Marbles","Tiny Chest","Tiny House"],"acts_visited":["Exordium","TheCity"],"potions_floor_usage":[19,19,22],"damage_taken":[{"damage":1.0,"enemies":"Cultist","floor":1.0,"turns":3.0},{"damage":4.0,"enemies":"Small Slimes","floor":4.0,"turns":5.0},{"damage":27.0,"enemies":"3 Sentries","floor":7.0,"turns":6.0},{"damage":2.0,"enemies":"Jaw Worm","floor":12.0,"turns":3.0},{"damage":11.0,"enemies":"Gremlin Nob","floor":13.0,"turns":4.0},{"damage":0.0,"enemies":"Slime Boss","floor":16.0,"turns":5.0},{"damage":5.0,"enemies":"Chosen","floor":18.0,"turns":3.0},{"damage":23,"enemies":"3 Byrds","floor":19,"turns":5},{"damage":12,"enemies":"Centurion and Healer","floor":20,"turns":7},{"damage":33,"enemies":"Masked Bandits","floor":22,"turns":3}],"seed_played":"-7662339109953298138","potions_obtained":[{"floor":1.0,"key":"FearPotion"},{"floor":12.0,"key":"Weak Potion"},{"floor":13.0,"key":"BlessingOfTheForge"},{"floor":17.0,"key":"Energy Potion"}],"is_trial":false,"path_per_floor":["M","?","$","M","?","R","E","?","T","?","R","M","E","$","R","B",null,"M","M","M","?","?"],"character_chosen":"DEFECT","items_purchased":["HandOfGreed","Cold Snap","Darkness","Weak Potion","CultistPotion","Apotheosis"],"campfire_rested":0,"item_purchase_floors":[3,3,3,3,14,14],"current_hp_per_floor":[74,74,74,70,52,52,25,18,18,18,18,16,5,5,5,5,63,58,35,23,23,0,0],"gold":392,"neow_bonus":"HUNDRED_GOLD","is_daily":false,"chose_seed":false,"campfire_upgraded":3,"win_rate":0.0,"timestamp":1610121679,"path_taken":["M","?","$","M","?","R","E","?","T","?","R","M","E","$","R","BOSS","M","M","M","?","?"],"items_purchased_type":["Card","Card","Card","Potion","Potion","Card"],"build_version":"2020-12-18","purchased_purges":1,"victory":false,"max_hp_per_floor":[75,75,75,75,75,75,75,75,75,75,75,75,75,75,75,75,80,80,80,80,56,56,56],"relic_stats":{"counters":[10,44],"Golden Idol":77,"Tiny Chest":0,"Juzu Bracelet":1,"obtain_stats":[{"Tiny House":17,"Golden Idol":5,"Tiny Chest":13,"Juzu Bracelet":7,"Bag of Marbles":9,"Cracked Core":0},{"Tiny House":6,"Golden Idol":2,"Tiny Chest":5,"Juzu Bracelet":3,"Bag of Marbles":3,"Cracked Core":0},{"Tiny House":26,"Golden Idol":8,"Tiny Chest":21,"Juzu Bracelet":14,"Bag of Marbles":14,"Cracked Core":0}]},"card_choices":[{"not_picked":["Cold Snap","Ball Lightning"],"picked":"Rip and Tear","floor":1.0},{"not_picked":["Sweeping Beam","Recycle"],"picked":"Gash","floor":4.0},{"not_picked":["Turbo","Static Discharge"],"picked":"Hologram","floor":7.0},{"not_picked":["Steam","Sweeping Beam"],"picked":"Genetic Algorithm","floor":12.0},{"not_picked":["Aggregate","Barrage","Darkness"],"picked":"SKIP","floor":13.0},{"not_picked":["Hyperbeam","Reboot"],"picked":"Seek","floor":16.0},{"not_picked":["Beam Cell","Cold Snap"],"picked":"Chill","floor":17.0},{"not_picked":["Turbo","Scrape+1"],"picked":"Ball Lightning","floor":18.0},{"not_picked":["Ball Lightning","Go for the Eyes"],"picked":"Coolheaded","floor":19},{"not_picked":["Compile Driver+1","Steam"],"picked":"Electrodynamics","floor":20}],"player_experience":406342,"relics_obtained":[{"floor":7.0,"key":"Juzu Bracelet"},{"floor":9.0,"key":"Bag of Marbles"},{"floor":13.0,"key":"Tiny Chest"}],"event_choices":[{"damage_healed":0.0,"max_hp_gain":0.0,"max_hp_loss":0.0,"gold_gain":175.0,"event_name":"Liars Game","player_choice":"AGREE","floor":2.0,"gold_loss":0.0,"damage_taken":0.0,"cards_obtained":["Doubt"]},{"damage_healed":0.0,"max_hp_gain":0.0,"max_hp_loss":0.0,"gold_gain":0.0,"event_name":"Golden Idol","player_choice":"Take Damage","floor":5.0,"gold_loss":0.0,"damage_taken":18.0,"relics_obtained":["Golden Idol"]},{"damage_healed":0.0,"max_hp_gain":0.0,"max_hp_loss":0.0,"gold_gain":75.0,"event_name":"FaceTrader","player_choice":"Touch","floor":8.0,"gold_loss":0.0,"damage_taken":7.0},{"cards_removed":["Strike_B"],"damage_healed":0.0,"max_hp_gain":0.0,"max_hp_loss":0.0,"gold_gain":0.0,"event_name":"The Cleric","player_choice":"Card Removal","floor":10.0,"gold_loss":50.0,"damage_taken":0.0},{"damage_healed":0,"gold_gain":0,"player_choice":"Became a vampire","damage_taken":0,"max_hp_gain":0,"max_hp_loss":24,"event_name":"Vampires","floor":21,"gold_loss":0,"cards_obtained":["Bite","Bite","Bite","Bite","Bite"]},{"damage_healed":0,"gold_gain":0,"player_choice":"Fought Bandits","damage_taken":0,"max_hp_gain":0,"max_hp_loss":0,"event_name":"Masked Bandits","floor":22,"gold_loss":0}],"is_beta":true,"boss_relics":[{"not_picked":["Sozu","Ectoplasm"],"picked":"Tiny House"}],"items_purged_floors":[3],"is_endless":false,"potions_floor_spawned":[1,12,13],"killed_by":"Masked Bandits","ascension_level":5}}