{"host":"z9811rt50ti81n54","time":1610126379,"event":{"mods":["BaseMod","Minty Spire (QoL Compilation)","Random Character Button","SuperFastMode"],"gold_per_floor":[20,20,20,34,209,209,222,222,269,269,282,352,32,56,56,184,184,198,248,263,313,288,338,370,370,370,370,395,413,413,433,433,531,531,544,555,605,655,673,714,782,849,849,871,886,936,207,227,227,227],"floor_reached":51,"playtime":1606,"items_purged":["Doubt","Dualcast"],"score":884,"play_id":"aa13b478-56c5-41c7-bd68-9ae60c95da7b","local_time":"20210109021939","is_ascension_mode":false,"campfire_choices":[{"data":"White Noise","floor":6.0,"key":"SMITH"},{"data":"Chill","floor":8.0,"key":"SMITH"},{"data":"Defragment","floor":15.0,"key":"SMITH"},{"data":"Defragment","floor":25.0,"key":"SMITH"},{"data":"Rainbow","floor":27.0,"key":"SMITH"},{"data":"Biased Cognition","floor":30.0,"key":"SMITH"},{"data":"Amplify","floor":32.0,"key":"SMITH"},{"data":"Reboot","floor":49,"key":"SMITH"}],"circlet_count":0,"master_deck":["Defend_B","Defend_B","Defend_B","Defend_B","Rip and Tear+1","Turbo","White Noise+1","Melter+1","Redo","Chill+1","Hologram","Skim","Defragment+1","Amplify+1","Biased Cognition+1","Rainbow+1","Consume","Defragment+1","Undo","Heatsinks+1","Electrodynamics+1","Hologram+1","Self Repair+1","PanicButton","Panacea","Secret Technique","Steam Power+1","Skim+1","Skim","All For One","Static Discharge+1","Reboot+1"],"relics":["Cracked Core","Bloody Idol","Vajra","SsserpentHead","Medical Kit","Black Star","Enchiridion","Frozen Egg 2","Whetstone","InkBottle","Akabeko","Happy Flower","Nuclear Battery","Singing Bowl","CeramicFish","Juzu Bracelet","Strawberry","Shuriken","Frozen Eye"],"acts_visited":["Exordium","TheCity","TheBeyond"],"potions_floor_usage":[33,33,50,50],"damage_taken":[{"damage":3.0,"enemies":"Jaw Worm","floor":1.0,"turns":3.0},{"damage":2.0,"enemies":"Small Slimes","floor":4.0,"turns":3.0},{"damage":0.0,"enemies":"2 Louse","floor":7.0,"turns":1.0},{"damage":0.0,"enemies":"Lots of Slimes","floor":11.0,"turns":1.0},{"damage":6.0,"enemies":"Red Slaver","floor":12.0,"turns":3.0},{"damage":0.0,"enemies":"Looter","floor":14.0,"turns":3.0},{"damage":43.0,"enemies":"Hexaghost","floor":16.0,"turns":10.0},{"damage":0.0,"enemies":"Spheric Guardian","floor":18.0,"turns":1.0},{"damage":0.0,"enemies":"Shell Parasite","floor":20.0,"turns":4.0},{"damage":0.0,"enemies":"Slavers","floor":24.0,"turns":6.0},{"damage":7.0,"enemies":"Book of Stabbing","floor":28.0,"turns":5.0},{"damage":6.0,"enemies":"Snake Plant","floor":29.0,"turns":4.0},{"damage":0.0,"enemies":"Snecko","floor":31.0,"turns":3.0},{"damage":0,"enemies":"Collector","floor":33,"turns":5},{"damage":0,"enemies":"3 Shapes","floor":35,"turns":3},{"damage":0,"enemies":"3 Darklings","floor":36,"turns":1},{"damage":12,"enemies":"Jaw Worm Horde","floor":39,"turns":4},{"damage":0,"enemies":"Reptomancer","floor":40,"turns":4},{"damage":0,"enemies":"Sphere and 2 Shapes","floor":42,"turns":1},{"damage":0,"enemies":"3 Darklings","floor":44,"turns":1},{"damage":0,"enemies":"Transient","floor":45,"turns":5},{"damage":0,"enemies":"4 Shapes","floor":48,"turns":1},{"damage":28,"enemies":"Donu and Deca","floor":50,"turns":4}],"seed_played":"156103780227561436","potions_obtained":[{"floor":1.0,"key":"AttackPotion"},{"floor":11.0,"key":"Swift Potion"},{"floor":14.0,"key":"Fire Potion"},{"floor":18.0,"key":"DistilledChaos"},{"floor":28.0,"key":"Block Potion"},{"floor":29.0,"key":"Regen Potion"},{"floor":31.0,"key":"DistilledChaos"},{"floor":35,"key":"Dexterity Potion"},{"floor":39,"key":"FearPotion"},{"floor":44,"key":"ColorlessPotion"},{"floor":45,"key":"Energy Potion"}],"is_trial":false,"path_per_floor":["M","?","?","M","?","R","M","R","T","?","M","M","$","M","R","B",null,"M","?","M","?","?","?","E","R","T","R","E","M","R","M","R","B",null,"M","M","?","?","M","E","?","M","T","M","M","?","$","M","R","B",null],"character_chosen":"DEFECT","items_purchased":["Defragment","Amplify","Medical Kit","Strawberry","Shuriken","Frozen Eye","Reboot"],"campfire_rested":0,"item_purchase_floors":[13,13,13,47,47,47,47],"current_hp_per_floor":[72,72,69,67,67,67,67,67,67,67,67,61,61,61,61,18,69,69,53,53,53,53,53,58,58,58,58,56,55,55,60,60,65,69,69,69,59,64,66,66,66,68,68,68,70,70,77,79,79,66],"gold":227,"neow_bonus":"TRANSFORM_TWO_CARDS","is_daily":false,"chose_seed":false,"campfire_upgraded":8,"win_rate":0.0,"timestamp":1610126379,"path_taken":["M","?","?","M","?","R","M","R","T","?","M","?","?","M","R","BOSS","M","?","M","?","?","?","E","R","T","R","E","M","R","M","R","BOSS","M","M","?","?","M","E","?","?","T","M","M","?","$","M","R","BOSS"],"items_purchased_type":["Card","Card","Relic","Relic","Relic","Relic","Card"],"build_version":"2020-12-22","purchased_purges":2,"victory":true,"max_hp_per_floor":[75,75,69,69,69,69,69,69,69,69,69,69,69,69,69,69,69,69,69,69,69,69,69,69,69,69,69,69,69,69,69,69,69,69,69,69,69,66,66,66,66,68,68,68,70,70,77,79,79,79],"card_choices":[{"not_picked":["Ball Lightning","Lockon"],"picked":"White Noise","floor":1.0},{"not_picked":["Steam","Stack"],"picked":"Redo","floor":4.0},{"not_picked":["Leap","BootSequence"],"picked":"Chill","floor":7.0},{"not_picked":["Stack","Lockon"],"picked":"Hologram","floor":11.0},{"not_picked":["Ball Lightning","FTL"],"picked":"Skim","floor":12.0},{"not_picked":["Conserve Battery","Stack"],"picked":"Biased Cognition","floor":14.0},{"not_picked":["All For One","Reboot"],"picked":"Rainbow","floor":16.0},{"not_picked":["Hello World","Leap"],"picked":"Consume","floor":18.0},{"not_picked":["Gash+1","Coolheaded"],"picked":"Defragment","floor":20.0},{"not_picked":["Leap","Genetic Algorithm"],"picked":"Undo","floor":24.0},{"not_picked":["Reinforced Body","Turbo","Redo+1"],"picked":"SKIP","floor":28.0},{"not_picked":["Chaos","Sweeping Beam","Heatsinks+1"],"picked":"SKIP","floor":29.0},{"not_picked":["Chaos","Sweeping Beam"],"picked":"Heatsinks+1","floor":29.0},{"not_picked":["Melter","Darkness","Conserve Battery"],"picked":"SKIP","floor":31.0},{"not_picked":["All For One","Biased Cognition+1"],"picked":"Electrodynamics+1","floor":33},{"not_picked":["Beam Cell","Steam"],"picked":"Hologram+1","floor":35},{"not_picked":["Streamline+1","Double Energy"],"picked":"Self Repair+1","floor":36},{"not_picked":["Madness","Mind Blast"],"picked":"PanicButton","floor":37},{"not_picked":["Discovery","Good Instincts"],"picked":"Panacea","floor":37},{"not_picked":["PanicButton","Secret Weapon"],"picked":"Secret Technique","floor":37},{"not_picked":["Leap+1","Beam Cell+1"],"picked":"Steam Power+1","floor":39},{"not_picked":["Streamline+1","Leap"],"picked":"Skim+1","floor":40},{"not_picked":["Chaos","Sweeping Beam","Barrage+1"],"picked":"Singing Bowl","floor":42},{"not_picked":["Beam Cell+1","Sweeping Beam"],"picked":"Static Discharge+1","floor":44},{"not_picked":["Compile Driver+1","Streamline","Cold Snap+1"],"picked":"Singing Bowl","floor":45},{"not_picked":["Go for the Eyes+1","Chill","Leap+1"],"picked":"Singing Bowl","floor":48}],"player_experience":329505,"relics_obtained":[{"floor":9.0,"key":"Vajra"},{"floor":19.0,"key":"Enchiridion"},{"floor":24.0,"key":"Frozen Egg 2"},{"floor":24.0,"key":"Whetstone"},{"floor":26.0,"key":"InkBottle"},{"floor":28.0,"key":"Akabeko"},{"floor":28.0,"key":"Happy Flower"},{"floor":40,"key":"Singing Bowl"},{"floor":40,"key":"CeramicFish"},{"floor":43,"key":"Juzu Bracelet"}],"event_choices":[{"damage_healed":0.0,"max_hp_gain":0.0,"max_hp_loss":0.0,"gold_gain":0.0,"cards_transformed":["Strike_B"],"event_name":"Living Wall","player_choice":"Change","floor":2.0,"gold_loss":0.0,"damage_taken":0.0,"cards_obtained":["Melter"]},{"damage_healed":0.0,"max_hp_gain":0.0,"max_hp_loss":6.0,"gold_gain":0.0,"event_name":"Golden Idol","player_choice":"Lose Max HP","floor":3.0,"gold_loss":0.0,"damage_taken":0.0,"relics_obtained":["Golden Idol"]},{"damage_healed":0.0,"max_hp_gain":0.0,"max_hp_loss":0.0,"gold_gain":175.0,"event_name":"Liars Game","player_choice":"AGREE","floor":5.0,"gold_loss":0.0,"damage_taken":0.0,"cards_obtained":["Doubt"]},{"damage_healed":0.0,"max_hp_gain":0.0,"max_hp_loss":0.0,"gold_gain":0.0,"event_name":"FaceTrader","player_choice":"Trade","floor":10.0,"gold_loss":0.0,"damage_taken":0.0,"relics_obtained":["SsserpentHead"]},{"damage_healed":0.0,"max_hp_gain":0.0,"max_hp_loss":0.0,"gold_gain":0.0,"event_name":"Cursed Tome","player_choice":"Obtained Book","floor":19.0,"gold_loss":0.0,"damage_taken":16.0},{"cards_removed":["Strike_B"],"damage_healed":0.0,"max_hp_gain":0.0,"max_hp_loss":0.0,"gold_gain":0.0,"event_name":"Back to Basics","player_choice":"Elegance","floor":21.0,"gold_loss":0.0,"damage_taken":0.0},{"cards_removed":["Zap"],"damage_healed":0.0,"max_hp_gain":0.0,"max_hp_loss":0.0,"gold_gain":0.0,"event_name":"Beggar","player_choice":"Gave Gold","floor":22.0,"gold_loss":75.0,"damage_taken":0.0},{"damage_healed":0.0,"max_hp_gain":0.0,"max_hp_loss":0.0,"gold_gain":0.0,"event_name":"Forgotten Altar","player_choice":"Gave Idol","floor":23.0,"relics_lost":["Golden Idol"],"gold_loss":0.0,"damage_taken":0.0,"relics_obtained":["Bloody Idol"]},{"damage_healed":0,"gold_gain":0,"player_choice":"Memory 3","damage_taken":10,"max_hp_gain":0,"max_hp_loss":0,"event_name":"SensoryStone","floor":37,"gold_loss":0},{"damage_healed":0,"gold_gain":0,"player_choice":"Max HP","damage_taken":0,"max_hp_gain":0,"max_hp_loss":3,"event_name":"Winding Halls","floor":38,"gold_loss":0},{"damage_healed":0,"gold_gain":0,"player_choice":"2 cards matched","damage_taken":0,"max_hp_gain":0,"max_hp_loss":0,"event_name":"Match and Keep!","floor":41,"gold_loss":0,"cards_obtained":["Skim","All For One"]},{"damage_healed":0,"gold_gain":0,"player_choice":"Ignored","damage_taken":0,"max_hp_gain":0,"max_hp_loss":0,"event_name":"Tomb of Lord Red Mask","floor":46,"gold_loss":0}],"is_beta":false,"boss_relics":[{"not_picked":["Tiny House","FrozenCore"],"picked":"Black Star"},{"not_picked":["SacredBark","Pandora\u0027s Box"],"picked":"Nuclear Battery"}],"items_purged_floors":[13,47],"is_endless":false,"potions_floor_spawned":[1,11,14,18,28,29,31,35,39,44,45],"ascension_level":0}}