{"host":"cr892wvdvh6p7gzy","time":1610120988,"event":{"mods":["A Magickal Journey","BaseMod","BetterRewards","Downfall","GifTheSpireLib","Hubris","Infinite Spire","Minty Spire (QoL Compilation)","READ ME - Guardian Mod","Replay The Spire","SOS???????","StSLib","The Bug Knight","The Dragon Tamer","The Necromancer","???Mod??????Boss"],"gold_per_floor":[118,118,136,148,163,163,193,208,233,253,253,233,233,245,245,245,245],"floor_reached":16,"playtime":924,"items_purged":[],"score":117,"play_id":"505e3d7e-9a2a-4dfd-8b67-1524e5248cbe","local_time":"20210108164948","is_ascension_mode":true,"campfire_choices":[{"data":"Flex","floor":6.0,"key":"SMITH"},{"data":"Inflame","floor":13,"key":"SMITH"},{"data":"Limit Break","floor":15,"key":"SMITH"}],"circlet_count":0,"master_deck":["Strike_R","Strike_R","Strike_R","Strike_R","Strike_R","Defend_R","Defend_R","Defend_R","Defend_R","Bash+1","Flex+1","Shrug It Off","Shrug It Off","Inflame+1","Limit Break+1"],"relics":["Burning Blood","hubris:DisguiseKit","Vajra"],"acts_visited":["Exordium"],"potions_floor_usage":[12,16],"damage_taken":[{"damage":9.0,"enemies":"Small Slimes","floor":1.0,"turns":4.0},{"damage":1.0,"enemies":"Cultist","floor":3.0,"turns":3.0},{"damage":2.0,"enemies":"Jaw Worm","floor":4.0,"turns":5.0},{"damage":0.0,"enemies":"Red Slaver","floor":5.0,"turns":4.0},{"damage":62.0,"enemies":"Gremlin Nob","floor":7.0,"turns":6.0},{"damage":1.0,"enemies":"Exordium Wildlife","floor":8.0,"turns":4.0},{"damage":3.0,"enemies":"Blue Slaver","floor":10.0,"turns":5.0},{"damage":3,"enemies":"Exordium Thugs","floor":12,"turns":4},{"damage":9,"enemies":"Looter","floor":14,"turns":4},{"damage":2,"enemies":"Fading Forest","floor":16,"turns":3}],"seed_played":"3378854479106158272","potions_obtained":[{"floor":1.0,"key":"AttackPotion"},{"floor":7.0,"key":"SpeedPotion"},{"floor":8.0,"key":"Guardian:BlockOnCardUsePotion"},{"floor":10.0,"key":"SpeedPotion"}],"is_trial":false,"path_per_floor":["M","?","M","M","M","R","E","M","T","M","?","M","R","M","R","B"],"character_chosen":"IRONCLAD","items_purchased":[],"campfire_rested":0,"item_purchase_floors":[],"current_hp_per_floor":[85,85,88,88,88,88,32,37,37,40,88,88,88,85,85,83,83],"gold":245,"neow_bonus":"TEN_PERCENT_HP_BONUS","is_daily":false,"chose_seed":false,"campfire_upgraded":3,"win_rate":0.0,"timestamp":1610120988,"path_taken":["M","?","M","M","M","R","E","M","T","?","?","?","R","M","R","BOSS"],"items_purchased_type":[],"build_version":"2020-12-22","purchased_purges":0,"victory":false,"max_hp_per_floor":[88,88,88,88,88,88,88,88,88,88,88,88,88,88,88,88,88],"card_choices":[{"not_picked":["Armaments","Run Through","Wild Strike"],"picked":"SKIP","floor":1.0},{"not_picked":["Hemokinesis","Rupture","hubris:SharpeningStone"],"picked":"SKIP","floor":3.0},{"not_picked":["Inflame","Shrug It Off"],"picked":"Flex","floor":4.0},{"not_picked":["Twin Strike","Life Link"],"picked":"Shrug It Off","floor":5.0},{"not_picked":["ReplayTheSpireMod:Stacked","Replay:Undeath\u0027s Touch","Anger"],"picked":"SKIP","floor":7.0},{"not_picked":["Juggernaut","Wild Strike","Underhanded Strike"],"picked":"Shrug It Off","floor":8.0},{"not_picked":["Replay:Undeath\u0027s Touch","ReplayTheSpireMod:Strike From Hell","Ghostly Armor","All Out Attack"],"picked":"SKIP","floor":10.0},{"not_picked":["hubris:SharpeningStone","ReplayTheSpireMod:LeadingStrike","Slice"],"picked":"Inflame","floor":12},{"not_picked":["Clothesline","Havoc","Sucker Punch"],"picked":"Limit Break","floor":14}],"player_experience":462717,"relics_obtained":[{"floor":7.0,"key":"hubris:DisguiseKit"},{"floor":9.0,"key":"Vajra"}],"event_choices":[{"damage_healed":0.0,"max_hp_gain":0.0,"max_hp_loss":0.0,"gold_gain":0.0,"event_name":"Accursed Blacksmith","player_choice":"Forge","floor":2.0,"gold_loss":0.0,"damage_taken":0.0,"cards_upgraded":["Bash"]},{"damage_healed":48,"gold_gain":0,"player_choice":"Full Heal","damage_taken":0,"max_hp_gain":0,"max_hp_loss":0,"event_name":"Wheel of Change","floor":11,"gold_loss":0}],"is_beta":false,"boss_relics":[],"items_purged_floors":[],"is_endless":false,"potions_floor_spawned":[1,7,8,10],"killed_by":"Fading Forest","ascension_level":2}}