{"host":"ekuwh035269yscfo","time":1610127032,"event":{"mods":["Aspiration","BaseMod","Better Third Choice","BetterRewards","Colored Map","Custom Start","Downfall","Hermit","Highlight Path","Hubris","Hyrulean Relics","Minty Spire (QoL Compilation)","Replay The Spire","Shop Mod","StSLib","The Cursed"],"gold_per_floor":[99,99,99,99,152,56,109,109,119,130,130,130,130,141,154,154,154],"floor_reached":16,"playtime":809,"items_purged":[],"score":88,"play_id":"685a1e28-4c41-42d6-9322-f74fd83bf3da","local_time":"20210108123032","is_ascension_mode":false,"campfire_choices":[{"data":"sneckomod:SnekBite","floor":1,"key":"SMITH"},{"data":"sneckomod:DiceBoulder","floor":8,"key":"SMITH"},{"data":"sneckomod:DiceBoulder+1","floor":11,"key":"SMITH"},{"data":"sneckomod:DiceBoulder+2","floor":13,"key":"SMITH"}],"circlet_count":0,"master_deck":["sneckomod:Strike","sneckomod:Strike","sneckomod:Strike","sneckomod:Defend","sneckomod:Defend","sneckomod:Defend","sneckomod:TailWhip","sneckomod:SnekBite+1","sneckomod:Unknown","sneckomod:Unknown","sneckomod:Unknown0Cost","sneckomod:Unknown1Cost","sneckomod:DiceBoulder+3","sneckomod:SnekBeam","sneckomod:UnknownClassGUARDIAN","sneckomod:UnknownVulnerable","sneckomod:SoulCleanse","Regret","sneckomod:UnknownCommonAttack","sneckomod:UnknownRareSkill"],"relics":["sneckomod:SneckoSoul","downfall:HeartsMalice","Vajra","Replay:Wax Seal","Boot"],"acts_visited":["Exordium"],"potions_floor_usage":[14,16],"damage_taken":[{"damage":0,"enemies":"Cultist","floor":2,"turns":1},{"damage":0,"enemies":"Jaw Worm","floor":3,"turns":1},{"damage":0,"enemies":"Small Slimes","floor":4,"turns":1},{"damage":0,"enemies":"downfall:FleeingMerchant","floor":6,"turns":4},{"damage":7,"enemies":"Blue Slaver","floor":9,"turns":3},{"damage":15,"enemies":"Exordium Wildlife","floor":10,"turns":3},{"damage":1,"enemies":"3 Louse","floor":14,"turns":2},{"damage":16,"enemies":"Lots of Slimes","floor":15,"turns":4},{"damage":59,"enemies":"downfall:Ironclad","floor":16,"turns":8}],"seed_played":"3792558721374964068","potions_obtained":[{"floor":9,"key":"SpeedPotion"},{"floor":10,"key":"SteroidPotion"}],"is_trial":false,"path_per_floor":["R_BF","M","M","M","T","$","T","R","M","M","R","?","R","M","M","B"],"character_chosen":"THE_SNECKO","items_purchased":["sneckomod:UnknownClassGUARDIAN"],"campfire_rested":0,"item_purchase_floors":[6],"current_hp_per_floor":[90,91,92,92,92,93,93,93,87,72,72,72,72,72,57,0,0],"gold":154,"neow_bonus":"THREE_ENEMY_KILL","is_daily":false,"chose_seed":false,"campfire_upgraded":4,"win_rate":0.0,"timestamp":1610127032,"path_taken":["R_BF","M","M","M","?","?","T","R","M","M","R","?","R","M","M","BOSS"],"items_purchased_type":["Card"],"build_version":"2020-12-22","purchased_purges":0,"victory":false,"max_hp_per_floor":[90,91,92,92,92,93,93,93,94,94,94,94,94,95,96,96,96],"card_choices":[{"not_picked":["sneckomod:RainOfDice","sneckomod:MasterEye"],"picked":"sneckomod:Unknown0Cost","floor":2},{"not_picked":["sneckomod:SoulRoll","sneckomod:IronFang"],"picked":"sneckomod:Unknown1Cost","floor":3},{"not_picked":["sneckomod:UnknownStrike","sneckomod:UnknownVulnerable"],"picked":"sneckomod:DiceBoulder","floor":4},{"not_picked":["sneckomod:IronFang","sneckomod:UnknownCommonAttack"],"picked":"sneckomod:SnekBeam","floor":6},{"not_picked":["sneckomod:SerpentIdol","sneckomod:UnknownStrike"],"picked":"sneckomod:UnknownVulnerable","floor":9},{"not_picked":["sneckomod:WideSting","sneckomod:ImprovisedAttack"],"picked":"sneckomod:SoulCleanse","floor":10},{"not_picked":["sneckomod:ImprovisedAttack","sneckomod:IronFang"],"picked":"sneckomod:UnknownCommonAttack","floor":14},{"not_picked":["sneckomod:QuickMove","sneckomod:WideSting"],"picked":"sneckomod:UnknownRareSkill","floor":15}],"player_experience":402848,"relics_obtained":[{"floor":5,"key":"Vajra"},{"floor":7,"key":"Replay:Wax Seal"}],"event_choices":[{"damage_healed":0,"gold_gain":0,"player_choice":"Box","damage_taken":0,"relics_obtained":["Boot"],"max_hp_gain":0,"max_hp_loss":0,"event_name":"Big Fish","floor":12,"gold_loss":0,"cards_obtained":["Regret"]}],"is_beta":false,"boss_relics":[],"items_purged_floors":[],"is_endless":false,"potions_floor_spawned":[9,10],"killed_by":"downfall:Ironclad","ascension_level":0}}