{"host":"1rf9pknejqhzkc4o","time":1610096638,"event":{"mods":["Aspiration","BaseMod","Better Altar","Better Match","Better Note","Better Sensory Stone","Better Skull","Better Third Choice","Colored Map","Colored Powertips","Communication Mod","Conspire","Energized Spire","Hubris","Infinite Spire","Ironclad Rager","Minty Spire (QoL Compilation)","Quick Restart","RNG Fix","Rare Cards Sparkle","Relic Stats","Replay The Spire","Retaliation","Spicy Shops","StSLib","The Blue Laboratory","Trackpad"],"gold_per_floor":[111,111,111,130,205,205,224,224,224],"floor_reached":8,"playtime":184,"items_purged":[],"score":46,"play_id":"ab1d1c9c-0260-4939-ac5a-16ed35540adc","local_time":"20210108120358","is_ascension_mode":false,"campfire_choices":[{"floor":6,"key":"REST"}],"circlet_count":0,"master_deck":["Strike_P","Strike_P","Strike_P","Strike_P","Defend_P","Defend_P","Defend_P","Defend_P","Eruption","Vigilance","BowlingBash","PathToVictory","FlyingSleeves"],"relics":["PureWater","trackpad:Coffee","aspiration:PoetsPen","trackpad:SappingStone"],"acts_visited":["Exordium"],"potions_floor_usage":[8],"damage_taken":[{"damage":0,"enemies":"Cultist","floor":1,"turns":2},{"damage":0,"enemies":"2 Louse","floor":4,"turns":2},{"damage":13,"enemies":"Jaw Worm","floor":7,"turns":3},{"damage":84,"enemies":"Lagavulin","floor":8,"turns":5}],"seed_played":"4266703902237706176","potions_obtained":[{"floor":1,"key":"Energy Potion"}],"is_trial":false,"path_per_floor":["M","?","$","M","?","R","M","E"],"character_chosen":"WATCHER","items_purchased":[],"campfire_rested":1,"item_purchase_floors":[],"current_hp_per_floor":[72,60,60,60,49,70,57,0,0],"gold":224,"neow_bonus":"DOUBLE_BOSS_RELIC","is_daily":false,"chose_seed":false,"campfire_upgraded":0,"win_rate":0.0,"timestamp":1610096638,"path_taken":["M","?","?","M","?","R","M","E"],"items_purchased_type":[],"build_version":"2020-12-22","purchased_purges":0,"victory":false,"max_hp_per_floor":[72,72,72,72,72,72,72,72,72],"relic_stats":{"counters":[4,12],"obtain_stats":[{"trackpad:Coffee":0,"aspiration:PoetsPen":0,"trackpad:SappingStone":2,"PureWater":0},{"trackpad:Coffee":0,"aspiration:PoetsPen":0,"trackpad:SappingStone":1,"PureWater":0},{"trackpad:Coffee":0,"aspiration:PoetsPen":0,"trackpad:SappingStone":2,"PureWater":0}]},"card_choices":[{"not_picked":["Protect","ClearTheMind"],"picked":"BowlingBash","floor":1},{"not_picked":["Replay:ManipulateFuture","ThirdEye"],"picked":"PathToVictory","floor":4},{"not_picked":["TalkToTheHand","Weave"],"picked":"FlyingSleeves","floor":7}],"player_experience":167036,"relics_obtained":[],"event_choices":[{"damage_healed":0,"gold_gain":0,"player_choice":"Relic ","damage_taken":12,"max_hp_gain":0,"max_hp_loss":0,"event_name":"betterThird:BetterScrap","floor":2,"gold_loss":0,"cards_obtained":["Eviscerate"]},{"damage_healed":0,"gold_gain":75,"player_choice":"Gold","damage_taken":11,"max_hp_gain":0,"max_hp_loss":0,"event_name":"betterThird:BetterGoop","floor":5,"gold_loss":0}],"is_beta":false,"boss_relics":[],"items_purged_floors":[],"is_endless":false,"potions_floor_spawned":[1],"killed_by":"Lagavulin","ascension_level":0}}