{"host":"8nqgve6y8ahjd8xo","time":1610113300,"event":{"mods":["ATMod(阿瑾Mod)","AchievementEnabler","BaseMod","Better Vampires","Better-Laid Plans","Colored Map","Colored Powertips","Minty Spire (QoL Compilation)","MostiFishMod","Quick Restart","Red Circlet Mod","Replay The Spire","RumiaBox-露米娅的神秘盒子","Ryuuou龙王","Shop Mod","StSLib","TestMod","Uncapped","Waifu the Spire","[IsaacMod]以撒尖塔","[功能]功能增强和修复MOD","vexMod","【功能Mod】Neow奖励","【功能Mod】混沌之环修复补丁","【遗物Mod】死灵法师NEW","【遗物Mod】简单游戏","【遗物卡牌】REMEMod","没有小屋子和绿帽子啦","篝火指南"],"gold_per_floor":[113,124,124,159,177,177,187,187,187,187,258,205,231,250,250,325,991,1009,1025,700,700,718,752,752,772,772,784,801,818,818,533,533,611,611,630,525,542,542,565,597,597,572,572,600,600,616,644,663,44,44,44],"floor_reached":52,"playtime":1681,"items_purged":["Strike_G","Pride","Pride","Pride","Strike_G","Strike_G"],"score":2599,"play_id":"d1af4d06-87c8-442c-a165-8586c114706f","local_time":"20210108214140","is_ascension_mode":true,"campfire_choices":[{"data":"AT_EssenceShift","floor":6.0,"key":"SMITH"},{"data":"Blade Dance","floor":8.0,"key":"SMITH"},{"data":"Hidden Blade","floor":10.0,"key":"SMITH"},{"data":"Acrobatics","floor":15.0,"key":"SMITH"},{"data":"Adrenaline","floor":24.0,"key":"SMITH"},{"data":"Concentrate","floor":30.0,"key":"SMITH"},{"data":"Tactician","floor":32.0,"key":"SMITH"},{"data":"Adrenaline","floor":41,"key":"SMITH"},{"data":"Expertise","floor":45,"key":"SMITH"}],"circlet_count":0,"master_deck":["AscendersBane","Strike_G","Strike_G","Defend_G+1","Defend_G+1","Defend_G","Defend_G","Defend_G","Survivor","Neutralize","AT_EssenceShift+1","Dagger Spray","Blade Dance+1","Hidden Blade+1","PiercingWail","Acrobatics+1","Adrenaline+1","Concentrate+1","Accuracy","Adrenaline+1","Riddle With Holes","Acrobatics+1","Tactician+1","Backflip","Expertise+1","Underhanded Strike+1","Prepared+1","After Image+1","ReplayTheSpireMod:Scrap Shanks+1"],"relics":["EasyRelic","HushsDoor","testmod-TestBox","DaveBox","AT_ATBox","REME_ComplimentaryCards","GuppysHead","testmod-Muramasa","SacredBark","RhineSuit","SynthV:TestCard","Tiny Chest","Blue Candle","AT_RedTearstoneRing","Shuriken","GodSword6","vexMod:RockOfEvil","Oddly Smooth Stone","Replay:Baseball","SynthV:C4","Paper Crane","Frozen Egg 2","EasyGame_NEW","Simple Rune","Centennial Puzzle","Orichalcum","Chemical X","MagicDraw1","MerchantsRug","Garlic"],"acts_visited":["Exordium","TheCity","TheBeyond"],"potions_floor_usage":[51,51],"damage_taken":[{"damage":0.0,"enemies":"2 Louse","floor":1.0,"turns":1.0},{"damage":0.0,"enemies":"Cultist","floor":2.0,"turns":3.0},{"damage":0.0,"enemies":"Small Slimes","floor":5.0,"turns":2.0},{"damage":0.0,"enemies":"Gremlin Gang","floor":7.0,"turns":1.0},{"damage":0.0,"enemies":"3 Sentries","floor":13.0,"turns":2.0},{"damage":0.0,"enemies":"Large Slime","floor":14.0,"turns":2.0},{"damage":0.0,"enemies":"Slime Boss","floor":16.0,"turns":3.0},{"damage":0.0,"enemies":"3 Byrds","floor":18.0,"turns":1.0},{"damage":0.0,"enemies":"Spheric Guardian","floor":19.0,"turns":4.0},{"damage":0.0,"enemies":"Snake Plant","floor":22.0,"turns":2.0},{"damage":17.0,"enemies":"Slavers","floor":23.0,"turns":3.0},{"damage":11.0,"enemies":"Snecko","floor":25.0,"turns":3.0},{"damage":1.0,"enemies":"Sentry and Sphere","floor":27.0,"turns":2.0},{"damage":1.0,"enemies":"Centurion and Healer","floor":28.0,"turns":2.0},{"damage":11.0,"enemies":"Snake Plant","floor":29.0,"turns":2.0},{"damage":0,"enemies":"Collector","floor":33,"turns":3},{"damage":0,"enemies":"3 Darklings","floor":35,"turns":2},{"damage":0,"enemies":"3 Shapes","floor":37,"turns":3},{"damage":0,"enemies":"R_Hoarder","floor":40,"turns":7},{"damage":0,"enemies":"Reptomancer","floor":44,"turns":3},{"damage":0,"enemies":"Maw","floor":46,"turns":4},{"damage":0,"enemies":"Giant Head","floor":47,"turns":2},{"damage":0,"enemies":"Transient","floor":48,"turns":4},{"damage":0,"enemies":"Donu and Deca","floor":50,"turns":3},{"damage":0,"enemies":"Time Eater","floor":51,"turns":8}],"seed_played":"5430407095641912994","potions_obtained":[{"floor":1.0,"key":"SteroidPotion"},{"floor":2.0,"key":"FearPotion"},{"floor":5.0,"key":"DuplicationPotion"},{"floor":27.0,"key":"Swift Potion"},{"floor":35,"key":"AttackPotion"},{"floor":37,"key":"Languid Potion"},{"floor":40,"key":"EntropicBrew"}],"is_trial":false,"path_per_floor":["M","M","?","?","M","R","M","R","T","R","T","$","E","M","R","B",null,"M","M","$","?","M","E","R","M","T","M","M","M","R","$","R","B",null,"M","$","M","?","T","E","R","?","T","E","R","M","E","M","R","B","B",null],"character_chosen":"THE_SILENT","items_purchased":["Oddly Smooth Stone","Accuracy","Replay:Baseball","Frozen Egg 2","Chemical X","MagicDraw1","ReplayTheSpireMod:Scrap Shanks+1","MerchantsRug","Garlic"],"campfire_rested":0,"item_purchase_floors":[20,20,20,31,49,49,49,49,49],"current_hp_per_floor":[59,59,44,18,18,18,18,18,18,18,18,18,18,18,18,18,50,50,50,50,50,50,33,33,22,22,21,20,9,9,9,9,9,43,43,43,43,43,43,43,43,43,43,43,43,43,43,43,43,43,43],"gold":44,"neow_bonus":"BOSS_RELIC","is_daily":false,"chose_seed":false,"campfire_upgraded":9,"win_rate":0.0,"timestamp":1610113300,"path_taken":["M","M","?","?","?","R","?","R","T","R","?","$","E","M","R","BOSS","M","M","$","?","?","E","R","M","T","M","M","M","R","$","R","BOSS","M","$","M","?","?","E","R","?","T","E","R","M","E","M","R","BOSS","BOSS"],"items_purchased_type":["Relic","Card","Relic","Relic","Relic","Relic","Card","Relic","Relic"],"build_version":"2020-12-22","purchased_purges":6,"victory":true,"max_hp_per_floor":[66,66,66,66,66,66,66,66,66,66,66,66,66,66,66,66,61,61,61,61,61,61,61,61,61,61,61,61,61,61,61,61,61,54,54,54,54,54,54,54,54,54,54,54,54,54,54,54,54,54,54],"card_choices":[{"not_picked":[],"picked":"Bomb","floor":0.0},{"not_picked":["Sucker Punch","Eviscerate","Deadly Poison"],"picked":"SKIP","floor":1.0},{"not_picked":["AT_ShadowStep","Endless Agony","ReplayTheSpireMod:The Works","Caltrops"],"picked":"Dagger Spray","floor":2.0},{"not_picked":["Deflect","MostiFishMod:FrostNova","Flying Knee","Toxin Wave"],"picked":"Blade Dance","floor":4.0},{"not_picked":["Finisher","Well Laid Plans","MostiFishMod:PerfectParry","Deadly Poison"],"picked":"Hidden Blade","floor":4.0},{"not_picked":["MostiFishMod:SpreadingSpore","Slice","Draining Mist","Concentrate"],"picked":"PiercingWail","floor":5.0},{"not_picked":["Prepared","Bane","Slice","PiercingWail"],"picked":"Bomb","floor":7.0},{"not_picked":["Storm of Steel","Sucker Punch","Distraction","Backflip"],"picked":"Acrobatics","floor":13.0},{"not_picked":["Eviscerate","Caltrops","Poisoned Stab","Dodge and Roll","Dagger Throw"],"picked":"SKIP","floor":14.0},{"not_picked":["MostiFishMod:VineMother","REME_SpectralBlade","MostiFishMod:Listen","Tools of the Trade"],"picked":"Adrenaline","floor":16.0},{"not_picked":["Cloak And Dagger","AT_WindFlip","Poisoned Stab","Sucker Punch+1","Hidden Blade+1"],"picked":"SKIP","floor":18.0},{"not_picked":["Deadly Poison+1","MostiFishMod:InvigoratingSolution","Deflect","Well Laid Plans"],"picked":"Concentrate","floor":19.0},{"not_picked":["MostiFishMod:AdrenalineArouse","Quick Slash","Hidden Blade","Crippling Poison"],"picked":"Riddle With Holes","floor":22.0},{"not_picked":["Quick Slash+1","MostiFishMod:PreservedThorns","Bouncing Flask","Blade Dance+1"],"picked":"Acrobatics+1","floor":23.0},{"not_picked":["Burst","AT_WindFlip","Flying Knee","Dodge and Roll"],"picked":"Tactician","floor":25.0},{"not_picked":["Outmaneuver","Dodge and Roll","Slice+1","Well Laid Plans","Endless Agony"],"picked":"SKIP","floor":27.0},{"not_picked":["ReplayTheSpireMod:From All Sides","Slice","ReplayTheSpireMod:Speed Training","Infinite Blades"],"picked":"Backflip","floor":28.0},{"not_picked":["Hidden Blade+1","Deflect+1","AT_WomanClash","MostiFishMod:PerfectParry+1"],"picked":"Expertise","floor":29.0},{"not_picked":["MostiFishMod:HiddenBlade","MostiFishMod:Wind","Venomology","MostiFishMod:Opportunism"],"picked":"MostiFishMod:FullyArmed","floor":33},{"not_picked":["Deflect","MostiFishMod:FrostNova","AT_WindFlip","Bane","Hidden Blade+1"],"picked":"SKIP","floor":35},{"not_picked":["Toxin Wave+1","Bane","Blade Dance","Dagger Throw+1","Poisoned Stab"],"picked":"SKIP","floor":37},{"not_picked":["Quick Slash","Footwork+1","Flechettes","Terror"],"picked":"Underhanded Strike+1","floor":40},{"not_picked":["Flying Knee","Blade Dance","Outmaneuver","Acrobatics"],"picked":"Prepared+1","floor":44},{"not_picked":["Outmaneuver","Dagger Spray","AT_WindFlip","Hidden Blade","Dodge and Roll"],"picked":"SKIP","floor":46},{"not_picked":["Dagger Spray","Outmaneuver","Calculated Gamble","Setup"],"picked":"After Image+1","floor":47},{"not_picked":["Underhanded Strike","Hidden Blade","Deflect","Draining Mist","Cloak And Dagger"],"picked":"SKIP","floor":48}],"player_experience":1340428,"relics_obtained":[{"floor":1.0,"key":"SynthV:TestCard"},{"floor":4.0,"key":"Blue Candle"},{"floor":9.0,"key":"AT_RedTearstoneRing"},{"floor":11.0,"key":"Shuriken"},{"floor":13.0,"key":"GodSword6"},{"floor":23.0,"key":"SynthV:C4"},{"floor":26.0,"key":"Paper Crane"},{"floor":39,"key":"Simple Rune"},{"floor":40,"key":"Centennial Puzzle"},{"floor":44,"key":"Orichalcum"},{"floor":47,"key":"AT_GuinsooRageblade"}],"event_choices":[{"damage_healed":0.0,"max_hp_gain":0.0,"max_hp_loss":0.0,"gold_gain":0.0,"event_name":"Duplicator","player_choice":"Copied","floor":21.0,"gold_loss":0.0,"damage_taken":0.0,"cards_obtained":["Adrenaline"]},{"cards_removed":["Caltrops"],"damage_healed":0,"gold_gain":0,"player_choice":"Removed Power","damage_taken":0,"max_hp_gain":0,"max_hp_loss":0,"event_name":"Falling","floor":38,"gold_loss":0}],"is_beta":false,"boss_relics":[{"not_picked":["testmod-NegativeEmotionEnhancer","Empty Cage"],"picked":"vexMod:RockOfEvil"},{"not_picked":[]},{"not_picked":["TimeKeys","vexMod:TanglingVine"],"picked":"EasyGame_NEW"},{"not_picked":[]}],"items_purged_floors":[12,17,20,31,34,36],"is_endless":false,"potions_floor_spawned":[1,2,5,7,13,13,13,14,14,18,19,22,23,25,25,27,27,28,29,33,35,37,37,40,40,44,46,47,48],"ascension_level":20}}