{"host":"f5gffvlv6a66yqkd","time":1610069267,"event":{"mods":["2.2 Compatiblity","BaseMod","Colored Map","DeckTracker","Keyboard Shortcuts","Minty Spire (QoL Compilation)","Permanent Neow","Quick Restart","Relic Stats","StSLib","SuperFastMode"],"gold_per_floor":[10,10,30,30,54,54,72,95,95,115,135,135,60,83,83,174,174,192,242,262,97,97,97],"floor_reached":22,"playtime":507,"items_purged":["Strike_B"],"score":360,"play_id":"789dee32-fd8a-412c-82d3-cd07306f551f","local_time":"20210108102747","is_ascension_mode":true,"campfire_choices":[{"data":"Dualcast","floor":6.0,"key":"SMITH"},{"floor":15.0,"key":"REST"}],"circlet_count":0,"master_deck":["AscendersBane","Strike_B","Defend_B","Defend_B","Defend_B","Defend_B","Zap+1","Dualcast+1","Undo","Seek","Compile Driver","Ball Lightning","Streamline","Cold Snap","Chaos","Rebound","Defragment","Glacier","Fission"],"relics":["Cracked Core","Golden Idol","Vajra","Black Star","Runic Capacitor"],"acts_visited":["Exordium","TheCity"],"potions_floor_usage":[],"damage_taken":[{"damage":0.0,"enemies":"2 Louse","floor":1.0,"turns":2.0},{"damage":7.0,"enemies":"Small Slimes","floor":3.0,"turns":3.0},{"damage":1.0,"enemies":"Cultist","floor":5.0,"turns":3.0},{"damage":0.0,"enemies":"Blue Slaver","floor":7.0,"turns":2.0},{"damage":4.0,"enemies":"3 Louse","floor":8.0,"turns":3.0},{"damage":1.0,"enemies":"Red Slaver","floor":10.0,"turns":2.0},{"damage":14.0,"enemies":"Exordium Thugs","floor":11.0,"turns":3.0},{"damage":9.0,"enemies":"Gremlin Gang","floor":14.0,"turns":5.0},{"damage":24.0,"enemies":"Slime Boss","floor":16.0,"turns":9.0},{"damage":13.0,"enemies":"Spheric Guardian","floor":18.0,"turns":4.0},{"damage":22,"enemies":"2 Thieves","floor":20,"turns":4},{"damage":25,"enemies":"3 Cultists","floor":22,"turns":4}],"seed_played":"8299315775468219620","potions_obtained":[{"floor":3.0,"key":"Dexterity Potion"},{"floor":7.0,"key":"SpeedPotion"},{"floor":20,"key":"PotionOfCapacity"}],"is_trial":false,"path_per_floor":["M","?","M","?","M","R","M","M","T","M","M","?","$","M","R","B",null,"M","?","M","$","M"],"character_chosen":"DEFECT","items_purchased":["Runic Capacitor"],"campfire_rested":1,"item_purchase_floors":[21],"current_hp_per_floor":[64,40,33,33,32,32,32,28,28,27,13,13,13,4,25,1,54,41,41,19,19,0,0],"gold":97,"neow_bonus":"TRANSFORM_TWO_CARDS","is_daily":false,"chose_seed":false,"campfire_upgraded":1,"win_rate":0.0,"timestamp":1610069267,"path_taken":["M","?","M","?","M","R","?","M","T","M","M","?","$","M","R","BOSS","M","?","M","$","M"],"items_purchased_type":["Relic"],"build_version":"2020-12-22","purchased_purges":1,"victory":false,"max_hp_per_floor":[71,71,71,71,71,71,71,71,71,71,71,71,71,71,71,71,71,71,71,71,71,71,71],"relic_stats":{"counters":[12,44],"Golden Idol":57,"Black Star":0,"obtain_stats":[{"Golden Idol":2,"Vajra":9,"Black Star":17,"Runic Capacitor":21,"Cracked Core":0},{"Golden Idol":1,"Vajra":5,"Black Star":9,"Runic Capacitor":11,"Cracked Core":0},{"Golden Idol":2,"Vajra":13,"Black Star":32,"Runic Capacitor":40,"Cracked Core":0}]},"card_choices":[{"not_picked":["Barrage","Leap"],"picked":"Compile Driver","floor":1.0},{"not_picked":["Gash","Melter"],"picked":"Ball Lightning","floor":3.0},{"not_picked":["Go for the Eyes","Static Discharge"],"picked":"Streamline","floor":5.0},{"not_picked":["Turbo","Reprogram"],"picked":"Cold Snap","floor":7.0},{"not_picked":["Sweeping Beam","Hologram"],"picked":"Chaos","floor":8.0},{"not_picked":["Streamline","Stack"],"picked":"Rebound","floor":10.0},{"not_picked":["Conserve Battery","Thunder Strike"],"picked":"Defragment","floor":11.0},{"not_picked":["Turbo","Darkness"],"picked":"Glacier","floor":14.0},{"not_picked":["Echo Form","Seek"],"picked":"Fission","floor":16.0},{"not_picked":["Conserve Battery","Sweeping Beam","Streamline"],"picked":"SKIP","floor":18.0},{"not_picked":["Static Discharge","Sweeping Beam","Steam Power+1"],"picked":"SKIP","floor":20}],"player_experience":1529210,"relics_obtained":[{"floor":9.0,"key":"Vajra"}],"event_choices":[{"damage_healed":0.0,"max_hp_gain":0.0,"max_hp_loss":0.0,"gold_gain":0.0,"event_name":"Golden Idol","player_choice":"Take Damage","floor":2.0,"gold_loss":0.0,"damage_taken":24.0,"relics_obtained":["Golden Idol"]},{"damage_healed":0.0,"max_hp_gain":0.0,"max_hp_loss":0.0,"gold_gain":0.0,"event_name":"Upgrade Shrine","player_choice":"Upgraded","floor":4.0,"gold_loss":0.0,"damage_taken":0.0,"cards_upgraded":["Zap"]},{"damage_healed":0.0,"max_hp_gain":0.0,"max_hp_loss":0.0,"gold_gain":0.0,"event_name":"Shining Light","player_choice":"Ignored","floor":12.0,"gold_loss":0.0,"damage_taken":0.0},{"damage_healed":0.0,"max_hp_gain":0.0,"max_hp_loss":0.0,"gold_gain":50.0,"event_name":"Nest","player_choice":"Stole From Cult","floor":19.0,"gold_loss":0.0,"damage_taken":0.0}],"is_beta":false,"boss_relics":[{"not_picked":["Coffee Dripper","Runic Pyramid"],"picked":"Black Star"}],"items_purged_floors":[13],"is_endless":false,"potions_floor_spawned":[3,7,11,20],"killed_by":"3 Cultists","ascension_level":20}}