{"host":"Krakhan","time":1610070516,"event":{"mods":["AchievementEnabler","BaseMod","Colored Map","Colored Powertips","Faster Ascension Climbing","Highlight Path","Minty Spire (QoL Compilation)","Rare Cards Sparkle","Relic Stats","StSLib"],"gold_per_floor":[109,109,259,271,23,51,51,51,51],"floor_reached":8,"playtime":361,"items_purged":["Doubt"],"score":108,"play_id":"5e35bef5-1ec3-4b35-b22d-a1fa4006a906","local_time":"20210107204836","is_ascension_mode":true,"campfire_choices":[{"floor":7,"key":"REST"}],"circlet_count":0,"master_deck":["AscendersBane","Strike_B","Strike_B","Strike_B","Strike_B","Defend_B","Defend_B","Defend_B","Defend_B","Zap","Dualcast","Sweeping Beam","Conserve Battery","Self Repair"],"relics":["SacredBark","Sundial","PreservedInsect","Vajra"],"acts_visited":["Exordium"],"potions_floor_usage":[6],"damage_taken":[{"damage":0,"enemies":"2 Louse","floor":1,"turns":2},{"damage":11,"enemies":"Jaw Worm","floor":4,"turns":5},{"damage":38,"enemies":"Lagavulin","floor":6,"turns":8},{"damage":28,"enemies":"3 Sentries","floor":8,"turns":5}],"seed_played":"-980021735487259226","potions_obtained":[{"floor":1,"key":"ColorlessPotion"}],"is_trial":false,"path_per_floor":["M","?","?","M","$","E","R","E"],"character_chosen":"DEFECT","items_purchased":["PreservedInsect"],"campfire_rested":1,"item_purchase_floors":[5],"current_hp_per_floor":[64,53,53,42,42,4,25,0,0],"gold":51,"neow_bonus":"BOSS_RELIC","is_daily":false,"chose_seed":false,"campfire_upgraded":0,"win_rate":0.0,"timestamp":1610070516,"path_taken":["M","?","?","M","$","E","R","E"],"items_purchased_type":["Relic"],"build_version":"2020-12-18","purchased_purges":1,"victory":false,"max_hp_per_floor":[71,71,71,71,71,71,71,71,71],"relic_stats":{"counters":[4,20],"Sundial":[4],"PreservedInsect":61,"obtain_stats":[{"Sundial":2,"SacredBark":0,"Vajra":6,"PreservedInsect":5,"Cracked Core":0},{"Sundial":1,"SacredBark":0,"Vajra":3,"PreservedInsect":2,"Cracked Core":0},{"Sundial":2,"SacredBark":0,"Vajra":15,"PreservedInsect":7,"Cracked Core":0}]},"card_choices":[{"not_picked":["BootSequence","Lockon"],"picked":"Sweeping Beam","floor":1},{"not_picked":["Chaos","Steam"],"picked":"Conserve Battery","floor":4},{"not_picked":["Leap","Conserve Battery"],"picked":"Self Repair","floor":6}],"player_experience":1283504,"relics_obtained":[{"floor":6,"key":"Vajra"}],"event_choices":[{"damage_healed":0,"gold_gain":0,"player_choice":"Success","damage_taken":11,"relics_obtained":["Sundial"],"max_hp_gain":0,"max_hp_loss":0,"event_name":"Scrap Ooze","floor":2,"gold_loss":0},{"damage_healed":0,"gold_gain":150,"player_choice":"AGREE","damage_taken":0,"max_hp_gain":0,"max_hp_loss":0,"event_name":"Liars Game","floor":3,"gold_loss":0,"cards_obtained":["Doubt"]}],"is_beta":true,"boss_relics":[],"items_purged_floors":[5],"is_endless":false,"potions_floor_spawned":[1],"killed_by":"3 Sentries","ascension_level":20}}