{"host":"ig7tc0uedzltt2sr","time":1610067421,"event":{"mods":["BaseMod","Better Twitch Integration","Block Reminder","Colored Map","Colored Powertips","Communication Mod","Current Relic Mod","GifTheSpireLib","HexUI Lib","Minty Spire (QoL Compilation)","Quick Restart","Random Character Button","Rare Cards Sparkle","Relic Sorter","Relic Stats","Slay the Relics Exporter","StSLib","SuperFastMode","Synergy Search","Twitch Decklist","Twitch Utils","everything is the same but u backflip on backflip","slay the spire mod where everything is the same but ironclad has a cowboy hat"],"gold_per_floor":[109,128,138,156,156,156,156],"floor_reached":6,"playtime":43,"items_purged":[],"score":38,"play_id":"ed667a14-8bde-4c91-bf9d-8025e38f22b9","local_time":"20210107165701","is_ascension_mode":false,"campfire_choices":[],"circlet_count":0,"master_deck":["Strike_R","Strike_R","Strike_R","Strike_R","Strike_R","Defend_R","Defend_R","Defend_R","Defend_R","Bash","Ghostly Armor","Pommel Strike","Reckless Charge","Headbutt"],"relics":["Burning Blood","NeowsBlessing"],"acts_visited":["Exordium"],"potions_floor_usage":[],"damage_taken":[{"damage":0,"enemies":"2 Louse","floor":1,"turns":2},{"damage":0,"enemies":"Small Slimes","floor":2,"turns":2},{"damage":0,"enemies":"Jaw Worm","floor":3,"turns":1},{"damage":70,"enemies":"Gremlin Gang","floor":4,"turns":8},{"damage":20,"enemies":"Lagavulin","floor":6,"turns":3}],"seed_played":"-2619167596883053770","potions_obtained":[{"floor":3,"key":"SkillPotion"},{"floor":4,"key":"Weak Potion"}],"is_trial":false,"path_per_floor":["M","M","M","M","?","E"],"character_chosen":"IRONCLAD","items_purchased":[],"campfire_rested":0,"item_purchase_floors":[],"current_hp_per_floor":[80,80,80,16,16,0,0],"gold":156,"neow_bonus":"THREE_ENEMY_KILL","is_daily":false,"chose_seed":false,"campfire_upgraded":0,"win_rate":0.0,"timestamp":1610067421,"path_taken":["M","M","M","M","?","E"],"items_purchased_type":[],"build_version":"2020-12-22","purchased_purges":0,"victory":false,"max_hp_per_floor":[80,80,80,80,80,80,80],"relic_stats":{"counters":[5,16],"obtain_stats":[{"NeowsBlessing":0,"Burning Blood":0},{"NeowsBlessing":0,"Burning Blood":0},{"NeowsBlessing":0,"Burning Blood":0}],"Burning Blood":6},"card_choices":[{"not_picked":["Anger","Feel No Pain"],"picked":"Ghostly Armor","floor":1},{"not_picked":["Armaments","Shrug It Off"],"picked":"Pommel Strike","floor":2},{"not_picked":["Clash","Anger"],"picked":"Reckless Charge","floor":3},{"not_picked":["Uppercut","Iron Wave"],"picked":"Headbutt","floor":4}],"player_experience":1465237,"relics_obtained":[],"event_choices":[{"damage_healed":0,"gold_gain":0,"player_choice":"Ignored","damage_taken":0,"max_hp_gain":0,"max_hp_loss":0,"event_name":"Golden Wing","floor":5,"gold_loss":0}],"is_beta":false,"boss_relics":[],"items_purged_floors":[],"is_endless":false,"potions_floor_spawned":[3,4],"killed_by":"Lagavulin","ascension_level":0}}