{"host":"6pgtslebjnyv5xmi","time":1610076641,"event":{"mods":["AchievementEnabler","BaseMod","Colored Map","Minty Spire (QoL Compilation)","Rare Cards Sparkle","StSLib","SuperFastMode","everything is the same but u backflip on backflip"],"gold_per_floor":[113,63,79,79,89,89,100,26,26,26,26,0,0,0,0,0,0],"floor_reached":16,"playtime":519,"items_purged":[],"score":88,"play_id":"d8254297-2092-4208-9f0d-834d6ba597ec","local_time":"20210108123041","is_ascension_mode":false,"campfire_choices":[{"data":"Fire Breathing","floor":6,"key":"SMITH"},{"data":"Exhume","floor":11,"key":"SMITH"},{"data":"Dual Wield","floor":15,"key":"SMITH"}],"circlet_count":0,"master_deck":["Strike_R","Strike_R","Strike_R","Strike_R","Defend_R","Defend_R","Defend_R","Defend_R","Bash","Fire Breathing+1","Shockwave","Dual Wield+1","Exhume+1","Reckless Charge"],"relics":["Burning Blood"],"acts_visited":["Exordium"],"potions_floor_usage":[16,16],"damage_taken":[{"damage":5,"enemies":"2 Louse","floor":1,"turns":3},{"damage":5,"enemies":"Jaw Worm","floor":3,"turns":4},{"damage":11,"enemies":"Small Slimes","floor":5,"turns":4},{"damage":21,"enemies":"Exordium Thugs","floor":7,"turns":7},{"damage":10,"enemies":"Looter","floor":12,"turns":4},{"damage":72,"enemies":"The Guardian","floor":16,"turns":10}],"seed_played":"4400157047436460348","potions_obtained":[{"floor":1,"key":"BloodPotion"},{"floor":7,"key":"PowerPotion"}],"is_trial":false,"path_per_floor":["M","?","M","T","M","R","M","$","T","?","R","M","$","$","R","B"],"character_chosen":"IRONCLAD","items_purchased":["Exhume"],"campfire_rested":0,"item_purchase_floors":[8],"current_hp_per_floor":[80,80,80,80,75,75,60,60,60,60,60,56,56,56,56,0,0],"gold":0,"neow_bonus":"THREE_CARDS","is_daily":false,"chose_seed":false,"campfire_upgraded":3,"win_rate":0.0,"timestamp":1610076641,"path_taken":["M","?","M","?","M","R","M","$","T","?","R","M","?","$","R","BOSS"],"items_purchased_type":["Card"],"build_version":"2020-12-22","purchased_purges":0,"victory":false,"max_hp_per_floor":[80,80,80,80,80,80,80,80,80,80,80,80,80,80,80,80,80],"card_choices":[{"not_picked":["Combust","Rage"],"picked":"Fire Breathing","floor":0},{"not_picked":["Pommel Strike","Wild Strike"],"picked":"Shockwave","floor":1},{"not_picked":["Fire Breathing","Shrug It Off","Clash"],"picked":"SKIP","floor":3},{"not_picked":["Twin Strike","Clothesline","Body Slam"],"picked":"SKIP","floor":5},{"not_picked":["True Grit","Rage"],"picked":"Dual Wield","floor":7},{"not_picked":["Ghostly Armor","Combust"],"picked":"Reckless Charge","floor":12}],"player_experience":898067,"relics_obtained":[],"event_choices":[{"cards_removed":["Strike_R"],"damage_healed":0,"gold_gain":0,"player_choice":"Card Removal","damage_taken":0,"max_hp_gain":0,"max_hp_loss":0,"event_name":"The Cleric","floor":2,"gold_loss":50},{"damage_healed":0,"gold_gain":0,"player_choice":"Fled","damage_taken":0,"max_hp_gain":0,"max_hp_loss":0,"event_name":"Scrap Ooze","floor":10,"gold_loss":0}],"is_beta":false,"boss_relics":[],"items_purged_floors":[],"is_endless":false,"potions_floor_spawned":[1,7],"killed_by":"The Guardian","ascension_level":0}}