{"host":"tjicewryrzew529r","time":1610116268,"event":{"mods":["AchievementEnabler","BaseMod","Block Reminder","Colored Map","Highlight Path","Minty Spire (QoL Compilation)","StSLib","The Servant 0.9.4"],"gold_per_floor":[112,124,139,155,155,155,195,195,221,234,265,132,132,172,172,310,310,338,338,358,387,421,421,452,452,452,494,218,218,250,273,273,402,429,463,488,488,488],"floor_reached":37,"playtime":2357,"items_purged":["Strike_S","Strike_S"],"score":695,"play_id":"efa442b4-8a57-4afe-94b0-f5777b5a73c3","local_time":"20210108223108","is_ascension_mode":true,"campfire_choices":[{"data":"Initiator","floor":6.0,"key":"SMITH"},{"floor":8.0,"key":"REST"},{"data":"Luminosity","floor":13.0,"key":"SMITH"},{"data":"Barrier","floor":15.0,"key":"SMITH"},{"data":"MurderousAura","floor":23.0,"key":"SMITH"},{"floor":25.0,"key":"REST"},{"floor":29.0,"key":"REST"},{"floor":32.0,"key":"REST"}],"circlet_count":0,"master_deck":["Defend_S","Defend_S","Defend_S","KidneyShot","Exchange","Comet+1","Luminosity+1","Initiator+1","DancingSilver","Barrier+1","InstantArmor","Dilation","MurderousAura+1","Ricochet+1","BottledTime","MoonPhase+1","MurderousAura","WasteNot","Contraction+1","TheWorld","Dilation+1","ShatteredReality+1","Rearm+1","Defy"],"relics":["Uniform","Lantern","Golden Idol","Nunchaku","Potion Belt","CeramicFish","Orichalcum","MysterySword","Happy Flower","Whetstone","Eternal Feather","Gremlin Horn","Blood Vial","Astrolabe"],"acts_visited":["Exordium","TheCity","TheBeyond"],"potions_floor_usage":[33,33,33,33,33,37],"damage_taken":[{"damage":2.0,"enemies":"2 Louse","floor":1.0,"turns":3.0},{"damage":2.0,"enemies":"Small Slimes","floor":2.0,"turns":4.0},{"damage":0.0,"enemies":"Cultist","floor":3.0,"turns":4.0},{"damage":8.0,"enemies":"3 Louse","floor":4.0,"turns":4.0},{"damage":19.0,"enemies":"3 Sentries","floor":7.0,"turns":8.0},{"damage":4.0,"enemies":"Lots of Slimes","floor":10.0,"turns":4.0},{"damage":1.0,"enemies":"Lagavulin","floor":11.0,"turns":5.0},{"damage":0.0,"enemies":"3 Sentries","floor":14.0,"turns":3.0},{"damage":0.0,"enemies":"The Guardian","floor":16.0,"turns":13.0},{"damage":0.0,"enemies":"3 Byrds","floor":18.0,"turns":7.0},{"damage":0.0,"enemies":"Spheric Guardian","floor":20.0,"turns":4.0},{"damage":8.0,"enemies":"Centurion and Healer","floor":21.0,"turns":6.0},{"damage":8.0,"enemies":"Cultist and Chosen","floor":22.0,"turns":5.0},{"damage":24.0,"enemies":"Book of Stabbing","floor":24.0,"turns":4.0},{"damage":25.0,"enemies":"Slavers","floor":27.0,"turns":6.0},{"damage":6.0,"enemies":"Chosen and Byrds","floor":30.0,"turns":4.0},{"damage":25.0,"enemies":"Shelled Parasite and Fungi","floor":31.0,"turns":4.0},{"damage":0,"enemies":"Champ","floor":33,"turns":9},{"damage":59,"enemies":"3 Darklings","floor":35,"turns":3},{"damage":0,"enemies":"3 Shapes","floor":36,"turns":3},{"damage":24,"enemies":"Jaw Worm Horde","floor":37,"turns":2}],"seed_played":"-6318632388404903864","potions_obtained":[{"floor":3.0,"key":"SpeedPotion"},{"floor":4.0,"key":"SpeedPotion"},{"floor":10.0,"key":"Dexterity Potion"},{"floor":16.0,"key":"Dexterity Potion"},{"floor":18.0,"key":"SpeedPotion"},{"floor":22.0,"key":"EssenceOfSteel"},{"floor":27.0,"key":"Energy Potion"},{"floor":30.0,"key":"PowerPotion"},{"floor":36,"key":"Explosive Potion"}],"is_trial":false,"path_per_floor":["M","M","M","M","?","R","E","R","T","M","E","$","R","E","R","B",null,"M","?","M","M","M","R","E","R","T","E","$","R","M","M","R","B",null,"M","M","M"],"character_chosen":"THE_SERVANT","items_purchased":["InstantArmor","Blood Vial","WasteNot"],"campfire_rested":4,"item_purchase_floors":[12,28,28],"current_hp_per_floor":[63,61,61,53,37,37,18,37,37,33,32,32,32,32,32,32,57,57,57,57,49,41,41,17,36,36,11,11,42,38,15,46,48,61,4,6,0,0],"gold":488,"neow_bonus":"RANDOM_COMMON_RELIC","is_daily":false,"chose_seed":false,"campfire_upgraded":4,"win_rate":0.0,"timestamp":1610116268,"path_taken":["M","M","M","M","?","R","E","R","T","M","E","$","R","E","R","BOSS","M","?","M","?","M","R","E","R","T","E","$","R","M","M","R","BOSS","M","M","M"],"items_purchased_type":["Card","Relic","Card"],"build_version":"2020-12-22","purchased_purges":2,"victory":false,"max_hp_per_floor":[65,65,65,65,65,65,65,65,65,65,65,65,65,65,65,65,65,65,65,65,65,65,65,65,65,65,65,65,65,65,65,65,65,65,65,65,65,65],"card_choices":[{"not_picked":["DoubleEdge","InstantArmor"],"picked":"Comet","floor":1.0},{"not_picked":["Starlight","Unruled","DoubleEdge"],"picked":"SKIP","floor":2.0},{"not_picked":["Comet","Ricochet"],"picked":"Luminosity","floor":3.0},{"not_picked":["Rearm","ShatteredReality"],"picked":"Initiator","floor":4.0},{"not_picked":["DualDimension","Desolation"],"picked":"DancingSilver","floor":7.0},{"not_picked":["DoubleEdge","Reset"],"picked":"Barrier","floor":10.0},{"not_picked":["Defy","TimeWarp","FastForward"],"picked":"SKIP","floor":11.0},{"not_picked":["Potential","Ricochet"],"picked":"Dilation","floor":14.0},{"not_picked":["Duplication","FloweringNight"],"picked":"MurderousAura","floor":16.0},{"not_picked":["ShatteredReality","StarChef"],"picked":"Ricochet+1","floor":18.0},{"not_picked":["Collapse+1","Moondial","ShatteredReality"],"picked":"SKIP","floor":20.0},{"not_picked":["Potential","Replace"],"picked":"BottledTime","floor":21.0},{"not_picked":["Revamp","DoubleEdge"],"picked":"MoonPhase+1","floor":22.0},{"not_picked":["Unruled","Snipe+1","Revamp"],"picked":"SKIP","floor":24.0},{"not_picked":["Unruled","Collapse+1"],"picked":"MurderousAura","floor":27.0},{"not_picked":["Replace","FastForward+1"],"picked":"Contraction+1","floor":30.0},{"not_picked":["Revamp+1","Rewind","Gouge"],"picked":"SKIP","floor":31.0},{"not_picked":["KillingDoll","TrueSight"],"picked":"TheWorld","floor":33},{"not_picked":["SpecialFormula","Read"],"picked":"Defy","floor":35},{"not_picked":["Orbit","FastForward","TimeWarp+1"],"picked":"SKIP","floor":36}],"player_experience":413313,"relics_obtained":[{"floor":7.0,"key":"Nunchaku"},{"floor":9.0,"key":"Potion Belt"},{"floor":11.0,"key":"CeramicFish"},{"floor":14.0,"key":"Orichalcum"},{"floor":24.0,"key":"Whetstone"},{"floor":26.0,"key":"Eternal Feather"},{"floor":27.0,"key":"Gremlin Horn"}],"event_choices":[{"damage_healed":0.0,"max_hp_gain":0.0,"max_hp_loss":0.0,"gold_gain":0.0,"event_name":"Golden Idol","player_choice":"Take Damage","floor":5.0,"gold_loss":0.0,"damage_taken":16.0,"relics_obtained":["Golden Idol"]},{"damage_healed":0.0,"max_hp_gain":0.0,"max_hp_loss":0.0,"gold_gain":0.0,"event_name":"WeMeetAgain","player_choice":"Gave Potion","floor":19.0,"gold_loss":0.0,"damage_taken":0.0,"relics_obtained":["Happy Flower"]}],"is_beta":false,"boss_relics":[{"not_picked":["Ectoplasm","Fusion Hammer"],"picked":"MysterySword"},{"not_picked":["Philosopher\u0027s Stone","Black Star"],"picked":"Astrolabe"}],"items_purged_floors":[12,28],"is_endless":false,"potions_floor_spawned":[3,4,10,16,18,22,27,30,31,36],"killed_by":"Jaw Worm Horde","ascension_level":5}}