{"host":"jafdctp322id99nv","time":1610121071,"event":{"mods":["AchievementEnabler","BaseMod","Better Match","Better Note","Better Sensory Stone","Better Skull","Better Third Choice","Downfall","Minty Spire (QoL Compilation)","Robot Space Explorer","Shade Mod","Spicy Shops","StSLib","The Cursed","The Dragon Tamer","The Marked"],"gold_per_floor":[115,131,87,15,27,27,40,56,101,101,116,134,39,39,39,140,140,159,266,285,9,26,26,61,61,84,84,98,113,125,145,145,145,145],"floor_reached":33,"playtime":4043,"items_purged":[],"score":263,"play_id":"52846c25-5cdf-45aa-92cf-c783354aaf18","local_time":"20210108165111","is_ascension_mode":false,"campfire_choices":[{"floor":6.0,"key":"REST"},{"floor":10.0,"key":"REST"},{"floor":15.0,"key":"REST"},{"floor":23,"key":"REST"},{"floor":25,"key":"REST"},{"floor":32,"key":"REST"}],"circlet_count":0,"master_deck":["Strike_R","Strike_R+1","Strike_R","Strike_R","Defend_R","Defend_R","Defend_R","Defend_R","Bash","Shockwave","Sword Boomerang","Dropkick","Cleave","Cleave+1","Perfected Strike","Flame Barrier","Shockwave","Rage","Immolate","TheCursedMod:Dregs","Pommel Strike+1","Infernal Blade+1","Thunderclap+1","Rampage","The Bomb","Shrug It Off","Rage+1","Wild Strike+1","Carnage+1","Rampage","Immolate","Rage","Burning Pact+1"],"relics":["Burning Blood","betterThird:SlimedRelic","Bag of Preparation","Sundial","Astrolabe","Toy Ornithopter","Dream Catcher","Whetstone"],"acts_visited":["Exordium","TheCity"],"potions_floor_usage":[20,22,28,28,31],"damage_taken":[{"damage":6.0,"enemies":"Jaw Worm","floor":1.0,"turns":4.0},{"damage":1.0,"enemies":"Cultist","floor":2.0,"turns":3.0},{"damage":4.0,"enemies":"Small Slimes","floor":5.0,"turns":6.0},{"damage":10.0,"enemies":"Gremlin Gang","floor":7.0,"turns":3.0},{"damage":14.0,"enemies":"Exordium Thugs","floor":8.0,"turns":4.0},{"damage":3.0,"enemies":"2 Fungi Beasts","floor":11.0,"turns":3.0},{"damage":10.0,"enemies":"Lots of Slimes","floor":12.0,"turns":2.0},{"damage":70.0,"enemies":"Slime Boss","floor":16.0,"turns":14.0},{"damage":21,"enemies":"3 Byrds","floor":18,"turns":5},{"damage":9,"enemies":"2 Thieves","floor":20,"turns":4},{"damage":28,"enemies":"Snake Plant","floor":22,"turns":4},{"damage":41,"enemies":"Slavers","floor":24,"turns":4},{"damage":15,"enemies":"Cultist and Chosen","floor":28,"turns":5},{"damage":26,"enemies":"Sentry and Sphere","floor":29,"turns":6},{"damage":6,"enemies":"Snecko","floor":30,"turns":3},{"damage":16,"enemies":"Snake Plant","floor":31,"turns":3},{"damage":77,"enemies":"Collector","floor":33,"turns":7}],"seed_played":"8032674837410896678","potions_obtained":[{"floor":1.0,"key":"Dexterity Potion"},{"floor":2.0,"key":"ColorlessPotion"},{"floor":16.0,"key":"Fire Potion"},{"floor":20,"key":"champ:CounterPotion"},{"floor":22,"key":"LiquidBronze"},{"floor":24,"key":"FearPotion"},{"floor":29,"key":"Regen Potion"}],"is_trial":false,"path_per_floor":["M","M","?","$","M","R","M","M","T","R","M","M","$","?","R","B",null,"M","?","M","$","M","R","E","R","T","?","M","M","M","M","R","B"],"character_chosen":"IRONCLAD","items_purchased":["Dropkick","Rage","Warcry","The Bomb"],"campfire_rested":6,"item_purchase_floors":[4,13,13,21],"current_hp_per_floor":[88,88,77,77,79,88,84,76,76,88,88,84,84,84,88,24,88,73,48,50,50,33,59,24,50,50,50,51,31,31,38,64,0,0],"gold":145,"neow_bonus":"TEN_PERCENT_HP_BONUS","is_daily":false,"chose_seed":false,"campfire_upgraded":0,"win_rate":0.0,"timestamp":1610121071,"path_taken":["M","M","?","?","M","R","M","M","T","R","M","?","$","?","R","BOSS","M","?","M","$","M","R","E","R","T","?","M","M","M","?","R","BOSS"],"items_purchased_type":["Card","Card","Card","Card"],"build_version":"2020-12-22","purchased_purges":0,"victory":false,"max_hp_per_floor":[88,88,88,88,88,88,88,88,88,88,88,88,88,88,88,88,88,88,88,88,88,88,88,88,88,88,88,88,88,88,88,88,88,88],"card_choices":[{"not_picked":["Body Slam","Rage"],"picked":"Shockwave","floor":1.0},{"not_picked":["Warcry","Burning Pact"],"picked":"Sword Boomerang","floor":2.0},{"not_picked":["Dual Wield","Clash"],"picked":"Cleave","floor":5.0},{"not_picked":["Ghostly Armor","Hemokinesis"],"picked":"Cleave","floor":7.0},{"not_picked":["Shockwave","Pommel Strike"],"picked":"Perfected Strike","floor":8.0},{"not_picked":["Anger","Demon Form"],"picked":"Flame Barrier","floor":11.0},{"not_picked":["Sword Boomerang","Blood for Blood"],"picked":"Shockwave","floor":12.0},{"not_picked":["Corruption","Reaper"],"picked":"Immolate","floor":16.0},{"not_picked":["Blood for Blood+1","Iron Wave"],"picked":"Thunderclap+1","floor":18},{"not_picked":["Wild Strike","Pommel Strike"],"picked":"Rampage","floor":20},{"not_picked":["Pommel Strike","Warcry"],"picked":"Shrug It Off","floor":22},{"not_picked":["Headbutt","Thunderclap"],"picked":"Rage+1","floor":24},{"not_picked":["Dropkick","Infernal Blade"],"picked":"Wild Strike+1","floor":25},{"not_picked":["Heavy Blade+1","Flex"],"picked":"Carnage+1","floor":28},{"not_picked":["Feel No Pain","Thunderclap"],"picked":"Rampage","floor":29},{"not_picked":["Searing Blow","Sword Boomerang"],"picked":"Immolate","floor":30},{"not_picked":["Body Slam","Heavy Blade"],"picked":"Rage","floor":31},{"not_picked":["Clash","Bloodletting"],"picked":"Burning Pact+1","floor":32}],"player_experience":66630,"relics_obtained":[{"floor":9.0,"key":"Bag of Preparation"},{"floor":24,"key":"Dream Catcher"},{"floor":26,"key":"Whetstone"}],"event_choices":[{"damage_healed":0.0,"max_hp_gain":0.0,"max_hp_loss":0.0,"gold_gain":0.0,"event_name":"betterThird:BetterGoop","player_choice":"Slimed","floor":3.0,"gold_loss":44.0,"damage_taken":11.0},{"damage_healed":0.0,"max_hp_gain":0.0,"max_hp_loss":0.0,"gold_gain":0.0,"event_name":"Big Fish","player_choice":"Box","floor":14.0,"gold_loss":0.0,"damage_taken":0.0,"relics_obtained":["Sundial"],"cards_obtained":["Regret"]},{"damage_healed":0,"gold_gain":107,"player_choice":"RE GO ","damage_taken":28,"relics_obtained":["Toy Ornithopter"],"max_hp_gain":0,"max_hp_loss":0,"event_name":"betterSkull:BetterSkull","floor":19,"gold_loss":0,"cards_upgraded":[]},{"cards_removed":["The Bomb"],"damage_healed":0,"gold_gain":0,"player_choice":"Give","damage_taken":0,"max_hp_gain":0,"max_hp_loss":0,"event_name":"betterNote:BetterNote","floor":27,"gold_loss":0,"cards_obtained":["None"]}],"is_beta":false,"boss_relics":[{"not_picked":["Philosopher\u0027s Stone","Black Star"],"picked":"Astrolabe"}],"items_purged_floors":[],"is_endless":false,"potions_floor_spawned":[1,2,16,20,22,24,29],"killed_by":"Collector","ascension_level":0}}