{"host":"64agj841g523yxf2","time":1610125562,"event":{"mods":["BaseMod","Hermit","Minty Spire (QoL Compilation)","Remilia??????","Replay The Spire","StSLib","SuperFastMode","Td1madao Mod","The Bug Knight","The Construct","The Cursed","The Disciple","The Hierophant","The Mystic","The Necromancer","The Poker Player","The Senshi","The Servant 0.9.4","Yuyuko"],"gold_per_floor":[114,114,127,152,168,168,201,201,225,225,239,258,276,314,314,433,733,758,758,773,797,818,818,859,859,859,878,892,915,915,232,232,356,356,375,391,391,391,12,12,33,33,115,115,138,162,183,199,199,199],"floor_reached":51,"playtime":3608,"items_purged":["Pride","Strike_W"],"score":687,"play_id":"9da77727-eacc-4cfb-bce0-2c4fb9721866","local_time":"20210108180602","is_ascension_mode":false,"campfire_choices":[{"data":"Necrotic_Claws","floor":6,"key":"SMITH"},{"data":"Spectral_Armor","floor":8,"key":"SMITH"},{"data":"Bone_Wall","floor":10,"key":"SMITH"},{"data":"Bones_to_Steel","floor":15,"key":"SMITH"},{"floor":23,"key":"REST"},{"data":"Negative_Energy_Shield","floor":25,"key":"SMITH"},{"floor":32,"key":"DIG"},{"data":"Bone_Armor","floor":40,"key":"SMITH"},{"data":"Toxic_Smoke_Screen","floor":42,"key":"SMITH"},{"data":"Summon_Death_Knight","floor":44,"key":"SMITH"},{"data":"Vampiric_Strike","floor":49,"key":"SMITH"}],"circlet_count":0,"master_deck":["Strike_W","Strike_W","Strike_W","Defend_W","Defend_W","Defend_W","Defend_W","Negative_Energy_Arrows","Bone_Wall+1","Necrotic_Claws+1","Exploit","Bones_to_Steel+1","Negative_Energy_Shield+1","Spectral_Armor+1","Bone_Shift","Bone_Bullets","Necrotic_Claws","Acid_Javelin","Skeleton_Dragon","CurseOfTheBell","Death_March_Dance","Siphon_Strength","Summon_Undead_Army+1","Bone_Prison+1","Vampiric_Strike+1","Bone_Armor+1","Summon_Death_Knight+1","Toxic_Smoke_Screen+1","Death_Knell+1","Summon_Undead_Army+1","Bone_Shift+1"],"relics":["Vampire_Amulet","Golden Idol","Pen Nib","Simple Rune","Toy Ornithopter","Calling Bell","Happy Flower","Iron Hammer","Old Coin","Dream Catcher","Shuriken","GreatHeart","Orichalcum","Lee\u0027s Waffle","Pantograph","Boot","Coffee Dripper","ReplayFunnel","Letter Opener"],"acts_visited":["Exordium","TheCity","TheBeyond"],"potions_floor_usage":[14,16,33,38,38,50,50],"damage_taken":[{"damage":2,"enemies":"Small Slimes","floor":1,"turns":6},{"damage":0,"enemies":"Jaw Worm","floor":3,"turns":3},{"damage":0,"enemies":"Cultist","floor":4,"turns":3},{"damage":1,"enemies":"3 Louse","floor":5,"turns":4},{"damage":22,"enemies":"Gremlin Nob","floor":7,"turns":5},{"damage":0,"enemies":"Looter","floor":11,"turns":3},{"damage":0,"enemies":"Blue Slaver","floor":12,"turns":3},{"damage":6,"enemies":"Exordium Wildlife","floor":13,"turns":6},{"damage":0,"enemies":"HollowMod:MossKnight","floor":14,"turns":9},{"damage":36,"enemies":"Fading Forest","floor":16,"turns":11},{"damage":12,"enemies":"2 Thieves","floor":18,"turns":5},{"damage":8,"enemies":"Spheric Guardian","floor":20,"turns":5},{"damage":13,"enemies":"Snecko","floor":21,"turns":6},{"damage":18,"enemies":"Centurion and Healer","floor":22,"turns":6},{"damage":8,"enemies":"HollowMod:Nosk","floor":24,"turns":7},{"damage":14,"enemies":"Cultist and Chosen","floor":27,"turns":6},{"damage":13,"enemies":"Snecko","floor":28,"turns":5},{"damage":10,"enemies":"Centurion and Healer","floor":29,"turns":6},{"damage":53,"enemies":"Champ","floor":33,"turns":12},{"damage":7,"enemies":"Orb Walker","floor":35,"turns":4},{"damage":14,"enemies":"3 Darklings","floor":36,"turns":8},{"damage":27,"enemies":"2 Orb Walkers","floor":38,"turns":4},{"damage":0,"enemies":"4 Shapes","floor":41,"turns":10},{"damage":0,"enemies":"Transient","floor":45,"turns":5},{"damage":10,"enemies":"Maw","floor":46,"turns":7},{"damage":15,"enemies":"Sphere and 2 Shapes","floor":47,"turns":6},{"damage":0,"enemies":"Writhing Mass","floor":48,"turns":7},{"damage":28,"enemies":"Awakened One","floor":50,"turns":15}],"seed_played":"1778180270077120174","potions_obtained":[{"floor":1,"key":"Elixir"},{"floor":5,"key":"SpeedPotion"},{"floor":7,"key":"PowerPotion"},{"floor":13,"key":"Adrenaline Potion"},{"floor":16,"key":"SmokeBomb"},{"floor":18,"key":"EssenceOfSteel"},{"floor":36,"key":"PowerPotion"}],"is_trial":false,"path_per_floor":["M","?","M","M","M","R","E","R","T","R","M","M","M","E","R","B",null,"M","?","M","M","M","R","E","R","T","M","M","M","?","$","R","B",null,"M","M","?","?","$","R","M","R","T","R","M","M","M","M","R","B",null],"character_chosen":"NECROMANCER","items_purchased":["Bone_Armor","Orichalcum","Lee\u0027s Waffle","Pantograph","ReplayFunnel","Explosive Potion","LiquidBronze"],"campfire_rested":1,"item_purchase_floors":[31,31,31,31,39,39,39],"current_hp_per_floor":[82,62,64,66,71,71,51,51,51,51,53,55,53,57,57,44,82,74,68,62,51,37,61,55,55,55,45,34,28,28,89,89,43,89,84,74,74,57,57,57,67,67,67,67,69,63,54,56,56,75],"gold":199,"neow_bonus":"TEN_PERCENT_HP_BONUS","is_daily":false,"chose_seed":false,"campfire_upgraded":9,"win_rate":0.0,"timestamp":1610125562,"path_taken":["M","?","M","M","M","R","E","R","T","R","M","M","M","E","R","BOSS","M","?","M","M","M","R","E","R","T","?","M","M","?","$","R","BOSS","M","M","?","?","?","R","M","R","T","R","M","M","?","M","R","BOSS"],"items_purchased_type":["Card","Relic","Relic","Relic","Relic","Potion","Potion"],"build_version":"2020-12-22","purchased_purges":2,"victory":true,"max_hp_per_floor":[82,82,82,82,82,82,82,82,82,82,82,82,82,82,82,82,82,82,82,82,82,82,82,82,82,82,82,82,82,82,89,89,89,89,89,89,89,89,89,89,89,89,89,89,89,89,89,89,89,89],"card_choices":[{"not_picked":["Scare","Death_Coil"],"picked":"Necrotic_Claws","floor":1},{"not_picked":["Blood_Whip","Death_Coil"],"picked":"Exploit","floor":3},{"not_picked":["Blood_Whip","Epidemic"],"picked":"Bones_to_Steel","floor":4},{"not_picked":["Bone_Spikes","Vampiric_Strike"],"picked":"Negative_Energy_Shield","floor":5},{"not_picked":["Necrotic_Claws","Shackles_Of_Pain"],"picked":"Spectral_Armor","floor":7},{"not_picked":["Chill_Blood","Necrotic_Claws"],"picked":"Bone_Shift","floor":11},{"not_picked":["Bone_Spikes","Strike_from_Beyond"],"picked":"Bone_Bullets","floor":12},{"not_picked":["Necromantic_Selection","Bone_Shift"],"picked":"Necrotic_Claws","floor":13},{"not_picked":["Requiem","Spectral_Walk"],"picked":"Acid_Javelin","floor":14},{"not_picked":["Blood_Magic","Blood_Wake"],"picked":"Skeleton_Dragon","floor":16},{"not_picked":["Bone_Shift+1","Negative_Energy_Mist"],"picked":"Death_March_Dance","floor":18},{"not_picked":["Bone_Spikes+1","Negative_Energy_Mist+1"],"picked":"Siphon_Strength","floor":20},{"not_picked":["Negative_Energy_Javelin","Requiem"],"picked":"Summon_Undead_Army+1","floor":21},{"not_picked":["Death_March_Dance","Whirlwind_of_Bones+1"],"picked":"Finger_Of_Death","floor":22},{"not_picked":["Life_Tap","Chill_Blood","Bone_Shift+1"],"picked":"SKIP","floor":24},{"not_picked":["Blood_Is_Power","Bone_Spikes"],"picked":"Bone_Prison+1","floor":27},{"not_picked":["Detonate_Bones","Negative_Energy_Mist+1","Finger_Of_Death+1"],"picked":"SKIP","floor":28},{"not_picked":["Bone_Armory","Blood_Shield"],"picked":"Vampiric_Strike","floor":29},{"not_picked":["Hellfire","Reap_The_Weak"],"picked":"Summon_Death_Knight","floor":33},{"not_picked":["Scare+1","Necromantic_Selection"],"picked":"Toxic_Smoke_Screen","floor":35},{"not_picked":["Slay_Living+1","Plague_Bolt+1"],"picked":"Death_Knell+1","floor":36},{"not_picked":["Negative_Energy_Javelin+1","Blood_Whip","Bones_to_Steel"],"picked":"SKIP","floor":41},{"not_picked":["Bones_to_Steel+1","Necromantic_Selection","Siphon_Strength"],"picked":"SKIP","floor":45},{"not_picked":["Finger_Of_Death","Blood_Whip"],"picked":"Summon_Undead_Army+1","floor":46},{"not_picked":["Death_Knell+1","Bones_to_Steel+1"],"picked":"Bone_Shift+1","floor":47},{"not_picked":["Death_March_Dance+1","Spectral_Armor","Summon_Death_Knight"],"picked":"SKIP","floor":48}],"player_experience":293348,"relics_obtained":[{"floor":7,"key":"Pen Nib"},{"floor":9,"key":"Simple Rune"},{"floor":14,"key":"Toy Ornithopter"},{"floor":17,"key":"Happy Flower"},{"floor":17,"key":"Iron Hammer"},{"floor":17,"key":"Old Coin"},{"floor":24,"key":"Dream Catcher"},{"floor":26,"key":"Shuriken"},{"floor":32,"key":"Boot"},{"floor":43,"key":"Letter Opener"}],"event_choices":[{"damage_healed":0,"gold_gain":0,"player_choice":"Take Damage","damage_taken":20,"relics_obtained":["Golden Idol"],"max_hp_gain":0,"max_hp_loss":0,"event_name":"Golden Idol","floor":2,"gold_loss":0},{"damage_healed":0,"gold_gain":0,"player_choice":"","damage_taken":6,"max_hp_gain":0,"max_hp_loss":0,"event_name":"Knowing Skull","floor":19,"potions_obtained":[],"gold_loss":0,"cards_obtained":[]},{"cards_removed":["Finger_Of_Death"],"damage_healed":0,"gold_gain":0,"player_choice":"Removed Attack","damage_taken":0,"max_hp_gain":0,"max_hp_loss":0,"event_name":"Falling","floor":37,"gold_loss":0},{"damage_healed":0,"gold_gain":0,"player_choice":"Fight","damage_taken":0,"max_hp_gain":0,"max_hp_loss":0,"event_name":"Mysterious Sphere","floor":38,"gold_loss":0}],"is_beta":false,"boss_relics":[{"not_picked":["Snecko Eye","Runic Pyramid"],"picked":"Calling Bell"},{"not_picked":["Replay:Bronze Core","Pandora\u0027s Box"],"picked":"Coffee Dripper"}],"items_purged_floors":[31,39],"is_endless":false,"potions_floor_spawned":[1,5,7,13,16,18,21,27,28,33,36,41,46,48],"ascension_level":0}}