{"host":"irtkyucquvte0m2t","time":1610081592,"event":{"mods":["Aspiration","BaseMod","Better Note","BetterRewards","Colored Map","Colored Powertips","Minty Spire (QoL Compilation)","Quick Restart","Rare Cards Sparkle","StSLib","everything is the same but u backflip on backflip"],"gold_per_floor":[119,119,119,137,137,55,55,55,82,82,100,132,132,143,143,238,238,254,254,269,50,69,87,87,99,99,69,69,69,84,95,95,95,95],"floor_reached":33,"playtime":1559,"items_purged":["Strike_B"],"score":347,"play_id":"4a44d7b2-38f4-4515-b17d-eca5f6115767","local_time":"20210107235312","is_ascension_mode":false,"campfire_choices":[{"floor":7.0,"key":"REST"},{"floor":13.0,"key":"REST"},{"floor":15.0,"key":"REST"},{"floor":24,"key":"REST"},{"data":"Zap","floor":32,"key":"SMITH"}],"circlet_count":0,"master_deck":["Strike_B","Strike_B","Defend_B+1","Defend_B","Defend_B+1","Defend_B+1","Zap+1","Dualcast+1","Beam Cell+1","Streamline","Capacitor","Reinforced Body","Hyperbeam","FTL","Conserve Battery","Seek","Reinforced Body+1","Self Repair","Sweeping Beam+1","Stack+1","Leap"],"relics":["Cracked Core","Matryoshka","Letter Opener","Nunchaku","Nuclear Battery","War Paint","Cables","Eternal Feather","Sundial"],"acts_visited":["TheCity"],"potions_floor_usage":[16,16,22,33,33],"damage_taken":[{"damage":0.0,"enemies":"2 Louse","floor":1.0,"turns":2.0},{"damage":5.0,"enemies":"Small Slimes","floor":4.0,"turns":2.0},{"damage":11.0,"enemies":"Jaw Worm","floor":11.0,"turns":2.0},{"damage":11.0,"enemies":"Lagavulin","floor":12.0,"turns":5.0},{"damage":7.0,"enemies":"Blue Slaver","floor":14.0,"turns":3.0},{"damage":31,"enemies":"Slime Boss","floor":16,"turns":13},{"damage":12,"enemies":"2 Thieves","floor":18,"turns":3},{"damage":1,"enemies":"3 Byrds","floor":20,"turns":4},{"damage":19,"enemies":"Shelled Parasite and Fungi","floor":22,"turns":7},{"damage":25,"enemies":"Snake Plant","floor":23,"turns":4},{"damage":7,"enemies":"Centurion and Healer","floor":25,"turns":4},{"damage":0,"enemies":"Sentry and Sphere","floor":30,"turns":4},{"damage":0,"enemies":"Snake Plant","floor":31,"turns":3},{"damage":88,"enemies":"Champ","floor":33,"turns":14}],"seed_played":"-1070376414677066183","potions_obtained":[{"floor":4.0,"key":"FearPotion"},{"floor":11.0,"key":"GamblersBrew"},{"floor":16,"key":"Strength Potion"},{"floor":25,"key":"AttackPotion"},{"floor":27,"key":"Block Potion"},{"floor":27,"key":"Energy Potion"}],"is_trial":false,"path_per_floor":["M","?","?","M","?","$","R","?","T","?","M","E","R","M","R","B",null,"M","?","M","$","M","M","R","M","T","?","T","?","M","M","R","B"],"character_chosen":"DEFECT","items_purchased":["Capacitor","War Paint"],"campfire_rested":4,"item_purchase_floors":[6,21],"current_hp_per_floor":[75,68,53,48,48,48,70,58,58,58,47,36,58,51,73,42,75,63,63,62,62,43,25,47,47,47,47,47,47,54,61,73,0,0],"gold":95,"neow_bonus":"UPGRADE_CARD","is_daily":false,"chose_seed":false,"campfire_upgraded":1,"win_rate":0.0,"timestamp":1610081592,"path_taken":["M","?","?","M","?","$","R","?","T","?","?","E","R","M","R","BOSS","M","?","M","$","M","M","R","M","T","?","?","?","?","M","R","BOSS"],"items_purchased_type":["Card","Relic"],"build_version":"2020-12-22","purchased_purges":1,"victory":false,"max_hp_per_floor":[75,75,75,75,75,75,75,75,75,75,75,75,75,75,75,75,75,75,75,75,75,75,75,75,75,75,75,75,75,75,75,75,75,75],"card_choices":[{"not_picked":["Reprogram","Rebound"],"picked":"Beam Cell","floor":1.0},{"not_picked":["Coolheaded","Rebound"],"picked":"Streamline","floor":4.0},{"not_picked":["Hologram","Darkness"],"picked":"Reinforced Body","floor":11.0},{"not_picked":["Storm","Barrage","Creative AI"],"picked":"SKIP","floor":12.0},{"not_picked":["Coolheaded","Scrape","Steam Power"],"picked":"SKIP","floor":14.0},{"not_picked":["Rainbow","Biased Cognition"],"picked":"Hyperbeam","floor":16},{"not_picked":["Gash","Cold Snap"],"picked":"FTL","floor":18},{"not_picked":["Turbo+1","Steam"],"picked":"Reinforced Body+1","floor":20},{"not_picked":["Double Energy","Reprogram"],"picked":"Self Repair","floor":22},{"not_picked":["Scrape","Stack","Streamline+1"],"picked":"SKIP","floor":23},{"not_picked":["Storm","Turbo"],"picked":"Sweeping Beam+1","floor":25},{"not_picked":["Conserve Battery","Scrape"],"picked":"Stack+1","floor":30},{"not_picked":["Hologram","Steam Power+1"],"picked":"Leap","floor":31}],"player_experience":1265707,"relics_obtained":[{"floor":9.0,"key":"Letter Opener"},{"floor":12.0,"key":"Nunchaku"},{"floor":26,"key":"Cables"},{"floor":26,"key":"Eternal Feather"},{"floor":28,"key":"Sundial"}],"event_choices":[{"cards_removed":["Strike_B"],"damage_healed":0.0,"max_hp_gain":0.0,"max_hp_loss":0.0,"gold_gain":0.0,"event_name":"Golden Wing","player_choice":"Card Removal","floor":2.0,"gold_loss":0.0,"damage_taken":7.0},{"damage_healed":0.0,"max_hp_gain":0.0,"max_hp_loss":0.0,"gold_gain":0.0,"event_name":"Shining Light","player_choice":"Entered Light","floor":3.0,"gold_loss":0.0,"damage_taken":15.0,"cards_upgraded":["Defend_B","Beam Cell"]},{"damage_healed":0.0,"max_hp_gain":0.0,"max_hp_loss":0.0,"gold_gain":0.0,"event_name":"Golden Idol","player_choice":"Ignored","floor":5.0,"gold_loss":0.0,"damage_taken":0.0},{"damage_healed":0.0,"max_hp_gain":0.0,"max_hp_loss":0.0,"gold_gain":0.0,"event_name":"Scrap Ooze","player_choice":"Success","floor":8.0,"gold_loss":0.0,"damage_taken":12.0,"relics_obtained":["Matryoshka"]},{"damage_healed":0.0,"max_hp_gain":0.0,"max_hp_loss":0.0,"gold_gain":0.0,"event_name":"Liars Game","player_choice":"Ignored","floor":10.0,"gold_loss":0.0,"damage_taken":0.0},{"damage_healed":0,"gold_gain":0,"player_choice":"2 cards matched","damage_taken":0,"max_hp_gain":0,"max_hp_loss":0,"event_name":"Match and Keep!","floor":19,"gold_loss":0,"cards_obtained":["Conserve Battery","Seek"]},{"damage_healed":0,"gold_gain":0,"player_choice":"Bought 2 Potions","damage_taken":0,"max_hp_gain":0,"max_hp_loss":0,"event_name":"The Woman in Blue","floor":27,"gold_loss":0},{"cards_removed":["Seek"],"damage_healed":0,"gold_gain":0,"player_choice":"Give","damage_taken":0,"max_hp_gain":0,"max_hp_loss":0,"event_name":"betterNote:BetterNote","floor":29,"gold_loss":0,"cards_obtained":["None"]}],"is_beta":false,"boss_relics":[{"not_picked":["SlaversCollar","Snecko Eye"],"picked":"Nuclear Battery"}],"items_purged_floors":[21],"is_endless":false,"potions_floor_spawned":[4,11,16,25,30,31],"killed_by":"Champ","ascension_level":0}}