{"host":"sdjng9zhqonqi3uc","time":1610140666,"event":{"mods":["2.2 Compatiblity","AchievementEnabler","BaseMod","BetterRewards","Colored Powertips","Hero for Fun","Minty Spire (QoL Compilation)","Shop Mod","StSLib","Td1madao Mod","The Animator","The Cursed","The Servant 0.9.4"],"gold_per_floor":[117,117,42,52,52,85,85,101,175,195,214,234,91,106,106,203,203,215,215,241,223,223,223,249,249,249,65,75,108,120,220,220,316,316,327,338,353,10,10,45,45,58,83,118,146,164,164,192,192,192,192,192,46,83,83,83],"floor_reached":55,"playtime":3686,"items_purged":["Strike_R","Strike_R"],"score":769,"play_id":"e5fd4421-710b-49da-b994-99094fa507b8","local_time":"20210108221746","is_ascension_mode":false,"campfire_choices":[{"data":"Searing Blow","floor":7,"key":"SMITH"},{"floor":15,"key":"RECALL"},{"data":"Demon Form","floor":23,"key":"SMITH"},{"floor":25,"key":"REST"},{"data":"1","floor":32,"key":"LIFT"},{"data":"2","floor":41,"key":"LIFT"},{"data":"3","floor":49,"key":"LIFT"},{"data":"Inflame","floor":52,"key":"SMITH"}],"circlet_count":0,"master_deck":["Strike_R","Strike_R","Strike_R","Defend_R","Defend_R","Defend_R","Bash+1","Feed+1","Power Through","Wild Strike","Searing Blow+1","Flex","Infernal Blade","Intimidate","Demon Form+1","Feed+1","Inflame+1","Fire Breathing+1","Thunderclap+1","Evolve","Reaper","Wild Strike+1","Pummel","Immolate","Inflame+1","Dramatic Entrance","Decay","Sword Boomerang+1","Fire Breathing+1","Heavy Blade+1","Madness","Madness","Shockwave+1","Reckless Charge+1"],"relics":["Black Blood","Bag of Marbles","Snecko Eye","Red Mask","Enchiridion","Sundial","Mummified Hand","Potion Belt","Whetstone","Girya","Bottled Lightning","Lantern","Paper Frog","CeramicFish","Dream Catcher","Vajra","Oddly Smooth Stone"],"acts_visited":["Exordium","TheCity","TheBeyond","TheEnding"],"potions_floor_usage":[6,11,16,16,16,20,20,29,29,31,33,33,44,50,50,55],"damage_taken":[{"damage":5,"enemies":"Cultist","floor":1,"turns":4},{"damage":1,"enemies":"2 Louse","floor":4,"turns":2},{"damage":20,"enemies":"Gremlin Nob","floor":6,"turns":4},{"damage":8,"enemies":"Jaw Worm","floor":8,"turns":3},{"damage":4,"enemies":"Blue Slaver","floor":10,"turns":4},{"damage":4,"enemies":"3 Louse","floor":11,"turns":3},{"damage":16,"enemies":"Large Slime","floor":12,"turns":2},{"damage":4,"enemies":"2 Fungi Beasts","floor":14,"turns":3},{"damage":10,"enemies":"Slime Boss","floor":16,"turns":7},{"damage":10,"enemies":"Shell Parasite","floor":18,"turns":3},{"damage":46,"enemies":"Masked Bandits","floor":20,"turns":5},{"damage":14,"enemies":"2 Thieves","floor":21,"turns":4},{"damage":26,"enemies":"Slavers","floor":24,"turns":6},{"damage":14,"enemies":"Centurion and Healer","floor":28,"turns":6},{"damage":12,"enemies":"Gremlin Leader","floor":29,"turns":5},{"damage":18,"enemies":"Sentry and Sphere","floor":30,"turns":5},{"damage":4,"enemies":"Colosseum Slavers","floor":31,"turns":2},{"damage":0,"enemies":"Colosseum Nobs","floor":31,"turns":3},{"damage":47,"enemies":"Collector","floor":33,"turns":7},{"damage":2,"enemies":"3 Shapes","floor":35,"turns":2},{"damage":36,"enemies":"3 Darklings","floor":36,"turns":5},{"damage":21,"enemies":"Spire Growth","floor":37,"turns":3},{"damage":31,"enemies":"Giant Head","floor":40,"turns":6},{"damage":6,"enemies":"Jaw Worm Horde","floor":42,"turns":3},{"damage":53,"enemies":"Nemesis","floor":44,"turns":5},{"damage":2,"enemies":"Transient","floor":45,"turns":5},{"damage":16,"enemies":"Sphere and 2 Shapes","floor":48,"turns":3},{"damage":41,"enemies":"Donu and Deca","floor":50,"turns":4},{"damage":7,"enemies":"Shield and Spear","floor":54,"turns":2},{"damage":177,"enemies":"The Heart","floor":55,"turns":8}],"seed_played":"3717504136479834406","potions_obtained":[{"floor":1,"key":"SpeedPotion"},{"floor":4,"key":"AttackPotion"},{"floor":5,"key":"CultistPotion"},{"floor":5,"key":"EntropicBrew"},{"floor":10,"key":"DuplicationPotion"},{"floor":16,"key":"CultistPotion"},{"floor":20,"key":"FearPotion"},{"floor":24,"key":"Ancient Potion"},{"floor":28,"key":"ColorlessPotion"},{"floor":30,"key":"Block Potion"},{"floor":31,"key":"ElixirPotion"},{"floor":35,"key":"Explosive Potion"},{"floor":37,"key":"Dexterity Potion"},{"floor":48,"key":"FearPotion"}],"is_trial":false,"path_per_floor":["M","?","$","M","?","E","R","M","T","M","M","M","$","M","R","B",null,"M","?","?","M","?","R","E","R","T","$","M","E","M","?","R","B",null,"M","M","M","$","?","E","R","M","T","E","M","?","?","M","R","B",null,"R","$","E","B"],"character_chosen":"IRONCLAD","items_purchased":["Demon Form","Evolve","Potion Belt","Lantern","Dramatic Entrance","Vajra"],"campfire_rested":1,"item_purchase_floors":[13,27,27,38,38,53],"current_hp_per_floor":[83,83,83,87,87,77,77,75,75,77,83,73,73,79,79,79,103,103,103,70,66,50,50,33,69,69,69,65,59,65,81,81,55,137,141,141,145,145,145,134,134,144,144,107,153,134,134,130,130,140,157,157,157,157,0,0],"gold":83,"neow_bonus":"TRANSFORM_CARD","is_daily":false,"chose_seed":false,"campfire_upgraded":3,"win_rate":0.0,"timestamp":1610140666,"path_taken":["M","?","$","M","?","E","R","M","T","M","?","M","$","M","R","BOSS","M","?","?","M","?","R","E","R","T","?","M","E","M","?","R","BOSS","M","M","M","$","?","E","R","?","T","E","M","?","?","M","R","BOSS","R","$","E","BOSS"],"items_purchased_type":["Card","Card","Relic","Relic","Card","Relic"],"build_version":"2020-12-22","purchased_purges":2,"victory":false,"max_hp_per_floor":[83,83,83,87,87,91,91,91,91,91,95,95,95,99,99,103,103,107,107,114,118,118,118,121,121,121,121,125,125,129,137,137,137,137,141,141,145,145,145,145,145,149,149,153,153,153,153,153,153,157,157,157,157,157,157,157],"card_choices":[{"not_picked":["Shrug It Off","Havoc"],"picked":"Power Through","floor":1},{"not_picked":["Cleave","Body Slam"],"picked":"Wild Strike","floor":4},{"not_picked":["Pommel Strike","Thunderclap"],"picked":"Searing Blow","floor":6},{"not_picked":["Heavy Blade","Iron Wave"],"picked":"Flex","floor":8},{"not_picked":["Havoc","Headbutt","Sever Soul"],"picked":"SKIP","floor":10},{"not_picked":["Body Slam","Seeing Red"],"picked":"Infernal Blade","floor":11},{"not_picked":["Anger","Burning Pact"],"picked":"Intimidate","floor":12},{"not_picked":["Clothesline","Hemokinesis","Clash"],"picked":"SKIP","floor":14},{"not_picked":["Reaper","Berserk"],"picked":"Feed","floor":16},{"not_picked":["True Grit","Ghostly Armor"],"picked":"Inflame","floor":18},{"not_picked":["Shrug It Off","Havoc+1","Armaments"],"picked":"SKIP","floor":21},{"not_picked":["Ghostly Armor+1","Flex+1"],"picked":"Thunderclap+1","floor":24},{"not_picked":["Entrench","Searing Blow","Intimidate"],"picked":"SKIP","floor":28},{"not_picked":["Perfected Strike","Evolve"],"picked":"Reaper","floor":29},{"not_picked":["Twin Strike","Shockwave"],"picked":"Wild Strike+1","floor":30},{"not_picked":["Clash+1","Flex"],"picked":"Pummel","floor":31},{"not_picked":["Impervious","Brutality"],"picked":"Immolate","floor":33},{"not_picked":["Ghostly Armor","Pommel Strike+1"],"picked":"Inflame+1","floor":35},{"not_picked":["Havoc","Seeing Red","Perfected Strike"],"picked":"SKIP","floor":36},{"not_picked":["Iron Wave+1","Thunderclap","Clothesline+1"],"picked":"SKIP","floor":37},{"not_picked":["Warcry+1","Offering"],"picked":"Sword Boomerang+1","floor":40},{"not_picked":["Thunderclap+1","Clothesline+1","Evolve"],"picked":"SKIP","floor":42},{"not_picked":["Wild Strike","Havoc+1"],"picked":"Fire Breathing+1","floor":44},{"not_picked":["Perfected Strike+1","Ghostly Armor"],"picked":"Heavy Blade+1","floor":45},{"not_picked":["Iron Wave+1","Burning Pact"],"picked":"Shockwave+1","floor":48},{"not_picked":["Cleave","Perfected Strike"],"picked":"Reckless Charge+1","floor":54}],"player_experience":289634,"relics_obtained":[{"floor":6,"key":"Bag of Marbles"},{"floor":20,"key":"Red Mask"},{"floor":22,"key":"Enchiridion"},{"floor":24,"key":"Sundial"},{"floor":26,"key":"Mummified Hand"},{"floor":29,"key":"Whetstone"},{"floor":31,"key":"Girya"},{"floor":31,"key":"Bottled Lightning"},{"floor":40,"key":"Paper Frog"},{"floor":43,"key":"CeramicFish"},{"floor":44,"key":"Dream Catcher"},{"floor":54,"key":"Oddly Smooth Stone"}],"event_choices":[{"damage_healed":0,"gold_gain":0,"player_choice":"Grow","damage_taken":0,"max_hp_gain":0,"max_hp_loss":0,"event_name":"Living Wall","floor":2,"gold_loss":0,"cards_upgraded":["Feed"]},{"damage_healed":0,"gold_gain":0,"player_choice":"Got Potions","damage_taken":0,"max_hp_gain":0,"max_hp_loss":0,"event_name":"Lab","floor":5,"gold_loss":0},{"damage_healed":0,"gold_gain":0,"player_choice":"Read","damage_taken":0,"max_hp_gain":0,"max_hp_loss":0,"event_name":"The Library","floor":19,"gold_loss":0,"cards_obtained":["Fire Breathing"]},{"damage_healed":0,"gold_gain":0,"player_choice":"Fought Bandits","damage_taken":0,"max_hp_gain":0,"max_hp_loss":0,"event_name":"Masked Bandits","floor":20,"gold_loss":0},{"damage_healed":0,"gold_gain":0,"player_choice":"Obtained Book","damage_taken":16,"max_hp_gain":0,"max_hp_loss":0,"event_name":"Cursed Tome","floor":22,"gold_loss":0},{"damage_healed":0,"gold_gain":0,"player_choice":"Fight","damage_taken":0,"max_hp_gain":0,"max_hp_loss":0,"event_name":"Colosseum","floor":31,"gold_loss":0},{"damage_healed":0,"gold_gain":0,"player_choice":"Fought Nobs","damage_taken":0,"max_hp_gain":0,"max_hp_loss":0,"event_name":"Colosseum","floor":31,"gold_loss":0},{"damage_healed":0,"gold_gain":0,"player_choice":"Cursed","damage_taken":0,"max_hp_gain":0,"max_hp_loss":0,"event_name":"Wheel of Change","floor":39,"gold_loss":0,"cards_obtained":["Decay"]},{"damage_healed":0,"gold_gain":0,"player_choice":"Embrace Madness","damage_taken":19,"max_hp_gain":0,"max_hp_loss":0,"event_name":"Winding Halls","floor":46,"gold_loss":0,"cards_obtained":["Madness","Madness"]},{"damage_healed":0,"gold_gain":0,"player_choice":"Upgraded","damage_taken":0,"max_hp_gain":0,"max_hp_loss":0,"event_name":"Upgrade Shrine","floor":47,"gold_loss":0,"cards_upgraded":["Fire Breathing"]}],"is_beta":false,"boss_relics":[{"not_picked":["Velvet Choker","Runic Pyramid"],"picked":"Snecko Eye"},{"not_picked":["Philosopher\u0027s Stone","Pandora\u0027s Box"],"picked":"Black Blood"}],"items_purged_floors":[3,38],"is_endless":false,"potions_floor_spawned":[1,4,10,16,20,24,28,30,31,31,35,37,48],"killed_by":"The Heart","ascension_level":0}}