{"host":"c59jaj2b7ki1imdm","time":1610146599,"event":{"mods":["AchievementEnabler","BaseMod","Hermit","Hubris","Minty Spire (QoL Compilation)","StSLib","The Construct","The Hierophant"],"gold_per_floor":[112,130,105,122,140,140,140],"floor_reached":6,"playtime":710,"items_purged":[],"score":38,"play_id":"245037d2-7dba-476d-8845-45b03833880c","local_time":"20210108235639","is_ascension_mode":false,"campfire_choices":[],"circlet_count":0,"master_deck":["construct:Strike_Gold","construct:Strike_Gold","construct:Strike_Gold","construct:Strike_Gold","construct:Strike_Gold","construct:Defend_Gold","construct:Defend_Gold","construct:Defend_Gold","construct:Defend_Gold","construct:Defend_Gold","construct:AttackMode","construct:DefenseMode","construct:Versatility","construct:Anticipate","construct:Reinforce","construct:Accumulate","construct:Backfire"],"relics":["construct:Cogwheel"],"acts_visited":["Exordium"],"potions_floor_usage":[],"damage_taken":[{"damage":12,"enemies":"Small Slimes","floor":1,"turns":3},{"damage":1,"enemies":"Jaw Worm","floor":2,"turns":6},{"damage":7,"enemies":"2 Louse","floor":4,"turns":3},{"damage":28,"enemies":"Lots of Slimes","floor":5,"turns":5},{"damage":52,"enemies":"Lagavulin","floor":6,"turns":6}],"seed_played":"-1166119386830019028","potions_obtained":[{"floor":5,"key":"DuplicationPotion"}],"is_trial":false,"path_per_floor":["M","M","$","M","M","E"],"character_chosen":"THE_CONSTRUCT_MOD","items_purchased":["construct:Reinforce"],"campfire_rested":0,"item_purchase_floors":[3],"current_hp_per_floor":[81,80,80,73,45,0,0],"gold":140,"neow_bonus":"TEN_PERCENT_HP_BONUS","is_daily":false,"chose_seed":false,"campfire_upgraded":0,"win_rate":0.0,"timestamp":1610146599,"path_taken":["M","M","$","M","M","E"],"items_purchased_type":["Card"],"build_version":"2020-12-22","purchased_purges":0,"victory":false,"max_hp_per_floor":[93,93,93,93,93,93,93],"card_choices":[{"not_picked":["construct:FierceBash","construct:PowerUp"],"picked":"construct:Versatility","floor":1},{"not_picked":["construct:SaveState","construct:HardReboot"],"picked":"construct:Anticipate","floor":2},{"not_picked":["construct:Stasis","construct:Reinforce"],"picked":"construct:Accumulate","floor":4},{"not_picked":["construct:GuardCore","construct:Accumulate"],"picked":"construct:Backfire","floor":5}],"player_experience":114054,"relics_obtained":[],"event_choices":[],"is_beta":false,"boss_relics":[],"items_purged_floors":[],"is_endless":false,"potions_floor_spawned":[5],"killed_by":"Lagavulin","ascension_level":0}}