{"host":"s3s7xsmblwiz356v","time":1610118054,"event":{"mods":["AchievementEnabler","BaseMod","Block Reminder","Colored Map","Colored Powertips","Minty Spire (QoL Compilation)"],"gold_per_floor":[119,135,285,16,28,28,41,62,62,62,62,62,93,103,103,179,179,198,148,162,87,37,62,62,75,98,98,131,143,154,154,154,228,228,241,258,258,258,269,269,60,60,83,95,33,50,50,84,84,84],"floor_reached":51,"playtime":4325,"items_purged":["Doubt","Strike_B","Streamline","Decay"],"score":1292,"play_id":"785a52e2-4f3e-4343-b129-53ff10401357","local_time":"20210108100054","is_ascension_mode":true,"campfire_choices":[{"data":"Sunder","floor":6.0,"key":"SMITH"},{"data":"Turbo","floor":10.0,"key":"SMITH"},{"data":"Undo","floor":15.0,"key":"SMITH"},{"data":"Hologram","floor":24.0,"key":"SMITH"},{"floor":27.0,"key":"REST"},{"data":"Sunder","floor":32.0,"key":"SMITH"},{"data":"Hologram","floor":40,"key":"SMITH"},{"data":"Multi-Cast","floor":42,"key":"SMITH"},{"data":"Biased Cognition","floor":47,"key":"SMITH"},{"data":"Barrage","floor":49,"key":"SMITH"}],"circlet_count":0,"master_deck":["AscendersBane","Defend_B","Defend_B","Defend_B","Defend_B","Zap","Dualcast","Undo+1","Sunder+1","Turbo+1","Ball Lightning","Sunder+1","Coolheaded","Hologram+1","Rainbow","Reinforced Body","Glacier","Capacitor+1","Go for the Eyes+1","Multi-Cast+1","Hologram+1","White Noise","Compile Driver","Barrage+1","Biased Cognition+1","All For One"],"relics":["Cracked Core","Anchor","Odd Mushroom","Pantograph","Ancient Tea Set","Smiling Mask","Snecko Eye","PreservedInsect","Toy Ornithopter","Blood Vial","Cursed Key","Runic Capacitor","MawBank","Pen Nib"],"acts_visited":["Exordium","TheCity","TheBeyond"],"potions_floor_usage":[50,50],"damage_taken":[{"damage":0.0,"enemies":"2 Louse","floor":1.0,"turns":2.0},{"damage":0.0,"enemies":"Small Slimes","floor":2.0,"turns":3.0},{"damage":0.0,"enemies":"Cultist","floor":5.0,"turns":3.0},{"damage":3.0,"enemies":"Blue Slaver","floor":7.0,"turns":3.0},{"damage":1.0,"enemies":"The Mushroom Lair","floor":8.0,"turns":4.0},{"damage":16.0,"enemies":"Gremlin Nob","floor":13.0,"turns":3.0},{"damage":6.0,"enemies":"Lots of Slimes","floor":14.0,"turns":3.0},{"damage":27.0,"enemies":"Slime Boss","floor":16.0,"turns":6.0},{"damage":12.0,"enemies":"3 Byrds","floor":18.0,"turns":6.0},{"damage":0.0,"enemies":"Chosen","floor":20.0,"turns":4.0},{"damage":16.0,"enemies":"Gremlin Leader","floor":23.0,"turns":5.0},{"damage":2.0,"enemies":"Shelled Parasite and Fungi","floor":25.0,"turns":6.0},{"damage":0.0,"enemies":"Book of Stabbing","floor":28.0,"turns":3.0},{"damage":0.0,"enemies":"Snake Plant","floor":29.0,"turns":3.0},{"damage":2.0,"enemies":"Sentry and Sphere","floor":30.0,"turns":4.0},{"damage":28.0,"enemies":"Collector","floor":33.0,"turns":12.0},{"damage":2.0,"enemies":"3 Shapes","floor":35.0,"turns":3.0},{"damage":0.0,"enemies":"3 Darklings","floor":36.0,"turns":5.0},{"damage":0,"enemies":"Spire Growth","floor":39,"turns":6},{"damage":0,"enemies":"Transient","floor":46,"turns":5},{"damage":27,"enemies":"Reptomancer","floor":48,"turns":6},{"damage":0,"enemies":"Donu and Deca","floor":50,"turns":6}],"seed_played":"-4719484142673116916","potions_obtained":[{"floor":5.0,"key":"FocusPotion"},{"floor":13.0,"key":"FocusPotion"},{"floor":14.0,"key":"Swift Potion"},{"floor":18.0,"key":"FocusPotion"},{"floor":28.0,"key":"Explosive Potion"},{"floor":36.0,"key":"Ancient Potion"},{"floor":48,"key":"BlessingOfTheForge"}],"is_trial":false,"path_per_floor":["M","M","?","$","M","R","M","?","T","R","?","?","E","M","R","B",null,"M","$","M","?","$","E","R","M","T","R","E","M","M","?","R","B",null,"M","M","?","?","M","R","$","R","T","?","$","M","R","E","R","B",null],"character_chosen":"DEFECT","items_purchased":["Anchor","Block Potion","Runic Capacitor","Compile Driver","Barrage"],"campfire_rested":1,"item_purchase_floors":[4,4,41,41,45],"current_hp_per_floor":[71,71,71,71,71,71,68,67,67,67,41,41,25,19,19,17,63,51,51,51,51,51,35,35,33,33,56,56,58,58,58,58,50,71,71,73,73,73,75,75,75,75,75,74,74,74,74,47,47,74],"gold":84,"neow_bonus":"TEN_PERCENT_HP_BONUS","is_daily":false,"chose_seed":false,"campfire_upgraded":9,"win_rate":0.0,"timestamp":1610118054,"path_taken":["M","M","?","$","M","R","M","?","T","R","?","?","E","M","R","BOSS","M","?","M","?","$","E","R","?","T","R","E","?","M","?","R","BOSS","M","M","?","?","?","R","$","R","T","?","$","M","R","E","R","BOSS"],"items_purchased_type":["Relic","Potion","Relic","Card","Card"],"build_version":"2020-12-22","purchased_purges":4,"victory":true,"max_hp_per_floor":[78,78,78,78,78,78,78,78,78,78,78,78,78,78,78,78,78,78,78,78,78,78,78,78,78,78,78,78,78,78,78,78,78,78,78,78,78,78,78,78,78,78,78,74,74,74,74,74,74,74],"card_choices":[{"not_picked":["Coolheaded","Redo"],"picked":"Undo","floor":1.0},{"not_picked":["Reinforced Body","Hello World"],"picked":"Streamline","floor":2.0},{"not_picked":["Beam Cell","Turbo"],"picked":"Sunder","floor":5.0},{"not_picked":["Lockon","Rebound","Storm"],"picked":"SKIP","floor":7.0},{"not_picked":["Coolheaded","Beam Cell"],"picked":"Turbo","floor":8.0},{"not_picked":["Beam Cell","Blizzard"],"picked":"FTL","floor":13.0},{"not_picked":["Darkness","Reprogram"],"picked":"Ball Lightning","floor":14.0},{"not_picked":["Stack","Steam"],"picked":"Sunder","floor":18.0},{"not_picked":["Sweeping Beam","Stack"],"picked":"Coolheaded","floor":20.0},{"not_picked":["Consume","Skim"],"picked":"Reinforced Body","floor":23.0},{"not_picked":["Gash","Aggregate+1"],"picked":"Glacier","floor":25.0},{"not_picked":["Buffer","Loop"],"picked":"Capacitor","floor":28.0},{"not_picked":["Chill","Streamline"],"picked":"Go for the Eyes+1","floor":29.0},{"not_picked":["Steam Power","Coolheaded","Sunder"],"picked":"SKIP","floor":30.0},{"not_picked":["Electrodynamics","Amplify"],"picked":"Multi-Cast","floor":33.0},{"not_picked":["Redo","Storm"],"picked":"Hologram","floor":35.0},{"not_picked":["Heatsinks+1","Scrape","Blizzard"],"picked":"SKIP","floor":36.0},{"not_picked":["Ball Lightning","Auto Shields"],"picked":"White Noise","floor":39},{"not_picked":["Leap+1","Gash"],"picked":"Biased Cognition","floor":46},{"not_picked":["Coolheaded","Stack+1"],"picked":"All For One","floor":48}],"player_experience":396837,"relics_obtained":[{"floor":8.0,"key":"Odd Mushroom"},{"floor":9.0,"key":"Pantograph"},{"floor":13.0,"key":"Smiling Mask"},{"floor":23.0,"key":"PreservedInsect"},{"floor":26.0,"key":"Toy Ornithopter"},{"floor":28.0,"key":"Blood Vial"},{"floor":43,"key":"MawBank"},{"floor":48,"key":"Pen Nib"}],"event_choices":[{"damage_healed":0.0,"max_hp_gain":0.0,"max_hp_loss":0.0,"gold_gain":150.0,"event_name":"Liars Game","player_choice":"AGREE","floor":3.0,"gold_loss":0.0,"damage_taken":0.0,"cards_obtained":["Doubt"]},{"damage_healed":0.0,"max_hp_gain":0.0,"max_hp_loss":0.0,"gold_gain":0.0,"event_name":"Mushrooms","player_choice":"Fought Mushrooms","floor":8.0,"gold_loss":0.0,"damage_taken":0.0},{"damage_healed":0.0,"max_hp_gain":0.0,"max_hp_loss":0.0,"gold_gain":0.0,"event_name":"Scrap Ooze","player_choice":"Success","floor":11.0,"gold_loss":0.0,"damage_taken":26.0,"relics_obtained":["Ancient Tea Set"]},{"cards_removed":["Strike_B"],"damage_healed":0.0,"max_hp_gain":0.0,"max_hp_loss":0.0,"gold_gain":0.0,"event_name":"Purifier","player_choice":"Purged","floor":12.0,"gold_loss":0.0,"damage_taken":0.0},{"damage_healed":0.0,"max_hp_gain":0.0,"max_hp_loss":0.0,"gold_gain":0.0,"cards_transformed":["Strike_B","Strike_B"],"event_name":"Designer","player_choice":"Transformed Cards","floor":21.0,"gold_loss":75.0,"damage_taken":0.0,"cards_obtained":["Hologram","Rainbow"]},{"damage_healed":0.0,"max_hp_gain":0.0,"max_hp_loss":0.0,"gold_gain":0.0,"event_name":"Upgrade Shrine","player_choice":"Upgraded","floor":31.0,"gold_loss":0.0,"damage_taken":0.0,"cards_upgraded":["Capacitor"]},{"damage_healed":0.0,"max_hp_gain":0.0,"max_hp_loss":0.0,"gold_gain":0.0,"event_name":"SensoryStone","player_choice":"Memory 1","floor":37.0,"gold_loss":0.0,"damage_taken":0.0},{"cards_removed":["FTL"],"damage_healed":0.0,"max_hp_gain":0.0,"max_hp_loss":0.0,"gold_gain":0.0,"event_name":"Purifier","player_choice":"Purged","floor":38.0,"gold_loss":0.0,"damage_taken":0.0},{"damage_healed":0,"gold_gain":0,"player_choice":"Max HP","damage_taken":0,"max_hp_gain":0,"max_hp_loss":4,"event_name":"Winding Halls","floor":44,"gold_loss":0}],"is_beta":false,"boss_relics":[{"not_picked":["Calling Bell","Fusion Hammer"],"picked":"Snecko Eye"},{"not_picked":["Busted Crown","Black Star"],"picked":"Cursed Key"}],"items_purged_floors":[4,19,22,45],"is_endless":false,"potions_floor_spawned":[5,7,13,14,18,28,36,48],"ascension_level":15}}