{"host":"nozk9xg7ssf2drdi","time":1610090427,"event":{"mods":["BaseMod","Colored Map","Minty Spire (QoL Compilation)","Relic Stats","Slay the Relics Exporter","StSLib","everything is the same but u backflip on backflip"],"gold_per_floor":[112,37,54,54,1,29,47,73,126,154,154,154,1,22,22,121,121,141,97,113,113,113,144,144,157,157,175,275,308,320,32,32,106,106,125,125,125,125,125,150,150,168,168,220,248,248,262,64,64,64,64,64,64,64,64,64],"floor_reached":55,"playtime":5401,"items_purged":["Strike_P","Strike_P"],"score":1958,"play_id":"5286438a-7da2-4069-b28e-c901aa9a0ca4","local_time":"20210108012027","is_ascension_mode":true,"campfire_choices":[{"data":"BowlingBash","floor":11,"key":"SMITH"},{"data":"Meditate","floor":15,"key":"SMITH"},{"data":"Wallop","floor":24,"key":"SMITH"},{"data":"TalkToTheHand","floor":32,"key":"SMITH"},{"floor":41,"key":"RECALL"},{"floor":46,"key":"REST"},{"data":"Ragnarok","floor":49,"key":"SMITH"},{"data":"ConjureBlade","floor":53,"key":"SMITH"}],"circlet_count":0,"master_deck":["AscendersBane","Strike_P","Strike_P","Defend_P+1","Defend_P","Eruption+1","Vigilance+1","BowlingBash+1","SandsOfTime","ThirdEye","Halt","Adaptation","Adaptation+1","Scrawl","ClearTheMind+1","Wallop+1","WaveOfTheHand","Indignation","TalkToTheHand+1","Weave","DevaForm","Sanctity","Halt","DevaForm","EmptyFist+1","ConjureBlade+1","CutThroughFate+1","Ragnarok+1","Tantrum"],"relics":["PureWater","NeowsBlessing","Pantograph","Toy Ornithopter","Juzu Bracelet","Darkstone Periapt","Bloody Idol","Runic Dome","Strawberry","Centennial Puzzle","Lizard Tail","Matryoshka","War Paint","Lee\u0027s Waffle","Snecko Eye","Anchor","Regal Pillow","Du-Vu Doll","Ice Cream"],"acts_visited":["Exordium","TheCity","TheBeyond","TheEnding"],"potions_floor_usage":[8,16,20,23,33,45],"damage_taken":[{"damage":0,"enemies":"2 Louse","floor":1,"turns":2},{"damage":0,"enemies":"Small Slimes","floor":3,"turns":1},{"damage":0,"enemies":"Gremlin Nob","floor":6,"turns":1},{"damage":0,"enemies":"Jaw Worm","floor":7,"turns":2},{"damage":4,"enemies":"3 Sentries","floor":8,"turns":3},{"damage":20,"enemies":"Lagavulin","floor":10,"turns":7},{"damage":5,"enemies":"Exordium Thugs","floor":14,"turns":3},{"damage":35,"enemies":"Hexaghost","floor":16,"turns":9},{"damage":4,"enemies":"Shell Parasite","floor":18,"turns":3},{"damage":1,"enemies":"3 Byrds","floor":20,"turns":3},{"damage":13,"enemies":"Slavers","floor":23,"turns":3},{"damage":3,"enemies":"Sentry and Sphere","floor":25,"turns":5},{"damage":0,"enemies":"Snecko","floor":27,"turns":3},{"damage":8,"enemies":"Colosseum Slavers","floor":28,"turns":3},{"damage":10,"enemies":"Colosseum Nobs","floor":28,"turns":4},{"damage":15,"enemies":"Book of Stabbing","floor":29,"turns":5},{"damage":13,"enemies":"Centurion and Healer","floor":30,"turns":3},{"damage":9,"enemies":"Automaton","floor":33,"turns":7},{"damage":0,"enemies":"3 Darklings","floor":35,"turns":4},{"damage":0,"enemies":"Giant Head","floor":40,"turns":7},{"damage":0,"enemies":"3 Shapes","floor":42,"turns":4},{"damage":44,"enemies":"2 Orb Walkers","floor":44,"turns":4},{"damage":84,"enemies":"Nemesis","floor":45,"turns":9},{"damage":27,"enemies":"Maw","floor":47,"turns":7},{"damage":18,"enemies":"Donu and Deca","floor":50,"turns":5},{"damage":4,"enemies":"Time Eater","floor":51,"turns":6},{"damage":74,"enemies":"Shield and Spear","floor":55,"turns":4}],"seed_played":"-9203311683685931464","potions_obtained":[{"floor":6,"key":"SkillPotion"},{"floor":7,"key":"ColorlessPotion"},{"floor":10,"key":"Swift Potion"},{"floor":16,"key":"BottledMiracle"},{"floor":27,"key":"EssenceOfSteel"},{"floor":35,"key":"Regen Potion"},{"floor":44,"key":"Ancient Potion"},{"floor":47,"key":"Explosive Potion"}],"is_trial":false,"path_per_floor":["M","?","M","?","$","E","M","E","T","E","R","?","$","M","R","B",null,"M","$","M","?","?","E","R","M","T","M","?","E","M","$","R","B",null,"M","?","?","?","?","E","R","M","T","?","E","R","M","$","R","B","B",null,"R","$","E"],"character_chosen":"WATCHER","items_purchased":["PowerPotion","Adaptation","Wallop","Lee\u0027s Waffle","Halt","Ragnarok","Tantrum"],"campfire_rested":1,"item_purchase_floors":[5,13,19,31,31,48,48],"current_hp_per_floor":[61,61,61,61,61,61,61,57,57,37,37,37,37,32,32,27,53,49,49,53,53,53,57,57,59,59,64,51,41,33,76,76,72,75,76,76,72,72,72,72,72,72,72,33,15,51,29,29,29,36,57,68,68,68,0,0],"gold":64,"neow_bonus":"THREE_ENEMY_KILL","is_daily":false,"chose_seed":false,"campfire_upgraded":6,"win_rate":0.0,"timestamp":1610090427,"path_taken":["M","?","M","?","?","E","M","E","T","E","R","?","$","M","R","BOSS","M","$","M","?","?","E","R","M","T","M","?","E","M","$","R","BOSS","M","?","?","?","?","E","R","M","T","?","E","R","M","?","R","BOSS","BOSS","R","$","E"],"items_purchased_type":["Potion","Card","Card","Relic","Card","Card","Card"],"build_version":"2020-12-22","purchased_purges":2,"victory":false,"max_hp_per_floor":[68,68,68,68,68,68,68,68,68,68,68,62,62,62,62,62,62,62,62,62,62,62,69,69,69,69,69,69,69,69,76,76,76,76,76,76,72,72,72,72,72,72,72,72,72,72,72,72,72,72,72,72,72,72,72,72],"relic_stats":{"Darkstone Periapt":0,"Lee\u0027s Waffle":43,"Regal Pillow":15,"counters":[27,117],"Juzu Bracelet":3,"War Paint":["Defend_P","Vigilance"],"Centennial Puzzle":[33],"Lizard Tail":36,"Pantograph":75,"Bloody Idol":51,"Snecko Eye":[110,107,123,98],"obtain_stats":[{"Darkstone Periapt":10,"Ice Cream":45,"Lee\u0027s Waffle":31,"Regal Pillow":43,"NeowsBlessing":0,"Golden Idol":12,"Juzu Bracelet":9,"War Paint":29,"Du-Vu Doll":44,"Runic Dome":17,"Centennial Puzzle":26,"Lizard Tail":28,"Anchor":40,"Matryoshka":28,"Pantograph":6,"Bloody Idol":21,"Strawberry":23,"Snecko Eye":34,"PureWater":0,"Toy Ornithopter":8},{"Darkstone Periapt":6,"Ice Cream":23,"Lee\u0027s Waffle":17,"Regal Pillow":21,"NeowsBlessing":0,"Golden Idol":6,"Juzu Bracelet":5,"War Paint":16,"Du-Vu Doll":22,"Runic Dome":8,"Centennial Puzzle":12,"Lizard Tail":15,"Anchor":20,"Matryoshka":15,"Pantograph":3,"Bloody Idol":10,"Strawberry":11,"Snecko Eye":18,"PureWater":0,"Toy Ornithopter":5},{"Darkstone Periapt":16,"Ice Cream":95,"Lee\u0027s Waffle":60,"Regal Pillow":82,"NeowsBlessing":0,"Golden Idol":16,"Juzu Bracelet":9,"War Paint":57,"Du-Vu Doll":86,"Runic Dome":28,"Centennial Puzzle":42,"Lizard Tail":52,"Anchor":78,"Matryoshka":52,"Pantograph":4,"Bloody Idol":34,"Strawberry":37,"Snecko Eye":67,"PureWater":0,"Toy Ornithopter":9}],"Toy Ornithopter":20},"card_choices":[{"not_picked":["FollowUp","Evaluate"],"picked":"BowlingBash","floor":1},{"not_picked":["MentalFortress","SashWhip"],"picked":"SandsOfTime","floor":3},{"not_picked":["WindmillStrike","Evaluate"],"picked":"ThirdEye","floor":6},{"not_picked":["Consecrate","Wireheading"],"picked":"Meditate","floor":7},{"not_picked":["Meditate","FlurryOfBlows"],"picked":"Halt","floor":8},{"not_picked":["SashWhip","EmptyFist"],"picked":"Adaptation","floor":10},{"not_picked":["ClearTheMind","BowlingBash","Brilliance"],"picked":"SKIP","floor":14},{"not_picked":["Devotion","DeusExMachina"],"picked":"Scrawl","floor":16},{"not_picked":["CutThroughFate","ThirdEye"],"picked":"ClearTheMind+1","floor":18},{"not_picked":["EmptyFist","SashWhip","FollowUp"],"picked":"SKIP","floor":20},{"not_picked":["ThirdEye","Crescendo"],"picked":"WaveOfTheHand","floor":23},{"not_picked":["FlyingSleeves","SpiritShield"],"picked":"Indignation","floor":25},{"not_picked":["ForeignInfluence+1","SashWhip"],"picked":"TalkToTheHand","floor":27},{"not_picked":["Study","EmptyBody"],"picked":"Weave","floor":28},{"not_picked":["EmptyFist","Consecrate"],"picked":"DevaForm","floor":29},{"not_picked":["CutThroughFate","CrushJoints"],"picked":"Sanctity","floor":30},{"not_picked":["MasterReality","Devotion"],"picked":"DevaForm","floor":33},{"not_picked":["Evaluate","ClearTheMind","Consecrate"],"picked":"SKIP","floor":35},{"not_picked":["ThirdEye","Halt"],"picked":"EmptyFist+1","floor":40},{"not_picked":["DeceiveReality","BattleHymn"],"picked":"ConjureBlade","floor":42},{"not_picked":["Prostrate","ThirdEye","CrushJoints+1"],"picked":"SKIP","floor":45},{"not_picked":["ThirdEye","SashWhip"],"picked":"CutThroughFate+1","floor":47}],"player_experience":5987560,"relics_obtained":[{"floor":6,"key":"Pantograph"},{"floor":8,"key":"Toy Ornithopter"},{"floor":9,"key":"Juzu Bracelet"},{"floor":10,"key":"Darkstone Periapt"},{"floor":23,"key":"Strawberry"},{"floor":26,"key":"Centennial Puzzle"},{"floor":28,"key":"Lizard Tail"},{"floor":28,"key":"Matryoshka"},{"floor":29,"key":"War Paint"},{"floor":40,"key":"Anchor"},{"floor":43,"key":"Regal Pillow"},{"floor":44,"key":"Du-Vu Doll"},{"floor":45,"key":"Ice Cream"}],"event_choices":[{"cards_removed":["Defend_P"],"damage_healed":0,"gold_gain":0,"player_choice":"Card Removal","damage_taken":0,"max_hp_gain":0,"max_hp_loss":0,"event_name":"The Cleric","floor":2,"gold_loss":75},{"damage_healed":0,"gold_gain":0,"player_choice":"Grow","damage_taken":0,"max_hp_gain":0,"max_hp_loss":0,"event_name":"Living Wall","floor":4,"gold_loss":0,"cards_upgraded":["Eruption"]},{"damage_healed":0,"gold_gain":0,"player_choice":"Lose Max HP","damage_taken":0,"relics_obtained":["Golden Idol"],"max_hp_gain":0,"max_hp_loss":6,"event_name":"Golden Idol","floor":12,"gold_loss":0},{"damage_healed":0,"gold_gain":0,"player_choice":"Gave Idol","damage_taken":0,"relics_obtained":["Bloody Idol"],"max_hp_gain":0,"max_hp_loss":0,"event_name":"Forgotten Altar","floor":21,"relics_lost":["Golden Idol"],"gold_loss":0},{"damage_healed":0,"gold_gain":0,"player_choice":"Upgraded","damage_taken":0,"max_hp_gain":0,"max_hp_loss":0,"event_name":"Upgrade Shrine","floor":22,"gold_loss":0,"cards_upgraded":["Adaptation"]},{"damage_healed":0,"gold_gain":0,"player_choice":"Fight","damage_taken":0,"max_hp_gain":0,"max_hp_loss":0,"event_name":"Colosseum","floor":28,"gold_loss":0},{"damage_healed":0,"gold_gain":0,"player_choice":"Fought Nobs","damage_taken":0,"max_hp_gain":0,"max_hp_loss":0,"event_name":"Colosseum","floor":28,"gold_loss":0},{"cards_removed":["Defend_P"],"damage_healed":0,"gold_gain":0,"player_choice":"Purged","damage_taken":0,"max_hp_gain":0,"max_hp_loss":0,"event_name":"Purifier","floor":36,"gold_loss":0},{"damage_healed":0,"gold_gain":0,"player_choice":"Max HP","damage_taken":0,"max_hp_gain":0,"max_hp_loss":4,"event_name":"Winding Halls","floor":37,"gold_loss":0},{"cards_removed":["Meditate"],"damage_healed":0,"gold_gain":0,"player_choice":"Removed Skill","damage_taken":0,"max_hp_gain":0,"max_hp_loss":0,"event_name":"Falling","floor":38,"gold_loss":0},{"damage_healed":0,"gold_gain":0,"player_choice":"Ignored","damage_taken":0,"max_hp_gain":0,"max_hp_loss":0,"event_name":"Tomb of Lord Red Mask","floor":39,"gold_loss":0},{"damage_healed":0,"gold_gain":0,"player_choice":"Fight","damage_taken":0,"max_hp_gain":0,"max_hp_loss":0,"event_name":"Mysterious Sphere","floor":44,"gold_loss":0}],"is_beta":false,"boss_relics":[{"not_picked":["Ectoplasm","Runic Pyramid"],"picked":"Runic Dome"},{"not_picked":["SacredBark","Sozu"],"picked":"Snecko Eye"}],"items_purged_floors":[13,31],"is_endless":false,"potions_floor_spawned":[6,7,10,16,18,27,28,35,44,47],"killed_by":"Shield and Spear","ascension_level":20}}