{"host":"3498uni0c31c9bdm","time":1610085500,"event":{"mods":["BaseMod","Better Third Choice","Minty Spire (QoL Compilation)","Replay The Spire","StSLib"],"gold_per_floor":[114,114,125,0,0,31,47,64,64,64,64,77,106,125,125,228,228,239,239,239,251,263,275,287,287],"floor_reached":24,"playtime":974,"items_purged":[],"score":275,"play_id":"4448a34b-8624-4cad-a889-70b53e563553","local_time":"20210108165820","is_ascension_mode":true,"campfire_choices":[{"floor":10.0,"key":"REST"},{"floor":15.0,"key":"REST"},{"floor":23,"key":"REST"}],"circlet_count":0,"master_deck":["Strike_R","Strike_R","Strike_R","Strike_R","Strike_R","Defend_R","Defend_R","Defend_R","Defend_R","Bash","Entrench","Dropkick","Eclipse+1","Iron Wave","Enlightenment","Iron Wave","Clash","Thunderclap","Bludgeon","Clothesline","Flex","Demon Form","ReplayTheSpireMod:Muscle Training+1","Shame"],"relics":["Burning Blood","Magic Flower","Toy Ornithopter","Replay:Kaleidoscope","Blue Candle","Bottled Lightning","Honey Jar","Nilry\u0027s Codex","MawBank"],"acts_visited":["Exordium","TheCity"],"potions_floor_usage":[16,16,16],"damage_taken":[{"damage":4.0,"enemies":"Jaw Worm","floor":1.0,"turns":4.0},{"damage":7.0,"enemies":"Cultist","floor":3.0,"turns":4.0},{"damage":35.0,"enemies":"Gremlin Nob","floor":6.0,"turns":5.0},{"damage":0.0,"enemies":"2 Louse","floor":7.0,"turns":1.0},{"damage":14.0,"enemies":"Blue Slaver","floor":8.0,"turns":4.0},{"damage":30.0,"enemies":"Gremlin Gang","floor":12.0,"turns":5.0},{"damage":33.0,"enemies":"Replay:BlueRogue","floor":13.0,"turns":5.0},{"damage":7.0,"enemies":"Large Slime","floor":14.0,"turns":4.0},{"damage":56,"enemies":"The Guardian","floor":16,"turns":13},{"damage":26,"enemies":"3 Byrds","floor":18,"turns":4},{"damage":63,"enemies":"Slavers","floor":24,"turns":3}],"seed_played":"1290623498996779795","potions_obtained":[{"floor":1.0,"key":"Block Potion"},{"floor":3.0,"key":"SpeedPotion"},{"floor":8.0,"key":"Venom Potion"},{"floor":12.0,"key":"Fire Potion"}],"is_trial":false,"path_per_floor":["M","?","M","?","?","E","M","M","T","R","?","M","E","M","R","B",null,"M","?","?","$","$","R","E"],"character_chosen":"IRONCLAD","items_purchased":[],"campfire_rested":3,"item_purchase_floors":[],"current_hp_per_floor":[56,56,58,64,64,38,47,42,42,67,67,46,22,24,49,26,71,54,38,38,38,38,63,0,0],"gold":287,"neow_bonus":"ONE_RARE_RELIC","is_daily":false,"chose_seed":false,"campfire_upgraded":0,"win_rate":0.0,"timestamp":1610085500,"path_taken":["M","?","?","?","?","E","M","?","T","R","?","M","E","M","R","BOSS","M","?","?","?","$","R","E"],"items_purchased_type":[],"build_version":"2020-12-22","purchased_purges":0,"victory":false,"max_hp_per_floor":[80,80,80,86,86,86,86,86,86,86,86,86,86,86,86,86,86,86,86,86,86,86,86,86,86],"card_choices":[{"not_picked":["Replay:Undeath\u0027s Touch","Hemokinesis"],"picked":"Entrench","floor":1.0},{"not_picked":["ReplayTheSpireMod:Stacked","ReplayTheSpireMod:Strike From Hell"],"picked":"Iron Wave","floor":3.0},{"not_picked":["Reckless Charge","Whirlwind"],"picked":"Iron Wave","floor":6.0},{"not_picked":["Replay:Undeath\u0027s Touch","Combust"],"picked":"Clash","floor":7.0},{"not_picked":["Replay:Undeath\u0027s Touch","Warcry"],"picked":"Thunderclap","floor":8.0},{"not_picked":["Sever Soul","Sword Boomerang"],"picked":"Bludgeon","floor":12.0},{"not_picked":["Headbutt","Perfected Strike"],"picked":"Clothesline","floor":13.0},{"not_picked":["Warcry","Seeing Red"],"picked":"Flex","floor":14.0},{"not_picked":["Berserk","Exhume"],"picked":"Demon Form","floor":16},{"not_picked":["Perfected Strike+1","Rampage","Sword Boomerang"],"picked":"ReplayTheSpireMod:Muscle Training+1","floor":18}],"player_experience":665497,"relics_obtained":[{"floor":6.0,"key":"Replay:Kaleidoscope"},{"floor":9.0,"key":"Blue Candle"},{"floor":13.0,"key":"Bottled Lightning"},{"floor":19,"key":"Nilry\u0027s Codex"}],"event_choices":[{"damage_healed":0.0,"max_hp_gain":0.0,"max_hp_loss":0.0,"gold_gain":0.0,"event_name":"Match and Keep!","player_choice":"2 cards matched","floor":2.0,"gold_loss":0.0,"damage_taken":0.0,"cards_obtained":["Dropkick","Eclipse"]},{"damage_healed":0.0,"max_hp_gain":0.0,"max_hp_loss":0.0,"gold_gain":0.0,"event_name":"betterThird:BetterSerpent","player_choice":"RENOUNCE","floor":4.0,"gold_loss":125.0,"damage_taken":125.0,"cards_obtained":["Enlightenment"]},{"damage_healed":0.0,"max_hp_gain":0.0,"max_hp_loss":0.0,"gold_gain":0.0,"event_name":"WeMeetAgain","player_choice":"Gave Potion","floor":5.0,"gold_loss":0.0,"damage_taken":0.0,"relics_obtained":["Toy Ornithopter"]},{"damage_healed":0.0,"max_hp_gain":0.0,"max_hp_loss":0.0,"gold_gain":0.0,"event_name":"Living Wall","player_choice":"Grow","floor":11.0,"gold_loss":0.0,"damage_taken":0.0,"cards_upgraded":["Eclipse"]},{"damage_healed":0,"gold_gain":0,"player_choice":"Obtained Book","damage_taken":16,"max_hp_gain":0,"max_hp_loss":0,"event_name":"Cursed Tome","floor":19,"gold_loss":0},{"damage_healed":0,"gold_gain":0,"player_choice":"Stole Relic","damage_taken":0,"relics_obtained":["MawBank"],"max_hp_gain":0,"max_hp_loss":0,"event_name":"Addict","floor":20,"gold_loss":0,"cards_obtained":["Shame"]}],"is_beta":false,"boss_relics":[{"not_picked":["Empty Cage","Fusion Hammer"],"picked":"Honey Jar"}],"items_purged_floors":[],"is_endless":false,"potions_floor_spawned":[1,3,8,12,14],"killed_by":"Slavers","ascension_level":7}}