{"host":"ig7tc0uedzltt2sr","time":1610065833,"event":{"mods":["BaseMod","Better Twitch Integration","Block Reminder","Colored Map","Colored Powertips","Communication Mod","Current Relic Mod","GifTheSpireLib","HexUI Lib","Minty Spire (QoL Compilation)","Quick Restart","Random Character Button","Rare Cards Sparkle","Relic Sorter","Relic Stats","Slay the Relics Exporter","StSLib","SuperFastMode","Synergy Search","Twitch Decklist","Twitch Utils","everything is the same but u backflip on backflip","slay the spire mod where everything is the same but ironclad has a cowboy hat"],"gold_per_floor":[115,135,135,152,24,58,58,69,146,163,163,128,203,216,216,216,216],"floor_reached":16,"playtime":130,"items_purged":[],"score":102,"play_id":"76982634-2bc7-4770-9672-90a172bd6e31","local_time":"20210107163033","is_ascension_mode":false,"campfire_choices":[{"floor":7,"key":"REST"},{"floor":11,"key":"REST"},{"floor":15,"key":"REST"}],"circlet_count":0,"master_deck":["Strike_R","Strike_R","Strike_R","Strike_R","Defend_R","Defend_R","Defend_R","Defend_R","Bash","Metallicize","Dropkick","Clothesline","Iron Wave","Bloodletting","Offering","Inflame","Pummel","Evolve"],"relics":["Burning Blood","NeowsBlessing","Lizard Tail"],"acts_visited":["Exordium"],"potions_floor_usage":[],"damage_taken":[{"damage":0,"enemies":"Jaw Worm","floor":1,"turns":1},{"damage":0,"enemies":"2 Louse","floor":2,"turns":2},{"damage":0,"enemies":"Small Slimes","floor":4,"turns":1},{"damage":32,"enemies":"Lagavulin","floor":6,"turns":7},{"damage":9,"enemies":"2 Fungi Beasts","floor":8,"turns":3},{"damage":25,"enemies":"Red Slaver","floor":10,"turns":6},{"damage":44,"enemies":"Lots of Slimes","floor":14,"turns":10},{"damage":102,"enemies":"Slime Boss","floor":16,"turns":15}],"seed_played":"-828139681399591208","potions_obtained":[{"floor":1,"key":"BlessingOfTheForge"},{"floor":4,"key":"EntropicBrew"},{"floor":6,"key":"PowerPotion"}],"is_trial":false,"path_per_floor":["M","M","?","M","$","E","R","M","T","M","R","?","?","M","R","B"],"character_chosen":"IRONCLAD","items_purchased":["Iron Wave","Bloodletting"],"campfire_rested":3,"item_purchase_floors":[5,5],"current_hp_per_floor":[80,80,80,80,80,54,78,75,75,56,80,80,69,31,55,0,0],"gold":216,"neow_bonus":"THREE_ENEMY_KILL","is_daily":false,"chose_seed":false,"campfire_upgraded":0,"win_rate":0.0,"timestamp":1610065833,"path_taken":["M","M","?","M","$","E","R","M","T","M","R","?","?","M","R","BOSS"],"items_purchased_type":["Card","Card"],"build_version":"2020-12-22","purchased_purges":0,"victory":false,"max_hp_per_floor":[80,80,80,80,80,80,80,80,80,80,80,80,80,80,80,80,80],"relic_stats":{"Lizard Tail":40,"counters":[8,45],"obtain_stats":[{"Lizard Tail":6,"NeowsBlessing":0,"Burning Blood":0},{"Lizard Tail":4,"NeowsBlessing":0,"Burning Blood":0},{"Lizard Tail":11,"NeowsBlessing":0,"Burning Blood":0}],"Burning Blood":24},"card_choices":[{"not_picked":["Sword Boomerang","Evolve"],"picked":"Metallicize","floor":1},{"not_picked":["Thunderclap","Iron Wave"],"picked":"Dropkick","floor":2},{"not_picked":["Wild Strike","True Grit"],"picked":"Clothesline","floor":4},{"not_picked":["Clash","True Grit"],"picked":"Offering","floor":6},{"not_picked":["Body Slam","Bloodletting"],"picked":"Inflame","floor":8},{"not_picked":["Power Through","Havoc"],"picked":"Pummel","floor":10},{"not_picked":["Flex","Perfected Strike"],"picked":"Evolve","floor":14}],"player_experience":1463928,"relics_obtained":[{"floor":6,"key":"Lizard Tail"}],"event_choices":[{"cards_removed":["Strike_R"],"damage_healed":0,"gold_gain":0,"player_choice":"Forget","damage_taken":0,"max_hp_gain":0,"max_hp_loss":0,"event_name":"Living Wall","floor":3,"gold_loss":0},{"damage_healed":20,"gold_gain":0,"player_choice":"Healed","damage_taken":0,"max_hp_gain":0,"max_hp_loss":0,"event_name":"The Cleric","floor":12,"gold_loss":35},{"damage_healed":0,"gold_gain":75,"player_choice":"Gather Gold","damage_taken":11,"max_hp_gain":0,"max_hp_loss":0,"event_name":"World of Goop","floor":13,"gold_loss":0}],"is_beta":false,"boss_relics":[],"items_purged_floors":[],"is_endless":false,"potions_floor_spawned":[1,4,6],"killed_by":"Slime Boss","ascension_level":0}}