{"host":"sabve5zmqufxyc5o","time":1610086541,"event":{"mods":["2.2 Compatiblity","AchievementEnabler","Act Like it!","BaseMod","Block Reminder","Colored Map","Colored Powertips","DeckTracker","KOR Keyword Fix","Keyboard Shortcuts","Minty Spire (QoL Compilation)","Quick Restart","Rare Cards Sparkle","Relic Stats","StSLib","SuperFastMode"],"gold_per_floor":[109,109,123,134,55,55,87,87,87,112,126,139,195,210,210,285,285,303,303,322,322,322,322],"floor_reached":22,"playtime":487,"items_purged":[],"score":492,"play_id":"8961d0d1-52a1-4e08-bd9d-c99b75004a23","local_time":"20210108151541","is_ascension_mode":true,"campfire_choices":[{"data":"Loop","floor":6.0,"key":"SMITH"},{"data":"Dualcast","floor":8.0,"key":"SMITH"},{"floor":15.0,"key":"REST"}],"circlet_count":0,"master_deck":["AscendersBane","Zap+1","Dualcast+1","BootSequence","Gash","Sweeping Beam","Cold Snap","Loop+1","Ball Lightning","Ball Lightning","Compile Driver","Undo","Barrage","Self Repair","Reboot","Auto Shields","Blizzard","Buffer+1","Seek","Electrodynamics","Hello World","Barrage","Glacier","Stack","Defragment"],"relics":["Cracked Core","Matryoshka","War Paint","Potion Belt","The Courier","Pantograph","Pandora\u0027s Box","Nilry\u0027s Codex"],"acts_visited":["Exordium","TheCity"],"potions_floor_usage":[],"damage_taken":[{"damage":0.0,"enemies":"Jaw Worm","floor":1.0,"turns":3.0},{"damage":1.0,"enemies":"Cultist","floor":3.0,"turns":3.0},{"damage":0.0,"enemies":"Small Slimes","floor":4.0,"turns":3.0},{"damage":13.0,"enemies":"3 Sentries","floor":7.0,"turns":6.0},{"damage":18.0,"enemies":"Lagavulin","floor":10.0,"turns":7.0},{"damage":14.0,"enemies":"Exordium Wildlife","floor":11.0,"turns":3.0},{"damage":7.0,"enemies":"Lots of Slimes","floor":12.0,"turns":3.0},{"damage":10.0,"enemies":"3 Sentries","floor":13.0,"turns":4.0},{"damage":0.0,"enemies":"Looter","floor":14.0,"turns":3.0},{"damage":0.0,"enemies":"The Guardian","floor":16.0,"turns":8.0},{"damage":0,"enemies":"Chosen","floor":18,"turns":6},{"damage":11,"enemies":"Shell Parasite","floor":20,"turns":5},{"damage":0,"enemies":"Snecko","floor":22,"turns":2}],"seed_played":"2897115197342552140","potions_obtained":[{"floor":3.0,"key":"BlessingOfTheForge"},{"floor":4.0,"key":"Dexterity Potion"},{"floor":10.0,"key":"Swift Potion"},{"floor":12.0,"key":"Block Potion"},{"floor":13.0,"key":"FocusPotion"},{"floor":20,"key":"BlessingOfTheForge"}],"is_trial":false,"path_per_floor":["M","?","M","M","$","R","E","R","T","E","M","M","?","M","R","B",null,"M","?","M","?","M"],"character_chosen":"DEFECT","items_purchased":["Loop"],"campfire_rested":1,"item_purchase_floors":[5],"current_hp_per_floor":[64,64,63,63,63,63,50,50,50,32,18,11,1,1,22,54,67,71,50,39,39,39,39],"gold":322,"neow_bonus":"THREE_CARDS","is_daily":false,"chose_seed":false,"campfire_upgraded":2,"win_rate":0.0,"timestamp":1610086541,"path_taken":["M","?","M","M","$","R","E","R","T","E","?","M","?","M","R","BOSS","M","?","M","?","?"],"items_purchased_type":["Card"],"build_version":"2020-12-22","purchased_purges":0,"victory":false,"max_hp_per_floor":[71,71,71,71,71,71,71,71,71,71,71,71,71,71,71,71,71,71,71,71,71,71,71],"relic_stats":{"counters":[13,56],"Pantograph":25,"Pandora\u0027s Box":["Auto Shields","Blizzard","Buffer","Seek","Electrodynamics","Hello World","Barrage","Glacier"],"War Paint":["Defend_B","Defend_B"],"obtain_stats":[{"Potion Belt":9,"Matryoshka":7,"Nilry\u0027s Codex":19,"Pantograph":13,"Pandora\u0027s Box":17,"The Courier":10,"War Paint":9,"Cracked Core":0},{"Potion Belt":4,"Matryoshka":4,"Nilry\u0027s Codex":11,"Pantograph":8,"Pandora\u0027s Box":10,"The Courier":5,"War Paint":4,"Cracked Core":0},{"Potion Belt":15,"Matryoshka":15,"Nilry\u0027s Codex":49,"Pantograph":32,"Pandora\u0027s Box":43,"The Courier":22,"War Paint":15,"Cracked Core":0}]},"card_choices":[{"not_picked":["Loop","Conserve Battery"],"picked":"BootSequence","floor":0.0},{"not_picked":["Blizzard","Reprogram"],"picked":"Gash","floor":1.0},{"not_picked":["Leap","Stack"],"picked":"Sweeping Beam","floor":3.0},{"not_picked":["Double Energy","Go for the Eyes"],"picked":"Cold Snap","floor":4.0},{"not_picked":["Hyperbeam","Heatsinks"],"picked":"Ball Lightning","floor":7.0},{"not_picked":["Storm","Fission"],"picked":"Ball Lightning","floor":10.0},{"not_picked":["Double Energy","Undo"],"picked":"Compile Driver","floor":11.0},{"not_picked":["Sweeping Beam","Coolheaded"],"picked":"Undo","floor":12.0},{"not_picked":["Ball Lightning","Sweeping Beam"],"picked":"Barrage","floor":13.0},{"not_picked":["Gash","Auto Shields"],"picked":"Self Repair","floor":14.0},{"not_picked":["Multi-Cast","Hyperbeam"],"picked":"Reboot","floor":16.0},{"not_picked":["Streamline","Beam Cell"],"picked":"Stack","floor":18},{"not_picked":["Ball Lightning","Scrape"],"picked":"Defragment","floor":20}],"player_experience":820812,"relics_obtained":[{"floor":7.0,"key":"Matryoshka"},{"floor":9.0,"key":"War Paint"},{"floor":9.0,"key":"Potion Belt"},{"floor":10.0,"key":"The Courier"},{"floor":13.0,"key":"Pantograph"},{"floor":19,"key":"Nilry\u0027s Codex"}],"event_choices":[{"damage_healed":0.0,"max_hp_gain":0.0,"max_hp_loss":0.0,"gold_gain":0.0,"event_name":"Upgrade Shrine","player_choice":"Upgraded","floor":2.0,"gold_loss":0.0,"damage_taken":0.0,"cards_upgraded":["Zap"]},{"damage_healed":0.0,"max_hp_gain":0.0,"max_hp_loss":0.0,"gold_gain":0.0,"event_name":"Dead Adventurer","player_choice":"Searched \u00272\u0027 times","floor":13.0,"gold_loss":0.0,"damage_taken":0.0},{"damage_healed":0,"gold_gain":0,"player_choice":"Obtained Book","damage_taken":21,"max_hp_gain":0,"max_hp_loss":0,"event_name":"Cursed Tome","floor":19,"gold_loss":0},{"damage_healed":0,"gold_gain":0,"player_choice":"Upgraded","damage_taken":0,"max_hp_gain":0,"max_hp_loss":0,"event_name":"Upgrade Shrine","floor":21,"gold_loss":0,"cards_upgraded":["Buffer"]}],"is_beta":false,"boss_relics":[{"not_picked":["Astrolabe","Runic Dome"],"picked":"Pandora\u0027s Box"}],"items_purged_floors":[],"is_endless":false,"potions_floor_spawned":[3,4,10,12,13,20],"killed_by":"Snecko","ascension_level":20}}