{"host":"ig7tc0uedzltt2sr","time":1610070676,"event":{"mods":["BaseMod","Better Twitch Integration","Block Reminder","Colored Map","Colored Powertips","Communication Mod","Current Relic Mod","GifTheSpireLib","HexUI Lib","Minty Spire (QoL Compilation)","Quick Restart","Random Character Button","Rare Cards Sparkle","Relic Sorter","Relic Stats","Slay the Relics Exporter","StSLib","SuperFastMode","Synergy Search","Twitch Decklist","Twitch Utils","everything is the same but u backflip on backflip","slay the spire mod where everything is the same but ironclad has a cowboy hat"],"gold_per_floor":[117,117,141,156,156,156,156],"floor_reached":6,"playtime":58,"items_purged":[],"score":36,"play_id":"211df2d3-ba44-46cc-978e-59923f17e1d9","local_time":"20210107175116","is_ascension_mode":false,"campfire_choices":[],"circlet_count":0,"master_deck":["Strike_R","Strike_R","Strike_R","Strike_R","Strike_R","Defend_R","Defend_R","Defend_R","Defend_R","Bash","Havoc","Injury","Sentinel"],"relics":["SlaversCollar","Golden Idol","StrikeDummy"],"acts_visited":["Exordium"],"potions_floor_usage":[],"damage_taken":[{"damage":6,"enemies":"2 Louse","floor":1,"turns":6},{"damage":55,"enemies":"Cultist","floor":3,"turns":8},{"damage":18,"enemies":"Jaw Worm","floor":4,"turns":10},{"damage":23,"enemies":"Gremlin Nob","floor":6,"turns":3}],"seed_played":"3231753386904538159","potions_obtained":[{"floor":3,"key":"DuplicationPotion"}],"is_trial":false,"path_per_floor":["M","?","M","M","?","E"],"character_chosen":"IRONCLAD","items_purchased":[],"campfire_rested":0,"item_purchase_floors":[],"current_hp_per_floor":[74,74,19,1,1,0,0],"gold":156,"neow_bonus":"BOSS_RELIC","is_daily":false,"chose_seed":false,"campfire_upgraded":0,"win_rate":0.0,"timestamp":1610070676,"path_taken":["M","?","M","M","?","E"],"items_purchased_type":[],"build_version":"2020-12-22","purchased_purges":0,"victory":false,"max_hp_per_floor":[80,80,80,80,80,80,80],"relic_stats":{"counters":[4,27],"Golden Idol":8,"obtain_stats":[{"SlaversCollar":0,"Golden Idol":2,"StrikeDummy":5,"Burning Blood":0},{"SlaversCollar":0,"Golden Idol":1,"StrikeDummy":3,"Burning Blood":0},{"SlaversCollar":0,"Golden Idol":6,"StrikeDummy":24,"Burning Blood":0}]},"card_choices":[{"not_picked":["Warcry","Clash"],"picked":"Havoc","floor":1},{"not_picked":["Flex","Bloodletting"],"picked":"Sentinel","floor":3},{"not_picked":["True Grit","Perfected Strike"],"picked":"Rupture","floor":4}],"player_experience":1467731,"relics_obtained":[],"event_choices":[{"damage_healed":0,"gold_gain":0,"player_choice":"Take Wound","damage_taken":0,"relics_obtained":["Golden Idol"],"max_hp_gain":0,"max_hp_loss":0,"event_name":"Golden Idol","floor":2,"gold_loss":0,"cards_obtained":["Injury"]},{"cards_removed":["Rupture"],"damage_healed":0,"gold_gain":0,"player_choice":"Gave Card","damage_taken":0,"relics_obtained":["StrikeDummy"],"max_hp_gain":0,"max_hp_loss":0,"event_name":"WeMeetAgain","floor":5,"gold_loss":0}],"is_beta":false,"boss_relics":[],"items_purged_floors":[],"is_endless":false,"potions_floor_spawned":[3],"killed_by":"Gremlin Nob","ascension_level":0}}