{"host":"s41rn2jhghpwfrvz","time":1610115973,"event":{"mods":["BaseMod","Minty Spire (QoL Compilation)","Quick Restart","Relic Stats","SuperFastMode"],"gold_per_floor":[112,28,28,178,191,234,234,269,319,350,373,373,373,373],"floor_reached":13,"playtime":343,"items_purged":[],"score":202,"play_id":"d930251f-196e-4b4b-b112-02e3ab93a3ad","local_time":"20210108162613","daily_mods":["SealedDeck","Diverse","DeadlyEvents"],"is_ascension_mode":true,"campfire_choices":[{"data":"Inflame","floor":7,"key":"SMITH"}],"circlet_count":0,"master_deck":["AscendersBane","Rebound","Flame Barrier","Twin Strike","Melter","Storm","Inflame+1","Warcry","White Noise","Gash","Calculated Gamble","Feel No Pain","Doubt"],"relics":["Burning Blood","Golden Idol","Smiling Mask","Toy Ornithopter","Potion Belt","White Beast Statue"],"acts_visited":["Exordium"],"potions_floor_usage":[10,10],"damage_taken":[{"damage":0,"enemies":"Cultist","floor":1,"turns":3},{"damage":10,"enemies":"Small Slimes","floor":5,"turns":3},{"damage":22,"enemies":"Lagavulin","floor":6,"turns":5},{"damage":27,"enemies":"Gremlin Nob","floor":8,"turns":4},{"damage":7,"enemies":"Lagavulin","floor":10,"turns":6},{"damage":4,"enemies":"2 Louse","floor":11,"turns":3},{"damage":27,"enemies":"Gremlin Nob","floor":13,"turns":3}],"seed_played":"-8212664769189660525","potions_obtained":[{"floor":5,"key":"SkillPotion"},{"floor":6,"key":"Strength Potion"}],"is_trial":true,"path_per_floor":["M","$","?","?","M","E","R","E","T","E","M","T","E"],"character_chosen":"IRONCLAD","items_purchased":["Feel No Pain"],"campfire_rested":0,"item_purchase_floors":[2],"current_hp_per_floor":[74,74,48,48,44,28,28,7,7,16,18,18,0,0],"gold":373,"neow_bonus":"","is_daily":false,"chose_seed":false,"campfire_upgraded":1,"win_rate":0.0,"timestamp":1610115973,"path_taken":["M","$","?","?","M","E","R","E","T","E","M","?","E"],"items_purchased_type":["Card"],"build_version":"2020-12-22","purchased_purges":0,"victory":false,"max_hp_per_floor":[75,75,75,75,75,75,75,75,75,75,75,75,75,75],"relic_stats":{"counters":[7,27],"Golden Idol":30,"Smiling Mask":0,"obtain_stats":[{"Potion Belt":10,"Golden Idol":3,"Smiling Mask":6,"Burning Blood":0,"Toy Ornithopter":8,"White Beast Statue":12},{"Potion Belt":5,"Golden Idol":1,"Smiling Mask":3,"Burning Blood":0,"Toy Ornithopter":4,"White Beast Statue":6},{"Potion Belt":21,"Golden Idol":3,"Smiling Mask":11,"Burning Blood":0,"Toy Ornithopter":15,"White Beast Statue":24}],"Burning Blood":36,"Toy Ornithopter":10},"card_choices":[{"not_picked":["Flying Knee","WreathOfFlame","Sweeping Beam"],"picked":"SKIP","floor":1},{"not_picked":["Flex","Bane","Gash"],"picked":"SKIP","floor":5},{"not_picked":["Creative AI","Infernal Blade","Perfected Strike"],"picked":"SKIP","floor":6},{"not_picked":["Clothesline","Burst","Clash"],"picked":"SKIP","floor":8},{"not_picked":["Cold Snap","Sweeping Beam","BootSequence"],"picked":"SKIP","floor":10},{"not_picked":["Rebound","Metallicize","Conserve Battery"],"picked":"SKIP","floor":11}],"player_experience":1675391,"relics_obtained":[{"floor":6,"key":"Smiling Mask"},{"floor":8,"key":"Toy Ornithopter"},{"floor":10,"key":"Potion Belt"},{"floor":12,"key":"White Beast Statue"}],"event_choices":[{"damage_healed":0,"gold_gain":0,"player_choice":"Take Damage","damage_taken":26,"relics_obtained":["Golden Idol"],"max_hp_gain":0,"max_hp_loss":0,"event_name":"Golden Idol","floor":3,"gold_loss":0},{"damage_healed":0,"gold_gain":150,"player_choice":"AGREE","damage_taken":0,"max_hp_gain":0,"max_hp_loss":0,"event_name":"Liars Game","floor":4,"gold_loss":0,"cards_obtained":["Doubt"]}],"is_beta":false,"boss_relics":[],"items_purged_floors":[],"is_endless":false,"potions_floor_spawned":[5,6],"killed_by":"Gremlin Nob","ascension_level":20}}