{"host":"7zdktqb5xjtif29d","time":1610064026,"event":{"mods":["AchievementEnabler","BaseMod","Colored Map","Colored Powertips","Highlight Path","Minty Spire (QoL Compilation)","Rare Cards Sparkle","SuperFastMode","Waifu the Spire","everything is the same but u backflip on backflip"],"gold_per_floor":[15,15,15,38,59,75,95,114,114,114,114],"floor_reached":10,"playtime":312,"items_purged":[],"score":62,"play_id":"a64bd73c-2a47-4571-8e73-ba4caa17e34c","local_time":"20210108000026","is_ascension_mode":false,"campfire_choices":[],"circlet_count":0,"master_deck":["Strike_B","Strike_B","Strike_B","Strike_B","Defend_B","Defend_B","Defend_B","Defend_B","Zap","Dualcast","Metamorphosis","Ball Lightning","Hello World","Conserve Battery","Sweeping Beam","Loop"],"relics":["Cracked Core","Golden Idol","Question Card"],"acts_visited":[],"potions_floor_usage":[10],"damage_taken":[{"damage":1,"enemies":"Cultist","floor":1,"turns":3},{"damage":0,"enemies":"Small Slimes","floor":4,"turns":3},{"damage":1,"enemies":"2 Louse","floor":5,"turns":2},{"damage":7,"enemies":"2 Fungi Beasts","floor":6,"turns":3},{"damage":10,"enemies":"3 Louse","floor":7,"turns":3},{"damage":10,"enemies":"Red Slaver","floor":8,"turns":4},{"damage":37,"enemies":"Lagavulin","floor":10,"turns":5}],"seed_played":"5341187435438957591","potions_obtained":[{"floor":6,"key":"SteroidPotion"}],"is_trial":false,"path_per_floor":["M","?","?","M","M","M","M","M","T","E"],"character_chosen":"DEFECT","items_purchased":[],"campfire_rested":0,"item_purchase_floors":[],"current_hp_per_floor":[74,56,61,61,60,53,43,33,33,0,0],"gold":114,"neow_bonus":"RANDOM_COLORLESS_2","is_daily":false,"chose_seed":false,"campfire_upgraded":0,"win_rate":0.0,"timestamp":1610064026,"path_taken":["M","?","?","M","M","M","M","M","T","E"],"items_purchased_type":[],"build_version":"2020-12-22","purchased_purges":0,"victory":false,"max_hp_per_floor":[75,75,80,80,80,80,80,80,80,80,80],"card_choices":[{"not_picked":["Magnetism","Mayhem"],"picked":"Metamorphosis","floor":0},{"not_picked":["Gash","Rebound"],"picked":"Ball Lightning","floor":1},{"not_picked":["Gash","Streamline","Ball Lightning"],"picked":"SKIP","floor":4},{"not_picked":["Cold Snap","Turbo"],"picked":"Hello World","floor":5},{"not_picked":["Sunder","Beam Cell"],"picked":"Conserve Battery","floor":6},{"not_picked":["Stack","Darkness"],"picked":"Sweeping Beam","floor":7},{"not_picked":["Consume","Leap"],"picked":"Loop","floor":8}],"player_experience":206635,"relics_obtained":[{"floor":9,"key":"Question Card"}],"event_choices":[{"damage_healed":0,"gold_gain":0,"player_choice":"Take Damage","damage_taken":18,"relics_obtained":["Golden Idol"],"max_hp_gain":0,"max_hp_loss":0,"event_name":"Golden Idol","floor":2,"gold_loss":0},{"damage_healed":0,"gold_gain":0,"player_choice":"Donut","damage_taken":0,"max_hp_gain":5,"max_hp_loss":0,"event_name":"Big Fish","floor":3,"gold_loss":0}],"is_beta":false,"boss_relics":[],"items_purged_floors":[],"is_endless":false,"potions_floor_spawned":[6],"killed_by":"Lagavulin","ascension_level":0}}