{"host":"51fyd6gkml7xavq8","time":1610135765,"event":{"mods":["BaseMod","BetterRewards","Colored Map","Energized Spire","Infinite Spire","Minty Spire (QoL Compilation)","Replay The Spire","Shop Mod","Spicy Shops","StSLib","The Blue Laboratory","[IsaacMod]????"],"gold_per_floor":[113,113,113,38,50,79,95,95,95,105,105,115,115,96,96,211,211,231,231,231,241,241,166,166,192,217,248,263,52,65,78,78,180,180,194,207,257,277,277,304,304,319,345,378,388,399,12,27,27,132,132,129,11,15,21,21,24,34,41,112,120,146,57,51,54,54,0,0],"floor_reached":67,"playtime":6509,"items_purged":["Defend_G","Defend_G","Strike_G","ReplayTheSpireMod:Necrosis+1","Pain","Pain","Defend_G","Decay"],"score":1684,"play_id":"7855908d-aa45-49cc-b930-919cd49fcdb0","local_time":"20210108165605","is_ascension_mode":true,"campfire_choices":[{"data":"Caltrops","floor":8.0,"key":"SMITH"},{"data":"Caltrops","floor":11.0,"key":"SMITH"},{"data":"infinitespire:UltimateForm","floor":15.0,"key":"SMITH"},{"data":"infinitespire:Starlight","floor":24.0,"key":"SMITH"},{"data":"infinitespire:Oblivion","floor":32.0,"key":"SMITH"},{"data":"infinitespire:UltimateForm","floor":41.0,"key":"SMITH"},{"data":"ReplayTheSpireMod:Chaos Vortex","floor":49.0,"key":"SMITH"},{"data":"Neutralize","floor":66,"key":"SMITH"}],"circlet_count":0,"master_deck":["Strike_G","Strike_G","Strike_G","Defend_G","Defend_G","Survivor","Neutralize+1","Footwork+1","Caltrops+1","Caltrops+1","infinitespire:UltimateForm+1","ReplayTheSpireMod:Chaos Vortex+1","infinitespire:Starlight+1","infinitespire:Oblivion+1","After Image+1","Mayhem+1","A Thousand Cuts+1","CurseOfTheBell","infinitespire:UltimateForm+1","Bullet Time+1","Mayhem+1"],"relics":["Ring of the Snake","HushsDoor","Golden Egg","MerchantsRug","StoneCalendar","Du-Vu Doll","Sundial","infinitespire:Golems Mask","Ancient Tea Set","Cursed Key","BookOfRevelations","WarpedTongs","Blue Doll","Gremlin Food","PokeGo","SteamSale","infinitespire:Lucky Rock","Kunai","GuppysHead","Replay:Kaleidoscope","Vajra","MealTicket","White Beast Statue","The Specimen","Strange Spoon","Toy Ornithopter","TheBean","Replay:Bandana","Replay:Accelerometer","infinitespire:Broken Mirror","SharpPlug","DollysMirror","Singing Bowl"],"acts_visited":["Exordium","TheCity","TheBeyond","Exordium"],"potions_floor_usage":[50,62,67,67,67],"damage_taken":[{"damage":0.0,"enemies":"Cultist","floor":1.0,"turns":4.0},{"damage":4.0,"enemies":"Jaw Worm","floor":5.0,"turns":6.0},{"damage":17.0,"enemies":"Lagavulin","floor":6.0,"turns":7.0},{"damage":0.0,"enemies":"Small Slimes","floor":7.0,"turns":5.0},{"damage":0.0,"enemies":"3 Louse","floor":10.0,"turns":3.0},{"damage":0.0,"enemies":"Looter","floor":12.0,"turns":4.0},{"damage":0.0,"enemies":"Exordium Thugs","floor":14.0,"turns":5.0},{"damage":10.0,"enemies":"Fading Forest","floor":16.0,"turns":11.0},{"damage":1.0,"enemies":"Chosen","floor":18.0,"turns":6.0},{"damage":3.0,"enemies":"Shell Parasite","floor":21.0,"turns":3.0},{"damage":18.0,"enemies":"Nightmare","floor":25.0,"turns":7.0},{"damage":20.0,"enemies":"Gremlin Leader","floor":27.0,"turns":5.0},{"damage":3.0,"enemies":"Snake Plant","floor":28.0,"turns":4.0},{"damage":1.0,"enemies":"Sentry and Sphere","floor":30.0,"turns":4.0},{"damage":0.0,"enemies":"Centurion and Healer","floor":31.0,"turns":6.0},{"damage":0.0,"enemies":"Automaton","floor":33.0,"turns":6.0},{"damage":9.0,"enemies":"3 Darklings","floor":35.0,"turns":5.0},{"damage":9.0,"enemies":"3 Shapes","floor":36.0,"turns":7.0},{"damage":1.0,"enemies":"Mind Bloom Boss Battle","floor":37.0,"turns":6.0},{"damage":6.0,"enemies":"Spire Growth","floor":38.0,"turns":6.0},{"damage":53.0,"enemies":"Nightmare","floor":40.0,"turns":7.0},{"damage":8.0,"enemies":"Maw","floor":42.0,"turns":6.0},{"damage":2.0,"enemies":"Giant Head","floor":44.0,"turns":7.0},{"damage":5.0,"enemies":"Transient","floor":45.0,"turns":5.0},{"damage":8.0,"enemies":"4 Shapes","floor":46.0,"turns":5.0},{"damage":20.0,"enemies":"Sphere and 2 Shapes","floor":48.0,"turns":4.0},{"damage":0,"enemies":"Donu and Deca","floor":50,"turns":9},{"damage":0,"enemies":"Cultist","floor":52,"turns":5},{"damage":0,"enemies":"Small Slimes","floor":54,"turns":4},{"damage":34,"enemies":"infinitespire:Voidling","floor":55,"turns":4},{"damage":2,"enemies":"Red Slaver","floor":57,"turns":5},{"damage":0,"enemies":"Lagavulin","floor":58,"turns":6},{"damage":26,"enemies":"Blue Slaver","floor":59,"turns":4},{"damage":21,"enemies":"2 Fungi Beasts","floor":61,"turns":3},{"damage":23,"enemies":"Replay:BlueRogue","floor":62,"turns":4},{"damage":0,"enemies":"Large Slime","floor":63,"turns":3},{"damage":27,"enemies":"Red Slaver","floor":65,"turns":3},{"damage":108,"enemies":"Delirium","floor":67,"turns":15}],"seed_played":"-1162950470733008678","potions_obtained":[{"floor":1.0,"key":"Block Potion"},{"floor":5.0,"key":"SpeedPotion"},{"floor":14.0,"key":"blueLaboratory:BubblePotion"},{"floor":18.0,"key":"blueLaboratory:LouseDecoction"},{"floor":25.0,"key":"infinitespire:BlackPotion"},{"floor":28.0,"key":"SmokeBomb"},{"floor":30.0,"key":"blueLaboratory:PolymorphPotion"},{"floor":35.0,"key":"AttackPotion"},{"floor":36.0,"key":"blueLaboratory:TrueEctoplasm"},{"floor":38.0,"key":"CultistPotion"},{"floor":45.0,"key":"Explosive Potion"},{"floor":46.0,"key":"AttackPotion"},{"floor":48.0,"key":"Weak Potion"},{"floor":50,"key":"blueLaboratory:BubblePotion"},{"floor":52,"key":"PowerPotion"},{"floor":54,"key":"blueLaboratory:LouseDecoction"},{"floor":55,"key":"EssenceOfSteel"},{"floor":57,"key":"blueLaboratory:BubblePotion"},{"floor":58,"key":"CunningPotion"},{"floor":61,"key":"blueLaboratory:EmptyBottle"},{"floor":62,"key":"blueLaboratory:LouseDecoction"},{"floor":63,"key":"Poison Potion"},{"floor":65,"key":"blueLaboratory:FruitPunch"}],"is_trial":false,"path_per_floor":["M","?","T","$","M","E","M","R","T","M","R","M","AVR","M","R","B",null,"M","?","AVR","M","?","$","R","NM","T","E","M","$","M","M","R","B",null,"M","M","?","M","AVR","NM","R","M","T","E","M","M","$","M","R","B",null,"M","$","M","M","?","M","E","M","T","M","E","M","$","M","R","B"],"character_chosen":"THE_SILENT","items_purchased":["Golden Egg","Footwork","MerchantsRug","StoneCalendar","Lee\u0027s Waffle","blueLaboratory:FruitPunch","SteamSale","Mayhem+1","The Specimen","Strange Spoon","Toy Ornithopter","TheBean","Lee\u0027s Waffle","Replay:Bandana","DollysMirror","Singing Bowl"],"campfire_rested":0,"item_purchase_floors":[0,0,0,0,0,0,29,29,47,47,47,53,53,53,64,64],"current_hp_per_floor":[77,77,77,77,73,56,56,56,56,58,58,58,58,58,58,48,71,70,70,70,67,67,67,67,64,64,59,56,56,70,79,79,79,79,79,79,79,73,73,34,34,41,41,54,49,56,71,59,59,79,79,79,86,86,67,52,65,80,69,69,63,60,75,86,76,76,0,0],"gold":0,"neow_bonus":"","is_daily":false,"chose_seed":false,"campfire_upgraded":8,"win_rate":0.0,"timestamp":1610135765,"path_taken":["M","?","?","$","M","E","M","R","T","M","R","M","AVR","M","R","BOSS","M","?","AVR","M","?","?","R","NM","T","E","M","$","M","M","R","BOSS","M","M","?","M","AVR","NM","R","M","T","E","M","M","$","M","R","BOSS","M","$","M","M","?","M","E","M","T","M","E","M","$","M","R","BOSS"],"items_purchased_type":["Relic","Card","Relic","Relic","Relic","Potion","Relic","Card","Relic","Relic","Relic","Relic","Relic","Relic","Relic","Relic"],"build_version":"2020-12-22","purchased_purges":8,"victory":false,"max_hp_per_floor":[77,77,77,77,77,77,77,77,77,79,79,79,79,79,79,79,79,79,79,79,79,79,79,79,79,79,79,79,79,79,79,79,79,79,79,79,79,79,79,79,79,79,79,79,79,79,79,79,79,79,79,79,86,86,86,86,86,86,86,86,86,86,86,86,88,88,90,90],"card_choices":[{"not_picked":["Distraction","Accuracy"],"picked":"Caltrops","floor":1.0},{"not_picked":["Flying Knee","Escape Plan"],"picked":"Caltrops","floor":5.0},{"not_picked":["Unload","Dodge and Roll","Bane"],"picked":"SKIP","floor":6.0},{"not_picked":["Sucker Punch","Acrobatics","Dagger Spray"],"picked":"SKIP","floor":7.0},{"not_picked":["Bane","Outmaneuver","Deflect"],"picked":"SKIP","floor":10.0},{"not_picked":["Atom Bomb","Bane","Heel Hook"],"picked":"SKIP","floor":12.0},{"not_picked":["Outmaneuver","Terror","Deadly Poison"],"picked":"SKIP","floor":14.0},{"not_picked":["Venomology","Envenom"],"picked":"ReplayTheSpireMod:Necrosis","floor":16.0},{"not_picked":["Acrobatics","Outmaneuver","Crippling Poison"],"picked":"SKIP","floor":18.0},{"not_picked":["Crippling Poison","Tactician","PiercingWail"],"picked":"SKIP","floor":21.0},{"not_picked":["ReplayTheSpireMod:Echoes of Time","infinitespire:Punishment"],"picked":"infinitespire:Oblivion","floor":25.0},{"not_picked":["Hidden Blade+1","Blade Dance"],"picked":"After Image","floor":25.0},{"not_picked":["Quick Slash","Underhanded Strike","PiercingWail"],"picked":"SKIP","floor":27.0},{"not_picked":["Prepared","Distraction","Sucker Punch+1"],"picked":"SKIP","floor":28.0},{"not_picked":["Quick Slash","Slice","Outmaneuver"],"picked":"SKIP","floor":30.0},{"not_picked":["Acrobatics","Expertise","Underhanded Strike+1"],"picked":"SKIP","floor":31.0},{"not_picked":["Atom Bomb","Burst"],"picked":"A Thousand Cuts","floor":33.0},{"not_picked":["Backflip","Dagger Throw","Distraction"],"picked":"SKIP","floor":35.0},{"not_picked":["Dash","Flying Knee+1","Hidden Blade"],"picked":"SKIP","floor":36.0},{"not_picked":["ReplayTheSpireMod:Tripwire","Cloak And Dagger","Deflect"],"picked":"SKIP","floor":38.0},{"not_picked":["Dodge and Roll+1","Dagger Spray+1","Bane+1"],"picked":"SKIP","floor":40.0},{"not_picked":["Slice","Deadly Poison","Bane+1"],"picked":"SKIP","floor":42.0},{"not_picked":["Finisher+1","Envenom","ReplayTheSpireMod:Tripwire"],"picked":"SKIP","floor":44.0},{"not_picked":["Dagger Throw","Predator","Deflect"],"picked":"SKIP","floor":45.0},{"not_picked":["Flying Knee","Dagger Spray","Dagger Throw+1"],"picked":"SKIP","floor":46.0},{"not_picked":["Backflip","Underhanded Strike","Quick Slash+1"],"picked":"SKIP","floor":48.0},{"not_picked":["Adrenaline","Grand Finale"],"picked":"Bullet Time","floor":50},{"not_picked":["Masterful Stab","Dagger Throw","PiercingWail"],"picked":"SKIP","floor":52},{"not_picked":["Distraction","Flying Knee","Dagger Throw"],"picked":"SKIP","floor":54},{"not_picked":["Dash","All Out Attack","Acrobatics"],"picked":"SKIP","floor":55},{"not_picked":["Slice","Blade Dance","Infinite Blades"],"picked":"SKIP","floor":57},{"not_picked":["Finisher","Well Laid Plans","Blade Dance"],"picked":"SKIP","floor":58},{"not_picked":["Heel Hook","Underhanded Strike","Hidden Blade"],"picked":"SKIP","floor":59},{"not_picked":["Bane","Quick Slash","Dagger Spray"],"picked":"SKIP","floor":61},{"not_picked":["Finisher","Acrobatics","Calculated Gamble"],"picked":"SKIP","floor":62},{"not_picked":["Backflip","Slice","Prepared"],"picked":"SKIP","floor":63},{"not_picked":["ReplayTheSpireMod:Scrap Shanks","Dagger Throw","Outmaneuver"],"picked":"Singing Bowl","floor":65}],"player_experience":477211,"relics_obtained":[{"floor":3.0,"key":"Du-Vu Doll"},{"floor":6.0,"key":"Sundial"},{"floor":9.0,"key":"infinitespire:Golems Mask"},{"floor":25.0,"key":"Blue Doll"},{"floor":26.0,"key":"Gremlin Food"},{"floor":27.0,"key":"PokeGo"},{"floor":34.0,"key":"infinitespire:Lucky Rock"},{"floor":34.0,"key":"Kunai"},{"floor":34.0,"key":"GuppysHead"},{"floor":37.0,"key":"Replay:Kaleidoscope"},{"floor":40.0,"key":"Vajra"},{"floor":43.0,"key":"MealTicket"},{"floor":44.0,"key":"White Beast Statue"},{"floor":58,"key":"Replay:Accelerometer"},{"floor":60,"key":"infinitespire:Broken Mirror"},{"floor":62,"key":"SharpPlug"}],"event_choices":[{"damage_healed":0.0,"max_hp_gain":0.0,"max_hp_loss":0.0,"gold_gain":0.0,"event_name":"Accursed Blacksmith","player_choice":"Rummage","floor":22.0,"gold_loss":0.0,"damage_taken":0.0,"relics_obtained":["WarpedTongs"],"cards_obtained":["Pain"]},{"damage_healed":0.0,"max_hp_gain":0.0,"max_hp_loss":0.0,"gold_gain":0.0,"event_name":"MindBloom","player_choice":"Fight","floor":37.0,"gold_loss":0.0,"damage_taken":0.0}],"is_beta":false,"boss_relics":[{"not_picked":["energizedSpire:EnergizedDie","Kintsugi"],"picked":"Cursed Key"},{"not_picked":[]},{"not_picked":["Runic Dome","Replay:Grab Bag"],"picked":"Calling Bell"},{"not_picked":[]},{"not_picked":["Coffee Dripper","ChampionBelt","SlaversCollar"]}],"items_purged_floors":[0,4,13,20,23,29,39,47],"is_endless":true,"potions_floor_spawned":[1,5,14,18,25,28,30,35,36,38,45,46,48,50,52,54,55,57,58,59,61,62,63,65],"killed_by":"Delirium","ascension_level":5}}