{"host":"0yig8d1fjk7bod2i","time":1610091238,"event":{"mods":["ATMod(阿瑾Mod)","Act Like it!","BaseMod","CapriCore","Decade(王小明)","Gensokyo","GifTheSpireLib","Hallownest","Lobotomy","LobotomyExtend","Minty Spire (QoL Compilation)","MostiFishMod","Replay The Spire","RumiaBox-露米娅的神秘盒子","StSLib","The Administrix","The Alterego","The Immortal","UnlockEverythingMod","Yakumo Yukari mod","[IsaacMod]以撒尖塔","【功能Mod】混沌之环修复补丁","【功能Mod】聪明的最终Boss","【遗物卡牌】REMEMod","篝火指南"],"gold_per_floor":[413,488,588,602,614,614,614],"floor_reached":6,"playtime":431,"items_purged":[],"score":86,"play_id":"cdda2986-7732-4c0c-b12d-a97fab87cd50","local_time":"20210108153358","is_ascension_mode":false,"campfire_choices":[],"circlet_count":0,"master_deck":["AdministrixMod:Strike_Administrix","AdministrixMod:Strike_Administrix","AdministrixMod:Strike_Administrix","AdministrixMod:Strike_Administrix","AdministrixMod:RedCloak","AdministrixMod:Defend_Administrix","AdministrixMod:Defend_Administrix","AdministrixMod:Defend_Administrix","AdministrixMod:Defend_Administrix","AdministrixMod:BlueCloak","EpicFetus","AT_RobotInSpace","AdministrixMod:ImmortalPurity+1","AdministrixMod:PassageOfAges","PunishingBird","AdministrixMod:HiddenPower","AdministrixMod:NoblePath"],"relics":["AdministrixMod:ConductorRitualBaton","HushsDoor","AT_ATBox","REME_ComplimentaryCards","DaveBox","CogitoBucket","ArrowTower","Damocles","Replay:PocketPolymizer","SynthV:TestCard","Baka","LetterFromLob","Replay:Bottled Eggs","MagicDraw3"],"acts_visited":["Exordium"],"potions_floor_usage":[],"damage_taken":[{"damage":4,"enemies":"Jaw Worm","floor":1,"turns":3},{"damage":0,"enemies":"2 Louse","floor":4,"turns":3},{"damage":6,"enemies":"Cultist","floor":5,"turns":3},{"damage":2,"enemies":"Gremlin Nob","floor":6,"turns":1}],"seed_played":"1737137494911965073","potions_obtained":[],"is_trial":false,"path_per_floor":["M","?","?","M","M","E"],"character_chosen":"TheAdministrix","items_purchased":[],"campfire_rested":0,"item_purchase_floors":[],"current_hp_per_floor":[122,111,111,111,111,0,0],"gold":614,"neow_bonus":"","is_daily":false,"chose_seed":false,"campfire_upgraded":0,"win_rate":0.0,"timestamp":1610091238,"path_taken":["M","?","?","M","M","E"],"items_purchased_type":[],"build_version":"2020-12-22","purchased_purges":0,"victory":false,"max_hp_per_floor":[130,130,130,130,130,130,130],"card_choices":[{"not_picked":[],"picked":"EpicFetus","floor":0.0},{"not_picked":["MHz","Bloodbath","CrumblingArmor"],"picked":"Singing Bowl","floor":1},{"not_picked":["AdministrixMod:TouchOfCinnabar","AdministrixMod:DiversionaryTactic"],"picked":"AdministrixMod:ImmortalPurity","floor":1},{"not_picked":["AdministrixMod:Transition","AdministrixMod:SipOfSparks","AdministrixMod:Overdrive","AdministrixMod:NoblePath"],"picked":"AdministrixMod:PassageOfAges","floor":3},{"not_picked":["WhitesApple","OldLady"],"picked":"PunishingBird","floor":4},{"not_picked":["AdministrixMod:Katabasis","AdministrixMod:LightOfYourLife","AdministrixMod:Wuji","AdministrixMod:ImmortalPurity"],"picked":"AdministrixMod:HiddenPower","floor":4},{"not_picked":["RedShoes","MeatLantern","CrumblingArmor"],"picked":"Singing Bowl","floor":5},{"not_picked":["AdministrixMod:ExtolVirtue","AdministrixMod:PassageOfAges","AdministrixMod:ShadowPlay","AdministrixMod:SipOfSparks"],"picked":"AdministrixMod:NoblePath","floor":5}],"player_experience":148370,"relics_obtained":[{"floor":1,"key":"Replay:PocketPolymizer"},{"floor":1,"key":"SynthV:TestCard"},{"floor":1,"key":"Baka"},{"floor":1,"key":"LetterFromLob"},{"floor":4,"key":"Replay:Bottled Eggs"},{"floor":5,"key":"MagicDraw3"}],"event_choices":[{"damage_healed":0,"gold_gain":75,"player_choice":"Gather Gold","damage_taken":11,"max_hp_gain":0,"max_hp_loss":0,"event_name":"World of Goop","floor":2,"gold_loss":0}],"is_beta":false,"boss_relics":[],"items_purged_floors":[],"is_endless":false,"potions_floor_spawned":[],"killed_by":"Gremlin Nob","ascension_level":0}}