{"host":"j3h0p3l2xgzxhnx7","time":1610117350,"event":{"mods":["BaseMod","Luminous","Marisa????????","Minty Spire (QoL Compilation)","Remilia??????","StSLib","The Bug Knight","The Cursed","The Servant 0.9.4"],"gold_per_floor":[115,128,147,164,164,189,189,189,261,261,33,33,43,61,61,61,61],"floor_reached":16,"playtime":815,"items_purged":["Strike_P"],"score":102,"play_id":"f234e067-d9ae-4e1e-b9c4-93058e1867ed","local_time":"20210108224910","is_ascension_mode":false,"campfire_choices":[{"floor":7,"key":"REST"},{"floor":10,"key":"REST"},{"data":"Eruption","floor":12,"key":"SMITH"},{"data":"Study","floor":15,"key":"SMITH"}],"circlet_count":0,"master_deck":["Strike_P","Strike_P","Strike_P","Defend_P","Defend_P","Defend_P","Defend_P","Eruption+1","Vigilance","CrushJoints","ThirdEye","Swivel","Crescendo","Weave","Halt","Study+1"],"relics":["PureWater","Ice Cream","Mummified Hand","Strange Spoon"],"acts_visited":["Exordium"],"potions_floor_usage":[4,14,16],"damage_taken":[{"damage":6,"enemies":"Jaw Worm","floor":1,"turns":3},{"damage":2,"enemies":"2 Louse","floor":2,"turns":3},{"damage":0,"enemies":"Cultist","floor":3,"turns":2},{"damage":6,"enemies":"Lots of Slimes","floor":4,"turns":7},{"damage":62,"enemies":"3 Sentries","floor":6,"turns":12},{"damage":0,"enemies":"Looter","floor":13,"turns":3},{"damage":2,"enemies":"Large Slime","floor":14,"turns":5},{"damage":51,"enemies":"Hexaghost","floor":16,"turns":12}],"seed_played":"-8094871778972329660","potions_obtained":[{"floor":2,"key":"Fire Potion"},{"floor":6,"key":"Strength Potion"},{"floor":13,"key":"Fruit Juice"},{"floor":14,"key":"Energy Potion"}],"is_trial":false,"path_per_floor":["M","M","M","M","?","E","R","?","T","R","$","R","M","M","R","B"],"character_chosen":"WATCHER","items_purchased":["Strange Spoon"],"campfire_rested":2,"item_purchase_floors":[11],"current_hp_per_floor":[73,71,71,65,65,3,26,19,19,42,42,42,42,45,45,0,0],"gold":61,"neow_bonus":"TEN_PERCENT_HP_BONUS","is_daily":false,"chose_seed":false,"campfire_upgraded":2,"win_rate":0.0,"timestamp":1610117350,"path_taken":["M","M","M","M","?","E","R","?","T","R","$","R","M","M","R","BOSS"],"items_purchased_type":["Relic"],"build_version":"2020-12-22","purchased_purges":1,"victory":false,"max_hp_per_floor":[79,79,79,79,79,79,79,79,79,79,79,79,79,84,84,84,84],"card_choices":[{"not_picked":["Vengeance","EmptyBody"],"picked":"CrushJoints","floor":1},{"not_picked":["SashWhip","ClearTheMind"],"picked":"ThirdEye","floor":2},{"not_picked":["EmptyFist","SignatureMove"],"picked":"Swivel","floor":3},{"not_picked":["Swivel","Evaluate"],"picked":"Crescendo","floor":4},{"not_picked":["TalkToTheHand","Worship"],"picked":"Weave","floor":6},{"not_picked":["CarveReality","BowlingBash"],"picked":"Halt","floor":13},{"not_picked":["Crescendo","EmptyFist"],"picked":"Study","floor":14}],"player_experience":111120,"relics_obtained":[{"floor":6,"key":"Ice Cream"},{"floor":9,"key":"Mummified Hand"}],"event_choices":[{"damage_healed":0,"gold_gain":0,"player_choice":"Ignored","damage_taken":0,"max_hp_gain":0,"max_hp_loss":0,"event_name":"Golden Wing","floor":5,"gold_loss":0},{"damage_healed":0,"gold_gain":0,"player_choice":"Damaged","damage_taken":7,"max_hp_gain":0,"max_hp_loss":0,"event_name":"Wheel of Change","floor":8,"gold_loss":0}],"is_beta":false,"boss_relics":[],"items_purged_floors":[11],"is_endless":false,"potions_floor_spawned":[2,6,13,14],"killed_by":"Hexaghost","ascension_level":0}}