{"host":"fevvm7bbzuh4s1jc","time":1610134956,"event":{"mods":["BaseMod","Highlight Path","Minty Spire (QoL Compilation)","Relic Stats"],"gold_per_floor":[18,31,31,49,49,84,107,107,130,178,178,226,226,273,273,381,381,405,405,438,447,66,102,102,142,166,195,219,262,262,262,262,360,360,387,387,52,52,75,75,117,117,144,180,200,243,243,270,270,270,270,270,270,20,64,64],"floor_reached":57,"playtime":6756,"items_purged":["Strike_P","WindmillStrike+1"],"score":3144,"play_id":"4e114f12-5dc8-46d6-a395-bb43796685a9","local_time":"20210108144236","is_ascension_mode":true,"campfire_choices":[{"data":"WaveOfTheHand","floor":8.0,"key":"SMITH"},{"data":"CrushJoints","floor":11.0,"key":"SMITH"},{"data":"LessonLearned","floor":13.0,"key":"SMITH"},{"floor":15.0,"key":"REST"},{"data":"Fasting2","floor":24.0,"key":"SMITH"},{"floor":30.0,"key":"REST"},{"data":"TalkToTheHand","floor":32.0,"key":"SMITH"},{"data":"TalkToTheHand","floor":40.0,"key":"SMITH"},{"floor":49.0,"key":"RECALL"},{"data":"CutThroughFate","floor":53.0,"key":"SMITH"}],"circlet_count":0,"master_deck":["AscendersBane","Eruption+1","Vigilance","EmptyBody+1","Brilliance+1","WaveOfTheHand+1","FollowUp+1","LessonLearned+1","CrushJoints+1","Adaptation","InnerPeace+1","CutThroughFate+1","DevaForm+1","CutThroughFate+1","Weave+1","Fasting2+1","EmptyBody+1","TalkToTheHand+1","Halt+1","Prostrate+1","TalkToTheHand+1","CutThroughFate+1","ThirdEye","DeceiveReality","PanicButton","PanicButton","Flash of Steel","Flash of Steel","CutThroughFate"],"relics":["PureWater","Golden Idol","CeramicFish","Omamori","Bag of Marbles","Dead Branch","Ornamental Fan","VioletLotus","WarpedTongs","Mummified Hand","Eternal Feather","Blood Vial","Happy Flower","Ice Cream","Juzu Bracelet","Empty Cage","Strawberry","Regal Pillow","Nunchaku","Art of War","OrangePellets","Toy Ornithopter"],"acts_visited":["Exordium","TheCity","TheBeyond","TheEnding"],"potions_floor_usage":[55,56],"damage_taken":[{"damage":0.0,"enemies":"2 Louse","floor":1.0,"turns":2.0},{"damage":0.0,"enemies":"Jaw Worm","floor":2.0,"turns":3.0},{"damage":0.0,"enemies":"Cultist","floor":4.0,"turns":2.0},{"damage":4.0,"enemies":"Gremlin Nob","floor":6.0,"turns":3.0},{"damage":7.0,"enemies":"Exordium Wildlife","floor":7.0,"turns":3.0},{"damage":10.0,"enemies":"Lagavulin","floor":10.0,"turns":6.0},{"damage":0.0,"enemies":"Gremlin Nob","floor":12.0,"turns":2.0},{"damage":16.0,"enemies":"3 Sentries","floor":14.0,"turns":6.0},{"damage":32.0,"enemies":"The Guardian","floor":16.0,"turns":10.0},{"damage":12.0,"enemies":"3 Byrds","floor":18.0,"turns":7.0},{"damage":0.0,"enemies":"Spheric Guardian","floor":20.0,"turns":2.0},{"damage":0.0,"enemies":"Gremlin Leader","floor":23.0,"turns":5.0},{"damage":17.0,"enemies":"Slavers","floor":25.0,"turns":5.0},{"damage":2.0,"enemies":"Snecko","floor":27.0,"turns":5.0},{"damage":14.0,"enemies":"Snake Plant","floor":28.0,"turns":3.0},{"damage":16.0,"enemies":"Gremlin Leader","floor":29.0,"turns":5.0},{"damage":0.0,"enemies":"Champ","floor":33.0,"turns":7.0},{"damage":0.0,"enemies":"Orb Walker","floor":35.0,"turns":4.0},{"damage":0.0,"enemies":"3 Shapes","floor":39.0,"turns":5.0},{"damage":23.0,"enemies":"Reptomancer","floor":41.0,"turns":4.0},{"damage":0.0,"enemies":"Giant Head","floor":44.0,"turns":6.0},{"damage":0.0,"enemies":"Sphere and 2 Shapes","floor":45.0,"turns":4.0},{"damage":0.0,"enemies":"Nemesis","floor":46.0,"turns":3.0},{"damage":22.0,"enemies":"Time Eater","floor":50.0,"turns":11.0},{"damage":40.0,"enemies":"Awakened One","floor":51.0,"turns":9.0},{"damage":34,"enemies":"Shield and Spear","floor":55,"turns":7},{"damage":16,"enemies":"The Heart","floor":56,"turns":8}],"seed_played":"2141282991635522329","potions_obtained":[{"floor":1.0,"key":"Strength Potion"},{"floor":6.0,"key":"SkillPotion"},{"floor":12.0,"key":"SmokeBomb"},{"floor":14.0,"key":"Weak Potion"},{"floor":18.0,"key":"SkillPotion"},{"floor":20.0,"key":"StancePotion"},{"floor":33.0,"key":"Fire Potion"},{"floor":41.0,"key":"SpeedPotion"},{"floor":45.0,"key":"BottledMiracle"},{"floor":47.0,"key":"StancePotion"}],"is_trial":false,"path_per_floor":["M","M","?","M","?","E","M","R","T","E","R","E","R","E","R","B",null,"M","?","M","?","$","E","R","E","T","M","M","E","R","?","R","B",null,"M","?","$","?","M","R","E","?","T","E","M","E","?","?","R","B","B",null,"R","$","E","B",null],"character_chosen":"WATCHER","items_purchased":["Mummified Hand","Fasting2","TalkToTheHand","Strawberry","OrangePellets","Flash of Steel"],"campfire_rested":2,"item_purchase_floors":[22,22,37,37,54,54],"current_hp_per_floor":[61,61,61,61,61,57,50,50,50,40,40,40,40,24,42,10,49,37,37,37,37,37,37,49,32,32,32,20,6,36,36,48,50,59,61,61,68,68,69,69,46,60,60,62,64,66,66,56,69,47,9,54,69,69,35,26],"gold":64,"neow_bonus":"TRANSFORM_TWO_CARDS","is_daily":false,"chose_seed":false,"campfire_upgraded":7,"win_rate":0.0,"timestamp":1610134956,"path_taken":["M","M","?","M","?","E","M","R","T","E","R","E","R","E","R","BOSS","M","?","?","?","$","E","R","E","T","M","?","E","R","?","R","BOSS","M","?","$","?","M","R","E","?","T","E","M","E","?","?","R","BOSS","BOSS","R","$","E","BOSS"],"items_purchased_type":["Relic","Card","Card","Relic","Relic","Card"],"build_version":"2020-12-22","purchased_purges":2,"victory":true,"max_hp_per_floor":[68,68,68,68,62,62,62,62,62,62,62,62,62,62,62,62,62,62,62,62,62,62,62,62,62,62,62,62,62,62,62,62,62,62,62,62,69,69,69,69,69,69,69,69,69,69,69,69,69,69,69,69,69,69,69,69],"relic_stats":{"Regal Pillow":0,"Happy Flower":[27],"counters":[27,137],"Golden Idol":205,"CeramicFish":198,"Dead Branch":[91],"Eternal Feather":64,"Juzu Bracelet":2,"WarpedTongs":[90],"Blood Vial":21,"OrangePellets":[7],"Nunchaku":[17],"Ornamental Fan":[348],"Mummified Hand":[72],"VioletLotus":[37],"Art of War":[3],"obtain_stats":[{"Ice Cream":29,"Regal Pillow":41,"Happy Flower":26,"Golden Idol":5,"CeramicFish":6,"Dead Branch":12,"Eternal Feather":23,"Omamori":9,"Juzu Bracelet":31,"Empty Cage":34,"WarpedTongs":19,"Blood Vial":25,"OrangePellets":54,"Nunchaku":44,"Ornamental Fan":14,"Mummified Hand":22,"Strawberry":37,"VioletLotus":17,"Bag of Marbles":10,"Art of War":46,"PureWater":0,"Toy Ornithopter":55},{"Ice Cream":16,"Regal Pillow":20,"Happy Flower":13,"Golden Idol":3,"CeramicFish":4,"Dead Branch":7,"Eternal Feather":12,"Omamori":5,"Juzu Bracelet":16,"Empty Cage":17,"WarpedTongs":10,"Blood Vial":13,"OrangePellets":25,"Nunchaku":21,"Ornamental Fan":8,"Mummified Hand":11,"Strawberry":18,"VioletLotus":9,"Bag of Marbles":6,"Art of War":23,"PureWater":0,"Toy Ornithopter":26},{"Ice Cream":69,"Regal Pillow":89,"Happy Flower":56,"Golden Idol":7,"CeramicFish":10,"Dead Branch":21,"Eternal Feather":51,"Omamori":13,"Juzu Bracelet":69,"Empty Cage":76,"WarpedTongs":44,"Blood Vial":56,"OrangePellets":122,"Nunchaku":95,"Ornamental Fan":27,"Mummified Hand":46,"Strawberry":80,"VioletLotus":37,"Bag of Marbles":19,"Art of War":102,"PureWater":0,"Toy Ornithopter":129}],"Toy Ornithopter":5},"card_choices":[{"not_picked":["Pray","PathToVictory"],"picked":"WaveOfTheHand","floor":1.0},{"not_picked":["FlyingSleeves","Protect"],"picked":"FollowUp","floor":2.0},{"not_picked":["Conclude","WheelKick"],"picked":"LessonLearned","floor":4.0},{"not_picked":["Halt","ReachHeaven","ConjureBlade"],"picked":"SKIP","floor":6.0},{"not_picked":["ForeignInfluence","CarveReality"],"picked":"CrushJoints","floor":7.0},{"not_picked":["Fasting2","Weave"],"picked":"Adaptation","floor":10.0},{"not_picked":["Fasting2","PathToVictory"],"picked":"InnerPeace","floor":12.0},{"not_picked":["EmptyBody","InnerPeace"],"picked":"CutThroughFate","floor":14.0},{"not_picked":["Judgement","Alpha"],"picked":"DevaForm","floor":16.0},{"not_picked":["SashWhip","Crescendo"],"picked":"CutThroughFate","floor":18.0},{"not_picked":["BowlingBash","EmptyBody"],"picked":"Weave","floor":20.0},{"not_picked":["Collect","Swivel","BowlingBash"],"picked":"SKIP","floor":23.0},{"not_picked":["Collect","Swivel","BowlingBash"],"picked":"SKIP","floor":23.0},{"not_picked":["BattleHymn","BowlingBash"],"picked":"EmptyBody+1","floor":25.0},{"not_picked":["LikeWater","ForeignInfluence"],"picked":"TalkToTheHand","floor":27.0},{"not_picked":["FollowUp","Sanctity"],"picked":"Halt","floor":28.0},{"not_picked":["BowlingBash","BattleHymn","Crescendo"],"picked":"SKIP","floor":29.0},{"not_picked":["PathToVictory+1","Consecrate"],"picked":"Prostrate","floor":35.0},{"not_picked":["Study+1","WindmillStrike"],"picked":"CutThroughFate","floor":39.0},{"not_picked":["Adaptation","Consecrate"],"picked":"ThirdEye","floor":41.0},{"not_picked":["Evaluate","WreathOfFlame","EmptyFist"],"picked":"SKIP","floor":44.0},{"not_picked":["Prostrate","Pray","Worship"],"picked":"SKIP","floor":45.0},{"not_picked":["FollowUp","FlyingSleeves"],"picked":"DeceiveReality","floor":46.0},{"not_picked":["Dramatic Entrance","Good Instincts"],"picked":"PanicButton","floor":48.0},{"not_picked":["Trip","Magnetism"],"picked":"PanicButton","floor":48.0},{"not_picked":["Finesse","Deep Breath"],"picked":"Flash of Steel","floor":48.0},{"not_picked":["EmptyFist","SashWhip"],"picked":"CutThroughFate","floor":55}],"player_experience":2669142,"relics_obtained":[{"floor":6.0,"key":"CeramicFish"},{"floor":9.0,"key":"Omamori"},{"floor":10.0,"key":"Bag of Marbles"},{"floor":12.0,"key":"Dead Branch"},{"floor":14.0,"key":"Ornamental Fan"},{"floor":23.0,"key":"Eternal Feather"},{"floor":25.0,"key":"Blood Vial"},{"floor":26.0,"key":"Happy Flower"},{"floor":29.0,"key":"Ice Cream"},{"floor":41.0,"key":"Regal Pillow"},{"floor":44.0,"key":"Nunchaku"},{"floor":46.0,"key":"Art of War"},{"floor":55,"key":"Toy Ornithopter"}],"event_choices":[{"damage_healed":0.0,"max_hp_gain":0.0,"max_hp_loss":0.0,"gold_gain":0.0,"cards_transformed":["Defend_P"],"event_name":"Living Wall","player_choice":"Change","floor":3.0,"gold_loss":0.0,"damage_taken":0.0,"cards_obtained":["WindmillStrike"]},{"damage_healed":0.0,"max_hp_gain":0.0,"max_hp_loss":6.0,"gold_gain":0.0,"event_name":"Golden Idol","player_choice":"Lose Max HP","floor":5.0,"gold_loss":0.0,"damage_taken":0.0,"relics_obtained":["Golden Idol"]},{"damage_healed":0.0,"max_hp_gain":0.0,"max_hp_loss":0.0,"gold_gain":0.0,"event_name":"Accursed Blacksmith","player_choice":"Rummage","floor":19.0,"gold_loss":0.0,"damage_taken":0.0,"relics_obtained":["WarpedTongs"],"cards_obtained":["Pain"]},{"damage_healed":0.0,"max_hp_gain":0.0,"max_hp_loss":0.0,"gold_gain":0.0,"cards_transformed":["Strike_P"],"event_name":"Transmorgrifier","player_choice":"Transformed","floor":21.0,"gold_loss":0.0,"damage_taken":0.0,"cards_obtained":["Establishment"]},{"cards_removed":["Establishment"],"damage_healed":0.0,"max_hp_gain":0.0,"max_hp_loss":0.0,"gold_gain":0.0,"event_name":"WeMeetAgain","player_choice":"Gave Card","floor":31.0,"gold_loss":0.0,"damage_taken":0.0,"relics_obtained":["Juzu Bracelet"]},{"damage_healed":0.0,"max_hp_gain":0.0,"max_hp_loss":0.0,"gold_gain":0.0,"event_name":"SecretPortal","player_choice":"Ignored","floor":36.0,"gold_loss":0.0,"damage_taken":0.0},{"cards_removed":["Defend_P"],"damage_healed":0.0,"max_hp_gain":0.0,"max_hp_loss":0.0,"gold_gain":0.0,"event_name":"Falling","player_choice":"Removed Skill","floor":38.0,"gold_loss":0.0,"damage_taken":0.0},{"damage_healed":14.0,"max_hp_gain":0.0,"max_hp_loss":0.0,"gold_gain":0.0,"event_name":"Winding Halls","player_choice":"Writhe","floor":42.0,"gold_loss":0.0,"damage_taken":0.0,"cards_obtained":["Writhe"]},{"damage_healed":0.0,"max_hp_gain":0.0,"max_hp_loss":0.0,"gold_gain":0.0,"event_name":"Lab","player_choice":"Got Potions","floor":47.0,"gold_loss":0.0,"damage_taken":0.0},{"damage_healed":0.0,"max_hp_gain":0.0,"max_hp_loss":0.0,"gold_gain":0.0,"event_name":"SensoryStone","player_choice":"Memory 3","floor":48.0,"gold_loss":0.0,"damage_taken":10.0}],"is_beta":false,"boss_relics":[{"not_picked":["Coffee Dripper","Philosopher\u0027s Stone"],"picked":"VioletLotus"},{"not_picked":["Astrolabe","Busted Crown"],"picked":"Empty Cage"}],"items_purged_floors":[22,37],"is_endless":false,"potions_floor_spawned":[1,6,12,14,18,20,23,33,41,45],"ascension_level":20}}