{"host":"e2uqnaep9nhbuq3z","time":1610128530,"event":{"mods":["AchievementEnabler","Act Like it!","Aspiration","BaseMod","Better Altar","Better Note","Better Skull","Better Third Choice","ChefMod","Colored Map","Colored Powertips","Dark Map","Disable Question Mark Monsters","Energized Spire","Gensokyo","Hallownest","Hermit","Hubris","Infinite Spire","Minty Spire (QoL Compilation)","Pale of the Ancients","Rare Cards Sparkle","Replay The Spire","Retaliation","Shade Mod","Spikes Relics","StSLib","The Blue Laboratory","The Cursed","The Disciple","The Hierophant","The IronCluck","The Marked"],"gold_per_floor":[112,112,112,112,125,141,141,169,169,187,198,198,9,20,20,122,122,133,83,99,99,59,90,15,15,15,32,82,82,108,119,119,222,222,234,234,234,245,257,257,98,98,121,121,121,136,152,185,185,185],"floor_reached":51,"playtime":18061,"items_purged":["theMarked:Strike"],"score":690,"play_id":"9ce105d8-269f-4040-9b6e-fd1b99b3c4e8","local_time":"20210108185530","is_ascension_mode":false,"campfire_choices":[{"data":"theMarked:WardOff","floor":7.0,"key":"SMITH"},{"floor":12.0,"key":"REST"},{"floor":15.0,"key":"REST"},{"floor":25,"key":"REST"},{"data":"theMarked:WardOff","floor":29,"key":"SMITH"},{"floor":32,"key":"REST"},{"data":"theMarked:TakeOffHeels","floor":40,"key":"SMITH"},{"data":"theMarked:RepellingDischarge","floor":42,"key":"SMITH"},{"floor":45,"key":"REST"},{"data":"theMarked:BindingBlade","floor":49,"key":"SMITH"}],"circlet_count":0,"master_deck":["theMarked:Strike","theMarked:Strike","theMarked:Strike","theMarked:Strike","theMarked:Defend","theMarked:Defend","theMarked:Defend","theMarked:Defend","Dramatic Entrance+1","theMarked:WardOff+1","theMarked:SwordAndMagic","theMarked:RepellingDischarge+1","theMarked:TakeOffHeels+1","theMarked:EternalStudent","theMarked:WardOff+1","theMarked:CreepingChasm","theMarked:RogueSparks+1","BlessedFruit","BlessedFruit","theMarked:BindingBlade+1","theMarked:HeightenedSenses+1","theMarked:BanishingStrike+1","theMarked:Opportunist"],"relics":["theMarked:ArtifactOfAir","Gensokyo:Justice","Potion Belt","Gensokyo:CelestialsFlawlessClothing","theMarked:SecretDocuments","Shuriken","ReplayTheSpireMod:EnergyBall","Philosopher\u0027s Stone","infinitespire:Beetle Shell","hubris:Icosahedron","Omamori","hubris:TinFlute","aspiration:TomeofQuesting","HeavenlyBonsai","hubris:FunFungus","ReplayTheSpireMod:CursedCoin","aspiration:Nostalgia","Chronometer","Happy Flower","Simple Rune"],"acts_visited":["Gensokyo:Gensokyo","Gensokyo:Gensokyoer","Gensokyo:Gensokyoest"],"potions_floor_usage":[23,31,31,33,33,46,48,48],"damage_taken":[{"damage":0.0,"enemies":"Gensokyo:2_Kodama","floor":1.0,"turns":2.0},{"damage":0.0,"enemies":"Gensokyo:3_Fairies","floor":5.0,"turns":2.0},{"damage":2.0,"enemies":"Gensokyo:Gryphon","floor":6.0,"turns":2.0},{"damage":34.0,"enemies":"Gensokyo:Aya","floor":8.0,"turns":7.0},{"damage":4.0,"enemies":"Gensokyo:CorruptedTreant","floor":10.0,"turns":3.0},{"damage":0.0,"enemies":"Gensokyo:LivingMonolith","floor":11.0,"turns":2.0},{"damage":0.0,"enemies":"Gensokyo:Gryphon_and_Rabbit","floor":14.0,"turns":5.0},{"damage":16.0,"enemies":"Gensokyo:Kokoro","floor":16.0,"turns":10.0},{"damage":0,"enemies":"Gensokyo:Chomper","floor":18,"turns":3},{"damage":15,"enemies":"Gensokyo:AngelMirror","floor":20,"turns":5},{"damage":29,"enemies":"Gensokyo:Tenshi","floor":23,"turns":5},{"damage":4,"enemies":"Gensokyo:Wraith","floor":27,"turns":4},{"damage":18,"enemies":"Gensokyo:Koishi","floor":30,"turns":6},{"damage":4,"enemies":"Gensokyo:Swordslinger","floor":31,"turns":3},{"damage":5,"enemies":"Gensokyo:Eternal_Rivals","floor":33,"turns":6},{"damage":5,"enemies":"Gensokyo:AncientGuardian","floor":35,"turns":4},{"damage":5,"enemies":"Gensokyo:3_Bats","floor":38,"turns":6},{"damage":21,"enemies":"Gensokyo:SeedOfUnknown","floor":39,"turns":6},{"damage":18,"enemies":"Gensokyo:Rafflesia","floor":46,"turns":6},{"damage":0,"enemies":"Gensokyo:AtlasGolem","floor":47,"turns":5},{"damage":11,"enemies":"Gensokyo:Kasen","floor":48,"turns":9},{"damage":2,"enemies":"Gensokyo:Yuyuko","floor":50,"turns":6}],"seed_played":"2196111860749320200","potions_obtained":[{"floor":1.0,"key":"blueLaboratory:HorrorPotion"},{"floor":8.0,"key":"blueLaboratory:BottledHope"},{"floor":11.0,"key":"Toxic Potion"},{"floor":16.0,"key":"SteroidPotion"},{"floor":18,"key":"Weak Potion"},{"floor":27,"key":"ColorlessPotion"},{"floor":30,"key":"FearPotion"},{"floor":33,"key":"Weak Potion"},{"floor":35,"key":"Regen Potion"},{"floor":38,"key":"blueLaboratory:FrostheartPotion"},{"floor":47,"key":"LifebloodPotion"}],"is_trial":false,"path_per_floor":["M","?","?","?","M","M","R","E","T","M","M","R","COS","M","R","B",null,"M","?","M","?","?","E","$","R","T","M","T","R","E","M","R","B",null,"M","?","?","M","M","R","COS","R","T","?","R","M","M","E","R","B",null],"character_chosen":"THE_DEFAULT","items_purchased":[],"campfire_rested":5,"item_purchase_floors":[],"current_hp_per_floor":[70,70,70,53,53,51,51,17,17,13,13,34,34,34,55,39,70,70,77,62,62,62,33,33,56,56,52,52,52,34,32,55,52,81,77,82,50,61,49,49,49,49,49,49,74,61,66,67,67,67],"gold":185,"neow_bonus":"COLORLESS_CARD","is_daily":false,"chose_seed":false,"campfire_upgraded":5,"win_rate":0.0,"timestamp":1610128530,"path_taken":["M","?","?","?","M","M","R","E","T","M","M","R","COS","M","R","BOSS","M","?","M","?","?","E","?","R","T","M","?","R","E","?","R","BOSS","M","?","?","M","M","R","COS","R","T","?","R","M","M","E","R","BOSS"],"items_purchased_type":[],"build_version":"2020-12-22","purchased_purges":1,"victory":true,"max_hp_per_floor":[70,70,70,70,70,70,70,70,70,70,70,70,70,70,70,70,70,70,77,77,77,77,77,77,77,77,77,77,77,77,79,79,81,81,82,82,82,84,86,86,86,86,86,86,86,88,90,92,92,94],"card_choices":[{"not_picked":["theMarked:EmpowerWeapon","theMarked:WastefulAttack"],"picked":"theMarked:WardOff","floor":1.0},{"not_picked":["theMarked:Electrocute","theMarked:ChainLightning"],"picked":"theMarked:SwordAndMagic","floor":5.0},{"not_picked":["theMarked:BanishingStrike","theMarked:WastefulAttack"],"picked":"theMarked:RepellingDischarge","floor":6.0},{"not_picked":["theMarked:TwofoldDefense","theMarked:Parkour"],"picked":"theMarked:TakeOffHeels","floor":8.0},{"not_picked":["theMarked:ChainLightning","theMarked:Aftermath","theMarked:MaelstromOfLightning"],"picked":"SKIP","floor":10.0},{"not_picked":["theMarked:ParalyzingBlade","theMarked:TakeCover","theMarked:RogueSparks"],"picked":"SKIP","floor":11.0},{"not_picked":["theMarked:Frustration","theMarked:WardOff","theMarked:BanishingWave"],"picked":"SKIP","floor":14.0},{"not_picked":["theMarked:DispelDoubt","theMarked:SummonStrength"],"picked":"theMarked:EternalStudent","floor":16.0},{"not_picked":["theMarked:ElectricStrings","theMarked:Parkour","theMarked:Improvise"],"picked":"SKIP","floor":18},{"not_picked":["theMarked:WardOff","theMarked:RepellingDischarge","theMarked:Indomitable+1"],"picked":"SKIP","floor":20},{"not_picked":["theMarked:RepellingDischarge","theMarked:Indomitable+1"],"picked":"theMarked:WardOff","floor":20},{"not_picked":["theMarked:ResourceFulStrike","theMarked:ReduceFriction"],"picked":"theMarked:CreepingChasm","floor":23},{"not_picked":["theMarked:ContemptForTheProud","theMarked:Generate"],"picked":"theMarked:RogueSparks+1","floor":27},{"not_picked":["theMarked:Generate","theMarked:LightningStrikesTwice","theMarked:SoldierForm"],"picked":"SKIP","floor":30},{"not_picked":["theMarked:SwordAndMagic","theMarked:Static+1","theMarked:HeightenedSenses"],"picked":"SKIP","floor":31},{"not_picked":["theMarked:SummonStrength","theMarked:MuscleMemory"],"picked":"theMarked:BindingBlade","floor":33},{"not_picked":["theMarked:WastefulDefense","theMarked:Frustration+1","theMarked:ResourceFulStrike"],"picked":"SKIP","floor":35},{"not_picked":["theMarked:Aftermath","theMarked:Seal"],"picked":"theMarked:HeightenedSenses+1","floor":38},{"not_picked":["theMarked:HeightenedSenses","theMarked:Parkour+1"],"picked":"theMarked:BanishingStrike+1","floor":39},{"not_picked":["theMarked:ResourceFulStrike+1","theMarked:Electrify+1","theMarked:WastefulAttack"],"picked":"SKIP","floor":46},{"not_picked":["theMarked:BanishingStrike+1","theMarked:Defy","theMarked:Electrocute"],"picked":"SKIP","floor":47},{"not_picked":["theMarked:RepellingDischarge+1","theMarked:Panic+1"],"picked":"theMarked:Opportunist","floor":48}],"player_experience":494525,"relics_obtained":[{"floor":8.0,"key":"theMarked:SecretDocuments"},{"floor":9.0,"key":"Shuriken"},{"floor":23,"key":"Omamori"},{"floor":26,"key":"hubris:TinFlute"},{"floor":28,"key":"aspiration:TomeofQuesting"},{"floor":30,"key":"HeavenlyBonsai"},{"floor":43,"key":"Happy Flower"},{"floor":48,"key":"Simple Rune"}],"event_choices":[],"is_beta":false,"boss_relics":[{"not_picked":["Tiny House","aspiration:RitualDagger"],"picked":"Philosopher\u0027s Stone"},{"not_picked":["hubris:TerracottaHorce","Replay:Drink Me","hubris:BlackHole"]}],"items_purged_floors":[24],"is_endless":false,"potions_floor_spawned":[1,8,11,16,18,27,30,33,35,38,47],"ascension_level":0}}