{"host":"kw4o7b3ro2ktmmbe","time":1610075802,"event":{"mods":["BaseMod","Evolution","Hermit","Minty Spire (QoL Compilation)","StSLib"],"gold_per_floor":[112,112,35,91,91,91,110,110,110,110,110,110,131,145,145,234,234,252,252,12,372,392,392,392,392],"floor_reached":24,"playtime":2183,"items_purged":[],"score":300,"play_id":"c183c888-538c-43f6-8328-8bebcdb701d5","local_time":"20210108161642","is_ascension_mode":true,"campfire_choices":[{"data":"hermit:Maintenance","floor":6.0,"key":"SMITH"},{"data":"hermit:Adapt","floor":8.0,"key":"SMITH"},{"data":"hermit:Combo","floor":10.0,"key":"SMITH"},{"data":"hermit:Coalescence","floor":15.0,"key":"SMITH"},{"data":"hermit:FatalDesire","floor":23,"key":"SMITH"}],"circlet_count":0,"master_deck":["AscendersBane","hermit:Ricochet","hermit:Strike_Hermit","hermit:Strike_Hermit","hermit:Strike_Hermit","hermit:Defend_Hermit","hermit:Defend_Hermit","hermit:Defend_Hermit","hermit:Snapshot","hermit:Covet","hermit:Grudge","hermit:Adapt+1","hermit:Maintenance+1","Injury","hermit:Combo+1","Regret","hermit:Coalescence+1","hermit:FatalDesire+1"],"relics":["hermit:Momento","EVO:Axolotl","Golden Idol","hermit:Spyglass","Oddly Smooth Stone","Coffee Dripper","Molten Egg 2"],"acts_visited":["Exordium","TheCity"],"potions_floor_usage":[24],"damage_taken":[{"damage":2.0,"enemies":"Jaw Worm","floor":1.0,"turns":4.0},{"damage":0.0,"enemies":"Small Slimes","floor":7.0,"turns":2.0},{"damage":5.0,"enemies":"2 Louse","floor":13.0,"turns":2.0},{"damage":0.0,"enemies":"Large Slime","floor":14.0,"turns":6.0},{"damage":12.0,"enemies":"The Guardian","floor":16.0,"turns":13.0},{"damage":7,"enemies":"Shell Parasite","floor":18,"turns":4},{"damage":17,"enemies":"Chosen","floor":22,"turns":6},{"damage":18,"enemies":"Snake Plant","floor":24,"turns":1}],"seed_played":"-230072383792890641","potions_obtained":[{"floor":1.0,"key":"BlessingOfTheForge"},{"floor":7.0,"key":"PowerPotion"}],"is_trial":false,"path_per_floor":["M","?","$","?","?","R","M","R","T","R","?","$","M","M","R","B",null,"M","$","$","?","M","R","M"],"character_chosen":"HERMIT","items_purchased":["hermit:Maintenance","Molten Egg 2"],"campfire_rested":0,"item_purchase_floors":[3,20],"current_hp_per_floor":[73,73,73,73,73,73,73,73,73,73,73,73,68,68,68,56,76,69,69,69,33,16,16,0,0],"gold":392,"neow_bonus":"TEN_PERCENT_HP_BONUS","is_daily":false,"chose_seed":false,"campfire_upgraded":5,"win_rate":0.0,"timestamp":1610075802,"path_taken":["M","?","$","?","?","R","M","R","T","R","?","?","?","M","R","BOSS","M","?","$","?","?","R","M"],"items_purchased_type":["Card","Relic"],"build_version":"2020-12-22","purchased_purges":0,"victory":false,"max_hp_per_floor":[82,82,82,82,82,82,82,82,82,82,82,82,82,82,82,82,82,82,82,82,82,82,82,82,82],"card_choices":[{"not_picked":["hermit:TakeCover","hermit:Roulette"],"picked":"hermit:Grudge","floor":1.0},{"not_picked":["hermit:SprayPray","hermit:DeadMansHand"],"picked":"hermit:Combo","floor":7.0},{"not_picked":["hermit:Snipe","hermit:LuckOfTheDraw"],"picked":"hermit:Coalescence","floor":13.0},{"not_picked":["hermit:TrackingShot","hermit:Desperado","hermit:Snipe"],"picked":"SKIP","floor":14.0},{"not_picked":["hermit:EternalForm","hermit:HeroicBravado"],"picked":"hermit:FatalDesire","floor":16.0},{"not_picked":["hermit:Combo","hermit:Vantage","hermit:Gestalt"],"picked":"SKIP","floor":18},{"not_picked":["hermit:HoleUp+1","hermit:TrackingShot+1","hermit:Vantage"],"picked":"SKIP","floor":22}],"player_experience":2135349,"relics_obtained":[{"floor":9.0,"key":"hermit:Spyglass"}],"event_choices":[{"damage_healed":0.0,"max_hp_gain":0.0,"max_hp_loss":0.0,"gold_gain":0.0,"cards_transformed":["hermit:Defend_Hermit"],"event_name":"Living Wall","player_choice":"Change","floor":2.0,"gold_loss":0.0,"damage_taken":0.0,"cards_obtained":["hermit:Adapt"]},{"damage_healed":0.0,"max_hp_gain":0.0,"max_hp_loss":0.0,"gold_gain":56.0,"event_name":"Golden Wing","player_choice":"Gained Gold","floor":4.0,"gold_loss":0.0,"damage_taken":0.0},{"damage_healed":0.0,"max_hp_gain":0.0,"max_hp_loss":0.0,"gold_gain":0.0,"event_name":"Golden Idol","player_choice":"Take Wound","floor":5.0,"gold_loss":0.0,"damage_taken":0.0,"relics_obtained":["Golden Idol"],"cards_obtained":["Injury"]},{"damage_healed":0.0,"max_hp_gain":0.0,"max_hp_loss":0.0,"gold_gain":0.0,"event_name":"Big Fish","player_choice":"Box","floor":11.0,"gold_loss":0.0,"damage_taken":0.0,"relics_obtained":["Oddly Smooth Stone"],"cards_obtained":["Regret"]},{"damage_healed":0,"gold_gain":360,"player_choice":"GOLD GOLD GOLD GOLD ","damage_taken":36,"max_hp_gain":0,"max_hp_loss":0,"event_name":"Knowing Skull","floor":21,"potions_obtained":[],"gold_loss":0,"cards_obtained":[]}],"is_beta":false,"boss_relics":[{"not_picked":["hermit:ClaspedLocket","Runic Pyramid"],"picked":"Coffee Dripper"}],"items_purged_floors":[],"is_endless":false,"potions_floor_spawned":[1,7,18],"killed_by":"Snake Plant","ascension_level":13}}