{"host":"9n6i2vl93jt4o42q","time":1610067036,"event":{"mods":["BaseMod","Downfall","Minty Spire (QoL Compilation)","Relic Stats","StSLib"],"gold_per_floor":[99,116,134,146,162,180,204,204,221,255,255,180,180,211,227,327,327,252,270,286,286,286,297,348,273,302,316,332,8,33,50,60,164,164,164,164,514,514,526,546,546,562,589,365,400,417,417,447,466,466,466,496,72,72,72],"floor_reached":56,"playtime":26505,"items_purged":["Guardian:Strike_Guardian"],"score":1990,"play_id":"0cf5d6ab-702d-4e13-a7fb-8099a67f5187","local_time":"20210108015036","is_ascension_mode":true,"campfire_choices":[{"data":"Guardian:TwinSlam","floor":1.0,"key":"SMITH"},{"floor":12.0,"key":"RECALL"},{"data":"Guardian:TimeSifter","floor":18.0,"key":"SMITH"},{"data":"Guardian:FuturePlans","floor":25.0,"key":"SMITH"},{"data":"Guardian:MultiBeam","floor":35.0,"key":"SMITH"},{"floor":47.0,"key":"REST"},{"data":"Guardian:RevengeProtocol","floor":54,"key":"SMITH"}],"circlet_count":0,"master_deck":["AscendersBane","Guardian:Defend_Guardian+1","Guardian:Defend_Guardian+1","Guardian:Defend_Guardian","Guardian:Defend_Guardian","Guardian:CurlUp+1","Guardian:TwinSlam+1","Guardian:RevengeProtocol+1","Guardian:MultiBeam+1","Guardian:PrimingBeam","Guardian:FuturePlans+1","Guardian:DonusPower+1","Guardian:SpikerProtocol","Guardian:DonusPower+1","Guardian:PolyBeam","Guardian:TimeSifter+1","Guardian:Planning+1","Guardian:PiercingHide+1","Guardian:Clone+1","Guardian:ExploitGems","Guardian:Harden+1","Guardian:PiercingHide+1","Guardian:Recover+1","Guardian:ArmoredProtocol","Guardian:ChargeCore+1","Guardian:MultiBeam+1","Guardian:EvasiveProtocol+1","Guardian:Repulse+1","Guardian:Clone+1","Guardian:PolyBeam","Guardian:BronzeOrb"],"relics":["Guardian:ModeShifter","Pen Nib","Bag of Preparation","downfall:HeartBlessingGreen","Boot","Sozu","downfall:HeartBlessingRed","downfall:HeartBlessingBlue","MealTicket","OrangePellets","Toy Ornithopter","Black Star","Old Coin","InkBottle","White Beast Statue","Gremlin Horn","StoneCalendar","DollysMirror","Letter Opener","Ornamental Fan","Turnip","Bag of Marbles","Strawberry","StrikeDummy","War Paint","Sundial","Nunchaku"],"acts_visited":["Exordium","TheCity","TheBeyond","TheEnding"],"potions_floor_usage":[],"damage_taken":[{"damage":1.0,"enemies":"Cultist","floor":2.0,"turns":3.0},{"damage":2.0,"enemies":"2 Louse","floor":3.0,"turns":3.0},{"damage":0.0,"enemies":"Small Slimes","floor":4.0,"turns":2.0},{"damage":1.0,"enemies":"2 Fungi Beasts","floor":5.0,"turns":5.0},{"damage":5.0,"enemies":"Exordium Wildlife","floor":6.0,"turns":3.0},{"damage":8.0,"enemies":"Blue Slaver","floor":9.0,"turns":3.0},{"damage":16.0,"enemies":"3 Sentries","floor":10.0,"turns":7.0},{"damage":16.0,"enemies":"Gremlin Nob","floor":14.0,"turns":4.0},{"damage":0.0,"enemies":"Lots of Slimes","floor":15.0,"turns":1.0},{"damage":34.0,"enemies":"downfall:Silent","floor":16.0,"turns":7.0},{"damage":5.0,"enemies":"Shell Parasite","floor":19.0,"turns":4.0},{"damage":7.0,"enemies":"Spheric Guardian","floor":20.0,"turns":4.0},{"damage":26.0,"enemies":"Spheric Guardian","floor":22.0,"turns":5.0},{"damage":10.0,"enemies":"3 Cultists","floor":23.0,"turns":3.0},{"damage":10.0,"enemies":"Book of Stabbing","floor":26.0,"turns":4.0},{"damage":0.0,"enemies":"Cultist and Chosen","floor":27.0,"turns":5.0},{"damage":4.0,"enemies":"Shelled Parasite and Fungi","floor":28.0,"turns":4.0},{"damage":0.0,"enemies":"downfall:FleeingMerchant","floor":29.0,"turns":4.0},{"damage":21.0,"enemies":"Gremlin Leader","floor":30.0,"turns":7.0},{"damage":0.0,"enemies":"Snake Plant","floor":31.0,"turns":4.0},{"damage":5.0,"enemies":"Sentry and Sphere","floor":32.0,"turns":4.0},{"damage":0.0,"enemies":"downfall:Defect","floor":33.0,"turns":7.0},{"damage":0.0,"enemies":"Mind Bloom Boss Battle","floor":37.0,"turns":5.0},{"damage":0.0,"enemies":"Orb Walker","floor":39.0,"turns":3.0},{"damage":0.0,"enemies":"3 Shapes","floor":40.0,"turns":3.0},{"damage":13.0,"enemies":"Spire Growth","floor":42.0,"turns":5.0},{"damage":19.0,"enemies":"Reptomancer","floor":43.0,"turns":5.0},{"damage":0.0,"enemies":"downfall:FleeingMerchant","floor":44.0,"turns":4.0},{"damage":0.0,"enemies":"Giant Head","floor":45.0,"turns":6.0},{"damage":12.0,"enemies":"Jaw Worm Horde","floor":46.0,"turns":3.0},{"damage":0.0,"enemies":"Reptomancer","floor":48.0,"turns":4.0},{"damage":12,"enemies":"3 Darklings","floor":49,"turns":4},{"damage":15,"enemies":"downfall:Ironclad","floor":50,"turns":9},{"damage":0,"enemies":"downfall:CharBossMerchant","floor":52,"turns":6},{"damage":14,"enemies":"downfall:NeowBoss","floor":55,"turns":17}],"seed_played":"-8236273131938672563","potions_obtained":[{"floor":2.0,"key":"FairyPotion"},{"floor":3.0,"key":"Energy Potion"},{"floor":4.0,"key":"EntropicBrew"},{"floor":10.0,"key":"LiquidBronze"}],"is_trial":false,"path_per_floor":["R","M","M","M","M","M","T","?","M","E","?","R","?","E","M","B",null,"R","M","M","?","?","M","T","R","E","M","M","$","E","M","M","B",null,"R","?","?","T","M","M","T","M","E","$","E","M","R","E","M","B",null,"E","$","R","B",null],"character_chosen":"GUARDIAN","items_purchased":["Guardian:Gem_Synthetic","OrangePellets","DollysMirror","Letter Opener","Guardian:PolyBeam","Sundial","Guardian:BronzeOrb","Nunchaku"],"campfire_rested":1,"item_purchase_floors":[29,29,44,44,44,53,53,53],"current_hp_per_floor":[72,71,69,69,68,63,63,63,55,39,39,39,39,23,23,15,64,64,59,52,52,26,16,16,26,16,16,12,27,6,6,1,1,68,68,68,68,68,68,68,68,55,36,51,51,39,66,73,61,46,84,84,97,97,83],"gold":72,"neow_bonus":"ONE_RANDOM_RARE_CARD","is_daily":false,"chose_seed":false,"campfire_upgraded":5,"win_rate":0.0,"timestamp":1610067036,"path_taken":["R","M","M","M","?","M","T","?","?","E","?","R","?","E","M","BOSS","R","M","M","?","?","M","T","R","E","M","M","$","E","M","M","BOSS","R","?","?","?","?","M","T","M","E","$","E","M","R","E","M","BOSS","E","$","R","BOSS"],"items_purchased_type":["Card","Relic","Relic","Relic","Card","Relic","Card","Relic"],"build_version":"2020-12-22","purchased_purges":1,"victory":true,"max_hp_per_floor":[80,80,80,80,80,80,80,80,80,80,80,80,80,80,80,80,80,80,80,80,80,80,80,80,90,90,90,90,90,90,90,90,90,90,90,90,90,90,90,90,90,90,90,90,90,90,90,97,97,97,97,97,97,97,97],"relic_stats":{"Gremlin Horn":[11,11],"counters":[35,167],"StoneCalendar":[104],"Pen Nib":[27],"Bag of Preparation":[56],"Letter Opener":[149],"War Paint":["Guardian:Defend_Guardian","Guardian:Planning"],"Boot":[62],"Sozu":13,"OrangePellets":[16],"Nunchaku":[3],"Ornamental Fan":[60],"Sundial":[6],"MealTicket":43,"Turnip":[2],"Black Star":4,"obtain_stats":[{"Gremlin Horn":43,"downfall:HeartBlessingGreen":12,"StoneCalendar":43,"Bag of Preparation":10,"Boot":14,"Old Coin":37,"Sozu":17,"Nunchaku":53,"downfall:HeartBlessingBlue":25,"DollysMirror":44,"Sundial":53,"Strawberry":48,"MealTicket":26,"InkBottle":38,"downfall:HeartBlessingRed":18,"Guardian:ModeShifter":0,"Pen Nib":7,"Letter Opener":44,"War Paint":52,"White Beast Statue":41,"OrangePellets":29,"Ornamental Fan":45,"Turnip":45,"Black Star":34,"Bag of Marbles":48,"StrikeDummy":52,"Toy Ornithopter":30},{"Gremlin Horn":27,"downfall:HeartBlessingGreen":7,"StoneCalendar":27,"Bag of Preparation":7,"Boot":8,"Old Coin":23,"Sozu":10,"Nunchaku":34,"downfall:HeartBlessingBlue":14,"DollysMirror":28,"Sundial":34,"Strawberry":31,"MealTicket":15,"InkBottle":23,"downfall:HeartBlessingRed":10,"Guardian:ModeShifter":0,"Pen Nib":5,"Letter Opener":28,"War Paint":34,"White Beast Statue":25,"OrangePellets":18,"Ornamental Fan":29,"Turnip":29,"Black Star":22,"Bag of Marbles":31,"StrikeDummy":34,"Toy Ornithopter":19},{"Gremlin Horn":114,"downfall:HeartBlessingGreen":26,"StoneCalendar":114,"Bag of Preparation":26,"Boot":30,"Old Coin":98,"Sozu":38,"Nunchaku":150,"downfall:HeartBlessingBlue":54,"DollysMirror":118,"Sundial":150,"Strawberry":131,"MealTicket":58,"InkBottle":98,"downfall:HeartBlessingRed":38,"Guardian:ModeShifter":0,"Pen Nib":16,"Letter Opener":118,"War Paint":150,"White Beast Statue":104,"OrangePellets":71,"Ornamental Fan":124,"Turnip":124,"Black Star":93,"Bag of Marbles":131,"StrikeDummy":150,"Toy Ornithopter":78}],"Toy Ornithopter":0,"InkBottle":[41]},"card_choices":[{"not_picked":["Guardian:Gem_Green","Guardian:Clone"],"picked":"Guardian:MultiBeam","floor":2.0},{"not_picked":["Guardian:WalkerClaw","Guardian:TimeCapacitor"],"picked":"Guardian:PrimingBeam","floor":3.0},{"not_picked":["Guardian:VentSteam","Guardian:Incinerate"],"picked":"Guardian:FuturePlans","floor":4.0},{"not_picked":["Guardian:Gem_Red","Guardian:PrismaticBarrier"],"picked":"Guardian:Gem_Purple","floor":5.0},{"not_picked":["Guardian:Emergency","Guardian:PrimingBeam"],"picked":"Guardian:DonusPower","floor":6.0},{"not_picked":["Guardian:TimeBomb","Guardian:TemporalStrike"],"picked":"Guardian:SpikerProtocol","floor":9.0},{"not_picked":["Guardian:MultiBeam","Guardian:RollAttack"],"picked":"Guardian:DonusPower","floor":10.0},{"not_picked":["Guardian:Reroute","Guardian:Gem_Red"],"picked":"Guardian:Gem_Yellow","floor":14.0},{"not_picked":["Guardian:ShieldCharger","Guardian:CrystalBeam"],"picked":"Guardian:PolyBeam","floor":15.0},{"not_picked":["Guardian:BaubleBeam","Guardian:StasisStrike"],"picked":"Guardian:TimeSifter","floor":16.0},{"not_picked":["Guardian:VentSteam","Guardian:WalkerClaw"],"picked":"Guardian:Planning","floor":19.0},{"not_picked":["Guardian:TemporalShield+1","Guardian:ChargeCore"],"picked":"Guardian:PiercingHide+1","floor":20.0},{"not_picked":["Guardian:Gem_Lightblue","Guardian:SpikerProtocol+1"],"picked":"Guardian:Clone+1","floor":23.0},{"not_picked":["Guardian:SentryBeam","Guardian:Gem_Green"],"picked":"Guardian:ExploitGems","floor":26.0},{"not_picked":["Guardian:Incinerate+1","Guardian:RefractedBeam"],"picked":"Guardian:Gem_Red","floor":27.0},{"not_picked":["Guardian:TimeCapacitor+1","Guardian:RollAttack"],"picked":"Guardian:Harden+1","floor":28.0},{"not_picked":["Guardian:Gem_Red","Guardian:Gem_Green"],"picked":"Guardian:PiercingHide+1","floor":29.0},{"not_picked":["Guardian:TemporalShield","Guardian:ArmoredProtocol"],"picked":"Guardian:Recover+1","floor":30.0},{"not_picked":["Guardian:VentSteam","Guardian:RollAttack","Guardian:Gem_Red"],"picked":"SKIP","floor":31.0},{"not_picked":["Guardian:VentSteam","Guardian:PiercingHide"],"picked":"Guardian:Gem_Cyan","floor":32.0},{"not_picked":["Guardian:StasisStrike","Guardian:ConstructionForm"],"picked":"Guardian:Gem_Orange","floor":33.0},{"not_picked":["Guardian:Planning+1","Guardian:Incinerate+1"],"picked":"Guardian:ArmoredProtocol","floor":37.0},{"not_picked":["Guardian:CrystalBeam","Guardian:Gem_Red","Guardian:Gem_Purple"],"picked":"SKIP","floor":39.0},{"not_picked":["Guardian:PrimingBeam+1","Guardian:Gem_Yellow"],"picked":"Guardian:ChargeCore+1","floor":40.0},{"not_picked":["Guardian:Incinerate+1","Guardian:Suspension+1"],"picked":"Guardian:MultiBeam+1","floor":42.0},{"not_picked":["Guardian:PrismaticBarrier+1","Guardian:Gem_Lightblue"],"picked":"Guardian:EvasiveProtocol+1","floor":43.0},{"not_picked":["Guardian:ChargeCore+1","Guardian:PrimingBeam+1"],"picked":"Guardian:Repulse+1","floor":44.0},{"not_picked":["Guardian:VentSteam","Guardian:RollAttack","Guardian:GemFire"],"picked":"SKIP","floor":45.0},{"not_picked":["Guardian:ChargeCore+1","Guardian:TemporalStrike","Guardian:DonusPower"],"picked":"SKIP","floor":46.0},{"not_picked":["Guardian:MultiBeam","Guardian:ChargeCore","Guardian:ExploitGems"],"picked":"SKIP","floor":48.0},{"not_picked":["Guardian:Repulse+1","Guardian:Gem_Cyan","Guardian:Planning+1"],"picked":"SKIP","floor":49},{"not_picked":["Guardian:TemporalStrike+1","Guardian:CrystalBeam+1","Guardian:ArmoredProtocol"],"picked":"SKIP","floor":52}],"player_experience":2212905,"relics_obtained":[{"floor":7.0,"key":"Pen Nib"},{"floor":10.0,"key":"Bag of Preparation"},{"floor":14.0,"key":"Boot"},{"floor":26.0,"key":"MealTicket"},{"floor":30.0,"key":"Toy Ornithopter"},{"floor":37.0,"key":"Old Coin"},{"floor":38.0,"key":"InkBottle"},{"floor":41.0,"key":"White Beast Statue"},{"floor":43.0,"key":"Gremlin Horn"},{"floor":43.0,"key":"StoneCalendar"},{"floor":45.0,"key":"Ornamental Fan"},{"floor":45.0,"key":"Turnip"},{"floor":48.0,"key":"Bag of Marbles"},{"floor":48.0,"key":"Strawberry"},{"floor":52,"key":"StrikeDummy"},{"floor":52,"key":"War Paint"}],"event_choices":[{"cards_removed":["Regret"],"damage_healed":0.0,"max_hp_gain":0.0,"max_hp_loss":0.0,"gold_gain":0.0,"event_name":"The Cleric","player_choice":"Card Removal","floor":13.0,"gold_loss":0.0,"damage_taken":0.0},{"damage_healed":0.0,"max_hp_gain":0.0,"max_hp_loss":0.0,"gold_gain":0.0,"event_name":"Ghosts","player_choice":"Ignored","floor":21.0,"gold_loss":0.0,"damage_taken":0.0},{"cards_removed":["Guardian:Strike_Guardian"],"damage_healed":0.0,"max_hp_gain":0.0,"max_hp_loss":0.0,"gold_gain":0.0,"event_name":"Falling","player_choice":"Removed Attack","floor":36.0,"gold_loss":0.0,"damage_taken":0.0}],"is_beta":false,"boss_relics":[{"not_picked":["SlaversCollar","Astrolabe"],"picked":"Sozu"},{"not_picked":["Guardian:ModeShifterPlus","Runic Dome"],"picked":"Black Star"}],"items_purged_floors":[44],"is_endless":false,"potions_floor_spawned":[2,3,4,10,22,23,27,31,33,39,42,43,44,45,46,48,49,52],"ascension_level":10}}