{"host":"w97dq1whmpm6b2tc","time":1610134392,"event":{"mods":["BaseMod","Challenge The Spire","Downfall","Minty Spire (QoL Compilation)","Replay The Spire","StSLib","The Animator"],"gold_per_floor":[116,185,198,266,296,330,358,387,411,411,411,464,476,506,518,639,651,683,709,721,744,756,797,821,850,862,884,510,710,740,751,751,849,849,865,423,434,448,448,448,479,479,479,513,533,115,150,150,150,154,154,154,651,701,756,825,825,825],"floor_reached":57,"playtime":7778,"items_purged":["animator:Strike","animator:Strike_NoGameNoLife","Injury"],"score":998,"play_id":"efa073fe-3587-4bdb-b6fd-df327f67e586","local_time":"20210108213312","is_ascension_mode":true,"campfire_choices":[{"data":"animator:Shiro","floor":13.0,"key":"SMITH"},{"floor":15.0,"key":"DIG"},{"floor":32.0,"key":"RECALL"},{"data":"animator:DolaRiku","floor":40,"key":"SMITH"},{"data":"animator:DolaRiku","floor":42,"key":"SMITH"},{"data":"animator:Sora","floor":49,"key":"SMITH"},{"data":"animator:Guren","floor":52,"key":"SMITH"}],"circlet_count":0,"master_deck":["animator:Defend_NoGameNoLife","animator:Defend","animator:DolaSchwi","animator:DolaCouronne","animator:Saitama","animator:Entoma","animator:ChlammyZell","animator:Jibril+1","animator:Shiro","animator:DolaRiku+1","animator:IzunaHatsuse","animator:Vanir","animator:DolaStephanie","animator:Megumin+1","animator:Hans","animator:Jibril","animator:Ainz","animator:Arpeggio","animator:Sora","animator:Jibril","animator:Ainz","animator:FielNirvalen","animator:DolaRiku","animator:DolaRiku","animator:DolaRiku","animator:Kazuma","animator:Boros","animator:Guren+1","animator:Tyuule+1","animator:Wiz+1","animator:Jibril"],"relics":["animator:TheEruzaStone","animator:AncientMedallion"],"acts_visited":["Exordium","TheCity","TheBeyond","TheEnding","EYB:TheUnnamedReign"],"potions_floor_usage":[38,45,47,50,55],"damage_taken":[{"damage":2.0,"enemies":"Jaw Worm","floor":1.0,"turns":5.0},{"damage":9.0,"enemies":"2 Louse","floor":3.0,"turns":4.0},{"damage":0.0,"enemies":"Cultist","floor":5.0,"turns":4.0},{"damage":5.0,"enemies":"Replay:BlueRogue","floor":6.0,"turns":5.0},{"damage":13.0,"enemies":"Gremlin Gang","floor":7.0,"turns":7.0},{"damage":8.0,"enemies":"Lagavulin","floor":8.0,"turns":8.0},{"damage":0.0,"enemies":"3 Sentries","floor":12.0,"turns":8.0},{"damage":8.0,"enemies":"Looter","floor":14.0,"turns":4.0},{"damage":9.0,"enemies":"The Guardian","floor":16.0,"turns":8.0},{"damage":0.0,"enemies":"Shell Parasite","floor":18.0,"turns":6.0},{"damage":0.0,"enemies":"3 Byrds","floor":19.0,"turns":4.0},{"damage":17.0,"enemies":"Cultist and Chosen","floor":21.0,"turns":5.0},{"damage":46.0,"enemies":"Book of Stabbing","floor":23.0,"turns":4.0},{"damage":9.0,"enemies":"Chosen and Byrds","floor":24.0,"turns":4.0},{"damage":2.0,"enemies":"Snake Plant","floor":25.0,"turns":2.0},{"damage":11.0,"enemies":"Sentry and Sphere","floor":27.0,"turns":4.0},{"damage":9.0,"enemies":"Slavers","floor":30.0,"turns":4.0},{"damage":2.0,"enemies":"Cultist and Chosen","floor":31.0,"turns":3.0},{"damage":24.0,"enemies":"Collector","floor":33.0,"turns":6.0},{"damage":12.0,"enemies":"3 Darklings","floor":35.0,"turns":4.0},{"damage":1.0,"enemies":"Orb Walker","floor":37.0,"turns":3.0},{"damage":41,"enemies":"Writhing Mass","floor":38,"turns":4},{"damage":0,"enemies":"R_Hoarder","floor":41,"turns":6},{"damage":26,"enemies":"Nemesis","floor":44,"turns":7},{"damage":26,"enemies":"4 Shapes","floor":45,"turns":3},{"damage":32,"enemies":"Giant Head","floor":47,"turns":10},{"damage":28,"enemies":"Donu and Deca","floor":50,"turns":5},{"damage":19,"enemies":"animator:UNNAMED_CULTIST_1","floor":54,"turns":8},{"damage":47,"enemies":"animator:UNNAMED_HAT","floor":55,"turns":12}],"seed_played":"-7393419357761779501","potions_obtained":[{"floor":1.0,"key":"Adrenaline Potion"},{"floor":2.0,"key":"AttackPotion"},{"floor":6.0,"key":"EntropicBrew"},{"floor":16.0,"key":"Guardian:BlockOnCardUsePotion"},{"floor":23.0,"key":"sneckomod:MuddlingPotion"},{"floor":24.0,"key":"Swift Potion"},{"floor":25.0,"key":"hexamod:EctoCoolerPotion"},{"floor":30.0,"key":"Languid Potion"},{"floor":31.0,"key":"Reflective Coating"},{"floor":33.0,"key":"Fire Potion"},{"floor":35.0,"key":"Adrenaline Potion"},{"floor":38,"key":"sneckomod:MuddlingPotion"},{"floor":54,"key":"animator:FalseLifePotion"},{"floor":55,"key":"animator:FalseLifePotion"}],"is_trial":false,"path_per_floor":["M","?","M","T","M","E","M","E","T","?","T","E","R","M","R","B",null,"M","M","?","M","T","E","M","M","T","M","$","?","E","M","R","B",null,"M","$","M","M","T","R","E","R","T","E","M","$","E","T","R","B",null,"R","??","M","M","T","?"],"character_chosen":"THE_ANIMATOR","items_purchased":["animator:Arpeggio","Vajra","Fruit Juice","animator:DolaRiku","Unceasing Top","Guardian:PocketSentry","champ:Barbells"],"campfire_rested":0,"item_purchase_floors":[28,28,28,36,36,46,46],"current_hp_per_floor":[64,48,41,41,43,41,30,23,23,23,23,25,25,21,21,21,82,84,86,86,71,71,28,31,34,44,36,39,42,38,48,51,62,130,124,127,126,93,93,96,104,107,107,86,70,70,45,45,48,50,165,168,98,85,44,44,0,0],"gold":825,"neow_bonus":"ONE_RANDOM_RARE_CARD","is_daily":false,"chose_seed":false,"campfire_upgraded":5,"win_rate":0.0,"timestamp":1610134392,"path_taken":["M","?","M","?","?","E","?","E","T","?","?","E","R","M","R","BOSS","M","M","?","M","?","E","M","M","T","M","$","?","E","M","R","BOSS","M","?","M","M","?","R","E","R","T","E","M","$","E","?","R","BOSS","R","??","M","M","T","?"],"items_purchased_type":["Card","Relic","Potion","Card","Relic","Relic","Relic"],"build_version":"2020-12-22","purchased_purges":3,"victory":false,"max_hp_per_floor":[66,66,68,68,70,73,75,76,76,76,76,78,78,82,82,82,82,84,86,86,88,88,91,93,93,103,106,109,112,117,124,127,130,130,135,138,138,141,141,144,152,155,155,160,160,160,162,162,165,165,165,168,98,98,98,98,98,98],"card_choices":[{"not_picked":["animator:Yoichi","animator:TukaLunaMarceau"],"picked":"animator:Aisha","floor":1.0},{"not_picked":["animator:Sebas","animator:Demiurge"],"picked":"animator:Entoma","floor":2.0},{"not_picked":["animator:Tet","animator:Ara"],"picked":"animator:Entoma","floor":2.0},{"not_picked":["animator:SilverFang","animator:Tyuule","animator:Mitsurugi"],"picked":"SKIP","floor":3.0},{"not_picked":["animator:DolaCouronne","animator:Shigure"],"picked":"animator:ChlammyZell","floor":5.0},{"not_picked":["animator:DolaSchwi","animator:DolaCouronne"],"picked":"animator:Jibril","floor":6.0},{"not_picked":["animator:Yoichi","animator:DolaCouronne"],"picked":"animator:Shiro","floor":7.0},{"not_picked":["animator:Yuuichirou","animator:Laby"],"picked":"animator:DolaRiku","floor":8.0},{"not_picked":["animator:Vanir","animator:Tyuule"],"picked":"animator:IzunaHatsuse","floor":12.0},{"not_picked":["animator:DolaCouronne","animator:DolaSchwi"],"picked":"animator:DolaStephanie","floor":14.0},{"not_picked":["animator:Boros","animator:FeridBathory"],"picked":"animator:Hans","floor":16.0},{"not_picked":["animator:Melzalgald","animator:Megumin"],"picked":"animator:Jibril","floor":18.0},{"not_picked":["animator:Ain+1","animator:Genos+1","animator:Shinoa+1"],"picked":"SKIP","floor":19.0},{"not_picked":["animator:Lu+1","animator:Cocytus","animator:YaoHaDucy"],"picked":"SKIP","floor":21.0},{"not_picked":["animator:ChlammyZell","animator:IzunaHatsuse"],"picked":"animator:Jibril","floor":23.0},{"not_picked":["animator:Shinoa","animator:RoryMercury","animator:Chung"],"picked":"SKIP","floor":24.0},{"not_picked":["animator:Ciel","animator:MumenRider","animator:Yoichi"],"picked":"SKIP","floor":25.0},{"not_picked":["animator:Elsword","animator:NarberalGamma"],"picked":"animator:Ainz","floor":27.0},{"not_picked":["animator:Eris","animator:Guren"],"picked":"animator:Sora","floor":29.0},{"not_picked":["animator:Tet","animator:DolaSchwi"],"picked":"animator:Jibril","floor":30.0},{"not_picked":["animator:Demiurge","animator:Sonic","animator:Add"],"picked":"SKIP","floor":31.0},{"not_picked":["animator:Eris","animator:Sora"],"picked":"animator:Ainz","floor":33.0},{"not_picked":["animator:Mikaela+1","animator:Tatsumaki+1"],"picked":"animator:FielNirvalen+1","floor":35.0},{"not_picked":["animator:HiiragiShinya","animator:ChlammyZell","animator:Chung+1"],"picked":"SKIP","floor":37.0},{"not_picked":["animator:DolaStephanie","animator:Jibril"],"picked":"animator:DolaRiku","floor":38},{"not_picked":["animator:Mitsuba+1","animator:Guren"],"picked":"animator:Entoma","floor":41},{"not_picked":["animator:Mitsurugi+1","animator:Yuuichirou"],"picked":"animator:Boros","floor":44},{"not_picked":["animator:SilverFang+1","animator:ChlammyZell+1","animator:Aqua"],"picked":"SKIP","floor":45},{"not_picked":["animator:LeleiLaLalena+1","animator:Ainz","animator:Arpeggio+1"],"picked":"SKIP","floor":54},{"not_picked":["animator:TukaLunaMarceau","animator:Jibril","animator:Shinoa"],"picked":"SKIP","floor":55},{"not_picked":["animator:TukaLunaMarceau","animator:Shinoa"],"picked":"animator:Jibril","floor":55}],"player_experience":4371818,"relics_obtained":[{"floor":2.0,"key":"Pet Ghost"},{"floor":6.0,"key":"Replay:PocketPolymizer"},{"floor":8.0,"key":"Tiny Chest"},{"floor":9.0,"key":"Toy Ornithopter"},{"floor":10.0,"key":"Ring of Panic"},{"floor":10.0,"key":"Ring of Hypnosis"},{"floor":11.0,"key":"Replay:WaspNest"},{"floor":12.0,"key":"MawBank"},{"floor":15.0,"key":"Torii"},{"floor":22.0,"key":"Pantograph"},{"floor":23.0,"key":"Replay:Ringing Soul"},{"floor":26.0,"key":"Pear"},{"floor":30.0,"key":"Gremlin Horn"},{"floor":39,"key":"Paper Crane"},{"floor":41,"key":"Durian"},{"floor":43,"key":"Bottled Lightning"},{"floor":44,"key":"Gremlin Food"},{"floor":47,"key":"Boot"},{"floor":48,"key":"ReplayTheSpireMod:TigerMarble"},{"floor":53,"key":"animator:TheEruzaStone"},{"floor":56,"key":"animator:AncientMedallion"}],"event_choices":[],"is_beta":false,"boss_relics":[{"not_picked":["animator:HolyGrailRelic","Replay:Wanted Poster"],"picked":"Coffee Dripper"},{"not_picked":["Ring of Chaos","Velvet Choker"],"picked":"SacredBark"}],"items_purged_floors":[28,36,46],"is_endless":false,"potions_floor_spawned":[1,6,7,16,23,24,25,30,31,33,35,38,44],"ascension_level":1}}