{"host":"sav7uxregyirlf69","time":1610116902,"event":{"mods":["AchievementEnabler","BaseMod","Colored Map","DeckTracker","Keyboard Shortcuts","Minty Spire (QoL Compilation)","READ ME - Guardian Mod","StSLib","SuperFastMode"],"gold_per_floor":[117,117,42,57,57,86,86,96,96,129,129,29,29,48,48,48,48],"floor_reached":16,"playtime":227,"items_purged":["Strike_G","Strike_G"],"score":266,"play_id":"cfb7f67c-4e2f-4e9e-b74f-93b4baf9c0ec","local_time":"20210108234142","is_ascension_mode":true,"campfire_choices":[{"data":"Bullet Time","floor":11,"key":"SMITH"},{"data":"Noxious Fumes","floor":13,"key":"SMITH"},{"data":"Reflex","floor":15,"key":"SMITH"}],"circlet_count":0,"master_deck":["AscendersBane","Strike_G","Strike_G","Defend_G","Defend_G","Defend_G","Defend_G","Defend_G","Survivor","Neutralize","Noxious Fumes+1","Reflex+1","Bullet Time+1","Dagger Throw","Choke","After Image","Eviscerate"],"relics":["Ring of the Snake","NeowsBlessing","CaptainsWheel","Question Card","Vajra"],"acts_visited":["Exordium"],"potions_floor_usage":[10,14],"damage_taken":[{"damage":0.0,"enemies":"2 Louse","floor":1.0,"turns":1.0},{"damage":0.0,"enemies":"Small Slimes","floor":4.0,"turns":1.0},{"damage":0.0,"enemies":"Gremlin Nob","floor":6.0,"turns":1.0},{"damage":0,"enemies":"Jaw Worm","floor":8,"turns":5},{"damage":16,"enemies":"Lagavulin","floor":10,"turns":7},{"damage":17,"enemies":"Exordium Thugs","floor":14,"turns":7},{"damage":36,"enemies":"Slime Boss","floor":16,"turns":8}],"seed_played":"3998632630594234502","potions_obtained":[{"floor":1.0,"key":"Poison Potion"},{"floor":4.0,"key":"Block Potion"}],"is_trial":false,"path_per_floor":["M","?","$","M","?","E","?","M","T","E","R","$","R","M","R","B"],"character_chosen":"THE_SILENT","items_purchased":[],"campfire_rested":0,"item_purchase_floors":[],"current_hp_per_floor":[59,59,59,59,59,59,59,59,59,43,43,43,43,26,26,0,0],"gold":48,"neow_bonus":"THREE_ENEMY_KILL","is_daily":false,"chose_seed":false,"campfire_upgraded":3,"win_rate":0.0,"timestamp":1610116902,"path_taken":["M","?","$","M","?","E","?","M","T","E","R","?","R","M","R","BOSS"],"items_purchased_type":[],"build_version":"2020-12-22","purchased_purges":2,"victory":false,"max_hp_per_floor":[66,66,66,66,66,66,66,66,66,66,66,66,66,66,66,66,66],"card_choices":[{"not_picked":["Choke","Crippling Poison"],"picked":"Noxious Fumes","floor":1.0},{"not_picked":["Concentrate","Bane"],"picked":"Reflex","floor":4.0},{"not_picked":["Finisher","Bane"],"picked":"Dagger Throw","floor":6.0},{"not_picked":["Eviscerate","Sucker Punch"],"picked":"Choke","floor":8},{"not_picked":["Quick Slash","Masterful Stab","Deflect"],"picked":"After Image","floor":10},{"not_picked":["Flying Knee","Bane","Dagger Throw"],"picked":"Eviscerate","floor":14}],"player_experience":1204889,"relics_obtained":[{"floor":6.0,"key":"CaptainsWheel"},{"floor":9,"key":"Question Card"},{"floor":10,"key":"Vajra"}],"event_choices":[{"damage_healed":0.0,"max_hp_gain":0.0,"max_hp_loss":0.0,"gold_gain":0.0,"event_name":"Liars Game","player_choice":"Ignored","floor":2.0,"gold_loss":0.0,"damage_taken":0.0},{"damage_healed":0.0,"max_hp_gain":0.0,"max_hp_loss":0.0,"gold_gain":0.0,"cards_transformed":["Strike_G"],"event_name":"Living Wall","player_choice":"Change","floor":5.0,"gold_loss":0.0,"damage_taken":0.0,"cards_obtained":["Bullet Time"]},{"damage_healed":0,"gold_gain":0,"player_choice":"Searched \u00270\u0027 times","damage_taken":0,"max_hp_gain":0,"max_hp_loss":0,"event_name":"Dead Adventurer","floor":7,"gold_loss":0}],"is_beta":false,"boss_relics":[],"items_purged_floors":[3,12],"is_endless":false,"potions_floor_spawned":[1,4],"killed_by":"Slime Boss","ascension_level":20}}