{"host":"zkqorkqsr6o67e8b","time":1610090393,"event":{"mods":["Act Like it!","BaseMod","Better Vampires","Lobotomy","LobotomyExtend","Minty Spire (QoL Compilation)","Quick Restart","RumiaBox-露米娅的神秘盒子","StSLib","The Alterego","Waifu the Spire","【遗物卡牌】REMEMod"],"gold_per_floor":[118,68,80,90,100,100,120,152,179,179,191,271,271,291,291,395,395,438,455,474,120,140,140,167,229,229,229,329,329,400,444,444,631,631,645,81,95,0,16,48,121,191,215,215,215,260,260,270,270,270,270],"floor_reached":52,"playtime":3737,"items_purged":["Impatience","ExtractionCode"],"score":1312,"play_id":"cb7725f1-5259-4333-b92d-711421fea7a2","local_time":"20210108151953","is_ascension_mode":true,"campfire_choices":[{"data":"alterego_mod:BrynhildrRomantia","floor":6.0,"key":"SMITH"},{"data":"GreenStem","floor":27.0,"key":"SMITH"},{"data":"GoldRush","floor":49,"key":"SMITH"}],"circlet_count":0,"master_deck":["SpecialBullet","SpecialBullet","SpecialBullet","SpecialBullet","SpecialBullet","WelfareCode","CentralCode","alterego_mod:BrynhildrRomantia+1","WristCuter","RedShoes","GoldRush+1","GoldRush+1","Diffraction+1","Adoration+1","Diffraction+1","GreenStem+1","SecurityCode","ExtractionCode","Adoration+1","CENSORED_ego+1","BlueStar","Finesse+1","Finesse+1","GreedKing"],"relics":["CogitoBucket","REME_ComplimentaryCards","LetterFromLob","Baka","Toxic Egg 2","ChangeAnything","Astrolabe","LuminousBracelet","Ccalipers","Art of War","Du-Vu Doll","CaptainsWheel","StrikeDummy","BackwardClock","AtMidnight","Coffee Dripper","SecretRecord","Boot","Red Mask","Bronze Scales","Peace Pipe","GodSword5","Bag of Preparation"],"acts_visited":["Exordium","TheCity","TheBeyond"],"potions_floor_usage":[41,46],"damage_taken":[{"damage":6.0,"enemies":"Jaw Worm","floor":1.0,"turns":2.0},{"damage":8.0,"enemies":"Small Slimes","floor":3.0,"turns":3.0},{"damage":8.0,"enemies":"2 Louse","floor":4.0,"turns":3.0},{"damage":0.0,"enemies":"Blue Slaver","floor":5.0,"turns":3.0},{"damage":22.0,"enemies":"3 Louse","floor":7.0,"turns":6.0},{"damage":34.0,"enemies":"3 Sentries","floor":8.0,"turns":10.0},{"damage":18.0,"enemies":"2 Fungi Beasts","floor":11.0,"turns":4.0},{"damage":10.0,"enemies":"Lagavulin","floor":12.0,"turns":6.0},{"damage":22.0,"enemies":"Large Slime","floor":14.0,"turns":5.0},{"damage":4.0,"enemies":"The Guardian","floor":16.0,"turns":9.0},{"damage":24.0,"enemies":"Shell Parasite","floor":18.0,"turns":4.0},{"damage":16.0,"enemies":"3 Byrds","floor":19.0,"turns":4.0},{"damage":29.0,"enemies":"Shelled Parasite and Fungi","floor":20.0,"turns":4.0},{"damage":4.0,"enemies":"Snecko","floor":22.0,"turns":3.0},{"damage":53.0,"enemies":"Book of Stabbing","floor":24.0,"turns":8.0},{"damage":57.0,"enemies":"3 Cultists","floor":25.0,"turns":6.0},{"damage":14.0,"enemies":"Colosseum Slavers","floor":28.0,"turns":5.0},{"damage":4.0,"enemies":"Colosseum Nobs","floor":28.0,"turns":5.0},{"damage":69.0,"enemies":"Snake Plant","floor":30.0,"turns":6.0},{"damage":12,"enemies":"Snecko","floor":31,"turns":4},{"damage":79,"enemies":"Automaton","floor":33,"turns":10},{"damage":31,"enemies":"3 Darklings","floor":35,"turns":6},{"damage":46,"enemies":"3 Shapes","floor":37,"turns":4},{"damage":9,"enemies":"Writhing Mass","floor":39,"turns":5},{"damage":37,"enemies":"Reptomancer","floor":40,"turns":6},{"damage":11,"enemies":"2 Orb Walkers","floor":41,"turns":3},{"damage":12,"enemies":"Giant Head","floor":42,"turns":5},{"damage":21,"enemies":"Jaw Worm Horde","floor":46,"turns":4},{"damage":6,"enemies":"3 Darklings","floor":48,"turns":2},{"damage":24,"enemies":"Awakened One","floor":50,"turns":8}],"seed_played":"-3122950939415095514","potions_obtained":[{"floor":5.0,"key":"FearPotion"},{"floor":7.0,"key":"Regen Potion"},{"floor":24.0,"key":"Fruit Juice"},{"floor":25.0,"key":"Fire Potion"},{"floor":31,"key":"ColorlessPotion"},{"floor":41,"key":"Fruit Juice"},{"floor":46,"key":"Fruit Juice"}],"is_trial":false,"path_per_floor":["M","?","M","M","M","R","M","E","T","R","M","E","?","M","R","B",null,"M","M","M","$","M","R","E","M","T","R","?","R","M","M","R","B",null,"M","$","M","?","M","E","?","E","T","?","R","M","?","M","R","B",null,null],"character_chosen":"Angela","items_purchased":["Ccalipers","GreenStem","FairyPotion","SecretRecord","Boot"],"campfire_rested":0,"item_purchase_floors":[21,21,21,36,36],"current_hp_per_floor":[67,67,74,76,80,80,90,89,89,89,71,61,61,61,61,68,104,91,101,1,1,18,18,43,61,61,61,108,108,136,155,155,196,196,200,200,154,154,177,205,222,228,228,228,228,238,228,243,243,239,239],"gold":270,"neow_bonus":"RANDOM_COLORLESS","is_daily":false,"chose_seed":false,"campfire_upgraded":3,"win_rate":0.0,"timestamp":1610090393,"path_taken":["M","?","M","M","M","R","M","E","T","R","M","E","?","M","R","BOSS","M","M","M","$","M","R","E","M","T","R","?","R","M","M","R","BOSS","M","$","M","?","M","E","?","E","T","?","R","M","?","M","R","BOSS"],"items_purchased_type":["Relic","Card","Potion","Relic","Relic"],"build_version":"2020-12-22","purchased_purges":2,"victory":true,"max_hp_per_floor":[73,73,75,77,80,80,92,104,104,104,104,104,104,112,112,116,116,120,139,147,147,151,151,151,168,168,168,180,180,188,192,192,196,196,200,200,213,213,218,218,223,228,228,228,228,238,238,243,243,243,243],"card_choices":[{"not_picked":["Dramatic Entrance","PanicButton"],"picked":"Impatience","floor":0.0},{"not_picked":["GreenStem","Tough"],"picked":"SKIP","floor":1.0},{"not_picked":["CherryBlossom","Noise"],"picked":"SKIP","floor":3.0},{"not_picked":["GreenStem","Laetitia_ego"],"picked":"SKIP","floor":4.0},{"not_picked":["Loneliness"],"picked":"WristCuter","floor":5.0},{"not_picked":["Bloodbath","LittlePrince"],"picked":"MHz","floor":7.0},{"not_picked":["FourthMatchFlame","Regret_ego"],"picked":"SKIP","floor":7.0},{"not_picked":["Scorched","Laetitia"],"picked":"RedShoes","floor":8.0},{"not_picked":["Tough","Noise+1"],"picked":"SKIP","floor":8.0},{"not_picked":["FourthMatchFlame"],"picked":"GoldRush","floor":11.0},{"not_picked":["ShedSkin+1","Penitence+1"],"picked":"SKIP","floor":12.0},{"not_picked":["WristCuter","Amita+1"],"picked":"SKIP","floor":14.0},{"not_picked":["Laetitia_ego+1","MagicBullet"],"picked":"SKIP","floor":18.0},{"not_picked":["RedEyes+1","Noise+1"],"picked":"SKIP","floor":19.0},{"not_picked":["CrimsonScar"],"picked":"Diffraction+1","floor":20.0},{"not_picked":["GreenStem","Loneliness+1"],"picked":"SKIP","floor":22.0},{"not_picked":["CherryBlossom","Justitia"],"picked":"SKIP","floor":24.0},{"not_picked":["InTheNameOfLoveAndHate+1","SomewhereSpear+1"],"picked":"SKIP","floor":25.0},{"not_picked":["Laetitia_ego+1","ShedSkin+1"],"picked":"SKIP","floor":30.0},{"not_picked":["Wingbeat+1","Harmony"],"picked":"SKIP","floor":31},{"not_picked":["TodaysExpression+1","Discord"],"picked":"SKIP","floor":31},{"not_picked":["TodaysExpression+1"],"picked":"Discord","floor":31},{"not_picked":["Wingbeat+1","Harmony"],"picked":"SKIP","floor":31},{"not_picked":["Pinks+1"],"picked":"Adoration+1","floor":33},{"not_picked":["ParadiseLost"],"picked":"CENSORED_ego+1","floor":33},{"not_picked":["Noise+1","MagicBullet"],"picked":"SKIP","floor":35},{"not_picked":["Amita+1","RapturousDream+1"],"picked":"SKIP","floor":35},{"not_picked":["CherryBlossom+1","LifeForTheDareDevil"],"picked":"SKIP","floor":37},{"not_picked":["Horn","Hornet"],"picked":"SKIP","floor":37},{"not_picked":["Beak","Horn"],"picked":"SKIP","floor":39},{"not_picked":["RapturousDream+1","TodaysExpression+1"],"picked":"SKIP","floor":39},{"not_picked":["FeatherOfHonor","GrinderMk4+1"],"picked":"SKIP","floor":40},{"not_picked":["Ecstasy+1","TodaysExpression+1"],"picked":"SKIP","floor":40},{"not_picked":["SilentOrchestra","QueenBee"],"picked":"BlueStar","floor":41},{"not_picked":["Tough","CrimsonScar"],"picked":"SKIP","floor":42},{"not_picked":["TheSmile+1","Amita+1","CherryBlossom+1"],"picked":"SKIP","floor":46},{"not_picked":["Bandage Up+1","Violence+1"],"picked":"Finesse+1","floor":47},{"not_picked":["Bandage Up+1","Swift Strike"],"picked":"Finesse+1","floor":47},{"not_picked":["Mercenary","Yin","QueenOfHatred"],"picked":"Singing Bowl","floor":48},{"not_picked":["QueenBee","BodiesMountain"],"picked":"GreedKing","floor":48},{"not_picked":["WristCuter+1","Harvest+1","Mimicry"],"picked":"SKIP","floor":48}],"player_experience":476934,"relics_obtained":[{"floor":1.0,"key":"LetterFromLob"},{"floor":1.0,"key":"Baka"},{"floor":8.0,"key":"Toxic Egg 2"},{"floor":24.0,"key":"Art of War"},{"floor":26.0,"key":"Du-Vu Doll"},{"floor":28.0,"key":"CaptainsWheel"},{"floor":28.0,"key":"StrikeDummy"},{"floor":30.0,"key":"AtMidnight"},{"floor":40,"key":"Bronze Scales"},{"floor":41,"key":"Peace Pipe"},{"floor":42,"key":"GodSword5"},{"floor":43,"key":"Bag of Preparation"}],"event_choices":[{"cards_removed":["SpecialBullet"],"damage_healed":0.0,"max_hp_gain":0.0,"max_hp_loss":0.0,"gold_gain":0.0,"event_name":"The Cleric","player_choice":"Card Removal","floor":2.0,"gold_loss":50.0,"damage_taken":0.0},{"damage_healed":0.0,"max_hp_gain":0.0,"max_hp_loss":0.0,"gold_gain":0.0,"event_name":"Colosseum","player_choice":"Fight","floor":28.0,"gold_loss":0.0,"damage_taken":0.0},{"damage_healed":0.0,"max_hp_gain":0.0,"max_hp_loss":0.0,"gold_gain":0.0,"event_name":"Colosseum","player_choice":"Fought Nobs","floor":28.0,"gold_loss":0.0,"damage_taken":0.0},{"damage_healed":0,"gold_gain":0,"player_choice":"Paid","damage_taken":0,"relics_obtained":["Red Mask"],"max_hp_gain":0,"max_hp_loss":0,"event_name":"Tomb of Lord Red Mask","floor":38,"gold_loss":95},{"damage_healed":0,"gold_gain":0,"player_choice":"Fight","damage_taken":0,"max_hp_gain":0,"max_hp_loss":0,"event_name":"Mysterious Sphere","floor":41,"gold_loss":0},{"cards_removed":["Discord"],"damage_healed":0,"gold_gain":0,"player_choice":"Removed Power","damage_taken":0,"max_hp_gain":0,"max_hp_loss":0,"event_name":"Falling","floor":44,"gold_loss":0},{"damage_healed":0,"gold_gain":0,"player_choice":"Memory 3","damage_taken":10,"max_hp_gain":0,"max_hp_loss":0,"event_name":"SensoryStone","floor":47,"gold_loss":0}],"is_beta":false,"boss_relics":[{"not_picked":["Snecko Eye","Calling Bell"],"picked":"Astrolabe"},{"not_picked":["Fusion Hammer","REME_DemonsWealth"],"picked":"Coffee Dripper"}],"items_purged_floors":[21,36],"is_endless":false,"potions_floor_spawned":[5,7,11,14,19,24,25,31,40,41,46],"ascension_level":11}}