{"host":"t7mx8yfj1no5p62f","time":1610149945,"event":{"mods":["BaseMod","Colored Map","Colored Powertips","Minty Spire (QoL Compilation)","Relic Stats","StSLib"],"gold_per_floor":[118,136,147,147,147,147,174,174,201,240,54,54,1,15,15,101,101,112,136,160,186,231,231,231,231,258,258,293,293,302,320,320,320,320],"floor_reached":33,"playtime":1118,"items_purged":["Strike_R"],"score":571,"play_id":"a861cb40-4fc4-4a0e-9195-feab56b3f0db","local_time":"20210108185225","is_ascension_mode":true,"campfire_choices":[{"data":"True Grit","floor":6,"key":"SMITH"},{"data":"Cleave","floor":8,"key":"SMITH"},{"data":"Carnage","floor":12,"key":"SMITH"},{"data":"Rage","floor":15,"key":"SMITH"},{"data":"Inflame","floor":23,"key":"SMITH"},{"data":"Inflame","floor":25,"key":"SMITH"},{"floor":27,"key":"REST"},{"data":"Bash","floor":32,"key":"SMITH"}],"circlet_count":0,"master_deck":["AscendersBane","Defend_R","Defend_R","Defend_R","Bash+1","Twin Strike+1","Cleave+1","True Grit+1","Iron Wave","Carnage+1","Rage+1","Inflame+1","Reaper","Ghostly Armor","Intimidate","Inflame+1","Bite","Bite","Bite","Bite","Bite","Pain"],"relics":["Burning Blood","Ancient Tea Set","CeramicFish","Velvet Choker","Bag of Marbles","Mango","WarpedTongs"],"acts_visited":["Exordium","TheCity"],"potions_floor_usage":[7,10,16,21,28,33],"damage_taken":[{"damage":6,"enemies":"Jaw Worm","floor":1,"turns":8},{"damage":1,"enemies":"2 Louse","floor":2,"turns":3},{"damage":1,"enemies":"Small Slimes","floor":3,"turns":3},{"damage":23,"enemies":"Lagavulin","floor":7,"turns":7},{"damage":18,"enemies":"3 Sentries","floor":10,"turns":7},{"damage":0,"enemies":"2 Fungi Beasts","floor":14,"turns":2},{"damage":17,"enemies":"The Guardian","floor":16,"turns":13},{"damage":21,"enemies":"Chosen","floor":18,"turns":5},{"damage":18,"enemies":"Shell Parasite","floor":19,"turns":5},{"damage":29,"enemies":"Snake Plant","floor":20,"turns":3},{"damage":28,"enemies":"Shelled Parasite and Fungi","floor":21,"turns":6},{"damage":2,"enemies":"Slavers","floor":28,"turns":3},{"damage":36,"enemies":"Centurion and Healer","floor":31,"turns":19},{"damage":180,"enemies":"Automaton","floor":33,"turns":12}],"seed_played":"6894166704800920664","potions_obtained":[{"floor":3,"key":"BlessingOfTheForge"},{"floor":7,"key":"ColorlessPotion"},{"floor":14,"key":"LiquidBronze"},{"floor":16,"key":"FearPotion"},{"floor":21,"key":"AttackPotion"},{"floor":31,"key":"LiquidBronze"}],"is_trial":false,"path_per_floor":["M","M","M","?","?","R","E","R","T","E","$","R","$","M","R","B",null,"M","M","M","M","?","R","?","R","T","R","E","?","?","M","R","B"],"character_chosen":"IRONCLAD","items_purchased":["Rage","Inflame","Dexterity Potion"],"campfire_rested":1,"item_purchase_floors":[11,11,13],"current_hp_per_floor":[50,55,60,60,53,53,36,36,36,24,24,24,24,32,32,23,62,55,45,33,19,19,19,19,19,19,41,89,63,63,94,94,0,0],"gold":320,"neow_bonus":"REMOVE_TWO","is_daily":false,"chose_seed":false,"campfire_upgraded":7,"win_rate":0.0,"timestamp":1610149945,"path_taken":["M","M","M","?","?","R","E","R","T","E","?","R","$","M","R","BOSS","M","M","M","M","?","R","?","R","T","R","E","?","?","M","R","BOSS"],"items_purchased_type":["Card","Card","Potion"],"build_version":"2020-12-22","purchased_purges":1,"victory":false,"max_hp_per_floor":[75,75,75,75,75,75,75,75,75,75,75,75,75,75,75,75,75,75,75,75,75,75,75,75,75,75,75,89,94,94,94,94,94,94],"relic_stats":{"counters":[14,96],"CeramicFish":117,"obtain_stats":[{"Blood Vial":10,"CeramicFish":9,"Velvet Choker":17,"Mango":28,"Bag of Marbles":26,"Ancient Tea Set":7,"Burning Blood":0,"WarpedTongs":30},{"Blood Vial":5,"CeramicFish":4,"Velvet Choker":7,"Mango":12,"Bag of Marbles":11,"Ancient Tea Set":4,"Burning Blood":0,"WarpedTongs":12},{"Blood Vial":28,"CeramicFish":21,"Velvet Choker":43,"Mango":65,"Bag of Marbles":62,"Ancient Tea Set":21,"Burning Blood":0,"WarpedTongs":65}],"Burning Blood":67,"WarpedTongs":[20]},"card_choices":[{"not_picked":["Warcry","Sword Boomerang"],"picked":"Twin Strike","floor":1},{"not_picked":["Shockwave","Flame Barrier"],"picked":"Cleave","floor":2},{"not_picked":["Clash","Sword Boomerang"],"picked":"True Grit","floor":3},{"not_picked":["Thunderclap","Headbutt"],"picked":"Iron Wave","floor":7},{"not_picked":["Reckless Charge","Searing Blow"],"picked":"Carnage","floor":10},{"not_picked":["Seeing Red","Brutality","Havoc"],"picked":"SKIP","floor":14},{"not_picked":["Bludgeon","Berserk"],"picked":"Reaper","floor":16},{"not_picked":["Wild Strike+1","True Grit","Evolve"],"picked":"SKIP","floor":18},{"not_picked":["Hemokinesis","Warcry"],"picked":"Ghostly Armor","floor":19},{"not_picked":["Bloodletting","Pommel Strike"],"picked":"Intimidate","floor":20},{"not_picked":["Inflame","Evolve+1","Second Wind"],"picked":"SKIP","floor":21},{"not_picked":["Evolve+1","Second Wind"],"picked":"Inflame","floor":21},{"not_picked":["Second Wind","Infernal Blade","Dropkick"],"picked":"SKIP","floor":28},{"not_picked":["Second Wind","Combust+1","Anger"],"picked":"SKIP","floor":31}],"player_experience":1689688,"relics_obtained":[{"floor":7,"key":"Ancient Tea Set"},{"floor":9,"key":"CeramicFish"},{"floor":10,"key":"Blood Vial"},{"floor":26,"key":"Bag of Marbles"},{"floor":28,"key":"Mango"}],"event_choices":[{"damage_healed":0,"gold_gain":0,"player_choice":"Grow","damage_taken":0,"max_hp_gain":0,"max_hp_loss":0,"event_name":"Living Wall","floor":4,"gold_loss":0,"cards_upgraded":["Twin Strike"]},{"cards_removed":["Defend_R"],"damage_healed":0,"gold_gain":0,"player_choice":"Card Removal","damage_taken":7,"max_hp_gain":0,"max_hp_loss":0,"event_name":"Golden Wing","floor":5,"gold_loss":0},{"damage_healed":0,"gold_gain":0,"player_choice":"Became a vampire (Vial)","damage_taken":0,"max_hp_gain":0,"max_hp_loss":0,"event_name":"Vampires","floor":22,"relics_lost":["Blood Vial"],"gold_loss":0,"cards_obtained":["Bite","Bite","Bite","Bite","Bite"]},{"damage_healed":0,"gold_gain":0,"player_choice":"Ignored","damage_taken":0,"max_hp_gain":0,"max_hp_loss":0,"event_name":"Cursed Tome","floor":24,"gold_loss":0},{"damage_healed":0,"gold_gain":0,"player_choice":"Shed Blood","damage_taken":31,"max_hp_gain":5,"max_hp_loss":0,"event_name":"Forgotten Altar","floor":29,"gold_loss":0},{"damage_healed":0,"gold_gain":0,"player_choice":"Rummage","damage_taken":0,"relics_obtained":["WarpedTongs"],"max_hp_gain":0,"max_hp_loss":0,"event_name":"Accursed Blacksmith","floor":30,"gold_loss":0,"cards_obtained":["Pain"]}],"is_beta":false,"boss_relics":[{"not_picked":["Runic Cube","Ectoplasm"],"picked":"Velvet Choker"}],"items_purged_floors":[11],"is_endless":false,"potions_floor_spawned":[3,7,14,16,18,21,31],"killed_by":"Automaton","ascension_level":20}}