{"host":"91blwi3hgehj6ch9","time":1610068476,"event":{"mods":["2.2 Compatiblity","AchievementEnabler","BaseMod","Colored Map","DeckTracker","Keyboard Shortcuts","Minty Spire (QoL Compilation)","Permanent Neow","Quick Restart","StSLib","SuperFastMode"],"gold_per_floor":[15,34,34,109,128,128,78,101,101,129,129,54,54,103,103,238,238,256,23,23,44,64,64,91,136,136,51,51,60,45,61,61,187,187,201,229,562,499,499,543,543,561,585,635,668,668,678,702,702,702],"floor_reached":51,"playtime":2710,"items_purged":["Strike_G","Bullet Time","Defend_G"],"score":1413,"play_id":"48c4428e-deba-473c-aa74-e638a02a3f7e","local_time":"20210108101436","is_ascension_mode":true,"campfire_choices":[{"data":"Tactician","floor":6.0,"key":"SMITH"},{"data":"Acrobatics","floor":11.0,"key":"SMITH"},{"data":"Flechettes","floor":13.0,"key":"SMITH"},{"data":"Calculated Gamble","floor":15.0,"key":"SMITH"},{"data":"Tactician","floor":23.0,"key":"SMITH"},{"data":"Envenom","floor":28,"key":"SMITH"},{"data":"Acrobatics","floor":32,"key":"SMITH"},{"data":"Concentrate","floor":41,"key":"SMITH"},{"data":"Footwork","floor":46,"key":"SMITH"},{"data":"Acrobatics","floor":49,"key":"SMITH"}],"circlet_count":0,"master_deck":["AscendersBane","Defend_G","Defend_G","Defend_G","Survivor","Neutralize","Tactician+1","Dagger Throw","Calculated Gamble+1","Flechettes+1","Acrobatics+1","Escape Plan","Envenom+1","Tactician+1","Footwork+1","Ghostly","Ghostly","Ghostly","Ghostly","Ghostly","Acrobatics+1","Acrobatics+1","Acrobatics+1","Concentrate+1","Acrobatics+1"],"relics":["Ring of the Snake","CeramicFish","StrikeDummy","Empty Cage","Membership Card","Letter Opener","Orichalcum","Philosopher\u0027s Stone","Boot","Anchor","Gambling Chip","Bag of Marbles"],"acts_visited":["Exordium","TheCity","TheBeyond"],"potions_floor_usage":[],"damage_taken":[{"damage":0.0,"enemies":"2 Louse","floor":1.0,"turns":4.0},{"damage":0.0,"enemies":"Cultist","floor":2.0,"turns":3.0},{"damage":0.0,"enemies":"Jaw Worm","floor":5.0,"turns":4.0},{"damage":5.0,"enemies":"Exordium Thugs","floor":8.0,"turns":8.0},{"damage":6.0,"enemies":"Red Slaver","floor":10.0,"turns":4.0},{"damage":4.0,"enemies":"Gremlin Nob","floor":14.0,"turns":4.0},{"damage":23.0,"enemies":"The Guardian","floor":16.0,"turns":19.0},{"damage":2.0,"enemies":"3 Byrds","floor":18.0,"turns":4.0},{"damage":0.0,"enemies":"Chosen","floor":21.0,"turns":3.0},{"damage":14.0,"enemies":"Snecko","floor":22.0,"turns":4.0},{"damage":9,"enemies":"Shelled Parasite and Fungi","floor":24,"turns":3},{"damage":0,"enemies":"Snake Plant","floor":31,"turns":4},{"damage":0,"enemies":"Champ","floor":33,"turns":3},{"damage":0,"enemies":"3 Darklings","floor":35,"turns":4},{"damage":0,"enemies":"Orb Walker","floor":36,"turns":3},{"damage":2,"enemies":"Reptomancer","floor":40,"turns":5},{"damage":0,"enemies":"Sphere and 2 Shapes","floor":42,"turns":2},{"damage":0,"enemies":"Mind Bloom Boss Battle","floor":44,"turns":5},{"damage":0,"enemies":"Giant Head","floor":45,"turns":2},{"damage":0,"enemies":"Writhing Mass","floor":47,"turns":1},{"damage":0,"enemies":"Jaw Worm Horde","floor":48,"turns":3},{"damage":0,"enemies":"Awakened One","floor":50,"turns":3}],"seed_played":"-1289478849441599678","potions_obtained":[{"floor":2.0,"key":"Dexterity Potion"},{"floor":8.0,"key":"BlessingOfTheForge"},{"floor":14.0,"key":"Energy Potion"},{"floor":22.0,"key":"EntropicBrew"},{"floor":31,"key":"Strength Potion"},{"floor":45,"key":"FairyPotion"}],"is_trial":false,"path_per_floor":["M","M","?","?","M","R","?","M","T","M","R","$","R","E","R","B",null,"M","$","?","M","M","R","M","?","T","?","R","?","$","M","R","B",null,"M","M","?","$","?","E","R","M","T","?","E","R","M","M","R","B",null],"character_chosen":"THE_SILENT","items_purchased":["Membership Card","Tactician","Acrobatics"],"campfire_rested":0,"item_purchase_floors":[19,19,30],"current_hp_per_floor":[63,63,46,39,39,39,39,34,34,28,28,28,28,24,24,1,53,51,51,51,51,37,37,28,28,28,28,28,28,28,28,28,28,33,33,33,33,33,33,31,31,31,31,31,31,31,31,31,31,31],"gold":702,"neow_bonus":"TRANSFORM_TWO_CARDS","is_daily":false,"chose_seed":false,"campfire_upgraded":10,"win_rate":0.0,"timestamp":1610068476,"path_taken":["M","M","?","?","?","R","?","M","T","M","R","?","R","E","R","BOSS","M","$","?","M","M","R","?","?","T","?","R","?","$","?","R","BOSS","M","M","?","$","?","E","R","M","T","?","E","R","?","M","R","BOSS"],"items_purchased_type":["Relic","Card","Card"],"build_version":"2020-12-22","purchased_purges":3,"victory":true,"max_hp_per_floor":[70,70,70,70,70,70,70,70,70,70,70,70,70,70,70,70,70,70,70,70,70,70,70,70,35,35,35,35,35,35,35,35,35,35,35,35,35,35,35,35,35,35,35,35,35,35,35,35,35,35],"card_choices":[{"not_picked":["Underhanded Strike","Backstab"],"picked":"Dagger Throw","floor":1.0},{"not_picked":["Cloak And Dagger","Slice"],"picked":"Calculated Gamble","floor":2.0},{"not_picked":["Poisoned Stab","Backflip"],"picked":"Flechettes","floor":5.0},{"not_picked":["Flying Knee","Predator"],"picked":"Quick Slash","floor":8.0},{"not_picked":["Blade Dance","Underhanded Strike"],"picked":"Acrobatics","floor":10.0},{"not_picked":["Terror","Cloak And Dagger"],"picked":"Escape Plan","floor":14.0},{"not_picked":["Burst","Storm of Steel"],"picked":"Envenom","floor":16.0},{"not_picked":["Poisoned Stab","Slice","Cloak And Dagger"],"picked":"SKIP","floor":18.0},{"not_picked":["All Out Attack","Blade Dance","Underhanded Strike"],"picked":"SKIP","floor":21.0},{"not_picked":["Sucker Punch","Choke","Noxious Fumes"],"picked":"SKIP","floor":22.0},{"not_picked":["Deflect","Setup"],"picked":"Footwork","floor":24},{"not_picked":["Dagger Spray","Finisher","Venomology"],"picked":"SKIP","floor":31},{"not_picked":["Deflect","Slice+1","Footwork+1"],"picked":"SKIP","floor":35},{"not_picked":["Cloak And Dagger+1","Dagger Throw+1"],"picked":"Acrobatics+1","floor":36},{"not_picked":["Backflip+1","Footwork+1"],"picked":"Concentrate","floor":40},{"not_picked":["Poisoned Stab","Footwork+1","Dagger Throw"],"picked":"SKIP","floor":42},{"not_picked":["Doppelganger","Bane","Dagger Spray+1"],"picked":"SKIP","floor":45},{"not_picked":["Skewer","Underhanded Strike","PiercingWail"],"picked":"SKIP","floor":47},{"not_picked":["Poisoned Stab+1","Cloak And Dagger"],"picked":"Acrobatics","floor":48}],"player_experience":120038,"relics_obtained":[{"floor":9.0,"key":"CeramicFish"},{"floor":14.0,"key":"StrikeDummy"},{"floor":26,"key":"Letter Opener"},{"floor":40,"key":"Boot"},{"floor":43,"key":"Anchor"},{"floor":44,"key":"Gambling Chip"},{"floor":45,"key":"Bag of Marbles"}],"event_choices":[{"damage_healed":0.0,"max_hp_gain":0.0,"max_hp_loss":0.0,"gold_gain":0.0,"event_name":"Golden Idol","player_choice":"Take Damage","floor":3.0,"gold_loss":0.0,"damage_taken":17.0,"relics_obtained":["Golden Idol"]},{"damage_healed":0.0,"max_hp_gain":0.0,"max_hp_loss":0.0,"gold_gain":75.0,"event_name":"FaceTrader","player_choice":"Touch","floor":4.0,"gold_loss":0.0,"damage_taken":7.0},{"cards_removed":["Strike_G"],"damage_healed":0.0,"max_hp_gain":0.0,"max_hp_loss":0.0,"gold_gain":0.0,"event_name":"The Cleric","player_choice":"Card Removal","floor":7.0,"gold_loss":50.0,"damage_taken":0.0},{"damage_healed":0.0,"max_hp_gain":0.0,"max_hp_loss":0.0,"gold_gain":0.0,"event_name":"WeMeetAgain","player_choice":"Ignored","floor":20.0,"gold_loss":0.0,"damage_taken":0.0},{"damage_healed":0,"gold_gain":0,"player_choice":"Became a Ghost","damage_taken":0,"max_hp_gain":0,"max_hp_loss":35,"event_name":"Ghosts","floor":25,"gold_loss":0,"cards_obtained":["Ghostly","Ghostly","Ghostly","Ghostly","Ghostly"]},{"damage_healed":0,"gold_gain":0,"player_choice":"Obtained Relic","damage_taken":0,"relics_obtained":["Orichalcum"],"max_hp_gain":0,"max_hp_loss":0,"event_name":"Addict","floor":27,"gold_loss":85},{"damage_healed":0,"gold_gain":0,"player_choice":"Copied","damage_taken":0,"max_hp_gain":0,"max_hp_loss":0,"event_name":"Duplicator","floor":29,"gold_loss":0,"cards_obtained":["Acrobatics"]},{"damage_healed":0,"gold_gain":333,"player_choice":"Gave Idol","damage_taken":0,"max_hp_gain":0,"max_hp_loss":0,"event_name":"The Moai Head","floor":37,"relics_lost":["Golden Idol"],"gold_loss":0},{"cards_removed":["Quick Slash"],"damage_healed":0,"gold_gain":0,"player_choice":"Removed Attack","damage_taken":0,"max_hp_gain":0,"max_hp_loss":0,"event_name":"Falling","floor":39,"gold_loss":0},{"damage_healed":0,"gold_gain":0,"player_choice":"Fight","damage_taken":0,"max_hp_gain":0,"max_hp_loss":0,"event_name":"MindBloom","floor":44,"gold_loss":0}],"is_beta":false,"boss_relics":[{"not_picked":["Coffee Dripper","Snecko Eye"],"picked":"Empty Cage"},{"not_picked":["Busted Crown","Runic Dome"],"picked":"Philosopher\u0027s Stone"}],"items_purged_floors":[12,19,38],"is_endless":false,"potions_floor_spawned":[2,8,14,22,31,33,42,45,48],"ascension_level":12}}