{"host":"j3h0p3l2xgzxhnx7","time":1610118658,"event":{"mods":["BaseMod","Luminous","Marisa????????","Minty Spire (QoL Compilation)","Remilia??????","StSLib","The Bug Knight","The Cursed","The Servant 0.9.4"],"gold_per_floor":[111,36,36,55,74,104,104,121,121,139,139,171,171,190,190,291,291,303,316,62,73,73,73,93,93,93],"floor_reached":25,"playtime":1022,"items_purged":["Strike_P"],"score":215,"play_id":"40fc3875-94a7-4a4d-a678-7b27adf1c7e7","local_time":"20210108231058","is_ascension_mode":false,"campfire_choices":[{"data":"Eruption","floor":7,"key":"SMITH"},{"data":"Wallop","floor":11,"key":"SMITH"},{"floor":15,"key":"REST"},{"floor":23,"key":"REST"}],"circlet_count":0,"master_deck":["Strike_P","Strike_P","Defend_P","Defend_P","Defend_P","Defend_P","Eruption+1","Vigilance","Evaluate","Wallop+1","BattleHymn","JustLucky","EmptyFist","WindmillStrike","Swivel","PathToVictory","Perseverance","Vault","Conclude+1","ThirdEye","PathToVictory","ReachHeaven"],"relics":["PureWater","NeowsBlessing","Pear","InkBottle","White Beast Statue","Shuriken","SlaversCollar","Ornamental Fan"],"acts_visited":["Exordium","TheCity"],"potions_floor_usage":[6,16,18,21,21,24,25],"damage_taken":[{"damage":0,"enemies":"Cultist","floor":1,"turns":1},{"damage":0,"enemies":"Small Slimes","floor":4,"turns":2},{"damage":0,"enemies":"Jaw Worm","floor":5,"turns":1},{"damage":18,"enemies":"Lagavulin","floor":6,"turns":10},{"damage":12,"enemies":"Lots of Slimes","floor":8,"turns":5},{"damage":0,"enemies":"Looter","floor":10,"turns":4},{"damage":5,"enemies":"3 Sentries","floor":12,"turns":5},{"damage":6,"enemies":"Blue Slaver","floor":14,"turns":4},{"damage":58,"enemies":"The Guardian","floor":16,"turns":7},{"damage":9,"enemies":"2 Thieves","floor":18,"turns":3},{"damage":30,"enemies":"3 Byrds","floor":19,"turns":4},{"damage":45,"enemies":"Sentry and Sphere","floor":21,"turns":6},{"damage":37,"enemies":"Snake Plant","floor":24,"turns":3},{"damage":31,"enemies":"Chosen and Byrds","floor":25,"turns":6}],"seed_played":"5653706374889480651","potions_obtained":[{"floor":4,"key":"Block Potion"},{"floor":8,"key":"Ancient Potion"},{"floor":10,"key":"StancePotion"},{"floor":12,"key":"FairyPotion"},{"floor":14,"key":"FairyPotion"},{"floor":16,"key":"Regen Potion"},{"floor":18,"key":"Swift Potion"},{"floor":19,"key":"BottledMiracle"},{"floor":21,"key":"Fire Potion"},{"floor":24,"key":"Explosive Potion"}],"is_trial":false,"path_per_floor":["M","$","?","M","M","E","R","M","T","M","R","E","?","M","R","B",null,"M","M","$","M","?","R","M","M"],"character_chosen":"WATCHER","items_purchased":["Ornamental Fan"],"campfire_rested":2,"item_purchase_floors":[20],"current_hp_per_floor":[72,72,70,70,70,52,52,40,40,40,40,35,35,29,53,21,82,78,48,48,3,3,27,24,0,0],"gold":93,"neow_bonus":"THREE_ENEMY_KILL","is_daily":false,"chose_seed":false,"campfire_upgraded":2,"win_rate":0.0,"timestamp":1610118658,"path_taken":["M","?","?","M","M","E","R","M","T","M","R","E","?","M","R","BOSS","M","M","?","M","?","R","M","M"],"items_purchased_type":["Relic"],"build_version":"2020-12-22","purchased_purges":1,"victory":false,"max_hp_per_floor":[72,72,82,82,82,82,82,82,82,82,82,82,82,82,82,82,82,82,82,82,82,82,82,82,82,82],"card_choices":[{"not_picked":["EmptyFist","ClearTheMind"],"picked":"Evaluate","floor":1},{"not_picked":["PathToVictory","Protect"],"picked":"Wallop","floor":4},{"not_picked":["Protect","Brilliance"],"picked":"BattleHymn","floor":5},{"not_picked":["CrushJoints","FlyingSleeves"],"picked":"JustLucky","floor":6},{"not_picked":["Evaluate","EmptyBody"],"picked":"EmptyFist","floor":8},{"not_picked":["Study","EmptyFist"],"picked":"WindmillStrike","floor":10},{"not_picked":["Fasting2","EmptyBody"],"picked":"Swivel","floor":12},{"not_picked":["FlyingSleeves","Sanctity"],"picked":"Perseverance","floor":14},{"not_picked":["Ragnarok","Brilliance"],"picked":"Vault","floor":16},{"not_picked":["Consecrate","Evaluate"],"picked":"Conclude","floor":18},{"not_picked":["Crescendo","BattleHymn"],"picked":"ThirdEye","floor":19},{"not_picked":["Tantrum","ClearTheMind"],"picked":"PathToVictory","floor":21},{"not_picked":["Worship","EmptyFist"],"picked":"ReachHeaven","floor":24}],"player_experience":112193,"relics_obtained":[{"floor":6,"key":"InkBottle"},{"floor":9,"key":"White Beast Statue"},{"floor":12,"key":"Shuriken"}],"event_choices":[{"damage_healed":0,"gold_gain":0,"player_choice":"Success","damage_taken":12,"relics_obtained":["Pear"],"max_hp_gain":0,"max_hp_loss":0,"event_name":"Scrap Ooze","floor":3,"gold_loss":0},{"damage_healed":0,"gold_gain":0,"cards_transformed":["Strike_P"],"player_choice":"Transformed","damage_taken":0,"max_hp_gain":0,"max_hp_loss":0,"event_name":"Transmorgrifier","floor":13,"gold_loss":0,"cards_obtained":["PathToVictory"]},{"damage_healed":0,"gold_gain":0,"player_choice":"Forge","damage_taken":0,"max_hp_gain":0,"max_hp_loss":0,"event_name":"Accursed Blacksmith","floor":22,"gold_loss":0,"cards_upgraded":["Conclude"]}],"is_beta":false,"boss_relics":[{"not_picked":["Coffee Dripper","HolyWater"],"picked":"SlaversCollar"}],"items_purged_floors":[2],"is_endless":false,"potions_floor_spawned":[4,8,10,12,14,16,18,19,21,24],"killed_by":"Chosen and Byrds","ascension_level":0}}