{"host":"cbabs5wvj1yqiyjm","time":1610066404,"event":{"mods":["AchievementEnabler","Act Like it!","Bartender","BaseMod","Bestiary","Better Third Choice","BetterRewards","Colored Powertips","Downfall","Friendly Minions","Hallownest","Hermit","Infinite Spire","Kratos Character Expansion","Marisa????????","Minty Spire (QoL Compilation)","Rare Cards Sparkle","Replay The Spire","SOS???????","Spicy Shops","StSLib","Td1madao Mod","The Bladedancer","The Bug Knight","The Cursed","The Disciple","The Forsaken","The Marked","The Necromancer","The Servant 0.9.4","Wandering Minibosses","???Mod??????Boss"],"gold_per_floor":[111,121,121,133,150,150,169,169,169,169,169,169,183,5,18,18,18,115,115,69,88,88,88,88,88,29,29,77,77,103,103,112,132,132,215,215,218,218,218,218,218,213,213],"floor_reached":42,"playtime":3666,"items_purged":[],"score":388,"play_id":"446045f1-cb29-470d-a683-b3ee00b4a8da","local_time":"20210107194004","is_ascension_mode":false,"campfire_choices":[{"floor":6,"key":"REST"},{"floor":10,"key":"REST"},{"data":"Training_Dummy","floor":12,"key":"SMITH"},{"data":"Step_Of_The_Wind","floor":17,"key":"SMITH"},{"floor":25,"key":"REST"},{"floor":27,"key":"REST"},{"floor":29,"key":"REST"}],"circlet_count":0,"master_deck":["Strike_Bartender","Strike_Bartender","Strike_Bartender","Defend_Bartender","Defend_Bartender","Defend_Bartender","Defend_Bartender","Somersault","Combo_Master","Bitters","Blizzard_Spikes","Coeurl_Form","Training_Dummy+1","Fading_Blow","Power_Up_Punch","Cross","Step_Of_The_Wind+1","Breathe_Deep","Bitters+1","Surge","Step_Of_The_Wind+1","Insight_B","Hallownest:curseDreamersLament","Fading_Blow","Dart","Dragonkick","Dolphin_Blow","Insight_B+1","expansioncontent:Torchfire","Bitters"],"relics":["Sneakers","Darkstone Periapt","ClockworkSouvenir","SlaversCollar","CaptainsWheel","Toy Ornithopter","Protect_Vest","Black Star"],"acts_visited":["Exordium","TheCity","TheBeyond"],"potions_floor_usage":[13,18,21,35,35],"damage_taken":[{"damage":10,"enemies":"Small Slimes","floor":1,"turns":5},{"damage":1,"enemies":"Jaw Worm","floor":2,"turns":4},{"damage":0,"enemies":"2 Louse","floor":4,"turns":3},{"damage":0,"enemies":"Blue Slaver","floor":5,"turns":5},{"damage":24,"enemies":"Lots of Slimes","floor":7,"turns":3},{"damage":4,"enemies":"Exordium Thugs","floor":13,"turns":3},{"damage":0,"enemies":"Looter","floor":15,"turns":4},{"damage":51,"enemies":"The Guardian","floor":18,"turns":11},{"damage":3,"enemies":"Shell Parasite","floor":20,"turns":7},{"damage":8,"enemies":"2 Thieves","floor":21,"turns":4},{"damage":30,"enemies":"Chosen and Byrds","floor":26,"turns":9},{"damage":3,"enemies":"Cultist and Chosen","floor":32,"turns":8},{"damage":4,"enemies":"Centurion and Healer","floor":33,"turns":7},{"damage":42,"enemies":"Champ","floor":35,"turns":16},{"damage":50,"enemies":"3 Darklings","floor":37,"turns":12},{"damage":35,"enemies":"3 Shapes","floor":41,"turns":12},{"damage":34,"enemies":"Nightmare","floor":42,"turns":7}],"seed_played":"438303657133126543","potions_obtained":[{"floor":2,"key":"Dexterity Potion"},{"floor":4,"key":"LiquidMemories"},{"floor":5,"key":"sneckomod:MuddlingPotion"},{"floor":20,"key":"ColorlessPotion"},{"floor":26,"key":"Weak Potion"},{"floor":35,"key":"LiquidMemories"},{"floor":37,"key":"AttackPotion"},{"floor":41,"key":"SpeedPotion"}],"is_trial":false,"path_per_floor":["M","M","?","M","M","R","M","PTL","PTL","R","T","R","M","$","M","?","R","B",null,"M","M","AVR","?","?","R","M","R","T","R","T","?","M","M","R","B",null,"M","?","?","?","M","NM"],"character_chosen":"BARTENDER","items_purchased":["ClockworkSouvenir","Cross"],"campfire_rested":5,"item_purchase_floors":[14,14],"current_hp_per_floor":[60,59,59,59,59,70,46,46,46,67,67,67,63,63,63,63,63,12,70,67,59,59,59,59,70,40,61,61,70,70,76,73,69,69,37,76,26,26,66,66,31,0,0],"gold":213,"neow_bonus":"ONE_RANDOM_RARE_CARD","is_daily":false,"chose_seed":false,"campfire_upgraded":2,"win_rate":0.0,"timestamp":1610066404,"path_taken":["M","M","?","M","M","R","M","PTL","PTL","R","T","R","M","$","M","?","R","BOSS","M","M","AVR","?","?","R","?","R","T","R","?","?","?","M","R","BOSS","M","?","?","?","M","NM"],"items_purchased_type":["Relic","Card"],"build_version":"2020-12-22","purchased_purges":0,"victory":false,"max_hp_per_floor":[70,70,70,70,70,70,70,70,70,70,70,70,70,70,70,70,70,70,70,70,70,70,70,70,70,70,70,70,70,70,76,76,76,76,76,76,76,76,66,66,66,66,66],"card_choices":[{"not_picked":["Axe_Heel_Kick","Hook"],"picked":"Bitters","floor":1},{"not_picked":["Bouncer","Stick_and_Move"],"picked":"Blizzard_Spikes","floor":2},{"not_picked":["Elbow_Slash","Feint"],"picked":"Coeurl_Form","floor":4},{"not_picked":["Meditate","Elbow_Slash"],"picked":"Training_Dummy","floor":5},{"not_picked":["Press_Forward","Phantom_Blow"],"picked":"Fading_Blow","floor":7},{"not_picked":["Scowl","Press_Forward"],"picked":"Power_Up_Punch","floor":13},{"not_picked":["Vortex","High_Tide"],"picked":"Step_Of_The_Wind","floor":15},{"not_picked":["Moonsault_Kick","Form_Shift"],"picked":"Breathe_Deep","floor":18},{"not_picked":["Free_Pour","Hook"],"picked":"Bitters+1","floor":20},{"not_picked":["Dancing_Jab+1","Meteodrive"],"picked":"Surge","floor":21},{"not_picked":["Scowl+1","With_A_Twist"],"picked":"Insight_B","floor":26},{"not_picked":["With_A_Twist","Pony_Shot"],"picked":"Fading_Blow","floor":32},{"not_picked":["Pony_Shot+1","Stick_and_Move"],"picked":"Dart","floor":33},{"not_picked":["Combo_Master","High_Tide"],"picked":"Dolphin_Blow","floor":35},{"not_picked":["Snap_Punch+1","Alacrity"],"picked":"Insight_B+1","floor":37},{"not_picked":["Violence","Replay:SS_fish_2"],"picked":"expansioncontent:Torchfire","floor":38},{"not_picked":["Press_Forward","Stick_and_Move"],"picked":"Bitters","floor":41}],"player_experience":64121,"relics_obtained":[{"floor":11,"key":"Darkstone Periapt"},{"floor":28,"key":"Toy Ornithopter"},{"floor":30,"key":"Protect_Vest"}],"event_choices":[{"damage_healed":0,"gold_gain":0,"player_choice":"Ignored","damage_taken":0,"max_hp_gain":0,"max_hp_loss":0,"event_name":"Golden Wing","floor":3,"gold_loss":0},{"damage_healed":0,"gold_gain":1,"player_choice":"LEAVE","damage_taken":0,"max_hp_gain":0,"max_hp_loss":0,"event_name":"betterThird:BetterScrap","floor":16,"gold_loss":0,"cards_obtained":["EmptyMind"]},{"damage_healed":0,"gold_gain":0,"player_choice":"Ignored","damage_taken":0,"max_hp_gain":0,"max_hp_loss":0,"event_name":"Ghosts","floor":23,"gold_loss":0},{"damage_healed":0,"gold_gain":0,"player_choice":"Copied","damage_taken":0,"max_hp_gain":0,"max_hp_loss":0,"event_name":"Duplicator","floor":24,"gold_loss":0,"cards_obtained":["Step_Of_The_Wind"]},{"damage_healed":0,"gold_gain":0,"player_choice":"1 cards matched","damage_taken":0,"max_hp_gain":0,"max_hp_loss":0,"event_name":"Match and Keep!","floor":31,"gold_loss":0,"cards_obtained":["Hallownest:curseDreamersLament"]},{"damage_healed":0,"gold_gain":0,"player_choice":"Memory 1","damage_taken":0,"max_hp_gain":0,"max_hp_loss":0,"event_name":"SensoryStone","floor":38,"gold_loss":0},{"damage_healed":66,"gold_gain":0,"player_choice":"Heal","damage_taken":0,"max_hp_gain":0,"max_hp_loss":10,"event_name":"The Moai Head","floor":39,"gold_loss":0}],"is_beta":false,"boss_relics":[{"not_picked":["Painkiller Herb","Replay:Bronze Core"],"picked":"SlaversCollar"},{"not_picked":["Replay:Wanted Poster","Cursed Key"],"picked":"Black Star"}],"items_purged_floors":[],"is_endless":false,"potions_floor_spawned":[2,4,5,20,26,35,37,41],"killed_by":"Nightmare","ascension_level":0}}