{"host":"7fcga3m8dzp08ol0","time":1610064268,"event":{"mods":["100% Spire Juice","2.2 Compatiblity","Act Like it!","BaseMod","Better Third Choice","Block Reminder","Colored Map","Colored Powertips","DeckTracker","Energized Spire","Force Act Four","Gensokyo","GifTheSpireLib","Gold Saver","GungeonMod","Hermit","Infinite Spire","Jedi Mod","Minty Spire (QoL Compilation)","Permanent Neow","Rare Cards Sparkle","Relic Stats","Replay The Spire","Shop Mod","StSLib","Stuff the Spire","The Blue Laboratory","The Bug Knight","The Cursed","The Hierophant","The Servant 0.9.4","Unceasing Turn Reminder","Unknown Chances","UnlockEverythingMod"],"gold_per_floor":[117,117,11,26,26,60,80,107,131,131,131],"floor_reached":10,"playtime":1172,"items_purged":[],"score":70,"play_id":"34449197-f760-426d-9e40-51d934e75dcf","local_time":"20210107160428","is_ascension_mode":false,"campfire_choices":[],"circlet_count":0,"master_deck":["Moonworks:Strike","Moonworks:Strike","Moonworks:Strike","Moonworks:Strike","Moonworks:Defend","Moonworks:Defend","Moonworks:Defend","Moonworks:Defend","Moonworks:Ambush","Moonworks:LongDistanceShot","Moonworks:EvilSpyWorkPreparation","Moonworks:ImOnFire","Moonworks:Assault","Moonworks:SakisCookie","Moonworks:DevilHand","Moonworks:DevilHand"],"relics":["Moonworks:BrokenBomb","Moonworks:Homemark","CeramicFish","Gremlin Food"],"acts_visited":["Exordium"],"potions_floor_usage":[6,6,7,10,10],"damage_taken":[{"damage":0,"enemies":"Small Slimes","floor":1,"turns":4},{"damage":1,"enemies":"Cultist","floor":3,"turns":3},{"damage":0,"enemies":"2 Louse","floor":4,"turns":2},{"damage":50,"enemies":"Lagavulin","floor":6,"turns":3},{"damage":7,"enemies":"Exordium Thugs","floor":7,"turns":4},{"damage":0,"enemies":"3 Louse","floor":8,"turns":2},{"damage":15,"enemies":"Replay:BlueRogue","floor":10,"turns":3}],"seed_played":"1735104367800812123","potions_obtained":[{"floor":3,"key":"blueLaboratory:HorrorPotion"},{"floor":5,"key":"Cursed Concoction"},{"floor":5,"key":"Moonworks:OneHundredPercentOrangeJuicePotion"},{"floor":6,"key":"FearPotion"},{"floor":7,"key":"FearPotion"}],"is_trial":false,"path_per_floor":["M","?","M","M","?","E","M","M","T","E"],"character_chosen":"THE_STARBREAKER","items_purchased":[],"campfire_rested":0,"item_purchase_floors":[],"current_hp_per_floor":[66,66,65,65,65,15,10,10,10,0,0],"gold":131,"neow_bonus":"TEN_PERCENT_HP_BONUS","is_daily":false,"chose_seed":false,"campfire_upgraded":0,"win_rate":0.0,"timestamp":1610064268,"path_taken":["M","?","M","M","?","E","M","M","T","E"],"items_purchased_type":[],"build_version":"2020-12-22","purchased_purges":0,"victory":false,"max_hp_per_floor":[66,66,66,66,66,66,66,66,66,66,66],"relic_stats":{"counters":[7,21],"CeramicFish":27,"obtain_stats":[{"Gremlin Food":9,"Moonworks:Homemark":0,"CeramicFish":6,"DemoMod:GlassGuonStoneRelic":3,"Moonworks:BrokenBomb":0},{"Gremlin Food":6,"Moonworks:Homemark":0,"CeramicFish":4,"DemoMod:GlassGuonStoneRelic":2,"Moonworks:BrokenBomb":0},{"Gremlin Food":18,"Moonworks:Homemark":0,"CeramicFish":12,"DemoMod:GlassGuonStoneRelic":7,"Moonworks:BrokenBomb":0}]},"card_choices":[{"not_picked":["Moonworks:JonathanRush","Moonworks:NicePresent"],"picked":"Moonworks:EvilSpyWorkPreparation","floor":1},{"not_picked":["Moonworks:JonathanRush","Moonworks:FinalSurgery"],"picked":"Moonworks:ImOnFire","floor":3},{"not_picked":["Moonworks:Dinner","Moonworks:MiracleRedBeanIceCream"],"picked":"Moonworks:Assault","floor":4},{"not_picked":["Moonworks:BigMagnum","Moonworks:WindyEnchantment"],"picked":"Moonworks:SakisCookie","floor":6},{"not_picked":["Moonworks:StarBlastingFuse","Moonworks:LulusLuckyEgg"],"picked":"Moonworks:DevilHand","floor":7},{"not_picked":["Moonworks:ReproductionOfRecords","Moonworks:CloudOfSeagulls"],"picked":"Moonworks:DevilHand","floor":8}],"player_experience":434319,"relics_obtained":[{"floor":6,"key":"CeramicFish"},{"floor":9,"key":"Gremlin Food"}],"event_choices":[{"damage_healed":0,"gold_gain":0,"player_choice":"Got Potions","damage_taken":0,"max_hp_gain":0,"max_hp_loss":0,"event_name":"Lab","floor":5,"gold_loss":0}],"is_beta":false,"boss_relics":[],"items_purged_floors":[],"is_endless":false,"potions_floor_spawned":[3,6,7],"killed_by":"Replay:BlueRogue","ascension_level":0}}