{"host":"xpk7f5wncxr280f7","time":1610139332,"event":{"mods":["AchievementEnabler","Astrologer","BaseMod","Colored Map","Colored Powertips","Highlight Path","Hubris","Ironclad Rager","Luminous","Minty Spire (QoL Compilation)","Permanent Neow","Quick Restart","Rare Cards Sparkle","Relic Stats","Remove Card Discount Mod","Reorder Act Four","StSLib","The Senshi","TheArtist"],"gold_per_floor":[115,115,39,59,71,71,101,101,101,121,139,139,158,176,176,279,279,294,304,304,304],"floor_reached":20,"playtime":1191,"items_purged":[],"score":178,"play_id":"f83720dc-8259-4e32-b8f8-415e4abb6fe1","local_time":"20210108125532","is_ascension_mode":false,"campfire_choices":[{"data":"astrologer:CosmicExpanse","floor":6,"key":"SMITH"},{"floor":8,"key":"REST"},{"data":"astrologer:Stardust","floor":12,"key":"SMITH"},{"data":"astrologer:TheLovers","floor":15,"key":"SMITH"}],"circlet_count":0,"master_deck":["astrologer:NorthStar","astrologer:TheFool","astrologer:Prismatic","astrologer:CosmicExpanse+1","astrologer:GlassStar","astrologer:TheLovers+1","astrologer:CosmicExpanse","astrologer:Stardust+1","astrologer:Alignment","astrologer:Fate","astrologer:FrozenStar","astrologer:Premonition","astrologer:Trine","astrologer:StarOfRegret","astrologer:ShootingStar","astrologer:StarOfRegret","astrologer:Nova","astrologer:Judgement"],"relics":["SacredBark","theSenshi:FeatherClipsRelic","Gambling Chip","Pandora\u0027s Box"],"acts_visited":["Exordium","TheCity"],"potions_floor_usage":[7,10,14,16],"damage_taken":[{"damage":1,"enemies":"2 Louse","floor":1,"turns":3},{"damage":5,"enemies":"Cultist","floor":4,"turns":5},{"damage":1,"enemies":"Small Slimes","floor":5,"turns":4},{"damage":46,"enemies":"Gremlin Nob","floor":7,"turns":6},{"damage":13,"enemies":"2 Fungi Beasts","floor":10,"turns":8},{"damage":3,"enemies":"Looter","floor":11,"turns":4},{"damage":10,"enemies":"3 Louse","floor":13,"turns":5},{"damage":21,"enemies":"Lots of Slimes","floor":14,"turns":9},{"damage":60,"enemies":"Hexaghost","floor":16,"turns":11},{"damage":13,"enemies":"Shell Parasite","floor":18,"turns":4},{"damage":34,"enemies":"2 Thieves","floor":19,"turns":5},{"damage":25,"enemies":"Sentry and Sphere","floor":20,"turns":3}],"seed_played":"-2466974412780468415","potions_obtained":[{"floor":1,"key":"PowerPotion"},{"floor":4,"key":"PowerPotion"},{"floor":7,"key":"Regen Potion"},{"floor":13,"key":"Regen Potion"},{"floor":18,"key":"LiquidMemories"}],"is_trial":false,"path_per_floor":["M","?","$","M","M","R","E","R","T","M","M","R","M","M","R","B",null,"M","M","M"],"character_chosen":"ASTROLOGER","items_purchased":["astrologer:CosmicExpanse"],"campfire_rested":1,"item_purchase_floors":[3],"current_hp_per_floor":[69,69,69,64,63,63,17,38,38,70,70,70,66,70,70,16,70,63,35,10,10],"gold":304,"neow_bonus":"BOSS_RELIC","is_daily":false,"chose_seed":false,"campfire_upgraded":3,"win_rate":0.0,"timestamp":1610139332,"path_taken":["M","?","$","M","M","R","E","R","T","M","M","R","M","M","R","BOSS","M","M","?"],"items_purchased_type":["Card"],"build_version":"2020-12-22","purchased_purges":0,"victory":false,"max_hp_per_floor":[70,70,70,70,70,70,70,70,70,70,70,70,70,70,70,70,70,70,70,70,70],"relic_stats":{"counters":[12,67],"Gambling Chip":[24],"Pandora\u0027s Box":["astrologer:Fate","astrologer:FrozenStar","astrologer:Premonition","astrologer:Trine","astrologer:StarOfRegret","astrologer:ShootingStar","astrologer:StarOfRegret","astrologer:Nova"],"obtain_stats":[{"SacredBark":0,"Gambling Chip":9,"Pandora\u0027s Box":17,"astrologer:SkyMirror":0,"theSenshi:FeatherClipsRelic":7},{"SacredBark":0,"Gambling Chip":4,"Pandora\u0027s Box":9,"astrologer:SkyMirror":0,"theSenshi:FeatherClipsRelic":4},{"SacredBark":0,"Gambling Chip":18,"Pandora\u0027s Box":55,"astrologer:SkyMirror":0,"theSenshi:FeatherClipsRelic":18}]},"card_choices":[{"not_picked":["astrologer:FrozenStar","astrologer:Eclipse"],"picked":"astrologer:Prismatic","floor":1},{"not_picked":["astrologer:MeteorShower","astrologer:CometStrike"],"picked":"astrologer:GlassStar","floor":4},{"not_picked":["astrologer:MeteorShower","astrologer:ReadTheStars","astrologer:Prestidigitation"],"picked":"SKIP","floor":5},{"not_picked":["astrologer:TheEmpress","astrologer:FrozenStar"],"picked":"astrologer:TheLovers","floor":7},{"not_picked":["astrologer:TheHermit","astrologer:TheTower"],"picked":"astrologer:CosmicExpanse","floor":10},{"not_picked":["astrologer:SolarFlare","astrologer:Justice"],"picked":"astrologer:Stardust","floor":11},{"not_picked":["astrologer:Glimpse","astrologer:Prestidigitation","astrologer:Still"],"picked":"SKIP","floor":13},{"not_picked":["astrologer:Eclipse","astrologer:StarOfRegret","astrologer:FrozenStar"],"picked":"SKIP","floor":14},{"not_picked":["astrologer:BlackHole","astrologer:HeatDeath"],"picked":"astrologer:Alignment","floor":16},{"not_picked":["astrologer:Eclipse","astrologer:SolarFlare+1","astrologer:SpaceDust"],"picked":"SKIP","floor":18},{"not_picked":["astrologer:GlassStar","astrologer:Still"],"picked":"astrologer:Judgement","floor":19}],"player_experience":255438,"relics_obtained":[{"floor":7,"key":"theSenshi:FeatherClipsRelic"},{"floor":9,"key":"Gambling Chip"}],"event_choices":[{"damage_healed":0,"gold_gain":0,"player_choice":"Bought 0 Potions","damage_taken":0,"max_hp_gain":0,"max_hp_loss":0,"event_name":"The Woman in Blue","floor":2,"gold_loss":0}],"is_beta":false,"boss_relics":[{"not_picked":["SlaversCollar","hubris:RunicObelisk"],"picked":"Pandora\u0027s Box"}],"items_purged_floors":[],"is_endless":false,"potions_floor_spawned":[1,4,7,13,18],"killed_by":"Sentry and Sphere","ascension_level":0}}