{"host":"7sy3dyg71hje4mzx","time":1610112033,"event":{"mods":["BaseMod","Downfall","Minty Spire (QoL Compilation)","StSLib"],"gold_per_floor":[111,123,140,152,122,154,154,173,197,197,197,229,244,209,209,306,306,295,307,307,326,326,326,342,354,354,372,471,489,489,489,489],"floor_reached":31,"playtime":2054,"items_purged":[],"score":251,"play_id":"bf1cc3fc-8852-40f8-9c15-5f2f537e760f","local_time":"20210109002033","is_ascension_mode":false,"campfire_choices":[{"floor":7,"key":"RECALL"},{"floor":10,"key":"REST"},{"floor":15,"key":"REST"},{"floor":23,"key":"REST"},{"floor":30,"key":"REST"}],"circlet_count":0,"master_deck":["Strike_R","Strike_R","Strike_R","Strike_R","Strike_R","Defend_R","Defend_R","Defend_R","Defend_R","Bash","sneckomod:Bewildered","Armaments","Anger","Barricade","Armaments+1","Seeing Red","Searing Blow","Spot Weakness","Impervious","Body Slam","Metallicize","J.A.X.","Clash+1","Infernal Blade","Perfected Strike+1","Decay","Heavy Blade","Flex+1"],"relics":["Burning Blood","Ice Cream","InkBottle","Pen Nib","Art of War","Cursed Key","Blood Vial","Tiny Chest"],"acts_visited":["Exordium","TheCity"],"potions_floor_usage":[31,31],"damage_taken":[{"damage":5,"enemies":"Jaw Worm","floor":1,"turns":7},{"damage":5,"enemies":"2 Louse","floor":2,"turns":4},{"damage":5,"enemies":"Small Slimes","floor":3,"turns":10},{"damage":6,"enemies":"3 Louse","floor":4,"turns":5},{"damage":10,"enemies":"Looter","floor":5,"turns":4},{"damage":41,"enemies":"3 Sentries","floor":6,"turns":14},{"damage":28,"enemies":"Lots of Slimes","floor":8,"turns":11},{"damage":27,"enemies":"Gremlin Nob","floor":12,"turns":5},{"damage":0,"enemies":"Blue Slaver","floor":13,"turns":4},{"damage":42,"enemies":"The Guardian","floor":16,"turns":11},{"damage":17,"enemies":"2 Thieves","floor":18,"turns":4},{"damage":20,"enemies":"3 Byrds","floor":19,"turns":6},{"damage":43,"enemies":"Snake Plant","floor":21,"turns":8},{"damage":16,"enemies":"Shelled Parasite and Fungi","floor":24,"turns":6},{"damage":3,"enemies":"Snecko","floor":25,"turns":5},{"damage":14,"enemies":"Centurion and Healer","floor":27,"turns":6},{"damage":21,"enemies":"Snake Plant","floor":29,"turns":5},{"damage":66,"enemies":"Book of Stabbing","floor":31,"turns":7}],"seed_played":"1381269835139751178","potions_obtained":[{"floor":1,"key":"CultistPotion"},{"floor":6,"key":"SpeedPotion"},{"floor":8,"key":"Guardian:BlockOnCardUsePotion"},{"floor":19,"key":"PowerPotion"},{"floor":27,"key":"BloodPotion"}],"is_trial":false,"path_per_floor":["M","M","M","M","M","E","R","M","T","R","?","E","M","?","R","B",null,"M","M","?","M","?","R","M","M","T","M","?","M","R","E"],"character_chosen":"IRONCLAD","items_purchased":[],"campfire_rested":4,"item_purchase_floors":[],"current_hp_per_floor":[80,80,80,80,76,41,41,19,19,43,43,22,28,48,72,36,80,69,55,55,18,18,42,34,39,39,33,33,20,44,0,0],"gold":489,"neow_bonus":"ONE_RARE_RELIC","is_daily":false,"chose_seed":false,"campfire_upgraded":0,"win_rate":0.0,"timestamp":1610112033,"path_taken":["M","M","M","M","M","E","R","M","T","R","?","E","M","?","R","BOSS","M","M","?","M","?","R","M","M","T","M","?","M","R","E"],"items_purchased_type":[],"build_version":"2020-12-22","purchased_purges":0,"victory":false,"max_hp_per_floor":[80,80,80,80,80,80,80,80,80,80,80,80,80,80,80,80,80,80,80,80,80,80,80,80,80,80,80,80,80,80,80,80],"card_choices":[{"not_picked":["Wild Strike","Cleave","Iron Wave"],"picked":"SKIP","floor":1},{"not_picked":["Burning Pact","Sever Soul"],"picked":"Armaments","floor":2},{"not_picked":["Cleave","Rampage"],"picked":"Anger","floor":3},{"not_picked":["Clothesline","Twin Strike"],"picked":"Barricade","floor":4},{"not_picked":["Cleave","Anger"],"picked":"Armaments","floor":5},{"not_picked":["Limit Break","Anger"],"picked":"Seeing Red","floor":6},{"not_picked":["Sever Soul","True Grit","Armaments"],"picked":"SKIP","floor":8},{"not_picked":["Sentinel","Flex"],"picked":"Searing Blow","floor":12},{"not_picked":["Wild Strike","Heavy Blade"],"picked":"Spot Weakness","floor":13},{"not_picked":["Fiend Fire","Reaper"],"picked":"Impervious","floor":16},{"not_picked":["Headbutt","Dark Embrace+1"],"picked":"Body Slam","floor":18},{"not_picked":["Anger","Rage"],"picked":"Metallicize","floor":19},{"not_picked":["True Grit","Intimidate"],"picked":"Clash+1","floor":21},{"not_picked":["Carnage+1","Armaments"],"picked":"Infernal Blade","floor":24},{"not_picked":["Havoc","Shockwave"],"picked":"Perfected Strike+1","floor":25},{"not_picked":["Feel No Pain+1","Sword Boomerang+1"],"picked":"Heavy Blade","floor":27},{"not_picked":["Corruption","Iron Wave+1"],"picked":"Flex+1","floor":29}],"player_experience":187274,"relics_obtained":[{"floor":6,"key":"InkBottle"},{"floor":9,"key":"Pen Nib"},{"floor":12,"key":"Art of War"},{"floor":26,"key":"Tiny Chest"}],"event_choices":[{"damage_healed":0,"gold_gain":0,"player_choice":"Grow","damage_taken":0,"max_hp_gain":0,"max_hp_loss":0,"event_name":"Living Wall","floor":11,"gold_loss":0,"cards_upgraded":["Armaments"]},{"damage_healed":20,"gold_gain":0,"player_choice":"Healed","damage_taken":0,"max_hp_gain":0,"max_hp_loss":0,"event_name":"The Cleric","floor":14,"gold_loss":35},{"damage_healed":0,"gold_gain":0,"player_choice":"Obtain J.A.X.","damage_taken":0,"max_hp_gain":0,"max_hp_loss":0,"event_name":"Drug Dealer","floor":20,"gold_loss":0,"cards_obtained":["J.A.X."]},{"damage_healed":0,"gold_gain":0,"player_choice":"Opened","damage_taken":0,"relics_obtained":["Blood Vial"],"max_hp_gain":0,"max_hp_loss":0,"event_name":"The Mausoleum","floor":22,"gold_loss":0},{"damage_healed":0,"gold_gain":99,"player_choice":"Stole From Cult","damage_taken":0,"max_hp_gain":0,"max_hp_loss":0,"event_name":"Nest","floor":28,"gold_loss":0}],"is_beta":false,"boss_relics":[{"not_picked":["Coffee Dripper","Runic Dome"],"picked":"Cursed Key"}],"items_purged_floors":[],"is_endless":false,"potions_floor_spawned":[1,6,8,13,18,19,27],"killed_by":"Book of Stabbing","ascension_level":0}}