{"host":"sav7uxregyirlf69","time":1610083332,"event":{"mods":["AchievementEnabler","BaseMod","Colored Map","DeckTracker","Keyboard Shortcuts","Minty Spire (QoL Compilation)","READ ME - Guardian Mod","StSLib","SuperFastMode"],"gold_per_floor":[112,112,37,37,56,56,77,106,133,33,67,100,100,25,25,118,118,131,146,178,178,103,103,103,103,112,125,143,44,44,44],"floor_reached":30,"playtime":451,"items_purged":["Strike_G","Strike_G"],"score":456,"play_id":"2a8354c5-e885-44a1-942f-315526031d08","local_time":"20210108142212","is_ascension_mode":true,"campfire_choices":[{"data":"Deadly Poison","floor":6.0,"key":"SMITH"},{"data":"Noxious Fumes","floor":15,"key":"SMITH"},{"floor":23,"key":"REST"},{"data":"Footwork","floor":25,"key":"SMITH"}],"circlet_count":0,"master_deck":["AscendersBane","Strike_G","Strike_G","Defend_G","Defend_G","Defend_G","Defend_G","Survivor","Neutralize","Noxious Fumes+1","Deadly Poison+1","Flying Knee","Backstab","Footwork+1","Decay","Catalyst","Escape Plan"],"relics":["Ring of the Snake","NeowsBlessing","Golden Idol","Odd Mushroom","Regal Pillow","CeramicFish","Cursed Key"],"acts_visited":["Exordium","TheCity"],"potions_floor_usage":[11,20,27,30,30],"damage_taken":[{"damage":0.0,"enemies":"Small Slimes","floor":1.0,"turns":1.0},{"damage":0.0,"enemies":"Jaw Worm","floor":5.0,"turns":1.0},{"damage":0.0,"enemies":"Cultist","floor":7.0,"turns":1.0},{"damage":19.0,"enemies":"The Mushroom Lair","floor":8.0,"turns":5.0},{"damage":13,"enemies":"3 Sentries","floor":11,"turns":7},{"damage":3,"enemies":"Blue Slaver","floor":12,"turns":4},{"damage":17,"enemies":"Hexaghost","floor":16,"turns":9},{"damage":17,"enemies":"Shell Parasite","floor":18,"turns":6},{"damage":0,"enemies":"Chosen","floor":19,"turns":5},{"damage":21,"enemies":"3 Cultists","floor":20,"turns":6},{"damage":37,"enemies":"Sentry and Sphere","floor":27,"turns":6},{"damage":0,"enemies":"Centurion and Healer","floor":28,"turns":8},{"damage":15,"enemies":"Shelled Parasite and Fungi","floor":30,"turns":2}],"seed_played":"2418851797683096674","potions_obtained":[{"floor":1.0,"key":"BlessingOfTheForge"},{"floor":4.0,"key":"FairyPotion"},{"floor":11,"key":"CunningPotion"},{"floor":16,"key":"EssenceOfSteel"},{"floor":20,"key":"PowerPotion"},{"floor":28,"key":"SkillPotion"}],"is_trial":false,"path_per_floor":["M","?","$","?","M","R","M","?","T","$","E","M","?","?","R","B",null,"M","M","M","?","?","R","?","R","T","M","M","$","M"],"character_chosen":"THE_SILENT","items_purchased":["Catalyst","Escape Plan"],"campfire_rested":1,"item_purchase_floors":[29,29],"current_hp_per_floor":[59,36,36,36,36,36,36,17,17,17,4,1,1,1,1,6,51,34,34,13,13,13,47,47,47,47,10,10,10,0,0],"gold":44,"neow_bonus":"THREE_ENEMY_KILL","is_daily":false,"chose_seed":false,"campfire_upgraded":3,"win_rate":0.0,"timestamp":1610083332,"path_taken":["M","?","$","?","M","R","?","?","T","$","E","M","?","?","R","BOSS","M","M","M","?","?","R","?","R","T","?","M","$","M"],"items_purchased_type":["Card","Card"],"build_version":"2020-12-22","purchased_purges":2,"victory":false,"max_hp_per_floor":[66,66,66,66,66,66,66,66,66,66,66,66,66,66,66,66,66,66,66,66,66,66,66,66,66,66,66,66,66,66,66],"card_choices":[{"not_picked":["Choke","Underhanded Strike"],"picked":"Noxious Fumes","floor":1.0},{"not_picked":["Dodge and Roll","Bane"],"picked":"Deadly Poison","floor":5.0},{"not_picked":["Bullet Time","Masterful Stab","Prepared"],"picked":"SKIP","floor":7.0},{"not_picked":["Dodge and Roll","Quick Slash"],"picked":"Flying Knee","floor":8.0},{"not_picked":["Dagger Spray","Dodge and Roll","Sucker Punch"],"picked":"SKIP","floor":11},{"not_picked":["Bane","Deflect"],"picked":"Backstab","floor":12},{"not_picked":["Acrobatics","PiercingWail","Quick Slash"],"picked":"SKIP","floor":18},{"not_picked":["Choke","Outmaneuver","Blade Dance"],"picked":"SKIP","floor":19},{"not_picked":["Deflect","Crippling Poison"],"picked":"Footwork","floor":20},{"not_picked":["Concentrate","Dagger Throw","Choke"],"picked":"SKIP","floor":27},{"not_picked":["Dash","Outmaneuver","Poisoned Stab"],"picked":"SKIP","floor":28}],"player_experience":1195620,"relics_obtained":[{"floor":8.0,"key":"Odd Mushroom"},{"floor":9.0,"key":"Regal Pillow"},{"floor":11,"key":"CeramicFish"}],"event_choices":[{"damage_healed":0.0,"max_hp_gain":0.0,"max_hp_loss":0.0,"gold_gain":0.0,"event_name":"Golden Idol","player_choice":"Take Damage","floor":2.0,"gold_loss":0.0,"damage_taken":23.0,"relics_obtained":["Golden Idol"]},{"damage_healed":0.0,"max_hp_gain":0.0,"max_hp_loss":0.0,"gold_gain":0.0,"event_name":"Lab","player_choice":"Got Potions","floor":4.0,"gold_loss":0.0,"damage_taken":0.0},{"damage_healed":0.0,"max_hp_gain":0.0,"max_hp_loss":0.0,"gold_gain":0.0,"event_name":"Mushrooms","player_choice":"Fought Mushrooms","floor":8.0,"gold_loss":0.0,"damage_taken":0.0},{"damage_healed":0,"gold_gain":0,"player_choice":"Searched \u00270\u0027 times","damage_taken":0,"max_hp_gain":0,"max_hp_loss":0,"event_name":"Dead Adventurer","floor":13,"gold_loss":0},{"cards_removed":["Defend_G"],"damage_healed":0,"gold_gain":0,"player_choice":"Card Removal","damage_taken":0,"max_hp_gain":0,"max_hp_loss":0,"event_name":"The Cleric","floor":14,"gold_loss":75},{"damage_healed":0,"gold_gain":0,"player_choice":"Ignored","damage_taken":0,"max_hp_gain":0,"max_hp_loss":0,"event_name":"Cursed Tome","floor":21,"gold_loss":0},{"cards_removed":["Strike_G"],"damage_healed":0,"gold_gain":0,"player_choice":"Gave Gold","damage_taken":0,"max_hp_gain":0,"max_hp_loss":0,"event_name":"Beggar","floor":22,"gold_loss":75},{"damage_healed":0,"gold_gain":0,"player_choice":"Ignored","damage_taken":0,"max_hp_gain":0,"max_hp_loss":0,"event_name":"Ghosts","floor":24,"gold_loss":0}],"is_beta":false,"boss_relics":[{"not_picked":["Runic Pyramid","Sozu"],"picked":"Cursed Key"}],"items_purged_floors":[3,10],"is_endless":false,"potions_floor_spawned":[1,11,16,20,28],"killed_by":"Shelled Parasite and Fungi","ascension_level":20}}