{"host":"ueaobptuyu87ouwy","time":1610108597,"event":{"mods":["Aspiration","Bard","BaseMod","Better Altar","Better Match","Better Note","Better Sensory Stone","Better Skull","Better Third Choice","BetterRewards","CCEM","Colored Map","Conspire","Downfall","GifTheSpireLib","GungeonMod","Halation","Hermit","Highlight Path","Hubris","Infinite Spire","Jedi Mod","Jorbs\u0027s Wanderer Trilogy","Marisa????????","Marked Mod","Mimic Mod","Minty Spire (QoL Compilation)","Permanent Neow","Replay The Spire","Shop Mod","Small Relic Pack","StSLib","Stuff the Spire","The Runesmith","Unceasing Turn Reminder","everything is the same but u backflip on backflip","slay the spire mod where everything is the same but ironclad has a cowboy hat"],"gold_per_floor":[111,123,198,198,217,244,244,261,299,106,133,150,178,237,237,237,237],"floor_reached":16,"playtime":2205,"items_purged":[],"score":126,"play_id":"974e6d0a-4a61-40f9-8a5c-bfba8be5cd4c","local_time":"20210108202317","is_ascension_mode":true,"campfire_choices":[{"data":"Well Laid Plans","floor":7,"key":"SMITH"},{"floor":15,"key":"REST"}],"circlet_count":0,"master_deck":["Strike_G","Strike_G","Strike_G","Strike_G","Strike_G","Defend_G","Defend_G","Defend_G","Defend_G","Defend_G","Survivor","Neutralize","Acrobatics","Predator+1","Well Laid Plans+1","hubris:SlightOfHand","Cloak And Dagger","Flechettes","Predator","Fluid Movement","Riddle With Holes"],"relics":["Ring of the Snake","aspiration:Nostalgia","infinitespire:DarkRift","halation:PromiseList","hubris:ToyBattleship","StuffTheSpire:Saxophone","infinitespire:Satchel","aspiration:HiddenCompartment","Happy Flower"],"acts_visited":["Exordium"],"potions_floor_usage":[2],"damage_taken":[{"damage":0,"enemies":"2 Louse","floor":1,"turns":4},{"damage":0,"enemies":"Cultist","floor":2,"turns":4},{"damage":0,"enemies":"Small Slimes","floor":5,"turns":3},{"damage":23,"enemies":"Gremlin Nob","floor":6,"turns":5},{"damage":0,"enemies":"2 Fungi Beasts","floor":8,"turns":4},{"damage":3,"enemies":"Looter","floor":9,"turns":8},{"damage":8,"enemies":"3 Sentries","floor":11,"turns":6},{"damage":2,"enemies":"Looter","floor":12,"turns":3},{"damage":2,"enemies":"Gremlin Nob","floor":13,"turns":3},{"damage":11,"enemies":"Lagavulin Event","floor":14,"turns":3},{"damage":35,"enemies":"Hexaghost","floor":16,"turns":11}],"seed_played":"5337353865487688346","potions_obtained":[{"floor":1,"key":"jedi:StrikingPotion"},{"floor":6,"key":"Weak Potion"},{"floor":11,"key":"Cursed Concoction"},{"floor":12,"key":"EssenceOfSteel"}],"is_trial":false,"path_per_floor":["M","M","?","?","M","E","R","M","MIM","$","E","M","E","?","R","B"],"character_chosen":"THE_SILENT","items_purchased":["Predator","StuffTheSpire:Saxophone"],"campfire_rested":1,"item_purchase_floors":[10,10],"current_hp_per_floor":[70,70,59,59,59,36,36,36,33,33,25,23,21,10,31,0,0],"gold":237,"neow_bonus":"NOSTALGIA","is_daily":false,"chose_seed":false,"campfire_upgraded":1,"win_rate":0.0,"timestamp":1610108597,"path_taken":["M","M","?","?","M","E","R","M","MIM","$","E","M","E","?","R","BOSS"],"items_purchased_type":["Card","Relic"],"build_version":"2020-12-13","purchased_purges":0,"victory":false,"max_hp_per_floor":[70,70,70,70,70,70,70,70,70,70,70,70,70,70,70,70,70],"card_choices":[{"not_picked":["Sneak Up","StuffTheSpire:Shiver"],"picked":"Acrobatics","floor":1},{"not_picked":["PiercingWail","Acrobatics"],"picked":"Predator","floor":2},{"not_picked":["Acrobatics","Bane"],"picked":"Well Laid Plans","floor":5},{"not_picked":["Masterful Stab","Outmaneuver"],"picked":"hubris:SlightOfHand","floor":6},{"not_picked":["StuffTheSpire:DoubleShiv","StuffTheSpire:ClusterCrunch"],"picked":"Cloak And Dagger","floor":8},{"not_picked":["Deflect","StuffTheSpire:Repulse"],"picked":"Flechettes","floor":9},{"not_picked":["StuffTheSpire:Python","Acrobatics","Bane"],"picked":"SKIP","floor":11},{"not_picked":["hubris:Counter","Glass Knife"],"picked":"Fluid Movement","floor":12},{"not_picked":["Dagger Spray","Acrobatics","Heel Hook"],"picked":"SKIP","floor":13},{"not_picked":["Backflip","conspire:PoisonWeapons"],"picked":"Riddle With Holes","floor":14}],"player_experience":76036,"relics_obtained":[{"floor":6,"key":"halation:PromiseList"},{"floor":9,"key":"hubris:ToyBattleship"},{"floor":11,"key":"infinitespire:Satchel"},{"floor":13,"key":"aspiration:HiddenCompartment"}],"event_choices":[{"damage_healed":0,"gold_gain":75,"player_choice":"Gold","damage_taken":11,"max_hp_gain":0,"max_hp_loss":0,"event_name":"betterThird:BetterGoop","floor":3,"gold_loss":0},{"damage_healed":0,"gold_gain":0,"player_choice":"Upgraded","damage_taken":0,"max_hp_gain":0,"max_hp_loss":0,"event_name":"Upgrade Shrine","floor":4,"gold_loss":0,"cards_upgraded":["Predator"]},{"damage_healed":0,"gold_gain":0,"player_choice":"Searched \u00273\u0027 times","damage_taken":0,"relics_obtained":["Happy Flower"],"max_hp_gain":0,"max_hp_loss":0,"event_name":"Dead Adventurer","floor":14,"gold_loss":0}],"is_beta":false,"boss_relics":[],"items_purged_floors":[],"is_endless":false,"potions_floor_spawned":[1,6,11,12,13,14],"killed_by":"Hexaghost","ascension_level":1}}