{"host":"o0q01dgb4z8zpo6o","time":1610142189,"event":{"mods":["BaseMod","GifTheSpireLib","Minty Spire (QoL Compilation)","Relic Stats","StSLib"],"gold_per_floor":[119,133,148,164,164,164,193,209,209,229,229,229,261,276,276,276,276],"floor_reached":16,"playtime":811,"items_purged":[],"score":222,"play_id":"593387e8-6f01-4290-956b-0c4f97b45f80","local_time":"20210108134309","is_ascension_mode":true,"campfire_choices":[{"data":"Sweeping Beam","floor":6.0,"key":"SMITH"},{"floor":12.0,"key":"REST"},{"data":"Hologram","floor":15.0,"key":"SMITH"}],"circlet_count":0,"master_deck":["AscendersBane","Strike_B","Strike_B","Strike_B","Defend_B","Defend_B","Defend_B","Defend_B","Zap","Dualcast","Skim","Sweeping Beam+1","Gash","Turbo","Conserve Battery","Hologram+1","Undo","Reprogram"],"relics":["Busted Crown","InkBottle","CaptainsWheel","Gambling Chip"],"acts_visited":["Exordium"],"potions_floor_usage":[16],"damage_taken":[{"damage":1.0,"enemies":"Cultist","floor":1.0,"turns":4.0},{"damage":5.0,"enemies":"2 Louse","floor":2.0,"turns":2.0},{"damage":2.0,"enemies":"Jaw Worm","floor":3.0,"turns":4.0},{"damage":4.0,"enemies":"Red Slaver","floor":4.0,"turns":3.0},{"damage":25.0,"enemies":"Lagavulin","floor":7.0,"turns":7.0},{"damage":3.0,"enemies":"Looter","floor":8.0,"turns":4.0},{"damage":11.0,"enemies":"Exordium Wildlife","floor":10.0,"turns":4.0},{"damage":2.0,"enemies":"3 Sentries","floor":13.0,"turns":4.0},{"damage":6.0,"enemies":"Blue Slaver","floor":14.0,"turns":3.0},{"damage":26,"enemies":"Slime Boss","floor":16,"turns":11}],"seed_played":"-4110289464934958265","potions_obtained":[{"floor":1.0,"key":"SteroidPotion"},{"floor":3.0,"key":"Fire Potion"},{"floor":13.0,"key":"ColorlessPotion"}],"is_trial":false,"path_per_floor":["M","M","M","M","?","R","E","M","T","M","?","R","E","M","R","B"],"character_chosen":"DEFECT","items_purchased":[],"campfire_rested":1,"item_purchase_floors":[],"current_hp_per_floor":[63,58,56,52,57,57,32,29,29,18,11,33,31,25,25,0,0],"gold":276,"neow_bonus":"BOSS_RELIC","is_daily":false,"chose_seed":false,"campfire_upgraded":2,"win_rate":0.0,"timestamp":1610142189,"path_taken":["M","?","M","M","?","R","E","M","T","M","?","R","E","M","R","BOSS"],"items_purchased_type":[],"build_version":"2020-12-22","purchased_purges":0,"victory":false,"max_hp_per_floor":[71,71,71,71,76,76,76,76,76,76,76,76,76,76,76,76,76],"relic_stats":{"Busted Crown":20,"counters":[10,46],"Gambling Chip":[5],"obtain_stats":[{"CaptainsWheel":9,"Busted Crown":0,"Gambling Chip":13,"Cracked Core":0,"InkBottle":7},{"CaptainsWheel":6,"Busted Crown":0,"Gambling Chip":8,"Cracked Core":0,"InkBottle":5},{"CaptainsWheel":24,"Busted Crown":0,"Gambling Chip":32,"Cracked Core":0,"InkBottle":20}],"InkBottle":[11]},"card_choices":[{"not_picked":[],"picked":"Skim","floor":1.0},{"not_picked":[],"picked":"Sweeping Beam","floor":2.0},{"not_picked":[],"picked":"Gash","floor":3.0},{"not_picked":[],"picked":"Turbo","floor":4.0},{"not_picked":[],"picked":"Conserve Battery","floor":7.0},{"not_picked":["Conserve Battery"],"picked":"SKIP","floor":8.0},{"not_picked":[],"picked":"Hologram","floor":10.0},{"not_picked":[],"picked":"Undo","floor":13.0},{"not_picked":[],"picked":"Reprogram","floor":14.0}],"player_experience":1071318,"relics_obtained":[{"floor":7.0,"key":"InkBottle"},{"floor":9.0,"key":"CaptainsWheel"},{"floor":13.0,"key":"Gambling Chip"}],"event_choices":[{"damage_healed":0.0,"max_hp_gain":5.0,"max_hp_loss":0.0,"gold_gain":0.0,"event_name":"Big Fish","player_choice":"Donut","floor":5.0,"gold_loss":0.0,"damage_taken":0.0},{"cards_removed":["Strike_B"],"damage_healed":0.0,"max_hp_gain":0.0,"max_hp_loss":0.0,"gold_gain":0.0,"event_name":"Golden Wing","player_choice":"Card Removal","floor":11.0,"gold_loss":0.0,"damage_taken":7.0}],"is_beta":false,"boss_relics":[],"items_purged_floors":[],"is_endless":false,"potions_floor_spawned":[1,3,7,13],"killed_by":"Slime Boss","ascension_level":19}}