{"host":"6pgtslebjnyv5xmi","time":1610076108,"event":{"mods":["AchievementEnabler","BaseMod","Colored Map","Minty Spire (QoL Compilation)","Rare Cards Sparkle","StSLib","SuperFastMode","everything is the same but u backflip on backflip"],"gold_per_floor":[109,119,119,119,69,69,79,98,98,112,112,112,160,85,85,85,85],"floor_reached":16,"playtime":1491,"items_purged":["Defend_R"],"score":90,"play_id":"493a1683-175d-4a80-9030-7cba67ba8a11","local_time":"20210108122148","is_ascension_mode":false,"campfire_choices":[{"data":"Enlightenment","floor":6,"key":"SMITH"},{"data":"Spot Weakness","floor":11,"key":"SMITH"},{"data":"Power Through","floor":15,"key":"SMITH"}],"circlet_count":0,"master_deck":["Strike_R","Strike_R","Strike_R","Defend_R","Defend_R","Defend_R","Bash","Enlightenment+1","Wild Strike","Spot Weakness+1","Power Through+1"],"relics":["Burning Blood"],"acts_visited":["Exordium"],"potions_floor_usage":[16],"damage_taken":[{"damage":8,"enemies":"Jaw Worm","floor":1,"turns":3},{"damage":0,"enemies":"2 Louse","floor":2,"turns":2},{"damage":0,"enemies":"Small Slimes","floor":7,"turns":3},{"damage":13,"enemies":"Exordium Wildlife","floor":8,"turns":6},{"damage":9,"enemies":"Blue Slaver","floor":10,"turns":4},{"damage":93,"enemies":"Slime Boss","floor":16,"turns":17}],"seed_played":"-5555637392926209792","potions_obtained":[{"floor":1,"key":"BloodPotion"}],"is_trial":false,"path_per_floor":["M","M","?","?","?","R","M","M","T","M","R","?","T","$","R","B"],"character_chosen":"IRONCLAD","items_purchased":[],"campfire_rested":0,"item_purchase_floors":[],"current_hp_per_floor":[78,80,85,85,85,85,85,78,78,75,75,75,75,75,75,0,0],"gold":85,"neow_bonus":"RANDOM_COLORLESS","is_daily":false,"chose_seed":false,"campfire_upgraded":3,"win_rate":0.0,"timestamp":1610076108,"path_taken":["M","M","?","?","?","R","M","?","T","M","R","?","?","$","R","BOSS"],"items_purchased_type":[],"build_version":"2020-12-22","purchased_purges":1,"victory":false,"max_hp_per_floor":[80,80,85,85,85,85,85,85,85,85,85,85,85,85,85,85,85],"card_choices":[{"not_picked":["Purity","Flash of Steel"],"picked":"Enlightenment","floor":0},{"not_picked":["Havoc","Twin Strike"],"picked":"Wild Strike","floor":1},{"not_picked":["Warcry","Seeing Red"],"picked":"Spot Weakness","floor":2},{"not_picked":["Entrench","True Grit"],"picked":"Power Through","floor":7},{"not_picked":["Warcry","Shrug It Off","Twin Strike"],"picked":"SKIP","floor":8},{"not_picked":["Rage","Clash","Entrench"],"picked":"SKIP","floor":10}],"player_experience":896576,"relics_obtained":[],"event_choices":[{"damage_healed":0,"gold_gain":0,"player_choice":"Donut","damage_taken":0,"max_hp_gain":5,"max_hp_loss":0,"event_name":"Big Fish","floor":3,"gold_loss":0},{"damage_healed":0,"gold_gain":0,"player_choice":"Ignored","damage_taken":0,"max_hp_gain":0,"max_hp_loss":0,"event_name":"Golden Idol","floor":4,"gold_loss":0},{"cards_removed":["Strike_R"],"damage_healed":0,"gold_gain":0,"player_choice":"Card Removal","damage_taken":0,"max_hp_gain":0,"max_hp_loss":0,"event_name":"The Cleric","floor":5,"gold_loss":50},{"cards_removed":["Strike_R"],"damage_healed":0,"gold_gain":0,"player_choice":"Forget","damage_taken":0,"max_hp_gain":0,"max_hp_loss":0,"event_name":"Living Wall","floor":12,"gold_loss":0}],"is_beta":false,"boss_relics":[],"items_purged_floors":[14],"is_endless":false,"potions_floor_spawned":[1],"killed_by":"Slime Boss","ascension_level":0}}