{"host":"uv231blk40vjdojr","time":1610114798,"event":{"mods":["AchievementEnabler","BaseMod","Bestiary","Minty Spire (QoL Compilation)","Relic Stats"],"gold_per_floor":[118,34,34,184,184,211,211,227,251,276,276,310,310,251,251,324,324,343,343,343,64,64,90,107,140,165,198,198,210,210,50,50,126,126,139,39,39,52,52,87,87,100,127,127,453,463,61,61,61,61],"floor_reached":51,"playtime":2455,"items_purged":["Pain","Doubt","Strike_G+1"],"score":1705,"play_id":"d5d2d5d7-1537-47ef-9173-7525b4b3c33a","local_time":"20210108150638","is_ascension_mode":true,"campfire_choices":[{"data":"Bane","floor":7.0,"key":"SMITH"},{"data":"Catalyst","floor":11.0,"key":"SMITH"},{"floor":15.0,"key":"REST"},{"floor":32.0,"key":"REST"},{"floor":41.0,"key":"REST"},{"floor":49,"key":"REST"}],"circlet_count":0,"master_deck":["AscendersBane","Strike_G+1","Strike_G+1","Defend_G+1","Defend_G+1","Defend_G+1","Defend_G+1","Defend_G+1","Survivor","Neutralize","Bouncing Flask+1","Catalyst+1","Acrobatics","Footwork","Wraith Form v2","Calculated Gamble","Flying Knee","Burst","Sadistic Nature","Well Laid Plans","Deadly Poison","Tools of the Trade","CurseOfTheBell","Backflip+1","Night Terror","Backflip"],"relics":["Ring of the Snake","NeowsBlessing","WarpedTongs","StrikeDummy","Orichalcum","Art of War","Meat on the Bone","Paper Crane","Fusion Hammer","Gremlin Horn","Bronze Scales","Toy Ornithopter","Dream Catcher","Enchiridion","Lee\u0027s Waffle","Calling Bell","Anchor","Darkstone Periapt","TungstenRod","MealTicket","Blood Vial","Old Coin","TheAbacus","Ginger"],"acts_visited":["Exordium","TheCity","TheBeyond"],"potions_floor_usage":[50],"damage_taken":[{"damage":0.0,"enemies":"Cultist","floor":1.0,"turns":1.0},{"damage":1.0,"enemies":"Gremlin Nob","floor":6.0,"turns":1.0},{"damage":1.0,"enemies":"2 Louse","floor":8.0,"turns":1.0},{"damage":12.0,"enemies":"Lagavulin","floor":10.0,"turns":5.0},{"damage":20.0,"enemies":"3 Sentries","floor":12.0,"turns":7.0},{"damage":19.0,"enemies":"The Guardian","floor":16.0,"turns":7.0},{"damage":3.0,"enemies":"Chosen","floor":18.0,"turns":3.0},{"damage":0.0,"enemies":"Slavers","floor":23.0,"turns":7.0},{"damage":14.0,"enemies":"2 Thieves","floor":24.0,"turns":3.0},{"damage":1.0,"enemies":"Gremlin Leader","floor":25.0,"turns":5.0},{"damage":33.0,"enemies":"Slavers","floor":27.0,"turns":4.0},{"damage":0.0,"enemies":"Cultist and Chosen","floor":29.0,"turns":5.0},{"damage":12.0,"enemies":"Champ","floor":33.0,"turns":6.0},{"damage":0.0,"enemies":"3 Shapes","floor":35.0,"turns":3.0},{"damage":27.0,"enemies":"3 Darklings","floor":38.0,"turns":4.0},{"damage":10.0,"enemies":"Reptomancer","floor":40.0,"turns":5.0},{"damage":10.0,"enemies":"Sphere and 2 Shapes","floor":42.0,"turns":6.0},{"damage":0.0,"enemies":"Nemesis","floor":45.0,"turns":3.0},{"damage":11,"enemies":"Transient","floor":46,"turns":6},{"damage":27,"enemies":"Donu and Deca","floor":50,"turns":9}],"seed_played":"-2113885340886062272","potions_obtained":[{"floor":8.0,"key":"SteroidPotion"},{"floor":12.0,"key":"Block Potion"},{"floor":16.0,"key":"FearPotion"},{"floor":18.0,"key":"AttackPotion"},{"floor":24.0,"key":"LiquidBronze"},{"floor":27.0,"key":"LiquidBronze"},{"floor":33.0,"key":"EntropicBrew"},{"floor":46,"key":"GamblersBrew"}],"is_trial":false,"path_per_floor":["M","$","?","?","?","E","R","M","T","E","R","E","T","?","R","B",null,"M","?","?","$","?","E","M","E","T","E","?","M","?","$","R","B",null,"M","$","?","M","?","E","R","M","T","?","E","M","$","T","R","B",null],"character_chosen":"THE_SILENT","items_purchased":["Bouncing Flask","Sadistic Nature","Lee\u0027s Waffle","PowerPotion","TheAbacus","Backflip"],"campfire_rested":4,"item_purchase_floors":[2,21,31,47,47,47],"current_hp_per_floor":[59,59,59,59,59,58,58,57,57,45,45,25,25,25,44,37,59,56,56,56,56,56,56,42,41,41,25,4,16,16,73,73,61,70,70,70,70,58,58,53,69,59,59,59,61,52,67,67,69,42],"gold":61,"neow_bonus":"THREE_ENEMY_KILL","is_daily":false,"chose_seed":false,"campfire_upgraded":2,"win_rate":0.0,"timestamp":1610114798,"path_taken":["M","?","?","?","?","E","R","?","T","E","R","E","?","?","R","BOSS","M","?","?","$","?","E","M","E","T","E","?","M","?","$","R","BOSS","M","$","?","M","?","E","R","M","T","?","E","M","$","?","R","BOSS"],"items_purchased_type":["Card","Card","Relic","Potion","Relic","Card"],"build_version":"2020-12-22","purchased_purges":3,"victory":true,"max_hp_per_floor":[66,66,66,66,66,66,66,66,66,66,66,66,66,66,66,66,66,66,66,66,66,66,66,66,66,66,66,66,66,66,73,73,73,73,73,73,73,73,69,69,69,69,69,69,69,69,69,69,69,69],"relic_stats":{"Darkstone Periapt":0,"Lee\u0027s Waffle":57,"Gremlin Horn":[20,20],"counters":[20,91],"Ginger":[0],"Orichalcum":[162],"WarpedTongs":[86],"Blood Vial":4,"Dream Catcher":3,"TheAbacus":[18],"Bronze Scales":[149],"MealTicket":15,"Art of War":[23],"obtain_stats":[{"Darkstone Periapt":34,"Lee\u0027s Waffle":31,"NeowsBlessing":0,"Gremlin Horn":23,"Enchiridion":28,"Ginger":48,"Orichalcum":9,"Paper Crane":13,"WarpedTongs":5,"Old Coin":45,"Calling Bell":34,"Blood Vial":43,"Dream Catcher":27,"Anchor":34,"TheAbacus":47,"Bronze Scales":25,"MealTicket":40,"Fusion Hammer":17,"Art of War":10,"StrikeDummy":6,"Toy Ornithopter":26,"TungstenRod":34,"Ring of the Snake":0,"Meat on the Bone":12},{"Darkstone Periapt":13,"Lee\u0027s Waffle":12,"NeowsBlessing":0,"Gremlin Horn":8,"Enchiridion":11,"Ginger":19,"Orichalcum":3,"Paper Crane":5,"WarpedTongs":1,"Old Coin":18,"Calling Bell":13,"Blood Vial":17,"Dream Catcher":11,"Anchor":13,"TheAbacus":19,"Bronze Scales":10,"MealTicket":16,"Fusion Hammer":6,"Art of War":4,"StrikeDummy":2,"Toy Ornithopter":10,"TungstenRod":13,"Ring of the Snake":0,"Meat on the Bone":5},{"Darkstone Periapt":55,"Lee\u0027s Waffle":49,"NeowsBlessing":0,"Gremlin Horn":32,"Enchiridion":44,"Ginger":82,"Orichalcum":3,"Paper Crane":15,"WarpedTongs":1,"Old Coin":76,"Calling Bell":55,"Blood Vial":73,"Dream Catcher":44,"Anchor":55,"TheAbacus":82,"Bronze Scales":40,"MealTicket":67,"Fusion Hammer":22,"Art of War":8,"StrikeDummy":2,"Toy Ornithopter":40,"TungstenRod":55,"Ring of the Snake":0,"Meat on the Bone":15}],"Toy Ornithopter":25,"TungstenRod":12,"Ring of the Snake":[40],"Meat on the Bone":36},"card_choices":[{"not_picked":["Dagger Throw","Footwork"],"picked":"Bane","floor":1.0},{"not_picked":["Slice","Phantasmal Killer","Calculated Gamble"],"picked":"SKIP","floor":6.0},{"not_picked":["Outmaneuver","PiercingWail"],"picked":"Catalyst","floor":8.0},{"not_picked":["Slice","Distraction"],"picked":"Acrobatics","floor":10.0},{"not_picked":["Outmaneuver","Endless Agony"],"picked":"Footwork","floor":12.0},{"not_picked":["Unload","Envenom"],"picked":"Wraith Form v2","floor":16.0},{"not_picked":["Dagger Throw","Sucker Punch"],"picked":"Calculated Gamble","floor":18.0},{"not_picked":["Underhanded Strike","Accuracy","Blade Dance"],"picked":"SKIP","floor":23.0},{"not_picked":["Eviscerate","PiercingWail"],"picked":"Well Laid Plans","floor":24.0},{"not_picked":["Slice","Die Die Die"],"picked":"Deadly Poison","floor":25.0},{"not_picked":["Flying Knee","Heel Hook","Deflect"],"picked":"SKIP","floor":27.0},{"not_picked":["Backstab","Dagger Throw","Escape Plan"],"picked":"SKIP","floor":29.0},{"not_picked":["Backstab","Dagger Throw","Escape Plan"],"picked":"SKIP","floor":29.0},{"not_picked":["Bullet Time","Glass Knife"],"picked":"Tools of the Trade","floor":33.0},{"not_picked":["Poisoned Stab","Heel Hook","All Out Attack"],"picked":"SKIP","floor":35.0},{"not_picked":["Bane","Sucker Punch+1"],"picked":"Backflip+1","floor":38.0},{"not_picked":["Acrobatics","Prepared"],"picked":"Night Terror","floor":40.0},{"not_picked":["Terror","Blade Dance","Grand Finale"],"picked":"SKIP","floor":42.0},{"not_picked":["Blade Dance","All Out Attack+1","Endless Agony"],"picked":"SKIP","floor":45.0},{"not_picked":["Dagger Spray","Terror+1","Cloak And Dagger"],"picked":"SKIP","floor":46}],"player_experience":604758,"relics_obtained":[{"floor":6.0,"key":"StrikeDummy"},{"floor":9.0,"key":"Orichalcum"},{"floor":10.0,"key":"Art of War"},{"floor":12.0,"key":"Meat on the Bone"},{"floor":13.0,"key":"Paper Crane"},{"floor":23.0,"key":"Gremlin Horn"},{"floor":25.0,"key":"Bronze Scales"},{"floor":26.0,"key":"Toy Ornithopter"},{"floor":27.0,"key":"Dream Catcher"},{"floor":28.0,"key":"Enchiridion"},{"floor":34.0,"key":"Anchor"},{"floor":34.0,"key":"Darkstone Periapt"},{"floor":34.0,"key":"TungstenRod"},{"floor":40.0,"key":"MealTicket"},{"floor":43.0,"key":"Blood Vial"},{"floor":45.0,"key":"Old Coin"},{"floor":48,"key":"Ginger"}],"event_choices":[{"damage_healed":0.0,"max_hp_gain":0.0,"max_hp_loss":0.0,"gold_gain":0.0,"event_name":"Living Wall","player_choice":"Grow","floor":3.0,"gold_loss":0.0,"damage_taken":0.0,"cards_upgraded":["Bouncing Flask"]},{"damage_healed":0.0,"max_hp_gain":0.0,"max_hp_loss":0.0,"gold_gain":150.0,"event_name":"Liars Game","player_choice":"AGREE","floor":4.0,"gold_loss":0.0,"damage_taken":0.0,"cards_obtained":["Doubt"]},{"damage_healed":0.0,"max_hp_gain":0.0,"max_hp_loss":0.0,"gold_gain":0.0,"event_name":"Accursed Blacksmith","player_choice":"Rummage","floor":5.0,"gold_loss":0.0,"damage_taken":0.0,"relics_obtained":["WarpedTongs"],"cards_obtained":["Pain"]},{"damage_healed":0.0,"max_hp_gain":0.0,"max_hp_loss":0.0,"gold_gain":0.0,"event_name":"World of Goop","player_choice":"Left Gold","floor":14.0,"gold_loss":59.0,"damage_taken":0.0},{"damage_healed":0.0,"max_hp_gain":0.0,"max_hp_loss":0.0,"gold_gain":0.0,"cards_transformed":["Strike_G","Strike_G"],"event_name":"Drug Dealer","player_choice":"Became Test Subject","floor":19.0,"gold_loss":0.0,"damage_taken":0.0,"cards_obtained":["Flying Knee","Burst"]},{"damage_healed":0.0,"max_hp_gain":0.0,"max_hp_loss":0.0,"gold_gain":0.0,"event_name":"The Mausoleum","player_choice":"Ignored","floor":20.0,"gold_loss":0.0,"damage_taken":0.0},{"damage_healed":0.0,"max_hp_gain":0.0,"max_hp_loss":0.0,"gold_gain":0.0,"event_name":"Back to Basics","player_choice":"Simplicity","floor":22.0,"gold_loss":0.0,"damage_taken":0.0,"cards_upgraded":["Strike_G","Strike_G","Strike_G","Defend_G","Defend_G","Defend_G","Defend_G","Defend_G"]},{"damage_healed":0.0,"max_hp_gain":0.0,"max_hp_loss":0.0,"gold_gain":0.0,"event_name":"Cursed Tome","player_choice":"Obtained Book","floor":28.0,"gold_loss":0.0,"damage_taken":21.0},{"damage_healed":0.0,"max_hp_gain":0.0,"max_hp_loss":0.0,"gold_gain":0.0,"event_name":"Vampires","player_choice":"Ignored","floor":30.0,"gold_loss":0.0,"damage_taken":0.0},{"cards_removed":["Bane"],"damage_healed":0.0,"max_hp_gain":0.0,"max_hp_loss":0.0,"gold_gain":0.0,"event_name":"Falling","player_choice":"Removed Attack","floor":37.0,"gold_loss":0.0,"damage_taken":0.0},{"damage_healed":0.0,"max_hp_gain":0.0,"max_hp_loss":4.0,"gold_gain":0.0,"event_name":"Winding Halls","player_choice":"Max HP","floor":39.0,"gold_loss":0.0,"damage_taken":0.0},{"damage_healed":0.0,"max_hp_gain":0.0,"max_hp_loss":0.0,"gold_gain":0.0,"event_name":"Mysterious Sphere","player_choice":"Ignored","floor":44.0,"gold_loss":0.0,"damage_taken":0.0}],"is_beta":false,"boss_relics":[{"not_picked":["Black Star","Ring of the Serpent"],"picked":"Fusion Hammer"},{"not_picked":["HoveringKite","Runic Pyramid"],"picked":"Calling Bell"}],"items_purged_floors":[21,36,47],"is_endless":false,"potions_floor_spawned":[8,12,16,18,24,27,33,35,46],"ascension_level":19}}