{"host":"a1eatafr7pisesky","time":1610127599,"event":{"mods":["AchievementEnabler","BaseMod","Colored Map","Keyboard Shortcuts","Minty Spire (QoL Compilation)","Say the Spire","StSLib","SuperFastMode","everything is the same but u backflip on backflip"],"gold_per_floor":[111,111,125,50,50,78,98,98,98,118,136,156,167,184,184,285,285,302,314,328,18,18,18,18],"floor_reached":23,"playtime":686,"items_purged":["Strike_B"],"score":300,"play_id":"9cd9c1c9-add2-40f8-ace2-809098877ff5","local_time":"20210109023959","is_ascension_mode":true,"campfire_choices":[{"data":"Glacier","floor":8.0,"key":"SMITH"},{"data":"Ball Lightning","floor":15.0,"key":"SMITH"}],"circlet_count":0,"master_deck":["Strike_B","Strike_B","Defend_B","Defend_B","Defend_B","Zap","Dualcast+1","Ball Lightning+1","Sweeping Beam+1","Glacier+1","Capacitor","Ball Lightning","Chill","Seek","White Noise","White Noise","Heatsinks","Heatsinks","Storm","Loop","Capacitor"],"relics":["Cracked Core","NeowsBlessing","The Courier","Empty Cage","Toxic Egg 2"],"acts_visited":["Exordium","TheCity"],"potions_floor_usage":[],"damage_taken":[{"damage":0.0,"enemies":"Small Slimes","floor":1.0,"turns":1.0},{"damage":0.0,"enemies":"Cultist","floor":3.0,"turns":1.0},{"damage":0.0,"enemies":"3 Sentries","floor":6.0,"turns":1.0},{"damage":7.0,"enemies":"Jaw Worm","floor":7.0,"turns":3.0},{"damage":1.0,"enemies":"Gremlin Gang","floor":10.0,"turns":3.0},{"damage":0.0,"enemies":"Red Slaver","floor":11.0,"turns":3.0},{"damage":7.0,"enemies":"Exordium Thugs","floor":12.0,"turns":3.0},{"damage":12.0,"enemies":"Lots of Slimes","floor":13.0,"turns":2.0},{"damage":9.0,"enemies":"Red Slaver","floor":14.0,"turns":4.0},{"damage":25.0,"enemies":"The Guardian","floor":16.0,"turns":10.0},{"damage":13,"enemies":"3 Byrds","floor":18,"turns":5},{"damage":19,"enemies":"Chosen","floor":19,"turns":5},{"damage":24,"enemies":"Centurion and Healer","floor":20,"turns":10},{"damage":9,"enemies":"Book of Stabbing","floor":23,"turns":1}],"seed_played":"-2154536494298445128","potions_obtained":[{"floor":7.0,"key":"AttackPotion"},{"floor":11.0,"key":"Ancient Potion"},{"floor":12.0,"key":"EssenceOfSteel"},{"floor":13.0,"key":"PowerPotion"},{"floor":14.0,"key":"Regen Potion"},{"floor":18,"key":"PowerPotion"}],"is_trial":false,"path_per_floor":["M","?","M","$","?","E","M","R","T","M","M","M","M","M","R","B",null,"M","M","M","$","?","E"],"character_chosen":"DEFECT","items_purchased":["Heatsinks","Heatsinks","Storm","Loop","Capacitor"],"campfire_rested":0,"item_purchase_floors":[21,21,21,21,21],"current_hp_per_floor":[68,68,68,68,68,68,61,61,61,60,60,53,41,32,32,22,62,49,30,6,6,6,0,0],"gold":18,"neow_bonus":"THREE_ENEMY_KILL","is_daily":false,"chose_seed":false,"campfire_upgraded":2,"win_rate":0.0,"timestamp":1610127599,"path_taken":["M","?","?","$","?","E","M","R","T","?","M","M","M","M","R","BOSS","M","M","M","$","?","E"],"items_purchased_type":["Card","Card","Card","Card","Card"],"build_version":"2020-12-22","purchased_purges":1,"victory":false,"max_hp_per_floor":[75,75,75,75,75,75,75,75,75,75,75,75,75,75,75,75,75,75,75,75,75,75,75,75],"card_choices":[{"not_picked":["Streamline","Sweeping Beam"],"picked":"Ball Lightning","floor":1.0},{"not_picked":["Reprogram","Heatsinks"],"picked":"Sweeping Beam","floor":3.0},{"not_picked":["Stack","Gash","Chaos"],"picked":"SKIP","floor":6.0},{"not_picked":["Aggregate","Gash"],"picked":"Glacier","floor":7.0},{"not_picked":["Auto Shields","Storm","Stack"],"picked":"SKIP","floor":10.0},{"not_picked":["Coolheaded","Barrage"],"picked":"Capacitor","floor":11.0},{"not_picked":["Rainbow","Gash","Force Field"],"picked":"SKIP","floor":12.0},{"not_picked":["Leap","Streamline"],"picked":"Ball Lightning","floor":13.0},{"not_picked":["Cold Snap","Coolheaded"],"picked":"Chill","floor":14.0},{"not_picked":["Hyperbeam","Reboot"],"picked":"Seek","floor":16.0},{"not_picked":["Streamline","Gash"],"picked":"White Noise","floor":18},{"not_picked":["Double Energy","Aggregate"],"picked":"White Noise","floor":19},{"not_picked":["Aggregate","Scrape","Chill"],"picked":"SKIP","floor":20}],"player_experience":292091,"relics_obtained":[{"floor":6.0,"key":"The Courier"}],"event_choices":[{"damage_healed":0.0,"max_hp_gain":0.0,"max_hp_loss":0.0,"gold_gain":0.0,"event_name":"Upgrade Shrine","player_choice":"Upgraded","floor":2.0,"gold_loss":0.0,"damage_taken":0.0,"cards_upgraded":["Dualcast"]},{"damage_healed":0.0,"max_hp_gain":0.0,"max_hp_loss":0.0,"gold_gain":0.0,"event_name":"Accursed Blacksmith","player_choice":"Forge","floor":5.0,"gold_loss":0.0,"damage_taken":0.0,"cards_upgraded":["Sweeping Beam"]},{"damage_healed":0,"gold_gain":0,"player_choice":"Gave Potion","damage_taken":0,"relics_obtained":["Toxic Egg 2"],"max_hp_gain":0,"max_hp_loss":0,"event_name":"WeMeetAgain","floor":22,"gold_loss":0}],"is_beta":false,"boss_relics":[{"not_picked":["Pandora\u0027s Box","Velvet Choker"],"picked":"Empty Cage"}],"items_purged_floors":[4],"is_endless":false,"potions_floor_spawned":[7,11,12,13,14,18],"killed_by":"Book of Stabbing","ascension_level":7}}