{"host":"dowi7cgbhepuzvpj","time":1610073795,"event":{"mods":["AchievementEnabler","BaseMod","Colored Map","Highlight Path","Keyboard Shortcuts","Minty Spire (QoL Compilation)","Permanent Neow","Quick Restart","StSLib","SuperFastMode"],"gold_per_floor":[117,130,110,127,15,15,46,46,69,95,110,121,63,73,73,149,149,159,131,131,44,44,44],"floor_reached":22,"playtime":565,"items_purged":["Aggregate"],"score":476,"play_id":"c69bfd42-eda0-4b73-b842-6174f7f8c947","local_time":"20210108114315","is_ascension_mode":true,"campfire_choices":[{"data":"Sunder","floor":6,"key":"SMITH"},{"data":"Defragment","floor":8,"key":"SMITH"},{"data":"Zap","floor":15,"key":"SMITH"}],"circlet_count":0,"master_deck":["AscendersBane","Zap+1","Dualcast","Defragment+1","Rip and Tear","Genetic Algorithm","Loop","Turbo","Melter","BootSequence","Ball Lightning","Sunder+1","Auto Shields","White Noise","Rebound","Streamline","Ball Lightning","Cold Snap","Ball Lightning","Thunder Strike","FTL","Hologram","Self Repair"],"relics":["Pandora\u0027s Box","Dream Catcher","Strawberry","Art of War","Inserter"],"acts_visited":["Exordium","TheCity"],"potions_floor_usage":[14,16,16],"damage_taken":[{"damage":6,"enemies":"Cultist","floor":1,"turns":3},{"damage":0,"enemies":"2 Louse","floor":2,"turns":2},{"damage":8,"enemies":"Small Slimes","floor":4,"turns":3},{"damage":8,"enemies":"Gremlin Nob","floor":7,"turns":3},{"damage":20,"enemies":"3 Sentries","floor":10,"turns":5},{"damage":5,"enemies":"2 Fungi Beasts","floor":11,"turns":3},{"damage":4,"enemies":"Red Slaver","floor":12,"turns":2},{"damage":8,"enemies":"Exordium Thugs","floor":14,"turns":3},{"damage":0,"enemies":"Hexaghost","floor":16,"turns":7},{"damage":44,"enemies":"3 Byrds","floor":18,"turns":5},{"damage":18,"enemies":"Chosen","floor":22,"turns":3}],"seed_played":"-1559695389343452505","potions_obtained":[{"floor":3,"key":"Fire Potion"},{"floor":4,"key":"Block Potion"},{"floor":14,"key":"EssenceOfSteel"}],"is_trial":false,"path_per_floor":["M","M","?","M","$","R","E","R","T","E","M","M","$","M","R","B",null,"M","$","?","$","M"],"character_chosen":"DEFECT","items_purchased":["White Noise","Cold Snap","Hologram","Self Repair"],"campfire_rested":0,"item_purchase_floors":[5,13,19,21],"current_hp_per_floor":[58,58,58,50,50,50,42,42,49,29,24,20,20,12,12,12,62,18,18,18,18,0,0],"gold":44,"neow_bonus":"BOSS_RELIC","is_daily":false,"chose_seed":false,"campfire_upgraded":3,"win_rate":0.0,"timestamp":1610073795,"path_taken":["M","?","?","M","$","R","E","R","T","E","M","?","$","M","R","BOSS","M","$","?","$","M"],"items_purchased_type":["Card","Card","Card","Card"],"build_version":"2020-12-22","purchased_purges":1,"victory":false,"max_hp_per_floor":[71,71,71,71,71,71,71,71,78,78,78,78,78,78,78,78,78,78,78,78,78,78,78],"card_choices":[{"not_picked":["Sweeping Beam","Recycle"],"picked":"Ball Lightning","floor":1},{"not_picked":["Leap","Stack"],"picked":"Sunder","floor":2},{"not_picked":["Barrage","Coolheaded"],"picked":"Auto Shields","floor":4},{"not_picked":["Hyperbeam","Skim"],"picked":"Rebound","floor":7},{"not_picked":["Genetic Algorithm","Go for the Eyes"],"picked":"Streamline","floor":10},{"not_picked":["Capacitor","Coolheaded"],"picked":"Ball Lightning","floor":11},{"not_picked":["Gash","Doom and Gloom","Barrage"],"picked":"SKIP","floor":12},{"not_picked":["Cold Snap","Go for the Eyes"],"picked":"Ball Lightning","floor":14},{"not_picked":["Seek","All For One"],"picked":"Thunder Strike","floor":16},{"not_picked":["Sweeping Beam","Auto Shields"],"picked":"FTL","floor":18}],"player_experience":772439,"relics_obtained":[{"floor":7,"key":"Dream Catcher"},{"floor":9,"key":"Strawberry"},{"floor":10,"key":"Art of War"}],"event_choices":[{"damage_healed":0,"gold_gain":0,"player_choice":"Bought 1 Potion","damage_taken":0,"max_hp_gain":0,"max_hp_loss":0,"event_name":"The Woman in Blue","floor":3,"gold_loss":0},{"damage_healed":0,"gold_gain":0,"player_choice":"Ignored","damage_taken":0,"max_hp_gain":0,"max_hp_loss":0,"event_name":"Ghosts","floor":20,"gold_loss":0}],"is_beta":false,"boss_relics":[{"not_picked":["Tiny House","Snecko Eye"],"picked":"Inserter"}],"items_purged_floors":[5],"is_endless":false,"potions_floor_spawned":[4,7,11,14],"killed_by":"Chosen","ascension_level":19}}