{"host":"9l1knhxfturzliqa","time":1610081153,"event":{"mods":["BaseMod","Colored Map","Colored Powertips","DeckTracker","Highlight Path","Keyboard Shortcuts","Minty Spire (QoL Compilation)","Random Character Button"],"gold_per_floor":[113,130,130,145,158,193,208,208,285,285,315,328,26,61,61,166,166,177,177,192,207,227,227,256,266,266,266,266,298,316,331,331,428,428,447,457,457,470,542,571,571,571,571,920,932,965,167,185,185,185,185],"floor_reached":50,"playtime":5053,"items_purged":["Strike_G"],"score":952,"play_id":"b117c9f8-a5a7-45d5-8576-1fd635694c56","local_time":"20210108134553","is_ascension_mode":true,"campfire_choices":[{"data":"Die Die Die","floor":8.0,"key":"SMITH"},{"data":"Deadly Poison","floor":10.0,"key":"SMITH"},{"data":"Infinite Blades","floor":15.0,"key":"SMITH"},{"data":"Adrenaline","floor":23.0,"key":"SMITH"},{"floor":28.0,"key":"REST"},{"floor":32.0,"key":"REST"},{"data":"Transmutation","floor":41.0,"key":"SMITH"},{"data":"Tools of the Trade","floor":49.0,"key":"SMITH"}],"circlet_count":0,"master_deck":["AscendersBane","Strike_G","Strike_G","Defend_G","Defend_G","Survivor","Neutralize","Die Die Die+1","Poisoned Stab","Deadly Poison+1","Dagger Throw","Infinite Blades+1","Sucker Punch+1","Predator+1","Accuracy","Backflip","Escape Plan","Adrenaline+1","Setup+1","Crippling Poison+1","Deadly Poison+1","Tactician","Dagger Throw+1","Reflex","Eviscerate+1","Noxious Fumes","Choke+1","Outmaneuver+1","Doppelganger","Tools of the Trade+1","Panache","Transmutation+1","Underhanded Strike+1","PiercingWail","Calculated Gamble+1","Acrobatics","Corpse Explosion"],"relics":["Ring of the Snake","Molten Egg 2","Singing Bowl","Lizard Tail","Happy Flower","Centennial Puzzle","Smiling Mask","Astrolabe","Toy Ornithopter","Anchor","Pantograph","Blood Vial","Coffee Dripper","Kunai","Ancient Tea Set","Pear","Old Coin","Nunchaku","Ice Cream","Frozen Eye"],"acts_visited":["Exordium","TheCity","TheBeyond"],"potions_floor_usage":[],"damage_taken":[{"damage":0.0,"enemies":"2 Louse","floor":1.0,"turns":2.0},{"damage":1.0,"enemies":"Cultist","floor":2.0,"turns":3.0},{"damage":5.0,"enemies":"Small Slimes","floor":4.0,"turns":3.0},{"damage":7.0,"enemies":"Exordium Wildlife","floor":5.0,"turns":4.0},{"damage":20.0,"enemies":"3 Sentries","floor":6.0,"turns":8.0},{"damage":2.0,"enemies":"Large Slime","floor":7.0,"turns":6.0},{"damage":18.0,"enemies":"Gremlin Nob","floor":11.0,"turns":4.0},{"damage":2.0,"enemies":"Exordium Thugs","floor":12.0,"turns":4.0},{"damage":19.0,"enemies":"3 Sentries","floor":14.0,"turns":4.0},{"damage":12.0,"enemies":"The Guardian","floor":16.0,"turns":11.0},{"damage":1.0,"enemies":"Shell Parasite","floor":18.0,"turns":5.0},{"damage":6.0,"enemies":"3 Byrds","floor":20.0,"turns":4.0},{"damage":21.0,"enemies":"Centurion and Healer","floor":21.0,"turns":4.0},{"damage":3.0,"enemies":"Cultist and Chosen","floor":22.0,"turns":4.0},{"damage":17.0,"enemies":"Book of Stabbing","floor":24.0,"turns":4.0},{"damage":4.0,"enemies":"Chosen and Byrds","floor":25.0,"turns":4.0},{"damage":11.0,"enemies":"Gremlin Leader","floor":29.0,"turns":5.0},{"damage":8.0,"enemies":"Snecko","floor":30.0,"turns":3.0},{"damage":14.0,"enemies":"Snake Plant","floor":31.0,"turns":4.0},{"damage":68.0,"enemies":"Collector","floor":33.0,"turns":8.0},{"damage":2.0,"enemies":"3 Darklings","floor":35.0,"turns":6.0},{"damage":1.0,"enemies":"3 Shapes","floor":36.0,"turns":6.0},{"damage":24.0,"enemies":"Transient","floor":38.0,"turns":5.0},{"damage":25.0,"enemies":"Reptomancer","floor":40.0,"turns":5.0},{"damage":38.0,"enemies":"2 Orb Walkers","floor":44.0,"turns":4.0},{"damage":0.0,"enemies":"Sphere and 2 Shapes","floor":45.0,"turns":3.0},{"damage":11.0,"enemies":"Giant Head","floor":46.0,"turns":6.0},{"damage":2.0,"enemies":"4 Shapes","floor":48.0,"turns":4.0},{"damage":45,"enemies":"Awakened One","floor":50,"turns":6}],"seed_played":"7807715216215001859","potions_obtained":[{"floor":1.0,"key":"LiquidBronze"},{"floor":4.0,"key":"LiquidBronze"},{"floor":5.0,"key":"Weak Potion"},{"floor":7.0,"key":"Energy Potion"},{"floor":16.0,"key":"Fire Potion"},{"floor":20.0,"key":"Ancient Potion"},{"floor":21.0,"key":"FairyPotion"},{"floor":33.0,"key":"Fire Potion"},{"floor":36.0,"key":"Strength Potion"},{"floor":38.0,"key":"Poison Potion"},{"floor":45.0,"key":"SteroidPotion"}],"is_trial":false,"path_per_floor":["M","M","?","M","M","E","M","R","T","R","E","M","$","E","R","B",null,"M","?","M","M","M","R","E","M","T","?","R","E","M","M","R","B",null,"M","M","?","M","T","E","R","?","T","?","M","E","$","M","R","B"],"character_chosen":"THE_SILENT","items_purchased":["Happy Flower","Centennial Puzzle","Ice Cream","Frozen Eye","Acrobatics","Corpse Explosion","SkillPotion","Block Potion"],"campfire_rested":2,"item_purchase_floors":[13,13,47,47,47,47,47,47],"current_hp_per_floor":[63,62,62,57,50,30,28,28,28,28,10,8,8,25,25,13,56,55,55,51,32,29,29,12,8,8,8,30,19,15,3,25,22,63,70,73,65,50,50,29,29,29,39,3,10,6,6,18,18,0,0],"gold":185,"neow_bonus":"THREE_RARE_CARDS","is_daily":false,"chose_seed":false,"campfire_upgraded":6,"win_rate":0.0,"timestamp":1610081153,"path_taken":["M","M","?","M","?","E","M","R","T","R","E","M","$","E","R","BOSS","M","?","M","M","M","R","E","M","T","?","R","E","M","M","R","BOSS","M","M","?","M","?","E","R","?","T","?","M","E","$","M","R","BOSS"],"items_purchased_type":["Relic","Relic","Relic","Relic","Card","Card","Potion","Potion"],"build_version":"2020-12-22","purchased_purges":1,"victory":false,"max_hp_per_floor":[70,70,70,70,70,70,70,70,70,70,70,70,70,70,70,70,70,70,70,72,74,74,74,74,74,74,74,74,74,76,76,76,76,76,78,80,82,84,84,86,86,86,96,96,96,96,96,98,98,98,98],"card_choices":[{"not_picked":["Doppelganger","Tools of the Trade"],"picked":"Die Die Die","floor":0.0},{"not_picked":["Prepared","Riddle With Holes"],"picked":"Poisoned Stab","floor":1.0},{"not_picked":["Leg Sweep","Expertise"],"picked":"Deadly Poison","floor":2.0},{"not_picked":["Outmaneuver","Sucker Punch"],"picked":"Dagger Throw","floor":4.0},{"not_picked":["Infinite Blades","Slice","Underhanded Strike"],"picked":"SKIP","floor":5.0},{"not_picked":["Slice","Underhanded Strike"],"picked":"Infinite Blades","floor":5.0},{"not_picked":["Backflip","Dodge and Roll"],"picked":"Sucker Punch+1","floor":6.0},{"not_picked":["Deadly Poison","Deflect"],"picked":"Predator+1","floor":7.0},{"not_picked":["A Thousand Cuts","Reflex"],"picked":"Accuracy","floor":11.0},{"not_picked":["Reflex","Acrobatics"],"picked":"Backflip","floor":12.0},{"not_picked":["Backflip","Slice+1"],"picked":"Escape Plan","floor":14.0},{"not_picked":["Grand Finale+1","Die Die Die+1"],"picked":"Adrenaline","floor":16.0},{"not_picked":["Slice+1","Quick Slash+1"],"picked":"Tactician","floor":18.0},{"not_picked":["Cloak And Dagger","Dagger Throw+1","Crippling Poison"],"picked":"Singing Bowl","floor":20.0},{"not_picked":["Flying Knee+1","Cloak And Dagger","Deadly Poison"],"picked":"Singing Bowl","floor":21.0},{"not_picked":["Deflect","Masterful Stab+1"],"picked":"Eviscerate+1","floor":22.0},{"not_picked":["Reflex","Sucker Punch+1"],"picked":"Noxious Fumes","floor":24.0},{"not_picked":["Dodge and Roll","Deadly Poison"],"picked":"Choke+1","floor":25.0},{"not_picked":["Terror","Dodge and Roll"],"picked":"Outmaneuver+1","floor":29.0},{"not_picked":["Dagger Throw+1","Choke+1","Endless Agony+1"],"picked":"Singing Bowl","floor":30.0},{"not_picked":["Dagger Throw+1","Sucker Punch+1"],"picked":"Doppelganger","floor":31.0},{"not_picked":["Wraith Form v2","Grand Finale+1"],"picked":"Tools of the Trade","floor":33.0},{"not_picked":["Deadly Poison","Dodge and Roll","Deflect+1"],"picked":"Singing Bowl","floor":35.0},{"not_picked":["Dagger Spray+1","Outmaneuver+1","Sucker Punch+1"],"picked":"Singing Bowl","floor":36.0},{"not_picked":["Panacea","PanicButton"],"picked":"Panache","floor":37.0},{"not_picked":["Impatience","Swift Strike+1"],"picked":"Transmutation","floor":37.0},{"not_picked":["Magnetism","Impatience","Dramatic Entrance+1"],"picked":"Singing Bowl","floor":37.0},{"not_picked":["Poisoned Stab+1","Choke+1","Dagger Throw+1"],"picked":"Singing Bowl","floor":38.0},{"not_picked":["Tactician","Quick Slash+1","Reflex"],"picked":"Singing Bowl","floor":40.0},{"not_picked":["Eviscerate+1","Endless Agony+1"],"picked":"Underhanded Strike+1","floor":44.0},{"not_picked":["Bane+1","Deflect"],"picked":"PiercingWail","floor":45.0},{"not_picked":["Sucker Punch+1","Outmaneuver"],"picked":"Calculated Gamble+1","floor":46.0},{"not_picked":["Terror","Reflex+1","Deflect+1"],"picked":"Singing Bowl","floor":48.0}],"player_experience":370418,"relics_obtained":[{"floor":6.0,"key":"Molten Egg 2"},{"floor":9.0,"key":"Singing Bowl"},{"floor":11.0,"key":"Lizard Tail"},{"floor":14.0,"key":"Smiling Mask"},{"floor":24.0,"key":"Toy Ornithopter"},{"floor":26.0,"key":"Anchor"},{"floor":29.0,"key":"Blood Vial"},{"floor":39.0,"key":"Kunai"},{"floor":40.0,"key":"Ancient Tea Set"},{"floor":43.0,"key":"Pear"},{"floor":44.0,"key":"Old Coin"},{"floor":46.0,"key":"Nunchaku"}],"event_choices":[{"cards_removed":["Normality"],"damage_healed":0.0,"max_hp_gain":0.0,"max_hp_loss":0.0,"gold_gain":0.0,"event_name":"Fountain of Cleansing","player_choice":"Removed Curses","floor":3.0,"gold_loss":0.0,"damage_taken":0.0},{"damage_healed":0.0,"max_hp_gain":0.0,"max_hp_loss":0.0,"gold_gain":0.0,"cards_transformed":["Defend_G","Defend_G"],"event_name":"Drug Dealer","player_choice":"Became Test Subject","floor":19.0,"gold_loss":0.0,"damage_taken":0.0,"cards_obtained":["Dagger Throw","Reflex"]},{"damage_healed":0.0,"max_hp_gain":0.0,"max_hp_loss":0.0,"gold_gain":0.0,"event_name":"The Mausoleum","player_choice":"Opened","floor":27.0,"gold_loss":0.0,"damage_taken":0.0,"relics_obtained":["Pantograph"]},{"damage_healed":0.0,"max_hp_gain":0.0,"max_hp_loss":0.0,"gold_gain":0.0,"event_name":"SensoryStone","player_choice":"Memory 3","floor":37.0,"gold_loss":0.0,"damage_taken":10.0},{"damage_healed":0.0,"max_hp_gain":0.0,"max_hp_loss":0.0,"gold_gain":0.0,"event_name":"Tomb of Lord Red Mask","player_choice":"Ignored","floor":42.0,"gold_loss":0.0,"damage_taken":0.0},{"damage_healed":0.0,"max_hp_gain":0.0,"max_hp_loss":0.0,"gold_gain":0.0,"event_name":"Mysterious Sphere","player_choice":"Fight","floor":44.0,"gold_loss":0.0,"damage_taken":0.0}],"is_beta":false,"boss_relics":[{"not_picked":["SacredBark","Runic Pyramid"],"picked":"Astrolabe"},{"not_picked":["Busted Crown","Fusion Hammer"],"picked":"Coffee Dripper"}],"items_purged_floors":[47],"is_endless":false,"potions_floor_spawned":[1,4,5,7,16,20,21,22,29,31,33,36,38,45],"killed_by":"Awakened One","ascension_level":11}}