{"host":"56ghxnzsglgdq727","time":1610105189,"event":{"mods":["AchievementEnabler","BaseMod","Downfall","Minty Spire (QoL Compilation)","StSLib"],"gold_per_floor":[99,111,211,221,232,232,281,281,299,332,257,4,24,44,57,153,153,153,173,85,85,104,89,89,106,106,136,136,162,162,407,427,523,523,523,533,580,580,304,323,323,333,183,183,233,233,233,248,262,262,262,297,58,58,58],"floor_reached":56,"playtime":3123,"items_purged":["champ:Execute","champ:Strike","champ:Strike","champ:Defend"],"score":1281,"play_id":"49b01ba5-132f-4eb2-ab45-2ec8a4009a00","local_time":"20210108062629","is_ascension_mode":true,"campfire_choices":[{"data":"champ:Taunt","floor":1,"key":"SMITH"},{"data":"champ:RapidStrikes","floor":8,"key":"SMITH"},{"floor":11,"key":"REST"},{"data":"champ:Devastate","floor":18,"key":"SMITH"},{"floor":28,"key":"REST"},{"floor":30,"key":"REST"},{"floor":35,"key":"RECALL"},{"data":"champ:GladiatorStyle","floor":43,"key":"SMITH"},{"data":"Magnetism","floor":46,"key":"SMITH"},{"floor":47,"key":"REST"},{"data":"expansioncontent:CaCaw","floor":54,"key":"SMITH"}],"circlet_count":0,"master_deck":["champ:Strike+1","champ:Defend+1","champ:Defend+1","champ:Taunt+1","champ:RapidStrikes+1","champ:ShieldWall","champ:GladiatorStyle+1","champ:GladiatorStyle","champ:GladiatorsShout+1","Magnetism+1","champ:PreciseThrust","champ:Devastate+1","champ:GladiatorStyle","expansioncontent:DefensiveStance","expansioncontent:CaCaw+1","champ:FocusedGladiator","expansioncontent:DonusPower"],"relics":["champ:ChampionCrown","War Paint","Happy Flower","downfall:HeartBlessingGreen","champ:PowerArmor","Singing Bowl","Lantern","Blue Candle","Philosopher\u0027s Stone","WingedGreaves","Orrery","champ:SpectersHand","downfall:HeartBlessingRed","downfall:HeartBlessingBlue","Incense Burner","Dead Branch"],"acts_visited":["Exordium","TheCity","TheBeyond","TheEnding"],"potions_floor_usage":[16,20,20,23,27,33,33,36,42,55],"damage_taken":[{"damage":11,"enemies":"Jaw Worm","floor":2,"turns":5},{"damage":0,"enemies":"Small Slimes","floor":4,"turns":4},{"damage":0,"enemies":"Cultist","floor":5,"turns":4},{"damage":8,"enemies":"Lots of Slimes","floor":9,"turns":5},{"damage":36,"enemies":"Gremlin Nob","floor":10,"turns":5},{"damage":0,"enemies":"downfall:FleeingMerchant","floor":12,"turns":4},{"damage":3,"enemies":"Blue Slaver","floor":13,"turns":4},{"damage":0,"enemies":"3 Louse","floor":14,"turns":2},{"damage":14,"enemies":"Exordium Wildlife","floor":15,"turns":4},{"damage":11,"enemies":"downfall:Watcher","floor":16,"turns":7},{"damage":17,"enemies":"3 Byrds","floor":19,"turns":6},{"damage":0,"enemies":"downfall:FleeingMerchant","floor":20,"turns":4},{"damage":25,"enemies":"Spheric Guardian","floor":22,"turns":4},{"damage":0,"enemies":"downfall:FleeingMerchant","floor":23,"turns":4},{"damage":22,"enemies":"Cultist and Chosen","floor":25,"turns":7},{"damage":7,"enemies":"Book of Stabbing","floor":27,"turns":4},{"damage":22,"enemies":"Gremlin Leader","floor":29,"turns":6},{"damage":16,"enemies":"downfall:FleeingMerchant","floor":31,"turns":4},{"damage":3,"enemies":"Snecko","floor":32,"turns":4},{"damage":19,"enemies":"downfall:Silent","floor":33,"turns":8},{"damage":0,"enemies":"Orb Walker","floor":36,"turns":2},{"damage":66,"enemies":"2 Orb Walkers","floor":37,"turns":6},{"damage":0,"enemies":"3 Darklings","floor":40,"turns":5},{"damage":0,"enemies":"Jaw Worm Horde","floor":42,"turns":4},{"damage":0,"enemies":"Mind Bloom Boss Battle","floor":45,"turns":7},{"damage":3,"enemies":"Writhing Mass","floor":48,"turns":5},{"damage":16,"enemies":"Maw","floor":49,"turns":5},{"damage":15,"enemies":"downfall:Ironclad","floor":50,"turns":10},{"damage":60,"enemies":"downfall:CharBossMerchant","floor":52,"turns":8},{"damage":50,"enemies":"downfall:NeowBoss","floor":55,"turns":20}],"seed_played":"-2184283323579761996","potions_obtained":[{"floor":10,"key":"Strength Potion"},{"floor":13,"key":"SpeedPotion"},{"floor":14,"key":"SteroidPotion"},{"floor":16,"key":"Strength Potion"},{"floor":22,"key":"Weak Potion"},{"floor":25,"key":"Block Potion"},{"floor":27,"key":"SteroidPotion"},{"floor":33,"key":"AttackPotion"},{"floor":40,"key":"SneckoOil"},{"floor":42,"key":"FairyPotion"},{"floor":52,"key":"Dexterity Potion"}],"is_trial":false,"path_per_floor":["R","M","?","M","M","?","T","R","M","E","R","$","M","M","M","B",null,"R","M","$","?","M","$","T","M","?","E","R","E","R","$","M","B",null,"R","M","?","?","$","M","T","M","R","?","?","R","R","M","M","B",null,"E","$","R","B",null],"character_chosen":"THE_CHAMP","items_purchased":["Magnetism","champ:GladiatorStyle","Orrery","expansioncontent:DonusPower"],"campfire_rested":4,"item_purchase_floors":[12,20,39,53],"current_hp_per_floor":[81,70,70,70,70,70,70,70,62,26,50,50,47,47,33,22,81,81,64,64,56,31,31,31,14,14,9,34,14,40,26,25,8,93,93,95,31,31,41,43,43,45,55,47,47,47,83,82,68,53,127,74,74,74,24],"gold":58,"neow_bonus":"TRANSFORM_TWO_CARDS","is_daily":false,"chose_seed":false,"campfire_upgraded":6,"win_rate":0.0,"timestamp":1610105189,"path_taken":["R","M","?","M","M","?","T","R","M","E","R","$","M","M","M","BOSS","R","M","$","?","?","?","T","M","?","E","R","E","R","$","M","BOSS","R","M","?","?","?","M","T","M","R","?","?","R","R","?","M","BOSS","E","$","R","BOSS"],"items_purchased_type":["Card","Card","Relic","Card"],"build_version":"2020-12-22","purchased_purges":4,"victory":true,"max_hp_per_floor":[81,81,81,81,81,81,81,81,81,81,81,81,81,81,81,81,81,81,81,81,81,81,81,81,83,83,85,85,87,87,89,91,93,93,93,95,97,97,107,109,109,111,121,123,123,123,123,125,127,127,127,129,129,129,129],"card_choices":[{"not_picked":["champ:GladiatorsShout","champ:ShieldSigil"],"picked":"champ:GladiatorStyle","floor":2},{"not_picked":["champ:EnGarde","champ:StanceDance"],"picked":"champ:GladiatorStyle","floor":4},{"not_picked":["champ:Haymaker","champ:RageSigil"],"picked":"champ:GladiatorsShout","floor":5},{"not_picked":["champ:FaceSlap","champ:TornadoPunch","champ:BladeFlurry"],"picked":"SKIP","floor":9},{"not_picked":["champ:GutPunch","champ:BerserkersShout","champ:Circumvent"],"picked":"SKIP","floor":10},{"not_picked":["champ:Backstep","champ:BringItOn","champ:Encircle"],"picked":"SKIP","floor":12},{"not_picked":["champ:ShieldThrow","champ:AdrenalArmor","champ:Shatter"],"picked":"SKIP","floor":13},{"not_picked":["champ:BringItOn","champ:FanOfKnives"],"picked":"champ:PreciseThrust","floor":14},{"not_picked":["champ:BringItOn","champ:EndlessRage","champ:Riposte"],"picked":"SKIP","floor":15},{"not_picked":["champ:StrikeOfGenius","champ:CrownThrow"],"picked":"champ:Devastate","floor":16},{"not_picked":["champ:BerserkersShout+1","champ:RapidStrikes","champ:AdrenalArmor"],"picked":"SKIP","floor":19},{"not_picked":["champ:FlashCut","champ:AdrenalArmor","champ:StanceDance"],"picked":"SKIP","floor":20},{"not_picked":["champ:Shatter","champ:Backstep","champ:StrikeOfGenius"],"picked":"SKIP","floor":22},{"not_picked":["champ:Lariat","champ:BerserkersShout+1","champ:StanceDance"],"picked":"SKIP","floor":23},{"not_picked":["champ:IronFortress","champ:RageSigil","champ:RisingSlash+1"],"picked":"Singing Bowl","floor":25},{"not_picked":["champ:AdrenalArmor","champ:ShieldThrow","champ:FightOn"],"picked":"Singing Bowl","floor":27},{"not_picked":["champ:ShieldWall","champ:BerserkerStyle","champ:StanceDance"],"picked":"Singing Bowl","floor":29},{"not_picked":["champ:GladiatorsShout+1","champ:ViciousMockery","champ:RisingSlash"],"picked":"Singing Bowl","floor":31},{"not_picked":["champ:FaceSlap+1","champ:BerserkersShout","champ:Riposte"],"picked":"Singing Bowl","floor":32},{"not_picked":["champ:StrikeOfGenius","champ:EnchantSword","champ:PerfectForm"],"picked":"Singing Bowl","floor":33},{"not_picked":["champ:BladeFlurry","champ:PerfectedStrike+1","champ:BerserkersShout"],"picked":"Singing Bowl","floor":36},{"not_picked":["champ:FocusedBerserking","champ:Backstep+1","champ:BerserkerStyle+1"],"picked":"Singing Bowl","floor":37},{"not_picked":["champ:Riposte+1","champ:Duel","champ:FanOfKnives"],"picked":"Singing Bowl","floor":39},{"not_picked":["champ:Backstep+1","champ:HeartStrike","champ:PerfectedStrike"],"picked":"Singing Bowl","floor":39},{"not_picked":["champ:BerserkersShout+1","champ:Backstep+1","champ:EnchantShield"],"picked":"Singing Bowl","floor":39},{"not_picked":["champ:ShieldSigil+1","champ:Encircle","champ:Control"],"picked":"Singing Bowl","floor":39},{"not_picked":["champ:Control","champ:GutPunch","champ:RageSigil"],"picked":"Singing Bowl","floor":39},{"not_picked":["champ:Encircle","champ:CrookedStrike+1","champ:FocusedDefense"],"picked":"Singing Bowl","floor":40},{"not_picked":["champ:GutPunch+1","champ:ViciousMockery+1","champ:GladiatorsShout"],"picked":"Singing Bowl","floor":42},{"not_picked":["expansioncontent:Sear","expansioncontent:SuperHexaguard"],"picked":"expansioncontent:DefensiveStance","floor":44},{"not_picked":["expansioncontent:Flail","expansioncontent:Torchfire"],"picked":"expansioncontent:CaCaw","floor":44},{"not_picked":["expansioncontent:SlimeTackle","expansioncontent:PolyBeam","expansioncontent:BronzeBeam"],"picked":"Singing Bowl","floor":44},{"not_picked":["champ:Aggression+1","champ:ShieldSigil+1"],"picked":"champ:FocusedGladiator","floor":45},{"not_picked":["champ:FanOfKnives","champ:Circumvent","champ:EnGarde"],"picked":"Singing Bowl","floor":48},{"not_picked":["champ:Backstep+1","champ:ViciousMockery+1","champ:FanOfKnives+1"],"picked":"Singing Bowl","floor":49},{"not_picked":["champ:FanOfKnives","champ:CheapShot","champ:BerserkersShout"],"picked":"Singing Bowl","floor":52}],"player_experience":183678,"relics_obtained":[{"floor":7,"key":"War Paint"},{"floor":10,"key":"Happy Flower"},{"floor":24,"key":"Singing Bowl"},{"floor":27,"key":"Lantern"},{"floor":29,"key":"Blue Candle"},{"floor":37,"key":"WingedGreaves"},{"floor":41,"key":"champ:SpectersHand"},{"floor":45,"key":"Incense Burner"},{"floor":52,"key":"Dead Branch"}],"event_choices":[{"damage_healed":0,"gold_gain":0,"player_choice":"Fight","damage_taken":0,"max_hp_gain":0,"max_hp_loss":0,"event_name":"Mysterious Sphere","floor":37,"gold_loss":0}],"is_beta":false,"boss_relics":[{"not_picked":["Fusion Hammer","SacredBark"],"picked":"champ:PowerArmor"},{"not_picked":["Sozu","Astrolabe"],"picked":"Philosopher\u0027s Stone"}],"items_purged_floors":[12,31,39,53],"is_endless":false,"potions_floor_spawned":[10,13,14,16,22,25,27,33,40,42,52],"ascension_level":1}}