{"host":"1q1wpq6df472foxy","time":1610106570,"event":{"mods":["BaseMod","DeckTracker","Highlight Path","Minty Spire (QoL Compilation)","Quick Restart","StSLib","SuperFastMode"],"gold_per_floor":[144,189,234,159,159,159,204,249,274,274,319,319,409,454,454,754,754,799,844,889,939,984,1074,1074,1119,1144,1144,1189,1234,843,1143,1143,1443,1593,1638,1683,1350,1509,1554,1554,1644,1644,1644,1698,1743,1743,1788,1833,1833,1833],"floor_reached":51,"playtime":3978,"items_purged":["True Grit","Fire Breathing","Battle Trance"],"score":757,"play_id":"5eca3c50-3851-4849-907c-a28c6ee91a19","local_time":"20210108204930","daily_mods":["Draft","Uncertain Future","Midas"],"is_ascension_mode":false,"campfire_choices":[{"floor":12,"key":"REST"},{"floor":15,"key":"REST"},{"floor":24,"key":"REST"},{"floor":27,"key":"REST"},{"floor":32,"key":"REST"},{"floor":40,"key":"REST"},{"floor":46,"key":"REST"},{"floor":49,"key":"REST"}],"circlet_count":0,"master_deck":["Metallicize","Rampage","Clothesline","Flame Barrier","Disarm","Sever Soul","Whirlwind","Metallicize","Battle Trance+1","Clash","Disarm","Burning Pact","Metallicize","Feed","Clash+1","Feed+1","Blood for Blood+1","Parasite"],"relics":["Burning Blood","Boot","Meat on the Bone","Gremlin Horn","Runic Pyramid","Molten Egg 2","CeramicFish","DollysMirror","Vajra","Torii","White Beast Statue","Tiny House","StoneCalendar","Turnip","Self Forming Clay"],"acts_visited":["Exordium","TheCity","TheBeyond"],"potions_floor_usage":[16,23,23,37,42,50,50,50],"damage_taken":[{"damage":0,"enemies":"2 Louse","floor":1,"turns":3},{"damage":7,"enemies":"Small Slimes","floor":2,"turns":3},{"damage":3,"enemies":"Jaw Worm","floor":3,"turns":6},{"damage":21,"enemies":"Gremlin Gang","floor":7,"turns":5},{"damage":0,"enemies":"2 Fungi Beasts","floor":8,"turns":5},{"damage":0,"enemies":"3 Louse","floor":11,"turns":1},{"damage":9,"enemies":"Gremlin Nob","floor":13,"turns":5},{"damage":4,"enemies":"Blue Slaver","floor":14,"turns":4},{"damage":21,"enemies":"Hexaghost","floor":16,"turns":10},{"damage":10,"enemies":"Chosen","floor":18,"turns":5},{"damage":3,"enemies":"Shell Parasite","floor":19,"turns":5},{"damage":22,"enemies":"Sentry and Sphere","floor":20,"turns":5},{"damage":14,"enemies":"Shelled Parasite and Fungi","floor":22,"turns":5},{"damage":13,"enemies":"Book of Stabbing","floor":23,"turns":7},{"damage":12,"enemies":"Centurion and Healer","floor":25,"turns":6},{"damage":13,"enemies":"Snecko","floor":28,"turns":11},{"damage":18,"enemies":"Snake Plant","floor":29,"turns":6},{"damage":15,"enemies":"Colosseum Slavers","floor":31,"turns":4},{"damage":35,"enemies":"Colosseum Nobs","floor":31,"turns":6},{"damage":42,"enemies":"Collector","floor":33,"turns":8},{"damage":28,"enemies":"3 Darklings","floor":35,"turns":5},{"damage":45,"enemies":"3 Shapes","floor":36,"turns":4},{"damage":19,"enemies":"Mind Bloom Boss Battle","floor":38,"turns":13},{"damage":30,"enemies":"Transient","floor":39,"turns":5},{"damage":40,"enemies":"Giant Head","floor":41,"turns":7},{"damage":27,"enemies":"Writhing Mass","floor":44,"turns":6},{"damage":60,"enemies":"4 Shapes","floor":45,"turns":6},{"damage":45,"enemies":"Jaw Worm Horde","floor":47,"turns":4},{"damage":24,"enemies":"Maw","floor":48,"turns":7},{"damage":27,"enemies":"Awakened One","floor":50,"turns":11}],"seed_played":"-6062085814737979882","potions_obtained":[{"floor":1,"key":"Weak Potion"},{"floor":8,"key":"GamblersBrew"},{"floor":11,"key":"SteroidPotion"},{"floor":18,"key":"AttackPotion"},{"floor":23,"key":"SmokeBomb"},{"floor":33,"key":"BloodPotion"},{"floor":42,"key":"Fruit Juice"},{"floor":42,"key":"BlessingOfTheForge"},{"floor":47,"key":"HeartOfIron"}],"is_trial":false,"path_per_floor":["M","M","M","$","?","?","M","M","T","?","M","R","E","M","R","B",null,"M","M","M","?","M","E","R","M","T","R","M","M","$","?","R","B",null,"M","M","$","?","M","R","E","?","T","M","M","R","M","M","R","B",null],"character_chosen":"IRONCLAD","items_purchased":["DollysMirror","Vajra","Feed+1","HeartOfIron","PowerPotion"],"campfire_rested":8,"item_purchase_floors":[30,30,37,37,37],"current_hp_per_floor":[80,79,80,80,80,80,65,71,71,71,77,80,77,79,80,65,80,76,82,69,69,64,60,87,84,84,95,91,82,82,62,94,70,112,93,69,92,83,71,107,73,78,78,73,35,75,55,49,91,85],"gold":1833,"neow_bonus":"","is_daily":true,"chose_seed":false,"campfire_upgraded":0,"win_rate":0.0,"timestamp":1610106570,"path_taken":["M","M","M","$","?","?","M","M","T","?","M","R","E","M","R","BOSS","M","M","M","?","M","E","R","M","T","R","?","M","$","?","R","BOSS","M","M","$","?","M","R","E","?","T","M","M","R","?","M","R","BOSS"],"items_purchased_type":["Relic","Relic","Card","Potion","Potion"],"build_version":"2020-12-22","purchased_purges":3,"victory":true,"max_hp_per_floor":[80,80,80,80,80,80,80,80,80,80,80,80,80,80,80,80,80,80,83,86,86,89,92,92,95,95,95,98,101,101,107,107,107,112,115,118,118,122,122,122,122,127,127,131,135,135,142,142,142,145],"card_choices":[{"not_picked":["Intimidate","Iron Wave"],"picked":"Metallicize","floor":0},{"not_picked":["Sword Boomerang","Anger"],"picked":"Rampage","floor":0},{"not_picked":["Havoc","Wild Strike"],"picked":"Clothesline","floor":0},{"not_picked":["Clash","Anger"],"picked":"Twin Strike","floor":0},{"not_picked":["Pommel Strike","Warcry"],"picked":"Flame Barrier","floor":0},{"not_picked":["Warcry","Flex"],"picked":"Disarm","floor":0},{"not_picked":["Armaments","Cleave"],"picked":"Fire Breathing","floor":0},{"not_picked":["Cleave","Rupture"],"picked":"Battle Trance","floor":0},{"not_picked":["Sword Boomerang","Dual Wield"],"picked":"Sever Soul","floor":0},{"not_picked":["Wild Strike","Combust"],"picked":"Whirlwind","floor":0},{"not_picked":["Flex","Reckless Charge"],"picked":"Metallicize","floor":0},{"not_picked":["Shrug It Off","Entrench"],"picked":"Battle Trance","floor":0},{"not_picked":["Reckless Charge","Seeing Red"],"picked":"True Grit","floor":0},{"not_picked":["Warcry","Cleave"],"picked":"Clash","floor":0},{"not_picked":["Thunderclap","Flex"],"picked":"Disarm","floor":0},{"not_picked":["Armaments","Perfected Strike","True Grit"],"picked":"SKIP","floor":1},{"not_picked":["Hemokinesis","Flex","Ghostly Armor"],"picked":"SKIP","floor":2},{"not_picked":["Flame Barrier","Clothesline","Rupture"],"picked":"SKIP","floor":3},{"not_picked":["Pommel Strike","Wild Strike"],"picked":"Burning Pact","floor":7},{"not_picked":["Cleave","Bloodletting","Battle Trance"],"picked":"SKIP","floor":8},{"not_picked":["Corruption","Power Through","Pommel Strike"],"picked":"SKIP","floor":11},{"not_picked":["Perfected Strike","Fire Breathing","Intimidate"],"picked":"SKIP","floor":13},{"not_picked":["Iron Wave","True Grit"],"picked":"Metallicize","floor":14},{"not_picked":["Brutality","Offering"],"picked":"Feed","floor":16},{"not_picked":["Inflame+1","Thunderclap","Warcry"],"picked":"SKIP","floor":18},{"not_picked":["Armaments","Twin Strike","Clothesline"],"picked":"SKIP","floor":19},{"not_picked":["Ghostly Armor","Shrug It Off","Rampage"],"picked":"SKIP","floor":20},{"not_picked":["Dual Wield","Twin Strike+1","Body Slam"],"picked":"SKIP","floor":22},{"not_picked":["Shrug It Off","Entrench+1","Brutality"],"picked":"SKIP","floor":23},{"not_picked":["Flex","Carnage+1","Twin Strike+1"],"picked":"SKIP","floor":25},{"not_picked":["Iron Wave+1","Warcry+1","Pommel Strike+1"],"picked":"SKIP","floor":28},{"not_picked":["Iron Wave+1","Perfected Strike+1","Warcry"],"picked":"SKIP","floor":29},{"not_picked":["Sword Boomerang+1","Armaments","Body Slam+1"],"picked":"SKIP","floor":35},{"not_picked":["Sword Boomerang+1","Intimidate","Heavy Blade+1"],"picked":"SKIP","floor":36},{"not_picked":["Iron Wave+1","Flex+1"],"picked":"Blood for Blood+1","floor":38},{"not_picked":["Flame Barrier","Dual Wield+1","Thunderclap+1"],"picked":"SKIP","floor":39},{"not_picked":["Wild Strike+1","Dual Wield","Iron Wave+1"],"picked":"SKIP","floor":41},{"not_picked":["Dark Embrace","Flame Barrier+1","Body Slam+1"],"picked":"SKIP","floor":44},{"not_picked":["Offering","Dropkick+1","Headbutt+1"],"picked":"SKIP","floor":45},{"not_picked":["Heavy Blade+1","Pummel+1","Iron Wave+1"],"picked":"SKIP","floor":47},{"not_picked":["Power Through","Sentinel+1","Feel No Pain"],"picked":"SKIP","floor":48}],"player_experience":170226,"relics_obtained":[{"floor":9,"key":"Boot"},{"floor":13,"key":"Gremlin Horn"},{"floor":23,"key":"Molten Egg 2"},{"floor":26,"key":"CeramicFish"},{"floor":31,"key":"Torii"},{"floor":31,"key":"White Beast Statue"},{"floor":38,"key":"StoneCalendar"},{"floor":41,"key":"Turnip"},{"floor":43,"key":"Self Forming Clay"}],"event_choices":[{"damage_healed":0,"gold_gain":0,"player_choice":"Ignored","damage_taken":0,"max_hp_gain":0,"max_hp_loss":0,"event_name":"Liars Game","floor":5,"gold_loss":0},{"cards_removed":["Twin Strike"],"damage_healed":0,"gold_gain":0,"player_choice":"Forget","damage_taken":0,"max_hp_gain":0,"max_hp_loss":0,"event_name":"Living Wall","floor":6,"gold_loss":0},{"damage_healed":0,"gold_gain":0,"player_choice":"Searched \u00271\u0027 times","damage_taken":0,"relics_obtained":["Meat on the Bone"],"max_hp_gain":0,"max_hp_loss":0,"event_name":"Dead Adventurer","floor":10,"gold_loss":0},{"damage_healed":0,"gold_gain":100,"player_choice":"Bet on Murderer","damage_taken":0,"max_hp_gain":0,"max_hp_loss":0,"event_name":"The Joust","floor":21,"gold_loss":50},{"damage_healed":0,"gold_gain":0,"player_choice":"Fight","damage_taken":0,"max_hp_gain":0,"max_hp_loss":0,"event_name":"Colosseum","floor":31,"gold_loss":0},{"damage_healed":0,"gold_gain":0,"player_choice":"Fought Nobs","damage_taken":0,"max_hp_gain":0,"max_hp_loss":0,"event_name":"Colosseum","floor":31,"gold_loss":0},{"damage_healed":0,"gold_gain":0,"player_choice":"Fight","damage_taken":0,"max_hp_gain":0,"max_hp_loss":0,"event_name":"MindBloom","floor":38,"gold_loss":0},{"damage_healed":0,"gold_gain":0,"player_choice":"Got Potions","damage_taken":0,"max_hp_gain":0,"max_hp_loss":0,"event_name":"Lab","floor":42,"gold_loss":0}],"is_beta":false,"boss_relics":[{"not_picked":["Runic Cube","Calling Bell"],"picked":"Runic Pyramid"},{"not_picked":["Sozu","Philosopher\u0027s Stone"],"picked":"Tiny House"}],"items_purged_floors":[4,30,37],"is_endless":false,"potions_floor_spawned":[1,8,11,14,18,19,23,31,33,35,36,38,39,41,44,45,47,48],"ascension_level":0}}