{"host":"sav7uxregyirlf69","time":1610092700,"event":{"mods":["AchievementEnabler","BaseMod","Colored Map","DeckTracker","Keyboard Shortcuts","Minty Spire (QoL Compilation)","READ ME - Guardian Mod","StSLib","SuperFastMode"],"gold_per_floor":[114,128,146,164,179,179,195,230,309,309,321,336,336,354,354,426,426,436,29,29,29,29,29,47,65,147,174,174,188,223,223,223,297,297,317,95,0,10,10,38,38,68,80,92,123,167,179,205,217,229,229],"floor_reached":50,"playtime":861,"items_purged":[],"score":1273,"play_id":"f89af6b0-2177-45bb-af15-234447432e2e","local_time":"20210108165820","is_ascension_mode":true,"campfire_choices":[{"data":"Uppercut","floor":6.0,"key":"SMITH"},{"floor":10.0,"key":"REST"},{"data":"Perfected Strike","floor":13.0,"key":"SMITH"},{"data":"Feed","floor":15.0,"key":"SMITH"},{"data":"Perfected Strike","floor":23,"key":"SMITH"},{"data":"Pommel Strike","floor":32,"key":"SMITH"},{"data":"Double Tap","floor":44,"key":"SMITH"},{"floor":49,"key":"RECALL"}],"circlet_count":0,"master_deck":["AscendersBane","Strike_R","Strike_R","Strike_R","Strike_R+1","Strike_R","Defend_R","Defend_R","Defend_R","Defend_R","Bash","Uppercut+1","Feed+1","Pommel Strike+1","Perfected Strike+1","Wild Strike","Immolate+1","Evolve","Perfected Strike+1","Offering","Power Through","Twin Strike","Immolate","Double Tap+1","Shrug It Off","Power Through+1","Master of Strategy","Shrug It Off+1"],"relics":["Burning Blood","Gambling Chip","White Beast Statue","Velvet Choker","PreservedInsect","Bag of Preparation","MutagenicStrength","Whetstone","Vajra","CaptainsWheel","Coffee Dripper","Red Mask","Regal Pillow","MawBank","Kunai","Anchor"],"acts_visited":["Exordium","TheCity","TheBeyond"],"potions_floor_usage":[25,50],"damage_taken":[{"damage":2.0,"enemies":"Cultist","floor":1.0,"turns":4.0},{"damage":10.0,"enemies":"Small Slimes","floor":2.0,"turns":3.0},{"damage":7.0,"enemies":"Jaw Worm","floor":3.0,"turns":3.0},{"damage":25.0,"enemies":"Lots of Slimes","floor":4.0,"turns":6.0},{"damage":17.0,"enemies":"Blue Slaver","floor":5.0,"turns":4.0},{"damage":16.0,"enemies":"3 Louse","floor":7.0,"turns":5.0},{"damage":30.0,"enemies":"Lagavulin","floor":8.0,"turns":6.0},{"damage":15.0,"enemies":"Large Slime","floor":11.0,"turns":6.0},{"damage":4.0,"enemies":"Blue Slaver","floor":12.0,"turns":3.0},{"damage":9.0,"enemies":"Looter","floor":14.0,"turns":4.0},{"damage":47.0,"enemies":"Hexaghost","floor":16.0,"turns":8.0},{"damage":30,"enemies":"Shell Parasite","floor":18,"turns":3},{"damage":6,"enemies":"Spheric Guardian","floor":24,"turns":3},{"damage":0,"enemies":"3 Cultists","floor":25,"turns":2},{"damage":10,"enemies":"Book of Stabbing","floor":27,"turns":2},{"damage":24,"enemies":"Snake Plant","floor":29,"turns":2},{"damage":6,"enemies":"Gremlin Leader","floor":30,"turns":2},{"damage":69,"enemies":"Automaton","floor":33,"turns":9},{"damage":0,"enemies":"3 Shapes","floor":35,"turns":1},{"damage":6,"enemies":"3 Darklings","floor":38,"turns":2},{"damage":36,"enemies":"Giant Head","floor":40,"turns":5},{"damage":6,"enemies":"Reptomancer","floor":42,"turns":2},{"damage":0,"enemies":"Spire Growth","floor":45,"turns":2},{"damage":39,"enemies":"Nemesis","floor":46,"turns":3},{"damage":26,"enemies":"Transient","floor":48,"turns":6},{"damage":79,"enemies":"Donu and Deca","floor":50,"turns":7}],"seed_played":"-6317824833650751999","potions_obtained":[{"floor":1.0,"key":"Regen Potion"},{"floor":4.0,"key":"Fruit Juice"},{"floor":5.0,"key":"SteroidPotion"},{"floor":11.0,"key":"Strength Potion"},{"floor":16.0,"key":"ElixirPotion"},{"floor":18,"key":"BlessingOfTheForge"},{"floor":24,"key":"Explosive Potion"},{"floor":25,"key":"Explosive Potion"},{"floor":27,"key":"FairyPotion"},{"floor":33,"key":"SteroidPotion"},{"floor":38,"key":"DuplicationPotion"}],"is_trial":false,"path_per_floor":["M","M","M","M","M","R","M","E","T","R","M","M","R","M","R","B",null,"M","$","?","?","T","R","M","M","T","E","?","M","E","?","R","B",null,"M","$","?","M","$","E","?","E","T","R","M","E","?","M","R","B"],"character_chosen":"IRONCLAD","items_purchased":["Evolve","PreservedInsect","Bag of Preparation","Double Tap","Shrug It Off"],"campfire_rested":1,"item_purchase_floors":[19,19,19,36,36],"current_hp_per_floor":[79,75,74,58,55,55,48,27,27,56,50,55,55,55,55,23,87,63,63,63,63,63,63,63,69,69,65,65,51,51,51,51,24,90,100,100,100,100,100,70,70,70,70,70,76,43,95,75,75,0,0],"gold":229,"neow_bonus":"TEN_PERCENT_HP_BONUS","is_daily":false,"chose_seed":false,"campfire_upgraded":6,"win_rate":0.0,"timestamp":1610092700,"path_taken":["M","M","M","M","M","R","M","E","T","R","M","M","R","M","R","BOSS","M","$","?","?","?","R","M","?","T","E","?","M","E","?","R","BOSS","M","$","?","M","$","E","?","E","T","R","M","E","?","M","R","BOSS"],"items_purchased_type":["Card","Relic","Relic","Card","Card"],"build_version":"2020-12-22","purchased_purges":0,"victory":false,"max_hp_per_floor":[82,82,82,85,93,93,96,99,99,99,102,105,105,108,108,108,108,108,108,108,108,108,108,108,108,108,108,108,112,112,112,112,112,112,116,116,116,116,116,116,116,116,116,116,116,116,95,95,95,95,95],"card_choices":[{"not_picked":["Flex","Sentinel"],"picked":"Uppercut","floor":1.0},{"not_picked":["Clothesline","Havoc","Clash"],"picked":"SKIP","floor":2.0},{"not_picked":["Clothesline","Rage"],"picked":"Feed","floor":3.0},{"not_picked":["Body Slam","Clash","Sword Boomerang"],"picked":"SKIP","floor":4.0},{"not_picked":["Power Through","Combust","Cleave"],"picked":"SKIP","floor":5.0},{"not_picked":["Feel No Pain","Thunderclap"],"picked":"Pommel Strike","floor":7.0},{"not_picked":["Pommel Strike","Cleave","Headbutt"],"picked":"SKIP","floor":8.0},{"not_picked":["Demon Form","Hemokinesis","Clash"],"picked":"SKIP","floor":11.0},{"not_picked":["Searing Blow","Pommel Strike"],"picked":"Perfected Strike","floor":12.0},{"not_picked":["Inflame","Twin Strike"],"picked":"Wild Strike","floor":14.0},{"not_picked":["Reaper","Fiend Fire"],"picked":"Immolate","floor":16.0},{"not_picked":["Body Slam","True Grit","Iron Wave"],"picked":"SKIP","floor":18},{"not_picked":["Cleave","Whirlwind+1","Headbutt"],"picked":"SKIP","floor":24},{"not_picked":["Body Slam","Infernal Blade+1","Clothesline"],"picked":"SKIP","floor":25},{"not_picked":["Dropkick","Shockwave"],"picked":"Offering","floor":27},{"not_picked":["Clothesline","Thunderclap"],"picked":"Power Through","floor":29},{"not_picked":["Iron Wave","Seeing Red"],"picked":"Twin Strike","floor":30},{"not_picked":["Feed","Berserk"],"picked":"Immolate","floor":33},{"not_picked":["Seeing Red","Hemokinesis","Dropkick+1"],"picked":"SKIP","floor":35},{"not_picked":["Sever Soul","Clothesline","Anger+1"],"picked":"SKIP","floor":38},{"not_picked":["Headbutt","Pommel Strike+1"],"picked":"Power Through+1","floor":40},{"not_picked":["Bandage Up","Magnetism"],"picked":"Master of Strategy","floor":41},{"not_picked":["Battle Trance","Rupture","Disarm+1"],"picked":"SKIP","floor":42},{"not_picked":["Sword Boomerang","Searing Blow","Clothesline+1"],"picked":"SKIP","floor":45},{"not_picked":["Anger+1","Sword Boomerang","Warcry"],"picked":"SKIP","floor":46},{"not_picked":["Havoc","Anger"],"picked":"Shrug It Off+1","floor":48}],"player_experience":1198138,"relics_obtained":[{"floor":8.0,"key":"Gambling Chip"},{"floor":9.0,"key":"White Beast Statue"},{"floor":22,"key":"Whetstone"},{"floor":27,"key":"Vajra"},{"floor":30,"key":"CaptainsWheel"},{"floor":40,"key":"Regal Pillow"},{"floor":42,"key":"MawBank"},{"floor":43,"key":"Kunai"},{"floor":46,"key":"Anchor"}],"event_choices":[{"damage_healed":0,"gold_gain":0,"player_choice":"Read","damage_taken":0,"max_hp_gain":0,"max_hp_loss":0,"event_name":"The Library","floor":20,"gold_loss":0,"cards_obtained":["Perfected Strike"]},{"damage_healed":0,"gold_gain":0,"player_choice":"Inject Mutagens","damage_taken":0,"relics_obtained":["MutagenicStrength"],"max_hp_gain":0,"max_hp_loss":0,"event_name":"Drug Dealer","floor":21,"gold_loss":0},{"damage_healed":0,"gold_gain":0,"player_choice":"Ignored","damage_taken":0,"max_hp_gain":0,"max_hp_loss":0,"event_name":"Vampires","floor":28,"gold_loss":0},{"damage_healed":0,"gold_gain":0,"player_choice":"Ignored","damage_taken":0,"max_hp_gain":0,"max_hp_loss":0,"event_name":"Ghosts","floor":31,"gold_loss":0},{"damage_healed":0,"gold_gain":0,"player_choice":"Paid","damage_taken":0,"relics_obtained":["Red Mask"],"max_hp_gain":0,"max_hp_loss":0,"event_name":"Tomb of Lord Red Mask","floor":37,"gold_loss":95},{"damage_healed":0,"gold_gain":0,"player_choice":"Memory 1","damage_taken":0,"max_hp_gain":0,"max_hp_loss":0,"event_name":"SensoryStone","floor":41,"gold_loss":0},{"damage_healed":95,"gold_gain":0,"player_choice":"Heal","damage_taken":0,"max_hp_gain":0,"max_hp_loss":21,"event_name":"The Moai Head","floor":47,"gold_loss":0}],"is_beta":false,"boss_relics":[{"not_picked":["Sozu","Astrolabe"],"picked":"Velvet Choker"},{"not_picked":["Calling Bell","Tiny House"],"picked":"Coffee Dripper"}],"items_purged_floors":[],"is_endless":false,"potions_floor_spawned":[1,4,5,11,12,14,16,18,24,25,27,29,30,33,35,38,40,42,45,46,48],"killed_by":"Donu and Deca","ascension_level":20}}