{"host":"97k5lqmr6aaz1p9r","time":1610145782,"event":{"mods":["BaseMod","Colored Map","Downfall","Jorbs\u0027s Wanderer Trilogy","Minty Spire (QoL Compilation)","StSLib"],"gold_per_floor":[99,114,114,134,145,174,198,212,212,239,239,251,276,276,291,392,392,242,258,278,293,393,10,10,29,363,382,104,122,155,255,273,370,370,370,384,198,198,216,242,288,288,302,302,331,343,268,315,330,330,330,330,330],"floor_reached":52,"playtime":10641,"items_purged":[],"score":940,"play_id":"8759774f-cc85-4827-a8c8-a3cb7d200001","local_time":"20210108224302","is_ascension_mode":true,"campfire_choices":[{"data":"sneckomod:UnknownRareAttack","floor":1,"key":"SMITH"},{"data":"sneckomod:CheapStock","floor":18,"key":"SMITH"},{"floor":35,"key":"RECALL"},{"floor":47,"key":"REST"}],"circlet_count":0,"master_deck":["sneckomod:Strike","sneckomod:Defend","sneckomod:Defend","sneckomod:TailWhip","sneckomod:SnekBite","sneckomod:Unknown","sneckomod:Unknown","sneckomod:UnknownRareAttack+1","sneckomod:SlitherStrike","sneckomod:QuickMove","sneckomod:UnknownCommonSkill","sneckomod:UnknownBlock","sneckomod:UnknownStrength","sneckomod:UnknownBlock","sneckomod:UnknownClassBLUE","sneckomod:CheapStock+1","sneckomod:UnknownRareSkill","sneckomod:UnknownWeak","sneckomod:UnknownBlock+1","sneckomod:WideSting","sneckomod:DangerNoodle","sneckomod:UnknownClassRED","sneckomod:DiceCrush","ForeignInfluence","PanicButton","sneckomod:Rotation+1","sneckomod:QuickBite","sneckomod:UnknownUncommonPower+1","sneckomod:SnakeSap","sneckomod:SoulCleanse","sneckomod:UnknownRarePower+1","sneckomod:ImprovisedAttack","sneckomod:QuickMove","sneckomod:CheapStock+1","sneckomod:UnknownX","sneckomod:IronFang+1","sneckomod:SerpentMind+1","sneckomod:SlitherStrike+1","sneckomod:MorePower+1","Slimebound:Icky","sneckomod:QuickMove+1","sneckomod:UnknownRareAttack+1","sneckomod:SoulDraw+1","sneckomod:RainOfDice","sneckomod:RainOfDice","Sadistic Nature+1","sneckomod:UnknownColorless+1","sneckomod:DefensiveFlair+1","sneckomod:Unknown+1","sneckomod:UnlimitedRolls+1","stsjorbsmod:Procrastination","sneckomod:UnknownRareSkill+1","sneckomod:SerpentIdol","sneckomod:UnknownColorless+1","sneckomod:UnknownStrike+1","sneckomod:UnknownDexterity+1","sneckomod:Unknown0Cost+1","Injury","sneckomod:Unknown1Cost+1","sneckomod:WideSting+1"],"relics":["sneckomod:SneckoSoul","Oddly Smooth Stone","Blue Candle","Pocketwatch","MealTicket","Cursed Key","downfall:HeartBlessingGreen","downfall:HeartBlessingBlue","downfall:GremlinSack","Frozen Egg 2","Shuriken","Old Coin","Toolbox","WingedGreaves","StoneCalendar","Question Card","Astrolabe","Lantern","OrangePellets","Art of War","Happy Flower","sneckomod:UnknownEgg","downfall:HeartBlessingRed","Centennial Puzzle"],"acts_visited":["Exordium","TheCity","TheBeyond","TheEnding"],"potions_floor_usage":[13,16,16,16,23,30,30,30,30,32,37,40,43],"damage_taken":[{"damage":0,"enemies":"Jaw Worm","floor":2,"turns":3},{"damage":1,"enemies":"2 Louse","floor":4,"turns":2},{"damage":7,"enemies":"Small Slimes","floor":5,"turns":2},{"damage":18,"enemies":"3 Sentries","floor":6,"turns":5},{"damage":4,"enemies":"3 Louse","floor":8,"turns":3},{"damage":10,"enemies":"Gremlin Nob","floor":10,"turns":4},{"damage":1,"enemies":"Exordium Thugs","floor":12,"turns":4},{"damage":20,"enemies":"Lagavulin","floor":13,"turns":6},{"damage":1,"enemies":"Exordium Wildlife","floor":15,"turns":3},{"damage":30,"enemies":"downfall:Ironclad","floor":16,"turns":8},{"damage":12,"enemies":"3 Byrds","floor":19,"turns":5},{"damage":0,"enemies":"Snecko","floor":20,"turns":5},{"damage":18,"enemies":"Cultist and Chosen","floor":21,"turns":8},{"damage":10,"enemies":"Cultist and Chosen","floor":22,"turns":4},{"damage":0,"enemies":"downfall:FleeingMerchant","floor":23,"turns":4},{"damage":16,"enemies":"Snake Plant","floor":25,"turns":4},{"damage":59,"enemies":"Book of Stabbing","floor":26,"turns":7},{"damage":2,"enemies":"Centurion and Healer","floor":27,"turns":4},{"damage":0,"enemies":"downfall:FleeingMerchant","floor":28,"turns":4},{"damage":1,"enemies":"Snecko","floor":29,"turns":5},{"damage":10,"enemies":"Slavers","floor":30,"turns":5},{"damage":5,"enemies":"downfall:Watcher","floor":31,"turns":6},{"damage":4,"enemies":"Shelled Parasite and Fungi","floor":32,"turns":7},{"damage":5,"enemies":"downfall:Defect","floor":33,"turns":7},{"damage":24,"enemies":"Orb Walker","floor":36,"turns":4},{"damage":20,"enemies":"downfall:FleeingMerchant","floor":37,"turns":4},{"damage":19,"enemies":"3 Darklings","floor":39,"turns":5},{"damage":44,"enemies":"Reptomancer","floor":40,"turns":5},{"damage":12,"enemies":"Transient","floor":43,"turns":5},{"damage":4,"enemies":"Giant Head","floor":45,"turns":7},{"damage":0,"enemies":"Maw","floor":46,"turns":7},{"damage":3,"enemies":"Spire Growth","floor":49,"turns":3},{"damage":32,"enemies":"downfall:Watcher","floor":50,"turns":7},{"damage":164,"enemies":"downfall:CharBossMerchant","floor":52,"turns":7}],"seed_played":"6318315695221399231","potions_obtained":[{"floor":2,"key":"Weak Potion"},{"floor":6,"key":"sneckomod:CheatPotion"},{"floor":12,"key":"sneckomod:DiceRollPotion"},{"floor":13,"key":"Explosive Potion"},{"floor":14,"key":"LiquidMemories"},{"floor":14,"key":"CultistPotion"},{"floor":15,"key":"Guardian:BlockOnCardUsePotion"},{"floor":21,"key":"sneckomod:CheatPotion"},{"floor":26,"key":"Weak Potion"},{"floor":29,"key":"SkillPotion"},{"floor":30,"key":"Weak Potion"},{"floor":31,"key":"hexamod:EctoCoolerPotion"},{"floor":32,"key":"sneckomod:CheatPotion"},{"floor":36,"key":"Regen Potion"},{"floor":39,"key":"Swift Potion"},{"floor":45,"key":"LiquidBronze"}],"is_trial":false,"path_per_floor":["R","M","?","M","M","E","T","M","?","E","?","M","E","?","M","B",null,"R","M","M","M","?","$","T","M","E","M","$","M","E","?","M","B",null,"R","M","$","?","M","E","T","?","M","?","E","M","R","?","M","B",null,"E"],"character_chosen":"THE_SNECKO","items_purchased":["Frozen Egg 2","sneckomod:UnknownUncommonPower+1","sneckomod:SnakeSap","Toolbox","sneckomod:CheapStock+1","SpeedPotion","Lantern","OrangePellets","sneckomod:RainOfDice","Sadistic Nature+1"],"campfire_rested":1,"item_purchase_floors":[23,23,23,28,28,28,37,37,37,37],"current_hp_per_floor":[82,82,82,81,75,58,58,59,59,50,50,50,34,34,33,22,92,102,96,99,81,76,101,101,85,32,30,45,45,47,42,56,51,108,108,85,80,80,62,19,19,19,23,23,25,27,63,63,61,35,121,0,0],"gold":330,"neow_bonus":"THREE_RARE_CARDS","is_daily":false,"chose_seed":false,"campfire_upgraded":2,"win_rate":0.0,"timestamp":1610145782,"path_taken":["R","M","?","M","M","E","T","M","?","E","?","M","E","?","M","BOSS","R","M","M","M","?","?","T","?","E","M","$","M","E","?","M","BOSS","R","M","$","?","?","E","T","?","?","?","E","M","R","?","M","BOSS","E"],"items_purchased_type":["Relic","Card","Card","Relic","Card","Potion","Relic","Relic","Card","Card"],"build_version":"2020-12-22","purchased_purges":0,"victory":false,"max_hp_per_floor":[82,82,82,82,83,84,84,85,85,86,86,87,91,91,91,92,92,102,103,99,99,100,101,101,101,107,107,107,108,108,108,108,108,108,108,109,109,109,110,111,111,111,112,112,118,120,120,120,121,121,121,121,121],"card_choices":[{"not_picked":["sneckomod:Cheat","sneckomod:UnknownRarePower"],"picked":"sneckomod:UnknownRareAttack","floor":0},{"not_picked":["sneckomod:Rotation","sneckomod:UnknownClassGUARDIAN"],"picked":"sneckomod:SlitherStrike","floor":2},{"not_picked":["sneckomod:UnknownStrike","sneckomod:UnknownCommonAttack"],"picked":"sneckomod:QuickMove","floor":4},{"not_picked":["sneckomod:UnknownCommonAttack","sneckomod:RainOfDice"],"picked":"sneckomod:UnknownRareAttack","floor":5},{"not_picked":["sneckomod:UnknownClassTHE_CHAMP_GRAY","sneckomod:Unknown1Cost"],"picked":"sneckomod:UnknownCommonSkill","floor":6},{"not_picked":["sneckomod:UnknownCommonAttack","sneckomod:UnknownEthereal"],"picked":"sneckomod:UnknownBlock","floor":8},{"not_picked":["sneckomod:RainOfDice","sneckomod:UnknownClassWANDERER_GRAY_COLOR"],"picked":"sneckomod:UnknownStrength","floor":10},{"not_picked":["sneckomod:UnknownCommonSkill","sneckomod:TrashToTreasure"],"picked":"sneckomod:UnknownBlock","floor":12},{"not_picked":["sneckomod:Cheat","sneckomod:UnknownCommonSkill"],"picked":"sneckomod:UnknownClassBLUE","floor":13},{"not_picked":["sneckomod:DiceBlock","sneckomod:DiceBoulder"],"picked":"sneckomod:CheapStock","floor":15},{"not_picked":["sneckomod:UnknownRarePower","sneckomod:Unknown3Cost"],"picked":"sneckomod:UnknownRareSkill","floor":16},{"not_picked":["sneckomod:Nope","sneckomod:UnknownClassBLUE"],"picked":"sneckomod:UnknownWeak","floor":19},{"not_picked":["sneckomod:UnknownCommonSkill+1","sneckomod:Nope+1"],"picked":"sneckomod:UnknownBlock+1","floor":20},{"not_picked":["sneckomod:SoulDraw","sneckomod:QuickMove"],"picked":"sneckomod:WideSting","floor":21},{"not_picked":["sneckomod:UnknownClassHEXA_GHOST_PURPLE","sneckomod:UnknownClassSLIMEBOUND"],"picked":"sneckomod:Rotation+1","floor":22},{"not_picked":["sneckomod:Nope","sneckomod:UnknownCommonSkill"],"picked":"sneckomod:QuickBite","floor":23},{"not_picked":["sneckomod:Unknown1Cost","sneckomod:Nope"],"picked":"sneckomod:SoulCleanse","floor":25},{"not_picked":["sneckomod:SoulDraw","sneckomod:Unknown1Cost"],"picked":"sneckomod:UnknownRarePower+1","floor":26},{"not_picked":["sneckomod:UnknownDexterity+1","sneckomod:UnknownCommonSkill"],"picked":"sneckomod:ImprovisedAttack","floor":27},{"not_picked":["sneckomod:IronFang","sneckomod:SoulRoll"],"picked":"sneckomod:QuickMove","floor":28},{"not_picked":["sneckomod:QuickMove","sneckomod:UnknownDexterity"],"picked":"sneckomod:UnknownX","floor":29},{"not_picked":["sneckomod:SoulCleanse","sneckomod:QuickBite+1"],"picked":"sneckomod:IronFang+1","floor":30},{"not_picked":["sneckomod:WideSting","sneckomod:UnknownClassRED"],"picked":"sneckomod:SerpentMind+1","floor":31},{"not_picked":["sneckomod:Unknown1Cost","sneckomod:DiceCrush","sneckomod:SoulRoll"],"picked":"sneckomod:SlitherStrike+1","floor":32},{"not_picked":["sneckomod:SerpentMind+1","sneckomod:UnknownRareAttack","sneckomod:Unknown3Cost"],"picked":"sneckomod:MorePower+1","floor":33},{"not_picked":["sneckomod:UnknownUncommonPower+1","sneckomod:UnknownUncommonSkill+1","sneckomod:UnknownColorless+1"],"picked":"sneckomod:UnknownRareAttack+1","floor":36},{"not_picked":["sneckomod:UnknownClassTHE_CHAMP_GRAY","sneckomod:Unknown1Cost","sneckomod:UnknownCommonSkill"],"picked":"sneckomod:SoulDraw+1","floor":36},{"not_picked":["sneckomod:SoulDraw","sneckomod:UnknownClassGREEN+1","sneckomod:UnknownUncommonSkill+1"],"picked":"sneckomod:RainOfDice","floor":37},{"not_picked":["sneckomod:UnknownClassGREEN+1","sneckomod:UnknownClassRED+1","sneckomod:UnknownClassCULL_RED_COLOR+1"],"picked":"sneckomod:UnknownColorless+1","floor":39},{"not_picked":["sneckomod:RainOfDice","sneckomod:IronFang","sneckomod:Unknown1Cost+1"],"picked":"sneckomod:DefensiveFlair+1","floor":39},{"not_picked":["sneckomod:UnknownX+1","sneckomod:UnknownClassGUARDIAN+1","sneckomod:UnknownClassCULL_RED_COLOR+1"],"picked":"sneckomod:Unknown+1","floor":40},{"not_picked":["sneckomod:RainOfDice+1","sneckomod:Rotation+1","sneckomod:UnknownCommonAttack+1"],"picked":"sneckomod:UnlimitedRolls+1","floor":40},{"not_picked":["sneckomod:UnknownStrike+1","sneckomod:UnknownEthereal+1","sneckomod:Unknown+1"],"picked":"sneckomod:UnknownRareSkill+1","floor":43},{"not_picked":["sneckomod:Rotation","sneckomod:UnknownCommonAttack+1","sneckomod:SoulCleanse"],"picked":"sneckomod:SerpentIdol","floor":43},{"not_picked":["sneckomod:UnknownClassGREEN+1","sneckomod:UnknownExhaust+1","sneckomod:UnknownCommonSkill+1"],"picked":"sneckomod:UnknownColorless+1","floor":45},{"not_picked":["sneckomod:RainOfDice+1","sneckomod:DiceBlock","sneckomod:UnknownClassHEXA_GHOST_PURPLE+1"],"picked":"sneckomod:UnknownStrike+1","floor":45},{"not_picked":["sneckomod:UnknownEthereal+1","sneckomod:Unknown+1","sneckomod:UnknownClassBLUE+1"],"picked":"sneckomod:UnknownDexterity+1","floor":46},{"not_picked":["sneckomod:UnknownUncommonPower+1","sneckomod:DiceBoulder","sneckomod:Nope+1"],"picked":"sneckomod:Unknown0Cost+1","floor":46},{"not_picked":["sneckomod:UnknownClassRED+1","sneckomod:UnknownCommonAttack+1","sneckomod:Unknown3Cost+1"],"picked":"sneckomod:Unknown1Cost+1","floor":49},{"not_picked":["sneckomod:Unknown0Cost+1","sneckomod:QuickMove","sneckomod:UnknownCommonAttack+1"],"picked":"sneckomod:WideSting+1","floor":49}],"player_experience":611865,"relics_obtained":[{"floor":6,"key":"Oddly Smooth Stone"},{"floor":10,"key":"Blue Candle"},{"floor":13,"key":"MealTicket"},{"floor":22,"key":"downfall:GremlinSack"},{"floor":24,"key":"Shuriken"},{"floor":26,"key":"Old Coin"},{"floor":30,"key":"WingedGreaves"},{"floor":31,"key":"StoneCalendar"},{"floor":31,"key":"Question Card"},{"floor":40,"key":"Art of War"},{"floor":41,"key":"Happy Flower"},{"floor":45,"key":"sneckomod:UnknownEgg"},{"floor":48,"key":"Centennial Puzzle"}],"event_choices":[{"cards_removed":["sneckomod:Strike"],"damage_healed":0,"gold_gain":0,"player_choice":"Card Removal","damage_taken":0,"max_hp_gain":0,"max_hp_loss":0,"event_name":"The Cleric","floor":9,"gold_loss":0},{"damage_healed":0,"gold_gain":0,"player_choice":"Got Potions","damage_taken":0,"max_hp_gain":0,"max_hp_loss":0,"event_name":"Lab","floor":14,"gold_loss":0},{"cards_removed":["Writhe"],"damage_healed":0,"gold_gain":0,"player_choice":"Purged","damage_taken":0,"max_hp_gain":0,"max_hp_loss":0,"event_name":"Purifier","floor":38,"gold_loss":0},{"cards_removed":["sneckomod:UnknownRareAttack"],"damage_healed":0,"gold_gain":0,"player_choice":"Removed Attack","damage_taken":0,"max_hp_gain":0,"max_hp_loss":0,"event_name":"Falling","floor":44,"gold_loss":0}],"is_beta":false,"boss_relics":[{"not_picked":["Pandora\u0027s Box","SacredBark"],"picked":"Cursed Key"},{"not_picked":["Velvet Choker","Runic Pyramid"],"picked":"Astrolabe"}],"items_purged_floors":[],"is_endless":false,"potions_floor_spawned":[2,6,12,13,15,21,26,29,30,31,32,36,39,45],"killed_by":"downfall:CharBossMerchant","ascension_level":1}}