{"host":"dm4yvegl9um2tlqd","time":1610112024,"event":{"mods":["2.2 Compatiblity","BaseMod","Colored Map","DeckTracker","Highlight Path","KOR Keyword Fix","Keyboard Shortcuts","Minty Spire (QoL Compilation)","Permanent Neow","Quick Restart","Random Character Button","StSLib","SuperFastMode","everything is the same but u backflip on backflip"],"gold_per_floor":[13,113,128,47,64,64,98,98,98,110,125,50,76,86,86,187,187,207,223,71,71,88,88,121,121,121,121,221,41,41,57,57,158,158,174,224,224,242,242,242,295,170,195,524,524,542,542,559,559,559],"floor_reached":51,"playtime":2313,"items_purged":["Strike_R","Strike_R","Strike_R"],"score":803,"play_id":"72c3c0cd-010c-4380-9193-05e084c2214c","local_time":"20210108222024","is_ascension_mode":false,"campfire_choices":[{"data":"Bash","floor":6.0,"key":"SMITH"},{"data":"Feed","floor":8.0,"key":"SMITH"},{"data":"Disarm","floor":15.0,"key":"SMITH"},{"data":"Body Slam","floor":23.0,"key":"SMITH"},{"data":"Corruption","floor":27,"key":"SMITH"},{"data":"Shockwave","floor":30,"key":"SMITH"},{"data":"Demon Form","floor":32,"key":"SMITH"},{"data":"Blood for Blood","floor":40,"key":"SMITH"},{"data":"Bludgeon","floor":45,"key":"SMITH"},{"data":"Second Wind","floor":47,"key":"SMITH"},{"data":"Second Wind","floor":49,"key":"SMITH"}],"circlet_count":0,"master_deck":["Strike_R+1","Strike_R+1","Defend_R","Defend_R","Defend_R","Defend_R","Bash+1","Shrug It Off","Second Wind+1","Ghostly Armor","Feed+1","Battle Trance","Body Slam+1","Shockwave+1","Disarm+1","Demon Form+1","Blood for Blood+1","Pommel Strike","Reaper","Shame","Corruption+1","Necronomicurse","Power Through","Bludgeon+1","Disarm+1","Second Wind+1"],"relics":["Burning Blood","Calipers","Pen Nib","InkBottle","Whetstone","SacredBark","Strawberry","Gambling Chip","Necronomicon","Charon\u0027s Ashes","StoneCalendar","Self Forming Clay","Runic Pyramid","Bird Faced Urn","Nunchaku","Bag of Preparation","Old Coin"],"acts_visited":["Exordium","TheCity","TheBeyond"],"potions_floor_usage":[24,28],"damage_taken":[{"damage":11.0,"enemies":"Jaw Worm","floor":1.0,"turns":5.0},{"damage":4.0,"enemies":"Cultist","floor":3.0,"turns":4.0},{"damage":5.0,"enemies":"Small Slimes","floor":5.0,"turns":4.0},{"damage":6.0,"enemies":"Gremlin Nob","floor":7.0,"turns":4.0},{"damage":13.0,"enemies":"2 Fungi Beasts","floor":10.0,"turns":5.0},{"damage":27.0,"enemies":"Large Slime","floor":11.0,"turns":7.0},{"damage":35.0,"enemies":"3 Sentries","floor":13.0,"turns":12.0},{"damage":0.0,"enemies":"Red Slaver","floor":14.0,"turns":4.0},{"damage":16.0,"enemies":"Hexaghost","floor":16.0,"turns":16.0},{"damage":11.0,"enemies":"Shell Parasite","floor":18.0,"turns":8.0},{"damage":14.0,"enemies":"3 Byrds","floor":19.0,"turns":6.0},{"damage":21.0,"enemies":"Snake Plant","floor":22.0,"turns":7.0},{"damage":56,"enemies":"Slavers","floor":24,"turns":6},{"damage":27,"enemies":"Colosseum Slavers","floor":28,"turns":4},{"damage":14,"enemies":"Colosseum Nobs","floor":28,"turns":4},{"damage":17,"enemies":"Shelled Parasite and Fungi","floor":31,"turns":3},{"damage":21,"enemies":"Champ","floor":33,"turns":8},{"damage":15,"enemies":"Orb Walker","floor":35,"turns":2},{"damage":2,"enemies":"Mind Bloom Boss Battle","floor":36,"turns":6},{"damage":22,"enemies":"3 Darklings","floor":38,"turns":5},{"damage":42,"enemies":"Reptomancer","floor":44,"turns":5},{"damage":9,"enemies":"4 Shapes","floor":46,"turns":3},{"damage":0,"enemies":"Maw","floor":48,"turns":5},{"damage":63,"enemies":"Awakened One","floor":50,"turns":8}],"seed_played":"-7562602973824919690","potions_obtained":[{"floor":5.0,"key":"ColorlessPotion"},{"floor":10.0,"key":"Weak Potion"},{"floor":11.0,"key":"GamblersBrew"},{"floor":14.0,"key":"SteroidPotion"},{"floor":16.0,"key":"DistilledChaos"},{"floor":18.0,"key":"LiquidMemories"},{"floor":28,"key":"ColorlessPotion"},{"floor":33,"key":"ColorlessPotion"},{"floor":35,"key":"LiquidMemories"},{"floor":38,"key":"FairyPotion"}],"is_trial":false,"path_per_floor":["M","?","M","$","M","R","E","R","T","M","M","$","E","M","R","B",null,"M","M","$","?","M","R","E","?","T","R","?","$","R","M","R","B",null,"M","?","?","M","?","R","T","$","T","E","R","M","R","M","R","B",null],"character_chosen":"IRONCLAD","items_purchased":["Second Wind","Reaper","Power Through"],"campfire_rested":0,"item_purchase_floors":[4,20,29],"current_hp_per_floor":[75,75,77,77,78,78,78,78,78,75,58,58,33,39,39,29,92,87,79,79,86,71,71,52,36,36,36,72,72,72,65,65,50,107,102,106,106,94,94,94,94,94,94,105,105,111,111,111,111,60],"gold":559,"neow_bonus":"ONE_RARE_RELIC","is_daily":false,"chose_seed":false,"campfire_upgraded":11,"win_rate":0.0,"timestamp":1610112024,"path_taken":["M","?","M","?","M","R","E","R","T","M","M","$","E","M","R","BOSS","M","M","$","?","M","R","E","?","T","R","?","$","R","M","R","BOSS","M","?","?","?","?","R","?","?","T","E","R","M","R","M","R","BOSS"],"items_purchased_type":["Card","Card","Card"],"build_version":"2020-12-22","purchased_purges":3,"victory":true,"max_hp_per_floor":[80,80,80,80,80,80,80,80,80,84,88,88,92,92,92,92,92,92,92,92,99,99,99,103,103,103,103,103,103,103,107,107,107,107,111,111,111,111,111,111,111,111,111,111,111,111,111,111,111,115],"card_choices":[{"not_picked":["Iron Wave","Thunderclap"],"picked":"Shrug It Off","floor":1.0},{"not_picked":["Warcry","Headbutt","Sever Soul"],"picked":"SKIP","floor":3.0},{"not_picked":["Fire Breathing","Anger"],"picked":"Ghostly Armor","floor":5.0},{"not_picked":["Armaments","Iron Wave"],"picked":"Feed","floor":7.0},{"not_picked":["Sword Boomerang","Cleave"],"picked":"Battle Trance","floor":10.0},{"not_picked":["Perfected Strike","Intimidate"],"picked":"Body Slam","floor":11.0},{"not_picked":["Ghostly Armor","Carnage"],"picked":"Shockwave","floor":13.0},{"not_picked":["Twin Strike","Clash"],"picked":"Disarm","floor":14.0},{"not_picked":["Barricade","Brutality"],"picked":"Demon Form","floor":16.0},{"not_picked":["Cleave","Shockwave"],"picked":"Blood for Blood","floor":18.0},{"not_picked":["Warcry","Perfected Strike"],"picked":"Pommel Strike","floor":19.0},{"not_picked":["Shockwave+1","Shrug It Off","Pommel Strike"],"picked":"SKIP","floor":22.0},{"not_picked":["Thunderclap","Warcry+1"],"picked":"Corruption","floor":24},{"not_picked":["Second Wind","Cleave"],"picked":"Anger+1","floor":31},{"not_picked":["Juggernaut","Reaper"],"picked":"Bludgeon","floor":33},{"not_picked":["Hemokinesis+1","Clash+1"],"picked":"Disarm+1","floor":35},{"not_picked":["Twin Strike+1","Body Slam+1","Carnage"],"picked":"SKIP","floor":38},{"not_picked":["Rampage","Anger","Sever Soul+1"],"picked":"SKIP","floor":44},{"not_picked":["Body Slam","Clash+1","Thunderclap+1"],"picked":"SKIP","floor":46},{"not_picked":["Anger","Fire Breathing+1","Sever Soul"],"picked":"SKIP","floor":48}],"player_experience":519,"relics_obtained":[{"floor":7.0,"key":"Pen Nib"},{"floor":9.0,"key":"InkBottle"},{"floor":13.0,"key":"Whetstone"},{"floor":24,"key":"Gambling Chip"},{"floor":25,"key":"Necronomicon"},{"floor":26,"key":"Charon\u0027s Ashes"},{"floor":28,"key":"StoneCalendar"},{"floor":28,"key":"Self Forming Clay"},{"floor":36,"key":"Bird Faced Urn"},{"floor":41,"key":"Nunchaku"},{"floor":43,"key":"Bag of Preparation"},{"floor":44,"key":"Old Coin"}],"event_choices":[{"damage_healed":0.0,"max_hp_gain":0.0,"max_hp_loss":0.0,"gold_gain":100.0,"event_name":"Golden Shrine","player_choice":"Pray","floor":2.0,"gold_loss":0.0,"damage_taken":0.0},{"damage_healed":0.0,"max_hp_gain":0.0,"max_hp_loss":0.0,"gold_gain":0.0,"event_name":"Addict","player_choice":"Stole Relic","floor":21.0,"gold_loss":0.0,"damage_taken":0.0,"relics_obtained":["Strawberry"],"cards_obtained":["Shame"]},{"damage_healed":0,"gold_gain":0,"player_choice":"Obtained Book","damage_taken":16,"max_hp_gain":0,"max_hp_loss":0,"event_name":"Cursed Tome","floor":25,"gold_loss":0},{"damage_healed":0,"gold_gain":0,"player_choice":"Fight","damage_taken":0,"max_hp_gain":0,"max_hp_loss":0,"event_name":"Colosseum","floor":28,"gold_loss":0},{"damage_healed":0,"gold_gain":0,"player_choice":"Fought Nobs","damage_taken":0,"max_hp_gain":0,"max_hp_loss":0,"event_name":"Colosseum","floor":28,"gold_loss":0},{"damage_healed":0,"gold_gain":0,"player_choice":"Fight","damage_taken":0,"max_hp_gain":0,"max_hp_loss":0,"event_name":"MindBloom","floor":36,"gold_loss":0},{"damage_healed":0,"gold_gain":0,"player_choice":"Copied","damage_taken":0,"max_hp_gain":0,"max_hp_loss":0,"event_name":"Duplicator","floor":37,"gold_loss":0,"cards_obtained":["Second Wind"]},{"cards_removed":["Anger"],"damage_healed":0,"gold_gain":0,"player_choice":"Removed Attack","damage_taken":0,"max_hp_gain":0,"max_hp_loss":0,"event_name":"Falling","floor":39,"gold_loss":0}],"is_beta":false,"boss_relics":[{"not_picked":["Mark of Pain","Runic Dome"],"picked":"SacredBark"},{"not_picked":["Busted Crown","Velvet Choker"],"picked":"Runic Pyramid"}],"items_purged_floors":[12,29,42],"is_endless":false,"potions_floor_spawned":[5,10,11,14,16,18,28,28,33,35,38,44,48],"ascension_level":0}}