{"host":"ik8ww1p4uabx5gam","time":1610077501,"event":{"mods":["Always Whale","Aspiration","BaseMod","Better Third Choice","BetterRewards","Colored Map","Conspire","Energized Spire","FetchMod","Hubris","Infinite Spire","Ironclad Rager","Jedi Mod","Minty Spire (QoL Compilation)","Random Character Button","Replay The Spire","Shop Mod","Spicy Shops","Spikes Relics","StSLib","The Blue Laboratory","Wandering Minibosses","??????REMEMod"],"gold_per_floor":[109,119,136,236,254,285,302,335,335,335,335,335,335],"floor_reached":12,"playtime":463,"items_purged":[],"score":95,"play_id":"f1531e2f-21d0-452b-bc1a-7154ec5d71ad","local_time":"20210107214501","is_ascension_mode":true,"campfire_choices":[{"data":"Rage","floor":11,"key":"SMITH"}],"circlet_count":0,"master_deck":["Echo Form","Strike_R","Strike_R","Strike_R","Strike_R","Strike_R","Defend_R","Defend_R","Defend_R","Defend_R","Bash","After Image+1","Rage+1","ReplayTheSpireMod:Muscle Training","Flex","REME_Cut","REME_TheLastStrike"],"relics":["Burning Blood","REME_ComplimentaryCards","hubris:BottledRain","jedi:Pinwheel","Regal Pillow"],"acts_visited":["Exordium"],"potions_floor_usage":[3,8],"damage_taken":[{"damage":17,"enemies":"Jaw Worm","floor":1,"turns":6},{"damage":0,"enemies":"Cultist","floor":2,"turns":4},{"damage":4,"enemies":"Small Slimes","floor":3,"turns":5},{"damage":7,"enemies":"Blue Slaver","floor":5,"turns":4},{"damage":19,"enemies":"Gremlin Nob","floor":6,"turns":4},{"damage":7,"enemies":"2 Fungi Beasts","floor":7,"turns":5},{"damage":21,"enemies":"Lagavulin","floor":8,"turns":8},{"damage":48,"enemies":"Gremlin Nob","floor":12,"turns":5}],"seed_played":"6148844032489961331","potions_obtained":[{"floor":2,"key":"AttackPotion"},{"floor":5,"key":"blueLaboratory:BottleOfVodka"},{"floor":6,"key":"Milkshake"},{"floor":7,"key":"blueLaboratory:BottleOfRum"}],"is_trial":false,"path_per_floor":["M","M","M","?","M","E","M","E","T","?","R","E"],"character_chosen":"IRONCLAD","items_purchased":[],"campfire_rested":0,"item_purchase_floors":[],"current_hp_per_floor":[69,75,77,77,76,63,62,47,47,47,47,0,0],"gold":335,"neow_bonus":"RANDOM_EVENT","is_daily":false,"chose_seed":false,"campfire_upgraded":1,"win_rate":0.0,"timestamp":1610077501,"path_taken":["M","M","M","?","?","E","M","E","T","?","R","E"],"items_purchased_type":[],"build_version":"2020-12-22","purchased_purges":0,"victory":false,"max_hp_per_floor":[80,80,80,80,80,80,80,80,80,80,80,80,80],"card_choices":[{"not_picked":["Perfected Strike","ReplayReversal"],"picked":"Rage","floor":1},{"not_picked":["Havoc","Sword Boomerang"],"picked":"ReplayTheSpireMod:Muscle Training","floor":2},{"not_picked":["True Grit","Warcry"],"picked":"Flex","floor":3},{"not_picked":["hubris:SharpeningStone","ReplayReversal"],"picked":"REME_Cut","floor":5},{"not_picked":["Body Slam","conspire:Charge","Heavy Blade"],"picked":"SKIP","floor":6},{"not_picked":["Clothesline","Rampage","Defy Death"],"picked":"SKIP","floor":7},{"not_picked":["Flex","jedi:MakeshiftSword"],"picked":"REME_TheLastStrike","floor":8}],"player_experience":940746,"relics_obtained":[{"floor":6,"key":"hubris:BottledRain"},{"floor":8,"key":"jedi:Pinwheel"},{"floor":9,"key":"Regal Pillow"}],"event_choices":[{"damage_healed":0,"gold_gain":0,"player_choice":"Grow","damage_taken":0,"max_hp_gain":0,"max_hp_loss":0,"event_name":"Living Wall","floor":0,"gold_loss":0,"cards_upgraded":["After Image"]},{"damage_healed":0,"gold_gain":100,"player_choice":"Pray","damage_taken":0,"max_hp_gain":0,"max_hp_loss":0,"event_name":"Golden Shrine","floor":4,"gold_loss":0},{"damage_healed":0,"gold_gain":0,"player_choice":"Leave","damage_taken":0,"max_hp_gain":0,"max_hp_loss":0,"event_name":"conspire:Investor","floor":10,"gold_loss":0}],"is_beta":false,"boss_relics":[],"items_purged_floors":[],"is_endless":false,"potions_floor_spawned":[2,5,6,7],"killed_by":"Gremlin Nob","ascension_level":1}}