{"host":"u7y6mp3waw4jt65j","time":1610117193,"event":{"mods":["ATMod(°¢èªMod)","Aspiration","BaseMod","Minty Spire (QoL Compilation)","Replay The Spire","StSLib","¡¾ÒÅÎï¿¨ÅÆ¡¿REMEMod"],"gold_per_floor":[109,109,109,129,143,143,29,29,53,84,102,115,115,146,146,249,249,266,286,286,299,299,299,317,317,372,372,372,402,402,417,417,519,519,538,552,602,602,617,617,633,633,633,665,222,222,257,0,0,0,0,0,0,27,57],"floor_reached":56,"playtime":2437,"items_purged":[],"score":2451,"play_id":"87bc0e27-e11d-4d4e-bba7-7088f6bd8dbd","local_time":"20210108224633","is_ascension_mode":true,"campfire_choices":[{"data":"Burning Pact","floor":6.0,"key":"SMITH"},{"floor":13.0,"key":"REST"},{"floor":15.0,"key":"REST"},{"data":"Feed","floor":23.0,"key":"SMITH"},{"data":"Sentinel","floor":25.0,"key":"SMITH"},{"data":"REME_ACTH","floor":30.0,"key":"SMITH"},{"floor":32.0,"key":"REST"},{"data":"AT_EmpoweredMortalDraw","floor":40,"key":"SMITH"},{"data":"Pummel","floor":40,"key":"SMITH"},{"floor":42,"key":"REST"},{"floor":46,"key":"RECALL"},{"floor":49,"key":"REST"},{"data":"Offering","floor":52,"key":"SMITH"},{"data":"ReplayTheSpireMod:Stacked","floor":52,"key":"SMITH"}],"circlet_count":0,"master_deck":["Strike_R","Strike_R","Strike_R","Strike_R","Strike_R","Defend_R+1","Defend_R","Defend_R","Defend_R","Bash","AT_DivineConfetti+1","Cleave","Clash","Burning Pact+1","Armaments+1","Pummel+1","ReplayTheSpireMod:Stacked+1","Cleave","Cleave","Twin Strike","Anger","Feed+1","Sentinel+1","Infernal Blade","RitualDagger","Whirlwind","Heavy Blade","Inflame+1","REME_ACTH+1","ReplayTheSpireMod:Strike From Hell","Offering+1","AT_EmpoweredMortalDraw+1","AT_IchimonjiDouble","Replay:Undeath\u0027s Touch+1","Seeing Red+1","AT_DiedThrough+1","AT_ManFootWork+1","Pummel+1","REME_BodyOfCthun","Pommel Strike+1","Iron Wave+1"],"relics":["Burning Blood","AT_ATBox","REME_ComplimentaryCards","aspiration:Nostalgia","Ring of the Snake","AT_SeraphEmbrace","Vajra","aspiration:AnachronicSnailShell","REME_ChargedStone","ReplayTheSpireMod:Ring of Collecting","Ring of Panic","Ring of Misfortune","Orichalcum","Calipers","AT_MortalBlade","Replay:Arrowhead","Ring of Hypnosis","ReplayTheSpireMod:Spearhead","HornCleat","Ice Cream","Red Mask","Lantern"],"acts_visited":["Exordium","TheCity","TheBeyond","TheEnding"],"potions_floor_usage":[33,55,55,55,55],"damage_taken":[{"damage":16.0,"enemies":"Jaw Worm","floor":1.0,"turns":4.0},{"damage":0.0,"enemies":"Small Slimes","floor":4.0,"turns":2.0},{"damage":0.0,"enemies":"Cultist","floor":5.0,"turns":3.0},{"damage":34.0,"enemies":"3 Sentries","floor":10.0,"turns":8.0},{"damage":1.0,"enemies":"Exordium Wildlife","floor":11.0,"turns":2.0},{"damage":3.0,"enemies":"Blue Slaver","floor":12.0,"turns":3.0},{"damage":8.0,"enemies":"Replay:BlueRogue","floor":14.0,"turns":5.0},{"damage":57.0,"enemies":"Hexaghost","floor":16.0,"turns":10.0},{"damage":13.0,"enemies":"2 Thieves","floor":18.0,"turns":3.0},{"damage":0.0,"enemies":"Spheric Guardian","floor":19.0,"turns":2.0},{"damage":3.0,"enemies":"Snecko","floor":21.0,"turns":3.0},{"damage":22.0,"enemies":"Snake Plant","floor":24.0,"turns":5.0},{"damage":12.0,"enemies":"REME_1_Revenger","floor":29.0,"turns":4.0},{"damage":11.0,"enemies":"Centurion and Healer","floor":31.0,"turns":3.0},{"damage":66,"enemies":"Collector","floor":33,"turns":8},{"damage":0,"enemies":"3 Darklings","floor":35,"turns":1},{"damage":6,"enemies":"Orb Walker","floor":36,"turns":1},{"damage":27,"enemies":"Mind Bloom Boss Battle","floor":37,"turns":3},{"damage":0,"enemies":"Spire Growth","floor":39,"turns":1},{"damage":0,"enemies":"Maw","floor":41,"turns":2},{"damage":21,"enemies":"Nemesis","floor":44,"turns":3},{"damage":6,"enemies":"Giant Head","floor":47,"turns":5},{"damage":16,"enemies":"Donu and Deca","floor":50,"turns":4},{"damage":12,"enemies":"Shield and Spear","floor":54,"turns":3},{"damage":110,"enemies":"The Heart","floor":55,"turns":7}],"seed_played":"6447710127531209768","potions_obtained":[{"floor":5.0,"key":"SteroidPotion"},{"floor":10.0,"key":"Milkshake"},{"floor":14.0,"key":"Weak Potion"},{"floor":16.0,"key":"Strength Potion"},{"floor":18.0,"key":"Adrenaline Potion"},{"floor":19.0,"key":"Fruit Juice"},{"floor":35,"key":"FairyPotion"},{"floor":36,"key":"PowerPotion"},{"floor":38,"key":"EntropicBrew"},{"floor":54,"key":"Weak Potion"}],"is_trial":false,"path_per_floor":["M","?","?","M","M","R","$","?","T","E","M","M","R","E","R","B",null,"M","M","?","M","?","R","M","R","T","?","?","E","R","M","R","B",null,"M","M","?","?","M","R","M","R","T","E","$","R","E","?","R","B",null,"R","$","E","B",null],"character_chosen":"IRONCLAD","items_purchased":["Armaments+1","Pummel","REME_BodyOfCthun","HornCleat"],"campfire_rested":5,"item_purchase_floors":[7,7,45,45],"current_hp_per_floor":[62,46,46,52,58,58,58,58,58,30,35,38,62,60,80,29,67,64,75,69,72,72,72,56,56,56,56,56,50,50,49,76,16,74,80,84,63,63,69,69,79,101,101,86,86,86,90,90,105,95,103,103,103,97,25],"gold":57,"neow_bonus":"NOSTALGIA","is_daily":false,"chose_seed":false,"campfire_upgraded":8,"win_rate":0.0,"timestamp":1610117193,"path_taken":["M","?","?","?","M","R","$","?","T","E","M","M","R","E","R","BOSS","M","?","?","M","?","R","M","R","T","?","?","E","R","M","R","BOSS","M","?","?","?","?","R","?","R","T","E","$","R","E","?","R","BOSS","R","$","E","BOSS"],"items_purchased_type":["Card","Card","Card","Relic"],"build_version":"2020-12-22","purchased_purges":0,"victory":true,"max_hp_per_floor":[80,80,80,80,80,80,80,80,80,80,80,80,80,80,80,80,80,84,89,89,89,89,89,89,89,89,89,89,89,89,93,93,93,93,93,97,97,97,97,97,101,101,101,101,101,101,105,105,105,105,105,105,105,105,105],"card_choices":[{"not_picked":["Run Through","Sever Soul"],"picked":"Cleave","floor":1.0},{"not_picked":["REME_Cut","Sentinel"],"picked":"Clash","floor":4.0},{"not_picked":["Fire Breathing","REME_Cut"],"picked":"Burning Pact","floor":5.0},{"not_picked":["Demonic Infusion","Burning Pact"],"picked":"Cleave","floor":10.0},{"not_picked":["AT_ManFootWork","Burning Pact"],"picked":"Cleave","floor":11.0},{"not_picked":["Abandon","Cleave"],"picked":"Twin Strike","floor":12.0},{"not_picked":["Heavy Blade","AT_ManFootWork"],"picked":"Anger","floor":14.0},{"not_picked":["REME_Fury","Eclipse"],"picked":"Feed","floor":16.0},{"not_picked":["AT_BodySlamDance","Anger"],"picked":"Sentinel","floor":18.0},{"not_picked":["Wild Strike","Anger+1"],"picked":"Infernal Blade","floor":19.0},{"not_picked":["Juggernaut","Blood for Blood"],"picked":"Whirlwind","floor":21.0},{"not_picked":["Shockwave+1","Twin Strike"],"picked":"Heavy Blade","floor":24.0},{"not_picked":["ReplayTheSpireMod:Stacked+1","Searing Blow+1"],"picked":"REME_ACTH","floor":29.0},{"not_picked":["Run Through","Havoc"],"picked":"ReplayTheSpireMod:Strike From Hell","floor":31.0},{"not_picked":["Bludgeon","Reaper"],"picked":"Offering","floor":33},{"not_picked":["Body Slam","Replay:Undeath\u0027s Touch"],"picked":"AT_IchimonjiDouble","floor":35},{"not_picked":["Body Slam+1","Shrug It Off"],"picked":"Replay:Undeath\u0027s Touch+1","floor":36},{"not_picked":["Cleave+1","Perfected Strike+1"],"picked":"Seeing Red+1","floor":37},{"not_picked":["Second Wind","REME_Scribble+1"],"picked":"AT_DiedThrough+1","floor":39},{"not_picked":["Warcry","Defy Death"],"picked":"AT_ManFootWork+1","floor":41},{"not_picked":["Heavy Blade+1","Corruption"],"picked":"Pummel+1","floor":44},{"not_picked":["Intimidate","Wild Strike+1"],"picked":"Pommel Strike+1","floor":47},{"not_picked":["Second Wind","Clash"],"picked":"Iron Wave+1","floor":54}],"player_experience":100834,"relics_obtained":[{"floor":9.0,"key":"AT_ArchangelStaff"},{"floor":10.0,"key":"Vajra"},{"floor":14.0,"key":"aspiration:AnachronicSnailShell"},{"floor":22.0,"key":"ReplayTheSpireMod:Ring of Collecting"},{"floor":22.0,"key":"Ring of Panic"},{"floor":26.0,"key":"Ring of Misfortune"},{"floor":26.0,"key":"Orichalcum"},{"floor":29.0,"key":"Calipers"},{"floor":37,"key":"Replay:Arrowhead"},{"floor":43,"key":"Ring of Hypnosis"},{"floor":44,"key":"ReplayTheSpireMod:Spearhead"},{"floor":47,"key":"Ice Cream"},{"floor":54,"key":"Lantern"}],"event_choices":[{"damage_healed":0.0,"max_hp_gain":0.0,"max_hp_loss":0.0,"gold_gain":0.0,"event_name":"Shining Light","player_choice":"Entered Light","floor":2.0,"gold_loss":0.0,"damage_taken":16.0,"cards_upgraded":["AT_DivineConfetti","Defend_R"]},{"damage_healed":0.0,"max_hp_gain":0.0,"max_hp_loss":0.0,"gold_gain":0.0,"event_name":"Golden Wing","player_choice":"Ignored","floor":3.0,"gold_loss":0.0,"damage_taken":0.0},{"damage_healed":0.0,"max_hp_gain":0.0,"max_hp_loss":0.0,"gold_gain":0.0,"cards_transformed":["Limit Break"],"event_name":"Transmorgrifier","player_choice":"Transformed","floor":8.0,"gold_loss":0.0,"damage_taken":0.0,"cards_obtained":["ReplayTheSpireMod:Stacked"]},{"damage_healed":0.0,"max_hp_gain":0.0,"max_hp_loss":0.0,"gold_gain":0.0,"event_name":"Nest","player_choice":"Joined the Cult","floor":20.0,"gold_loss":0.0,"damage_taken":6.0,"cards_obtained":["RitualDagger"]},{"damage_healed":0.0,"max_hp_gain":0.0,"max_hp_loss":0.0,"gold_gain":0.0,"event_name":"The Library","player_choice":"Read","floor":27.0,"gold_loss":0.0,"damage_taken":0.0,"cards_obtained":["Inflame"]},{"damage_healed":0.0,"max_hp_gain":0.0,"max_hp_loss":0.0,"gold_gain":0.0,"event_name":"Upgrade Shrine","player_choice":"Upgraded","floor":28.0,"gold_loss":0.0,"damage_taken":0.0,"cards_upgraded":["Inflame"]},{"damage_healed":0,"gold_gain":0,"player_choice":"Fight","damage_taken":0,"max_hp_gain":0,"max_hp_loss":0,"event_name":"MindBloom","floor":37,"gold_loss":0},{"damage_healed":0,"gold_gain":0,"player_choice":"Got Potions","damage_taken":0,"max_hp_gain":0,"max_hp_loss":0,"event_name":"Lab","floor":38,"gold_loss":0},{"damage_healed":0,"gold_gain":0,"player_choice":"Paid","damage_taken":0,"relics_obtained":["Red Mask"],"max_hp_gain":0,"max_hp_loss":0,"event_name":"Tomb of Lord Red Mask","floor":48,"gold_loss":257}],"is_beta":false,"boss_relics":[{"not_picked":["Astrolabe","Tiny House"],"picked":"REME_ChargedStone"},{"not_picked":["ReplayTheSpireMod:Onyx Gauntlets","Cursed Key"],"picked":"AT_MortalBlade"}],"items_purged_floors":[],"is_endless":false,"potions_floor_spawned":[5,10,14,16,18,19,35,36,39,41,54],"ascension_level":8}}