{"host":"8rqsnaeml9gxb0kp","time":1610090127,"event":{"mods":["AchievementEnabler","BaseMod","Dark Map","Minty Spire (QoL Compilation)","StSLib"],"gold_per_floor":[119,37,49,1,101,117,149,149,149,184,195,195,209,244,244,342,342,362,362,381,651,666,691,691,725,774,785,190,190,190,222,222,319,319,336,15,34,34,34,65,83,116,143,154,165,191,191,207,207,207],"floor_reached":51,"playtime":4102,"items_purged":["Corruption","Thunderclap"],"score":1008,"play_id":"8eac0578-07ac-4b8c-a42d-e64d4b5b2cb5","local_time":"20210107231527","is_ascension_mode":true,"campfire_choices":[{"data":"Perfected Strike","floor":8,"key":"SMITH"},{"data":"Inflame","floor":12,"key":"SMITH"},{"data":"Perfected Strike","floor":15,"key":"SMITH"},{"data":"Pommel Strike","floor":24,"key":"SMITH"},{"data":"Pommel Strike","floor":29,"key":"SMITH"},{"data":"Double Tap","floor":32,"key":"SMITH"},{"data":"Perfected Strike","floor":47,"key":"SMITH"},{"data":"Dual Wield","floor":49,"key":"SMITH"}],"circlet_count":0,"master_deck":["Strike_R","Strike_R","Strike_R","Strike_R","Strike_R","Defend_R","Defend_R","Defend_R","Defend_R","Bash","Perfected Strike+1","Inflame+1","Perfected Strike+1","Pommel Strike+1","Shrug It Off","Carnage","Headbutt","Perfected Strike+1","Perfected Strike","Flame Barrier","Double Tap+1","Perfected Strike","Seeing Red+1","Armaments","Second Wind","Pommel Strike+1","Perfected Strike","Dual Wield+1","Dual Wield+1","Power Through","Second Wind+1","Double Tap","CurseOfTheBell","Thunderclap+1","Flame Barrier","Shrug It Off+1","Twin Strike","Intimidate+1","Thunderclap+1","Perfected Strike+1","Shrug It Off"],"relics":["Burning Blood","Anchor","FossilizedHelix","Bottled Lightning","Vajra","Pear","Velvet Choker","Strawberry","Pantograph","White Beast Statue","Nunchaku","Blood Vial","Bronze Scales","Orrery","Gremlin Horn","Calling Bell","PreservedInsect","Sundial","StoneCalendar","Happy Flower","Potion Belt","MealTicket","Centennial Puzzle","Omamori"],"acts_visited":["Exordium","TheCity","TheBeyond"],"potions_floor_usage":[22,41,50,50,50,50],"damage_taken":[{"damage":5,"enemies":"Cultist","floor":1,"turns":4},{"damage":0,"enemies":"Small Slimes","floor":3,"turns":4},{"damage":1,"enemies":"Jaw Worm","floor":6,"turns":2},{"damage":23,"enemies":"Lagavulin","floor":7,"turns":7},{"damage":0,"enemies":"Gremlin Nob","floor":10,"turns":3},{"damage":0,"enemies":"Red Slaver","floor":11,"turns":2},{"damage":0,"enemies":"3 Louse","floor":13,"turns":3},{"damage":18,"enemies":"3 Sentries","floor":14,"turns":6},{"damage":48,"enemies":"Hexaghost","floor":16,"turns":8},{"damage":0,"enemies":"2 Thieves","floor":18,"turns":4},{"damage":18,"enemies":"3 Byrds","floor":20,"turns":4},{"damage":0,"enemies":"Shelled Parasite and Fungi","floor":22,"turns":3},{"damage":12,"enemies":"Book of Stabbing","floor":23,"turns":3},{"damage":8,"enemies":"Slavers","floor":25,"turns":4},{"damage":0,"enemies":"Chosen and Byrds","floor":27,"turns":4},{"damage":9,"enemies":"Gremlin Leader","floor":31,"turns":4},{"damage":29,"enemies":"Automaton","floor":33,"turns":9},{"damage":23,"enemies":"Orb Walker","floor":35,"turns":4},{"damage":0,"enemies":"3 Shapes","floor":37,"turns":3},{"damage":0,"enemies":"Giant Head","floor":40,"turns":5},{"damage":9,"enemies":"Maw","floor":41,"turns":7},{"damage":0,"enemies":"Nemesis","floor":42,"turns":3},{"damage":0,"enemies":"4 Shapes","floor":44,"turns":3},{"damage":15,"enemies":"Jaw Worm Horde","floor":45,"turns":4},{"damage":30,"enemies":"Giant Head","floor":46,"turns":6},{"damage":0,"enemies":"Writhing Mass","floor":48,"turns":4},{"damage":86,"enemies":"Donu and Deca","floor":50,"turns":7}],"seed_played":"-7888621729074529537","potions_obtained":[{"floor":11,"key":"Fruit Juice"},{"floor":14,"key":"BloodPotion"},{"floor":16,"key":"FearPotion"},{"floor":22,"key":"Swift Potion"},{"floor":31,"key":"SneckoOil"},{"floor":35,"key":"Block Potion"},{"floor":40,"key":"FearPotion"},{"floor":41,"key":"Energy Potion"},{"floor":42,"key":"Swift Potion"},{"floor":44,"key":"Weak Potion"}],"is_trial":false,"path_per_floor":["M","$","M","$","?","M","E","R","T","E","M","R","M","E","R","B",null,"M","?","M","?","M","E","R","E","T","M","$","R","?","E","R","B",null,"M","$","M","?","?","E","M","E","T","M","M","E","R","M","R","B",null],"character_chosen":"IRONCLAD","items_purchased":["Inflame","Perfected Strike","Shrug It Off","Blood Vial","Bronze Scales","Orrery","Flame Barrier","Happy Flower","Flame Barrier"],"campfire_rested":0,"item_purchase_floors":[2,2,4,28,28,28,28,36,36],"current_hp_per_floor":[80,80,80,80,80,80,63,63,63,69,75,75,80,78,78,36,90,90,97,85,58,69,63,63,61,61,67,67,67,67,66,66,70,102,85,85,93,93,102,102,99,102,102,102,93,71,71,79,79,42],"gold":207,"neow_bonus":"RANDOM_COMMON_RELIC","is_daily":false,"chose_seed":false,"campfire_upgraded":8,"win_rate":0.0,"timestamp":1610090127,"path_taken":["M","$","?","?","?","M","E","R","T","E","M","R","M","E","R","BOSS","M","?","M","?","M","E","R","E","T","?","$","R","?","E","R","BOSS","M","$","M","?","?","E","?","E","T","M","M","E","R","M","R","BOSS"],"items_purchased_type":["Card","Card","Card","Relic","Relic","Relic","Card","Relic","Card"],"build_version":"2020-12-22","purchased_purges":2,"victory":true,"max_hp_per_floor":[80,80,80,80,80,80,80,80,80,80,80,80,80,90,90,90,90,90,97,97,97,102,102,102,102,102,102,102,102,102,102,102,102,102,102,102,102,102,102,102,102,102,102,102,102,102,102,102,102,102],"card_choices":[{"not_picked":["True Grit","Power Through"],"picked":"Perfected Strike","floor":1},{"not_picked":["Infernal Blade","Shockwave"],"picked":"Pommel Strike","floor":3},{"not_picked":["Ghostly Armor","Clash"],"picked":"Carnage","floor":6},{"not_picked":["Fiend Fire","Combust"],"picked":"Headbutt","floor":7},{"not_picked":["Iron Wave","Berserk"],"picked":"Perfected Strike","floor":10},{"not_picked":["Cleave","Flex"],"picked":"Perfected Strike","floor":11},{"not_picked":["Clash","Dark Embrace"],"picked":"Flame Barrier","floor":13},{"not_picked":["Dropkick","Iron Wave"],"picked":"Corruption","floor":14},{"not_picked":["Feed","Bludgeon"],"picked":"Double Tap","floor":16},{"not_picked":["Cleave","True Grit"],"picked":"Perfected Strike","floor":18},{"not_picked":["Perfected Strike","Body Slam+1"],"picked":"Seeing Red+1","floor":20},{"not_picked":["Heavy Blade+1","Burning Pact"],"picked":"Armaments","floor":22},{"not_picked":["Body Slam","Thunderclap"],"picked":"Second Wind","floor":23},{"not_picked":["Clash","Disarm"],"picked":"Pommel Strike","floor":25},{"not_picked":["Flex","Clothesline+1"],"picked":"Perfected Strike","floor":27},{"not_picked":["Flex","Iron Wave"],"picked":"Dual Wield","floor":28},{"not_picked":["True Grit","Anger"],"picked":"Thunderclap","floor":28},{"not_picked":["Thunderclap","Warcry+1"],"picked":"Dual Wield+1","floor":28},{"not_picked":["Flex","Fire Breathing"],"picked":"Power Through","floor":28},{"not_picked":["Feel No Pain","Infernal Blade"],"picked":"Second Wind+1","floor":31},{"not_picked":["Berserk","Feed"],"picked":"Double Tap","floor":33},{"not_picked":["Fire Breathing+1","Metallicize+1"],"picked":"Thunderclap+1","floor":35},{"not_picked":["Anger+1","Flex+1","Rupture"],"picked":"SKIP","floor":37},{"not_picked":["Berserk","Carnage"],"picked":"Shrug It Off+1","floor":40},{"not_picked":["Clothesline","Combust+1"],"picked":"Twin Strike","floor":41},{"not_picked":["Flex+1","Dropkick+1"],"picked":"Intimidate+1","floor":42},{"not_picked":["True Grit","Heavy Blade+1"],"picked":"Thunderclap+1","floor":44},{"not_picked":["Blood for Blood+1","Metallicize+1","Body Slam+1"],"picked":"SKIP","floor":45},{"not_picked":["Disarm","Sever Soul+1"],"picked":"Perfected Strike+1","floor":46},{"not_picked":["Searing Blow","Iron Wave"],"picked":"Shrug It Off","floor":48}],"player_experience":12416,"relics_obtained":[{"floor":7,"key":"FossilizedHelix"},{"floor":9,"key":"Bottled Lightning"},{"floor":10,"key":"Vajra"},{"floor":14,"key":"Pear"},{"floor":23,"key":"Pantograph"},{"floor":25,"key":"White Beast Statue"},{"floor":26,"key":"Nunchaku"},{"floor":31,"key":"Gremlin Horn"},{"floor":34,"key":"PreservedInsect"},{"floor":34,"key":"Sundial"},{"floor":34,"key":"StoneCalendar"},{"floor":40,"key":"Potion Belt"},{"floor":42,"key":"MealTicket"},{"floor":43,"key":"Centennial Puzzle"},{"floor":46,"key":"Omamori"}],"event_choices":[{"damage_healed":0,"gold_gain":100,"player_choice":"Pray","damage_taken":0,"max_hp_gain":0,"max_hp_loss":0,"event_name":"Golden Shrine","floor":5,"gold_loss":0},{"damage_healed":0,"gold_gain":0,"player_choice":"Opened","damage_taken":0,"relics_obtained":["Strawberry"],"max_hp_gain":0,"max_hp_loss":0,"event_name":"The Mausoleum","floor":19,"gold_loss":0},{"damage_healed":0,"gold_gain":270,"player_choice":"GOLD GOLD GOLD ","damage_taken":27,"max_hp_gain":0,"max_hp_loss":0,"event_name":"Knowing Skull","floor":21,"potions_obtained":[],"gold_loss":0,"cards_obtained":[]},{"damage_healed":0,"gold_gain":0,"player_choice":"Ignored","damage_taken":0,"max_hp_gain":0,"max_hp_loss":0,"event_name":"Ghosts","floor":30,"gold_loss":0},{"cards_removed":["Flame Barrier"],"damage_healed":0,"gold_gain":0,"player_choice":"Removed Skill","damage_taken":0,"max_hp_gain":0,"max_hp_loss":0,"event_name":"Falling","floor":38,"gold_loss":0},{"damage_healed":9,"gold_gain":0,"player_choice":"Full Heal","damage_taken":0,"max_hp_gain":0,"max_hp_loss":0,"event_name":"Wheel of Change","floor":39,"gold_loss":0}],"is_beta":false,"boss_relics":[{"not_picked":["SacredBark","Runic Cube"],"picked":"Velvet Choker"},{"not_picked":["Philosopher\u0027s Stone","Black Blood"],"picked":"Calling Bell"}],"items_purged_floors":[28,36],"is_endless":false,"potions_floor_spawned":[11,14,16,20,22,23,27,31,33,35,37,40,41,42,44,45,46,48],"ascension_level":1}}