{"host":"ow66nzv2xecjoor3","time":1610085037,"event":{"mods":["BaseMod","Bestiary","Block Reminder","Colored Powertips","Curses Come First","Highlight Path","Keyboard Shortcuts","Minty Spire (QoL Compilation)","Permanent Neow","Relic Stats","StSLib","UnlockEverythingMod"],"gold_per_floor":[113,126,139,139,159,159,159,188,188,203,203,231,251,251,251,322,322,282,282,19,19,19,19,19,19,19,19,19,19],"floor_reached":28,"playtime":961,"items_purged":[],"score":542,"play_id":"9d5e8ce9-6ecb-43d4-9e58-840ce27de229","local_time":"20210107235037","is_ascension_mode":true,"campfire_choices":[{"data":"Shrug It Off","floor":6,"key":"SMITH"},{"floor":11,"key":"REST"},{"data":"Pommel Strike","floor":15,"key":"SMITH"},{"data":"Deep Breath","floor":23,"key":"SMITH"},{"data":"True Grit","floor":25,"key":"SMITH"},{"data":"Pommel Strike","floor":27,"key":"SMITH"}],"circlet_count":0,"master_deck":["AscendersBane","Strike_R","Strike_R","Strike_R","Strike_R","Defend_R","Defend_R","Defend_R","Defend_R","Bash+1","Shrug It Off+1","Rampage","Rampage","Cleave","Dark Embrace","Exhume","Pommel Strike+1","Bludgeon","Pommel Strike+1","True Grit+1","Deep Breath+1","Pommel Strike+1"],"relics":["SlaversCollar","StrikeDummy","Sundial","Lantern","Ectoplasm","Medical Kit","Kunai"],"acts_visited":["Exordium","TheCity"],"potions_floor_usage":[10,16,16,24,24],"damage_taken":[{"damage":23,"enemies":"Jaw Worm","floor":1,"turns":6},{"damage":6,"enemies":"Cultist","floor":2,"turns":3},{"damage":0,"enemies":"Small Slimes","floor":3,"turns":4},{"damage":7,"enemies":"2 Fungi Beasts","floor":5,"turns":5},{"damage":20,"enemies":"3 Sentries","floor":8,"turns":8},{"damage":20,"enemies":"Exordium Thugs","floor":10,"turns":5},{"damage":0,"enemies":"Lagavulin","floor":12,"turns":4},{"damage":0,"enemies":"Looter","floor":13,"turns":2},{"damage":12,"enemies":"The Guardian","floor":16,"turns":8},{"damage":11,"enemies":"2 Thieves","floor":18,"turns":3},{"damage":14,"enemies":"Chosen","floor":21,"turns":5},{"damage":10,"enemies":"Slavers","floor":24,"turns":4},{"damage":31,"enemies":"Book of Stabbing","floor":28,"turns":3}],"seed_played":"-3438626552810587439","potions_obtained":[{"floor":5,"key":"EssenceOfSteel"},{"floor":8,"key":"BloodPotion"},{"floor":10,"key":"DistilledChaos"},{"floor":13,"key":"AttackPotion"},{"floor":21,"key":"EntropicBrew"}],"is_trial":false,"path_per_floor":["M","M","M","?","M","R","?","E","T","M","R","E","M","?","R","B",null,"M","?","$","M","?","R","E","R","T","R","E"],"character_chosen":"IRONCLAD","items_purchased":["Medical Kit","Deep Breath"],"campfire_rested":1,"item_purchase_floors":[20,20],"current_hp_per_floor":[45,39,39,39,32,32,32,12,12,7,29,29,29,29,29,17,61,50,50,50,36,36,36,26,26,26,26,0,0],"gold":19,"neow_bonus":"BOSS_RELIC","is_daily":false,"chose_seed":false,"campfire_upgraded":5,"win_rate":0.0,"timestamp":1610085037,"path_taken":["M","M","M","?","M","R","?","E","T","M","R","E","?","?","R","BOSS","M","?","$","M","?","R","E","R","T","R","E"],"items_purchased_type":["Relic","Card"],"build_version":"2020-12-22","purchased_purges":0,"victory":false,"max_hp_per_floor":[75,75,75,75,75,75,75,75,75,75,75,75,75,75,75,75,75,75,75,75,75,75,75,75,75,75,75,75,75],"relic_stats":{"counters":[13,60],"Sundial":[8],"Ectoplasm":124,"Kunai":[1],"Medical Kit":[5],"obtain_stats":[{"SlaversCollar":0,"Lantern":12,"Sundial":9,"Ectoplasm":17,"Kunai":24,"StrikeDummy":8,"Medical Kit":20,"Burning Blood":0},{"SlaversCollar":0,"Lantern":7,"Sundial":5,"Ectoplasm":9,"Kunai":12,"StrikeDummy":5,"Medical Kit":10,"Burning Blood":0},{"SlaversCollar":0,"Lantern":35,"Sundial":26,"Ectoplasm":45,"Kunai":57,"StrikeDummy":26,"Medical Kit":48,"Burning Blood":0}]},"card_choices":[{"not_picked":["Headbutt","True Grit"],"picked":"Shrug It Off","floor":1},{"not_picked":["Anger","Sentinel"],"picked":"Rampage","floor":2},{"not_picked":["Warcry","Clash"],"picked":"Rampage","floor":3},{"not_picked":["Thunderclap","Dual Wield"],"picked":"Cleave","floor":5},{"not_picked":["Body Slam","Clash"],"picked":"Dark Embrace","floor":8},{"not_picked":["Rampage","Wild Strike","Body Slam"],"picked":"SKIP","floor":10},{"not_picked":["Wild Strike","Dual Wield"],"picked":"Exhume","floor":12},{"not_picked":["Shrug It Off","Body Slam"],"picked":"Pommel Strike","floor":13},{"not_picked":["Barricade","Exhume"],"picked":"Bludgeon","floor":16},{"not_picked":["Searing Blow","Headbutt"],"picked":"Pommel Strike+1","floor":18},{"not_picked":["Flex","Wild Strike","Havoc"],"picked":"SKIP","floor":21},{"not_picked":["Sword Boomerang","Warcry"],"picked":"Pommel Strike","floor":24}],"player_experience":2684761,"relics_obtained":[{"floor":8,"key":"StrikeDummy"},{"floor":9,"key":"Sundial"},{"floor":12,"key":"Lantern"},{"floor":24,"key":"Kunai"}],"event_choices":[{"damage_healed":0,"gold_gain":0,"player_choice":"Grow","damage_taken":0,"max_hp_gain":0,"max_hp_loss":0,"event_name":"Living Wall","floor":4,"gold_loss":0,"cards_upgraded":["Bash"]},{"cards_removed":["Strike_R"],"damage_healed":0,"gold_gain":0,"player_choice":"Purged","damage_taken":0,"max_hp_gain":0,"max_hp_loss":0,"event_name":"Purifier","floor":7,"gold_loss":0},{"damage_healed":0,"gold_gain":0,"player_choice":"Ignored","damage_taken":0,"max_hp_gain":0,"max_hp_loss":0,"event_name":"Liars Game","floor":14,"gold_loss":0},{"damage_healed":0,"gold_gain":0,"player_choice":"Read","damage_taken":0,"max_hp_gain":0,"max_hp_loss":0,"event_name":"The Library","floor":19,"gold_loss":0,"cards_obtained":["True Grit"]}],"is_beta":false,"boss_relics":[{"not_picked":["Sozu","Coffee Dripper"],"picked":"Ectoplasm"}],"items_purged_floors":[],"is_endless":false,"potions_floor_spawned":[5,8,10,13,21],"killed_by":"Book of Stabbing","ascension_level":20}}