{"host":"ct28ocsd8g8yr2ah","time":1610118273,"event":{"mods":["BaseMod","Better Third Choice","Hermit","Marisa????????","Minty Spire (QoL Compilation)","Remilia??????","StSLib","The Animator","The Gatherer","The Servant 0.9.4","Waifu the Spire"],"gold_per_floor":[113,132,57,57,157,185,185,199,199,218,218,233,252,271,271,366,366,386,402,402,419,369,396,414,217,217,217,21,33,50,50,50,151,151,161,161,178,178,191,211,211,1,1,1,15,34,84,84,84,84],"floor_reached":51,"playtime":2698,"items_purged":["Strike_RM","Strike_RM","Strike_RM","Strike_RM"],"score":673,"play_id":"1b75c7da-f049-4862-959e-02ceed4d6a25","local_time":"20210108200433","is_ascension_mode":false,"campfire_choices":[{"data":"MiserableFate","floor":7,"key":"SMITH"},{"data":"ScarletImprint","floor":11,"key":"SMITH"},{"data":"BloodyCatastrophe","floor":15,"key":"SMITH"},{"floor":27,"key":"REST"},{"floor":32,"key":"REST"},{"floor":41,"key":"REST"},{"floor":44,"key":"REST"},{"floor":49,"key":"REST"}],"circlet_count":0,"master_deck":["Defend_RM","Defend_RM","Defend_RM+1","Defend_RM","RedMoon+1","ScarletShoot","HunterOfTheNight","MiserableFate+1","StarOfDavid","ScarletImprint+1","BloodHunter","BloodyCatastrophe+1","StarOfDavid","RedNightlessCastle","CurseOfVladTepes+1","CurseOfTheBell","MillenniumVampire","BloodAndWine","VampireFantasy","RedRainbow+1","CurseOfVladTepes+1","NightDance+1","TransientEternity","BloodySeventeenLaser+1","ScarletDevil+1","BloodAndWine","Dramatic Entrance+1","UltimateOffering+1","ForecastOfChange+1","SuperhumanBloodyKnife+1","MiserableFate","BloodyCatastrophe"],"relics":["ScarletHat","Akabeko","RedBat","Art of War","Calling Bell","Smiling Mask","StrikeDummy","Gungnir","Molten Egg 2","Oddly Smooth Stone","Letter Opener","DollysMirror","SacredBark","Ice Cream","Incense Burner"],"acts_visited":["Exordium","TheCity","TheBeyond"],"potions_floor_usage":[6,12,16,16,24,33,33,50,50,50],"damage_taken":[{"damage":0,"enemies":"2 Louse","floor":1,"turns":2},{"damage":1,"enemies":"Jaw Worm","floor":2,"turns":3},{"damage":2,"enemies":"Lagavulin","floor":6,"turns":10},{"damage":0,"enemies":"Cultist","floor":8,"turns":6},{"damage":2,"enemies":"Large Slime","floor":10,"turns":4},{"damage":34,"enemies":"Gremlin Gang","floor":12,"turns":6},{"damage":4,"enemies":"Blue Slaver","floor":13,"turns":2},{"damage":4,"enemies":"Red Slaver","floor":14,"turns":1},{"damage":21,"enemies":"Hexaghost","floor":16,"turns":11},{"damage":4,"enemies":"Spheric Guardian","floor":18,"turns":1},{"damage":4,"enemies":"Chosen","floor":19,"turns":7},{"damage":24,"enemies":"Snecko","floor":21,"turns":4},{"damage":22,"enemies":"Book of Stabbing","floor":23,"turns":8},{"damage":20,"enemies":"Cultist and Chosen","floor":24,"turns":7},{"damage":10,"enemies":"Centurion and Healer","floor":29,"turns":9},{"damage":15,"enemies":"Chosen and Byrds","floor":30,"turns":10},{"damage":66,"enemies":"Automaton","floor":33,"turns":11},{"damage":17,"enemies":"3 Darklings","floor":35,"turns":5},{"damage":27,"enemies":"Orb Walker","floor":37,"turns":5},{"damage":11,"enemies":"Spire Growth","floor":39,"turns":3},{"damage":28,"enemies":"4 Shapes","floor":40,"turns":5},{"damage":64,"enemies":"Transient","floor":45,"turns":5},{"damage":24,"enemies":"Spire Growth","floor":46,"turns":6},{"damage":13,"enemies":"Mind Bloom Boss Battle","floor":47,"turns":3},{"damage":110,"enemies":"Time Eater","floor":50,"turns":14}],"seed_played":"-6462014720825523352","potions_obtained":[{"floor":1,"key":"Block Potion"},{"floor":6,"key":"DuplicationPotion"},{"floor":12,"key":"FairyPotion"},{"floor":13,"key":"Regen Potion"},{"floor":14,"key":"Swift Potion"},{"floor":23,"key":"DestinyDice"},{"floor":24,"key":"Dexterity Potion"},{"floor":29,"key":"SteroidPotion"},{"floor":39,"key":"DuplicationPotion"},{"floor":40,"key":"Regen Potion"},{"floor":47,"key":"Fire Potion"}],"is_trial":false,"path_per_floor":["M","M","$","?","?","E","R","M","T","M","R","M","M","M","R","B",null,"M","M","?","M","?","E","M","$","T","R","$","M","M","?","R","B",null,"M","?","M","?","M","M","R","$","T","R","M","M","?","?","R","B",null],"character_chosen":"REMILIA","items_purchased":["Oddly Smooth Stone","DollysMirror","ForecastOfChange+1"],"campfire_rested":5,"item_purchase_floors":[25,28,42],"current_hp_per_floor":[75,75,75,60,60,75,75,75,75,75,75,44,49,50,50,75,75,71,70,70,46,46,28,11,11,11,33,33,37,29,29,51,18,75,65,65,40,40,47,20,41,41,41,62,11,35,44,44,65,18],"gold":84,"neow_bonus":"RANDOM_COMMON_RELIC","is_daily":false,"chose_seed":false,"campfire_upgraded":3,"win_rate":0.0,"timestamp":1610118273,"path_taken":["M","M","$","?","?","E","R","M","T","M","R","M","M","M","R","BOSS","M","?","?","?","?","E","?","$","T","R","$","M","M","?","R","BOSS","M","?","M","?","M","M","R","?","T","R","M","?","?","?","R","BOSS"],"items_purchased_type":["Relic","Relic","Card"],"build_version":"2020-12-22","purchased_purges":4,"victory":true,"max_hp_per_floor":[75,75,75,75,75,75,75,75,75,75,75,75,75,75,75,75,75,75,75,75,75,75,75,75,75,75,75,75,75,75,75,75,75,75,75,71,71,71,71,71,71,71,71,71,71,71,71,71,71,71],"card_choices":[{"not_picked":["BlasphemousPunishment","VampireSweep"],"picked":"HunterOfTheNight","floor":1},{"not_picked":["BloodHunter","MastersStateliness"],"picked":"MiserableFate","floor":2},{"not_picked":["FitfulNightmare","UnderTheZenith"],"picked":"StarOfDavid","floor":6},{"not_picked":["UnderTheZenith","FavorOfDestiny"],"picked":"ScarletImprint","floor":8},{"not_picked":["CharismaGuard","ScarletImprint"],"picked":"BloodHunter","floor":10},{"not_picked":["VampirishNight","ScarletDevil"],"picked":"BloodyCatastrophe","floor":12},{"not_picked":["CharismaGuard","BloodHunter"],"picked":"StarOfDavid","floor":13},{"not_picked":["UnderTheZenith","UnstableMagic"],"picked":"RedNightlessCastle","floor":14},{"not_picked":["TricksterDevil","EquivalentExchange"],"picked":"CurseOfVladTepes","floor":16},{"not_picked":["UltimateOffering","HunterOfTheNight+1"],"picked":"MillenniumVampire","floor":18},{"not_picked":["StarOfDavid","ForbiddenFruit+1"],"picked":"BloodAndWine","floor":19},{"not_picked":["ScarletDevilSign","CharismaGuard","Septette"],"picked":"SKIP","floor":21},{"not_picked":["RedNightlessCastle+1","CharismaGuard+1"],"picked":"VampireFantasy","floor":23},{"not_picked":["TwelveNightmare","LeisurelyOfLord+1"],"picked":"RedRainbow+1","floor":24},{"not_picked":["UltimateOffering+1","BloodHunter"],"picked":"NightDance+1","floor":29},{"not_picked":["FavorOfDestiny","EndlessAdversity+1"],"picked":"TransientEternity","floor":30},{"not_picked":["HellCatastrophe+1","TransientEternity"],"picked":"BloodySeventeenLaser+1","floor":33},{"not_picked":["BloodHunter","UnstableMagic+1"],"picked":"ScarletDevil+1","floor":35},{"not_picked":["StarOfDavid+1","DiffusionOfMisfortune+1"],"picked":"BloodAndWine","floor":37},{"not_picked":["Purity","Panacea"],"picked":"Dramatic Entrance+1","floor":38},{"not_picked":["StarOfDavid+1","TwelveNightmare+1"],"picked":"UltimateOffering+1","floor":39},{"not_picked":["MillenniumVampire","ScarletGensokyo+1","UnstableMagic"],"picked":"SKIP","floor":40},{"not_picked":["BloodHunter+1","ReincarnationDial+1"],"picked":"SuperhumanBloodyKnife+1","floor":45},{"not_picked":["CharismaGuard+1","DiffusionOfMisfortune+1"],"picked":"MiserableFate","floor":46},{"not_picked":["BloodHunter+1","EndlessAdversity+1"],"picked":"BloodyCatastrophe","floor":47}],"player_experience":482613,"relics_obtained":[{"floor":6,"key":"RedBat"},{"floor":9,"key":"Art of War"},{"floor":17,"key":"Smiling Mask"},{"floor":17,"key":"StrikeDummy"},{"floor":17,"key":"Gungnir"},{"floor":23,"key":"Molten Egg 2"},{"floor":26,"key":"Letter Opener"},{"floor":43,"key":"Ice Cream"},{"floor":47,"key":"Incense Burner"}],"event_choices":[{"damage_healed":75,"gold_gain":0,"player_choice":"Upgrade","damage_taken":15,"max_hp_gain":0,"max_hp_loss":75,"event_name":"betterThird:BetterShining","floor":4,"gold_loss":0,"cards_upgraded":["Defend_RM","RedMoon"]},{"damage_healed":0,"gold_gain":100,"player_choice":"Pray","damage_taken":0,"max_hp_gain":0,"max_hp_loss":0,"event_name":"Golden Shrine","floor":5,"gold_loss":0},{"damage_healed":0,"gold_gain":0,"player_choice":"Forge","damage_taken":0,"max_hp_gain":0,"max_hp_loss":0,"event_name":"Accursed Blacksmith","floor":20,"gold_loss":0,"cards_upgraded":["CurseOfVladTepes"]},{"damage_healed":0,"gold_gain":0,"player_choice":"Bet on Owner","damage_taken":0,"max_hp_gain":0,"max_hp_loss":0,"event_name":"The Joust","floor":22,"gold_loss":50},{"damage_healed":0,"gold_gain":0,"player_choice":"Got Potions","damage_taken":0,"max_hp_gain":0,"max_hp_loss":0,"event_name":"Lab","floor":31,"gold_loss":0},{"damage_healed":0,"gold_gain":0,"player_choice":"Max HP","damage_taken":0,"max_hp_gain":0,"max_hp_loss":4,"event_name":"Winding Halls","floor":36,"gold_loss":0},{"damage_healed":0,"gold_gain":0,"player_choice":"Memory 1","damage_taken":0,"max_hp_gain":0,"max_hp_loss":0,"event_name":"SensoryStone","floor":38,"gold_loss":0},{"damage_healed":0,"gold_gain":0,"player_choice":"Fight","damage_taken":0,"max_hp_gain":0,"max_hp_loss":0,"event_name":"MindBloom","floor":47,"gold_loss":0},{"damage_healed":0,"gold_gain":0,"player_choice":"Ignored","damage_taken":0,"max_hp_gain":0,"max_hp_loss":0,"event_name":"Mysterious Sphere","floor":48,"gold_loss":0}],"is_beta":false,"boss_relics":[{"not_picked":["Ectoplasm","Runic Pyramid"],"picked":"Calling Bell"},{"not_picked":["Sozu","Tiny House"],"picked":"SacredBark"}],"items_purged_floors":[3,25,28,42],"is_endless":false,"potions_floor_spawned":[1,6,12,13,14,23,24,29,30,39,40,47],"ascension_level":0}}