{"host":"Krakhan","time":1610077367,"event":{"mods":["AchievementEnabler","BaseMod","Colored Map","Colored Powertips","Faster Ascension Climbing","Highlight Path","Minty Spire (QoL Compilation)","Rare Cards Sparkle","Relic Stats","StSLib"],"gold_per_floor":[117,133,150,160,179,208,208,233,256,273,303,303,329,389,389,460,460,475,486,536,501,512,543,543,557,605,33,48,98,148,398,398,475,475,489,539,11,61,136,165,183,210,256,306,334,384,418,468,468,468,468],"floor_reached":52,"playtime":6440,"items_purged":["Defend_P","Strike_P"],"score":2261,"play_id":"69622dd2-8be0-4551-9671-01cef7664adc","local_time":"20210107224247","is_ascension_mode":true,"campfire_choices":[{"data":"ForeignInfluence","floor":7.0,"key":"SMITH"},{"data":"Eruption","floor":15.0,"key":"SMITH"},{"floor":24,"key":"REST"},{"data":"TalkToTheHand","floor":32,"key":"SMITH"},{"data":"Vault","floor":49,"key":"SMITH"}],"circlet_count":0,"master_deck":["AscendersBane","Strike_P","Strike_P","Strike_P","Defend_P","Defend_P","Defend_P","Eruption+1","Vigilance","EmptyFist","Crescendo","Consecrate","CutThroughFate","MentalFortress","ForeignInfluence+1","Wallop","ClearTheMind","WheelKick","ThirdEye","Vault+1","EmptyBody+1","JustLucky+1","Tantrum","WaveOfTheHand+1","Blasphemy","TalkToTheHand+1","Adaptation","CrushJoints","Halt","TalkToTheHand+1","TalkToTheHand+1","Writhe","TalkToTheHand+1","FlurryOfBlows","Regret","Dark Shackles"],"relics":["VioletLotus","Happy Flower","Calipers","Bag of Marbles","Centennial Puzzle","SsserpentHead","Runic Pyramid","Vajra","Pear","Juzu Bracelet","InkBottle","Cursed Key","Blue Candle","DollysMirror","Mango","Bottled Flame","Blood Vial","Bronze Scales","Regal Pillow"],"acts_visited":["Exordium","TheCity","TheBeyond"],"potions_floor_usage":[23,23,42,47],"damage_taken":[{"damage":0.0,"enemies":"Cultist","floor":1.0,"turns":4.0},{"damage":4.0,"enemies":"2 Louse","floor":2.0,"turns":3.0},{"damage":4.0,"enemies":"Jaw Worm","floor":3.0,"turns":5.0},{"damage":4.0,"enemies":"2 Fungi Beasts","floor":4.0,"turns":4.0},{"damage":13.0,"enemies":"Large Slime","floor":5.0,"turns":6.0},{"damage":8.0,"enemies":"Gremlin Nob","floor":6.0,"turns":3.0},{"damage":7.0,"enemies":"3 Sentries","floor":8.0,"turns":4.0},{"damage":6.0,"enemies":"Exordium Wildlife","floor":10.0,"turns":3.0},{"damage":0.0,"enemies":"Gremlin Nob","floor":11.0,"turns":1.0},{"damage":0.0,"enemies":"3 Sentries","floor":13.0,"turns":5.0},{"damage":0.0,"enemies":"Exordium Thugs","floor":14.0,"turns":2.0},{"damage":13.0,"enemies":"Hexaghost","floor":16.0,"turns":9.0},{"damage":0.0,"enemies":"Spheric Guardian","floor":18.0,"turns":4.0},{"damage":0.0,"enemies":"3 Byrds","floor":19.0,"turns":5.0},{"damage":22.0,"enemies":"Shelled Parasite and Fungi","floor":22.0,"turns":3.0},{"damage":10,"enemies":"Slavers","floor":23,"turns":5},{"damage":4,"enemies":"Snake Plant","floor":25,"turns":4},{"damage":0,"enemies":"Sentry and Sphere","floor":28,"turns":4},{"damage":11,"enemies":"Automaton","floor":33,"turns":10},{"damage":4,"enemies":"3 Shapes","floor":35,"turns":3},{"damage":1,"enemies":"Mind Bloom Boss Battle","floor":39,"turns":4},{"damage":6,"enemies":"Giant Head","floor":40,"turns":7},{"damage":1,"enemies":"Orb Walker","floor":41,"turns":2},{"damage":44,"enemies":"Reptomancer","floor":42,"turns":5},{"damage":2,"enemies":"Giant Head","floor":45,"turns":7},{"damage":15,"enemies":"Reptomancer","floor":47,"turns":7},{"damage":2,"enemies":"Time Eater","floor":50,"turns":12},{"damage":24,"enemies":"Awakened One","floor":51,"turns":13}],"seed_played":"-2790704361610094650","potions_obtained":[{"floor":2.0,"key":"GamblersBrew"},{"floor":3.0,"key":"Strength Potion"},{"floor":6.0,"key":"SteroidPotion"},{"floor":10.0,"key":"BlessingOfTheForge"},{"floor":11.0,"key":"DuplicationPotion"},{"floor":14.0,"key":"PowerPotion"},{"floor":16.0,"key":"StancePotion"},{"floor":22.0,"key":"EssenceOfSteel"},{"floor":23,"key":"Weak Potion"},{"floor":40,"key":"StancePotion"},{"floor":47,"key":"GamblersBrew"}],"is_trial":false,"path_per_floor":["M","M","M","M","M","E","R","E","T","M","E","?","E","M","R","B",null,"M","M","?","?","M","E","R","M","T","$","M","?","?","?","R","B",null,"M","?","$","?","?","E","M","E","T","?","E","T","E","?","R","B","B",null],"character_chosen":"WATCHER","items_purchased":["TalkToTheHand","InkBottle","Adaptation","AttackPotion","Blue Candle","DollysMirror"],"campfire_rested":1,"item_purchase_floors":[27,27,27,27,37,37],"current_hp_per_floor":[61,57,53,49,36,28,28,21,21,15,15,15,15,15,15,2,52,52,52,52,52,30,30,53,49,49,49,49,49,49,49,49,38,68,64,64,64,78,91,85,84,40,40,35,35,35,22,75,75,73,51],"gold":468,"neow_bonus":"BOSS_RELIC","is_daily":false,"chose_seed":false,"campfire_upgraded":4,"win_rate":0.0,"timestamp":1610077367,"path_taken":["M","?","M","M","M","E","R","E","T","M","E","?","E","?","R","BOSS","M","M","?","?","M","E","R","M","T","$","M","?","?","?","R","BOSS","M","?","$","?","?","E","M","E","T","?","E","?","E","?","R","BOSS","BOSS"],"items_purchased_type":["Card","Relic","Card","Potion","Relic","Relic"],"build_version":"2020-12-18","purchased_purges":2,"victory":true,"max_hp_per_floor":[68,68,68,68,68,68,68,68,68,68,68,68,68,68,68,68,68,68,68,68,68,68,78,78,78,78,78,78,78,78,78,78,78,78,78,78,78,78,92,92,92,92,92,92,92,92,92,75,75,75,75],"relic_stats":{"Regal Pillow":0,"Happy Flower":[39],"counters":[28,144],"Blue Candle":[12],"Juzu Bracelet":2,"Cursed Key":1,"Blood Vial":6,"SsserpentHead":600,"Centennial Puzzle":[42],"Bronze Scales":[148],"VioletLotus":[50],"obtain_stats":[{"Regal Pillow":47,"Calipers":8,"Pear":23,"Happy Flower":6,"Blue Candle":37,"Vajra":21,"Mango":39,"Juzu Bracelet":26,"Cursed Key":34,"Blood Vial":42,"SsserpentHead":12,"Centennial Puzzle":11,"Bottled Flame":40,"DollysMirror":37,"Bronze Scales":45,"VioletLotus":0,"Bag of Marbles":9,"PureWater":0,"InkBottle":27,"Runic Pyramid":17},{"Regal Pillow":26,"Calipers":7,"Pear":16,"Happy Flower":6,"Blue Candle":20,"Vajra":14,"Mango":21,"Juzu Bracelet":17,"Cursed Key":19,"Blood Vial":24,"SsserpentHead":9,"Centennial Puzzle":9,"Bottled Flame":22,"DollysMirror":20,"Bronze Scales":25,"VioletLotus":0,"Bag of Marbles":7,"PureWater":0,"InkBottle":17,"Runic Pyramid":12},{"Regal Pillow":119,"Calipers":29,"Pear":66,"Happy Flower":25,"Blue Candle":87,"Vajra":58,"Mango":91,"Juzu Bracelet":70,"Cursed Key":84,"Blood Vial":105,"SsserpentHead":33,"Centennial Puzzle":33,"Bottled Flame":98,"DollysMirror":87,"Bronze Scales":112,"VioletLotus":0,"Bag of Marbles":29,"PureWater":0,"InkBottle":70,"Runic Pyramid":49}],"InkBottle":[41]},"card_choices":[{"not_picked":["FollowUp","Protect"],"picked":"EmptyFist","floor":1.0},{"not_picked":["Study","Weave"],"picked":"Crescendo","floor":2.0},{"not_picked":["Fasting2","ClearTheMind"],"picked":"Consecrate","floor":3.0},{"not_picked":["Weave","Nirvana"],"picked":"CutThroughFate","floor":4.0},{"not_picked":["SignatureMove","ReachHeaven"],"picked":"MentalFortress","floor":5.0},{"not_picked":["WindmillStrike","Crescendo"],"picked":"ForeignInfluence","floor":6.0},{"not_picked":["Protect","ClearTheMind"],"picked":"Wallop","floor":8.0},{"not_picked":["Vengeance","JustLucky"],"picked":"ClearTheMind","floor":10.0},{"not_picked":["Nirvana","FlurryOfBlows"],"picked":"WheelKick","floor":11.0},{"not_picked":["Consecrate","Crescendo","JustLucky"],"picked":"SKIP","floor":13.0},{"not_picked":["Scrawl","Protect"],"picked":"ThirdEye","floor":14.0},{"not_picked":["Ragnarok","Brilliance"],"picked":"Vault","floor":16.0},{"not_picked":["Wallop","FlyingSleeves"],"picked":"EmptyBody+1","floor":18.0},{"not_picked":["WheelKick","Indignation"],"picked":"JustLucky+1","floor":19.0},{"not_picked":["FlurryOfBlows+1","Protect"],"picked":"WaveOfTheHand+1","floor":22.0},{"not_picked":["Tantrum","FlyingSleeves","Collect"],"picked":"SKIP","floor":23},{"not_picked":["FollowUp+1","Prostrate"],"picked":"Blasphemy","floor":25},{"not_picked":["Prostrate","BowlingBash"],"picked":"CrushJoints","floor":28},{"not_picked":["WaveOfTheHand+1","CarveReality+1"],"picked":"Halt","floor":35},{"not_picked":["SashWhip","Consecrate"],"picked":"TalkToTheHand+1","floor":39},{"not_picked":["MentalFortress","InnerPeace"],"picked":"FlurryOfBlows","floor":40},{"not_picked":["Weave","Prostrate","Protect"],"picked":"SKIP","floor":41},{"not_picked":["Consecrate","WreathOfFlame+1","Devotion"],"picked":"SKIP","floor":42},{"not_picked":["Dramatic Entrance","Swift Strike"],"picked":"Dark Shackles","floor":44},{"not_picked":["WheelKick","Collect","CarveReality"],"picked":"SKIP","floor":45},{"not_picked":["BowlingBash","JustLucky","Consecrate"],"picked":"SKIP","floor":47}],"player_experience":1283865,"relics_obtained":[{"floor":6.0,"key":"Happy Flower"},{"floor":8.0,"key":"Calipers"},{"floor":9.0,"key":"Bag of Marbles"},{"floor":11.0,"key":"Centennial Puzzle"},{"floor":23,"key":"Pear"},{"floor":26,"key":"Juzu Bracelet"},{"floor":39,"key":"Mango"},{"floor":40,"key":"Bottled Flame"},{"floor":42,"key":"Blood Vial"},{"floor":45,"key":"Bronze Scales"},{"floor":47,"key":"Regal Pillow"}],"event_choices":[{"damage_healed":0.0,"max_hp_gain":0.0,"max_hp_loss":0.0,"gold_gain":0.0,"event_name":"FaceTrader","player_choice":"Trade","floor":12.0,"gold_loss":0.0,"damage_taken":0.0,"relics_obtained":["SsserpentHead"]},{"damage_healed":0.0,"max_hp_gain":0.0,"max_hp_loss":0.0,"gold_gain":0.0,"event_name":"The Library","player_choice":"Read","floor":20.0,"gold_loss":0.0,"damage_taken":0.0,"cards_obtained":["Tantrum"]},{"damage_healed":0.0,"max_hp_gain":0.0,"max_hp_loss":0.0,"gold_gain":0.0,"event_name":"Addict","player_choice":"Obtained Relic","floor":21.0,"gold_loss":85.0,"damage_taken":0.0,"relics_obtained":["Vajra"]},{"damage_healed":0,"gold_gain":0,"player_choice":"Ignored","damage_taken":0,"max_hp_gain":0,"max_hp_loss":0,"event_name":"The Mausoleum","floor":29,"gold_loss":0},{"damage_healed":0,"gold_gain":0,"player_choice":"Ignored","damage_taken":0,"max_hp_gain":0,"max_hp_loss":0,"event_name":"Ghosts","floor":30,"gold_loss":0},{"damage_healed":0,"gold_gain":250,"player_choice":"Bet on Owner","damage_taken":0,"max_hp_gain":0,"max_hp_loss":0,"event_name":"The Joust","floor":31,"gold_loss":50},{"damage_healed":0,"gold_gain":0,"player_choice":"Copied","damage_taken":0,"max_hp_gain":0,"max_hp_loss":0,"event_name":"Duplicator","floor":36,"gold_loss":0,"cards_obtained":["TalkToTheHand"]},{"damage_healed":16,"gold_gain":0,"player_choice":"Writhe","damage_taken":0,"max_hp_gain":0,"max_hp_loss":0,"event_name":"Winding Halls","floor":38,"gold_loss":0,"cards_obtained":["Writhe"]},{"damage_healed":0,"gold_gain":0,"player_choice":"Fight","damage_taken":0,"max_hp_gain":0,"max_hp_loss":0,"event_name":"MindBloom","floor":39,"gold_loss":0},{"damage_healed":0,"gold_gain":0,"player_choice":"Memory 2","damage_taken":5,"max_hp_gain":0,"max_hp_loss":0,"event_name":"SensoryStone","floor":44,"gold_loss":0},{"damage_healed":75,"gold_gain":0,"player_choice":"Heal","damage_taken":0,"max_hp_gain":0,"max_hp_loss":17,"event_name":"The Moai Head","floor":48,"gold_loss":0}],"is_beta":true,"boss_relics":[{"not_picked":["Astrolabe","Empty Cage"],"picked":"Runic Pyramid"},{"not_picked":["Busted Crown","Runic Dome"],"picked":"Cursed Key"}],"items_purged_floors":[27,37],"is_endless":false,"potions_floor_spawned":[2,3,6,10,11,14,16,18,22,23,33,40,41,47],"ascension_level":20}}