{"host":"Connor","time":1610117523,"event":{"mods":["Aspiration","BaseMod","Downfall","Hubris","Marisa????????","Minty Spire (QoL Compilation)","Replay The Spire","StSLib","The Animator","The Cursed","The Jungle","The Servant 0.9.4"],"gold_per_floor":[218,233,233,233,6,32,32,62,89,106,106,106,140,40,40,112,112,130,162,77,95,114,143,76,103,156,184,7,7,17,35,35,112,112,131,131,141,151,170,195,195,417,444,480,480,514,514,524,524],"floor_reached":48,"playtime":2000,"items_purged":["Strike_R","Defend_R"],"score":1243,"play_id":"f0080f3e-814f-4e10-bb8b-2b158a3ae9da","local_time":"20210108065203","is_ascension_mode":true,"campfire_choices":[{"floor":7,"key":"REST"},{"floor":11,"key":"RECALL"},{"floor":15,"key":"DIG"},{"data":"Apotheosis","floor":47,"key":"SMITH"}],"circlet_count":0,"master_deck":["AscendersBane","Strike_R+1","Strike_R","Defend_R","Defend_R+1","Defend_R","Combust","Flame Barrier","Barricade","Rampage","Sentinel","Survivor","Neutralize","Hemogenesis","Cleave","Blood for Blood+1","Combust","Seeing Red","Replay:Undeath\u0027s Touch+1","Rupture","Body Slam+1","Apotheosis+1","Demonic Infusion","hubris:ReadiedAction+1","Pain","Carnage","Shrug It Off","Parasite","Rampage+1","Jack Of All Trades","ReplayTheSpireMod:Muscle Training"],"relics":["Burning Blood","ClockworkSouvenir","Meat on the Bone","Garlic","Bronze Scales","Anchor","aspiration:FutureDiary","Red Mask","Orichalcum","Pear","Ancient Tea Set","aspiration:ArtOfWarUpgrade","aspiration:DSix","Coffee Dripper","WarpedTongs","ReplayTheSpireMod:Spearhead","Replay:Bandana"],"acts_visited":["Exordium","TheCity","TheBeyond"],"potions_floor_usage":[6,8,13,16,16,19,23,23,33,40,44,46,48],"damage_taken":[{"damage":0,"enemies":"2 Louse","floor":1,"turns":3},{"damage":12,"enemies":"Small Slimes","floor":2,"turns":3},{"damage":28,"enemies":"Gremlin Nob","floor":6,"turns":4},{"damage":23,"enemies":"Lagavulin","floor":8,"turns":9},{"damage":9,"enemies":"Jaw Worm","floor":10,"turns":3},{"damage":5,"enemies":"3 Sentries","floor":13,"turns":7},{"damage":9,"enemies":"Fading Forest","floor":16,"turns":11},{"damage":0,"enemies":"3 Byrds","floor":18,"turns":4},{"damage":23,"enemies":"Masked Bandits","floor":19,"turns":3},{"damage":3,"enemies":"Chosen","floor":21,"turns":6},{"damage":1,"enemies":"Snake Plant","floor":22,"turns":4},{"damage":17,"enemies":"Book of Stabbing","floor":23,"turns":5},{"damage":12,"enemies":"Slavers","floor":25,"turns":5},{"damage":61,"enemies":"Gremlin Leader","floor":27,"turns":8},{"damage":13,"enemies":"Chosen and Byrds","floor":30,"turns":6},{"damage":9,"enemies":"Shelled Parasite and Fungi","floor":31,"turns":5},{"damage":49,"enemies":"Pondfish","floor":33,"turns":10},{"damage":14,"enemies":"3 Darklings","floor":35,"turns":6},{"damage":29,"enemies":"3 Shapes","floor":37,"turns":4},{"damage":15,"enemies":"Sphere and 2 Shapes","floor":38,"turns":5},{"damage":28,"enemies":"4 Shapes","floor":39,"turns":5},{"damage":56,"enemies":"Nemesis","floor":40,"turns":7},{"damage":29,"enemies":"Writhing Mass","floor":44,"turns":6},{"damage":8,"enemies":"Spire Growth","floor":46,"turns":6},{"damage":61,"enemies":"Giant Head","floor":48,"turns":6}],"seed_played":"-1322050256798949640","potions_obtained":[{"floor":1,"key":"Weak Potion"},{"floor":6,"key":"DuplicationPotion"},{"floor":8,"key":"Explosive Potion"},{"floor":10,"key":"SteroidPotion"},{"floor":21,"key":"Elixir"},{"floor":22,"key":"champ:CounterPotion"},{"floor":30,"key":"Adrenaline Potion"},{"floor":33,"key":"SkillPotion"},{"floor":37,"key":"Reflective Coating"},{"floor":40,"key":"SkillPotion"},{"floor":44,"key":"Death Potion"},{"floor":46,"key":"BloodPotion"}],"is_trial":false,"path_per_floor":["M","M","?","?","$","E","R","E","T","M","R","?","E","$","R","B",null,"M","?","?","M","M","E","$","E","T","E","$","?","M","M","R","B",null,"M","?","M","M","M","E","R","?","T","M","?","M","R","E"],"character_chosen":"IRONCLAD","items_purchased":["ClockworkSouvenir","Rupture","Apotheosis"],"campfire_rested":1,"item_purchase_floors":[5,24,28],"current_hp_per_floor":[78,72,56,49,49,27,51,46,46,55,55,55,56,56,56,53,73,79,67,67,75,80,82,82,76,76,40,40,40,52,56,56,30,75,74,74,63,61,56,25,25,25,25,21,21,42,42,0,0],"gold":524,"neow_bonus":"HUNDRED_GOLD","is_daily":false,"chose_seed":false,"campfire_upgraded":1,"win_rate":0.0,"timestamp":1610117523,"path_taken":["M","M","?","?","$","E","R","E","T","M","R","?","E","?","R","BOSS","M","?","?","M","M","E","$","E","T","E","$","?","?","?","R","BOSS","M","?","M","?","M","E","R","?","T","M","?","?","R","E"],"items_purchased_type":["Relic","Card","Card"],"build_version":"2020-12-18","purchased_purges":2,"victory":false,"max_hp_per_floor":[80,80,80,80,80,80,80,80,80,80,80,80,80,80,80,80,80,80,80,80,80,80,90,90,90,90,90,90,90,90,90,90,90,90,90,90,90,90,90,90,90,90,90,90,90,90,90,90,90],"card_choices":[{"not_picked":["Sword Boomerang","hubris:CleavingFinish"],"picked":"Combust","floor":1},{"not_picked":["ReplayTheSpireMod:Strike From Hell","Warcry"],"picked":"Flame Barrier","floor":2},{"not_picked":["ReplayTheSpireMod:LeadingStrike","ReplayTheSpireMod:Stacked"],"picked":"Barricade","floor":6},{"not_picked":["Anger","ReplayReversal"],"picked":"Rampage","floor":8},{"not_picked":["Disarm","Havoc"],"picked":"Sentinel","floor":10},{"not_picked":["Perfected Strike","Thunderclap","ReplayTheSpireMod:Limb From Limb"],"picked":"SKIP","floor":13},{"not_picked":["Demonic Infusion","Bludgeon"],"picked":"Hemogenesis","floor":16},{"not_picked":["Spot Weakness","Replay:Undeath\u0027s Touch"],"picked":"Cleave","floor":18},{"not_picked":["Run Through","Heavy Blade"],"picked":"Blood for Blood+1","floor":19},{"not_picked":["Thunderclap","Hemokinesis"],"picked":"Combust","floor":21},{"not_picked":["ReplayTheSpireMod:Corrosion Curse","Replay:Undeath\u0027s Touch+1"],"picked":"Seeing Red","floor":22},{"not_picked":["Run Through","hubris:ReadiedAction"],"picked":"Replay:Undeath\u0027s Touch+1","floor":23},{"not_picked":["ReplayTheSpireMod:LeadingStrike","hubris:ReadiedAction","Whirlwind"],"picked":"SKIP","floor":25},{"not_picked":["Iron Wave","Pummel"],"picked":"Body Slam+1","floor":27},{"not_picked":["Clothesline","Headbutt","Replay:Many Hands"],"picked":"SKIP","floor":30},{"not_picked":["hubris:SharpeningStone","Hemokinesis","Dual Wield"],"picked":"SKIP","floor":31},{"not_picked":["Barricade","Corruption"],"picked":"Demonic Infusion","floor":33},{"not_picked":["Shockwave","Replay:Undeath\u0027s Touch+1"],"picked":"hubris:ReadiedAction+1","floor":35},{"not_picked":["Burning Pact","ReplayTheSpireMod:Limb From Limb"],"picked":"Carnage","floor":37},{"not_picked":["hubris:CleavingFinish","Havoc"],"picked":"Shrug It Off","floor":38},{"not_picked":["hubris:ReadiedAction+1","Body Slam","Headbutt"],"picked":"SKIP","floor":39},{"not_picked":["Carnage+1","Reckless Charge","Massacre+1"],"picked":"SKIP","floor":40},{"not_picked":["True Grit","Perfected Strike"],"picked":"Rampage+1","floor":44},{"not_picked":["Specialist","Replay:Parry"],"picked":"Jack Of All Trades","floor":45},{"not_picked":["Sword Boomerang+1","Dropkick"],"picked":"ReplayTheSpireMod:Muscle Training","floor":46}],"player_experience":564886,"relics_obtained":[{"floor":6,"key":"Meat on the Bone"},{"floor":8,"key":"Garlic"},{"floor":13,"key":"Bronze Scales"},{"floor":15,"key":"Anchor"},{"floor":19,"key":"Red Mask"},{"floor":23,"key":"Pear"},{"floor":25,"key":"Ancient Tea Set"},{"floor":26,"key":"Art of War"},{"floor":27,"key":"aspiration:DSix"},{"floor":40,"key":"ReplayTheSpireMod:Spearhead"},{"floor":43,"key":"Replay:Bandana"}],"event_choices":[{"damage_healed":0,"gold_gain":0,"player_choice":"Entered Light","damage_taken":16,"max_hp_gain":0,"max_hp_loss":0,"event_name":"Shining Light","floor":3,"gold_loss":0,"cards_upgraded":["Defend_R","Strike_R"]},{"cards_removed":["Strike_R"],"damage_healed":0,"gold_gain":0,"player_choice":"Card Removal","damage_taken":7,"max_hp_gain":0,"max_hp_loss":0,"event_name":"Golden Wing","floor":4,"gold_loss":0},{"damage_healed":0,"gold_gain":0,"player_choice":"Fought Bandits","damage_taken":0,"max_hp_gain":0,"max_hp_loss":0,"event_name":"Masked Bandits","floor":19,"gold_loss":0},{"damage_healed":0,"gold_gain":0,"player_choice":"Obtained Relic","damage_taken":0,"relics_obtained":["Orichalcum"],"max_hp_gain":0,"max_hp_loss":0,"event_name":"Addict","floor":20,"gold_loss":85},{"cards_removed":["Strike_R"],"damage_healed":0,"gold_gain":0,"player_choice":"Purged","damage_taken":0,"max_hp_gain":0,"max_hp_loss":0,"event_name":"Purifier","floor":29,"gold_loss":0},{"damage_healed":0,"gold_gain":0,"player_choice":"Rummage","damage_taken":0,"relics_obtained":["WarpedTongs"],"max_hp_gain":0,"max_hp_loss":0,"event_name":"Accursed Blacksmith","floor":36,"gold_loss":0,"cards_obtained":["Pain"]},{"damage_healed":0,"gold_gain":222,"player_choice":"Wore Mask","damage_taken":0,"max_hp_gain":0,"max_hp_loss":0,"event_name":"Tomb of Lord Red Mask","floor":42,"gold_loss":0},{"damage_healed":0,"gold_gain":0,"player_choice":"Memory 1","damage_taken":0,"max_hp_gain":0,"max_hp_loss":0,"event_name":"SensoryStone","floor":45,"gold_loss":0}],"is_beta":true,"boss_relics":[{"not_picked":["Fusion Hammer","Philosopher\u0027s Stone"],"picked":"aspiration:FutureDiary"},{"not_picked":["hubris:Stopwatch","hubris:ScarierMask"],"picked":"Coffee Dripper"}],"items_purged_floors":[5,14],"is_endless":false,"potions_floor_spawned":[1,6,8,10,21,22,30,33,37,40,44,46],"killed_by":"Giant Head","ascension_level":13}}