{"host":"w5ovz9boloi14a0g","time":1610074023,"event":{"mods":["BaseMod","Downfall","Googly Eyes","Minty Spire (QoL Compilation)","StSLib","SuperFastMode"],"gold_per_floor":[99,109,122,142,142,142,218,237,271,73,73,88,88,104,123,220,270,270,283,297,297,297,315,340,340,20,31,56,56,56,70,84,84,84,84],"floor_reached":33,"playtime":1411,"items_purged":[],"score":296,"play_id":"a6823de4-39f1-4d05-9e2b-319f628ee6bb","local_time":"20210107204703","is_ascension_mode":false,"campfire_choices":[{"data":"hexamod:Sear","floor":1,"key":"SMITH"},{"data":"hexamod:Float","floor":6,"key":"SMITH"},{"floor":11,"key":"REST"},{"data":"hexamod:AdvancingGuard","floor":13,"key":"SMITH"},{"data":"hexamod:RadiantFlame","floor":18,"key":"SMITH"},{"floor":25,"key":"REST"},{"floor":30,"key":"REST"}],"circlet_count":0,"master_deck":["hexamod:Strike","hexamod:Strike","hexamod:Strike+1","hexamod:Strike+1","hexamod:Defend","hexamod:Defend","hexamod:Defend","hexamod:Defend","hexamod:Sear+1","hexamod:Float+1","hexamod:GhostOfSpireFuture","hexamod:RadiantFlame+1","hexamod:AdvancingGuard+1","hexamod:BurningTouch+1","hexamod:Haunt+1","Apotheosis+1","hexamod:SkipABeat+1","hexamod:SwordOfDarkness+1","hexamod:HeatMetal+1","hexamod:FirstSeal","hexamod:SpectralAdrenaline+1","hexamod:InspiringFlames+1"],"relics":["hexamod:SpiritBrand","Toxic Egg 2","Turnip","Tiny House","Whetstone","Lee\u0027s Waffle","hexamod:MatchstickCase","Oddly Smooth Stone"],"acts_visited":["Exordium","TheCity"],"potions_floor_usage":[],"damage_taken":[{"damage":7,"enemies":"Small Slimes","floor":2,"turns":5},{"damage":0,"enemies":"Cultist","floor":3,"turns":3},{"damage":0,"enemies":"2 Louse","floor":4,"turns":4},{"damage":0,"enemies":"2 Fungi Beasts","floor":8,"turns":4},{"damage":35,"enemies":"3 Sentries","floor":9,"turns":10},{"damage":0,"enemies":"downfall:FleeingMerchant","floor":10,"turns":4},{"damage":1,"enemies":"Blue Slaver","floor":12,"turns":4},{"damage":16,"enemies":"Exordium Thugs","floor":14,"turns":5},{"damage":4,"enemies":"3 Louse","floor":15,"turns":6},{"damage":6,"enemies":"downfall:Watcher","floor":16,"turns":10},{"damage":12,"enemies":"Shell Parasite","floor":19,"turns":9},{"damage":11,"enemies":"3 Byrds","floor":20,"turns":6},{"damage":5,"enemies":"Snake Plant","floor":23,"turns":6},{"damage":0,"enemies":"downfall:FleeingMerchant","floor":26,"turns":4},{"damage":13,"enemies":"Chosen and Byrds","floor":27,"turns":8},{"damage":43,"enemies":"Book of Stabbing","floor":28,"turns":8},{"damage":21,"enemies":"Snecko","floor":31,"turns":6},{"damage":33,"enemies":"Cultist and Chosen","floor":32,"turns":8},{"damage":35,"enemies":"downfall:Defect","floor":33,"turns":9}],"seed_played":"-7514304820498529","potions_obtained":[{"floor":9,"key":"CultistPotion"},{"floor":12,"key":"Swift Potion"},{"floor":15,"key":"Fire Potion"}],"is_trial":false,"path_per_floor":["R","M","M","M","?","R","T","M","E","$","R","M","R","M","M","B",null,"R","M","M","?","?","M","T","R","$","M","E","?","R","M","M","B"],"character_chosen":"THE_SPIRIT","items_purchased":["Apotheosis+1","Lee\u0027s Waffle","hexamod:MatchstickCase"],"campfire_rested":3,"item_purchase_floors":[10,26,26],"current_hp_per_floor":[77,70,70,70,70,70,70,70,35,35,58,57,57,41,37,31,82,82,70,59,43,36,38,38,64,94,81,45,45,73,59,33,0,0,0],"gold":84,"neow_bonus":"TEN_PERCENT_HP_BONUS","is_daily":false,"chose_seed":false,"campfire_upgraded":4,"win_rate":0.0,"timestamp":1610074023,"path_taken":["R","M","M","M","?","R","T","M","E","$","R","M","R","M","M","BOSS","R","M","?","?","?","M","T","R","$","M","E","?","R","M","M","BOSS"],"items_purchased_type":["Card","Relic","Relic"],"build_version":"2020-12-22","purchased_purges":0,"victory":false,"max_hp_per_floor":[77,77,77,77,77,77,77,77,77,77,77,77,77,77,77,77,82,82,82,82,87,87,87,87,87,94,94,94,94,94,94,94,94,94,94],"card_choices":[{"not_picked":["hexamod:RainOfEmbers","hexamod:GhostLash"],"picked":"hexamod:GhostOfSpireFuture","floor":2},{"not_picked":["hexamod:NightmareStrike","hexamod:NightmareGuise"],"picked":"hexamod:RadiantFlame","floor":3},{"not_picked":["hexamod:RainOfEmbers","hexamod:Firestarter"],"picked":"hexamod:AdvancingGuard","floor":4},{"not_picked":["hexamod:Haunt+1","hexamod:Hexaguard+1"],"picked":"hexamod:BurningTouch+1","floor":8},{"not_picked":["hexamod:FastForward+1","hexamod:RetreatToShadows+1"],"picked":"hexamod:Haunt+1","floor":9},{"not_picked":["hexamod:Firestarter","hexamod:NightmareStrike","hexamod:ParanormalForm"],"picked":"SKIP","floor":10},{"not_picked":["hexamod:NightmareGuise+1","hexamod:BacktrackSmack","hexamod:Haunt+1"],"picked":"SKIP","floor":12},{"not_picked":["hexamod:RadiantFlame","hexamod:ExtraCrispy","hexamod:NightmareGuise+1"],"picked":"SKIP","floor":14},{"not_picked":["hexamod:Firestarter","hexamod:NightmareStrike","hexamod:AdvancingGuard+1"],"picked":"SKIP","floor":15},{"not_picked":["hexamod:Again+1","hexamod:GhostflameBarrier+1"],"picked":"hexamod:SkipABeat+1","floor":17},{"not_picked":["hexamod:SecondSeal","hexamod:SpectersWail"],"picked":"hexamod:SwordOfDarkness","floor":19},{"not_picked":["hexamod:BacktrackSmack","hexamod:SwordOfDarkness+1"],"picked":"hexamod:HeatMetal+1","floor":20},{"not_picked":["hexamod:FastForward+1","hexamod:ChargedBarrage+1"],"picked":"hexamod:SpectralAdrenaline+1","floor":23},{"not_picked":["hexamod:ShieldOfDarkness+1","hexamod:HauntingEcho","hexamod:GhostLash"],"picked":"SKIP","floor":26},{"not_picked":["hexamod:EtherealExpedition+1","hexamod:DynamicBlow+1","hexamod:RainOfEmbers"],"picked":"SKIP","floor":27},{"not_picked":["hexamod:ThirdSeal","hexamod:GhostOfSpirePast"],"picked":"hexamod:InspiringFlames+1","floor":28},{"not_picked":["hexamod:SwordOfDarkness","hexamod:Hexaguard+1","hexamod:HauntingEcho"],"picked":"SKIP","floor":31},{"not_picked":["hexamod:NightmareStrike+1","hexamod:NecessarySacrifice+1","hexamod:AdvancingGuard+1"],"picked":"SKIP","floor":32}],"player_experience":63286,"relics_obtained":[{"floor":7,"key":"Toxic Egg 2"},{"floor":9,"key":"Turnip"},{"floor":24,"key":"Whetstone"},{"floor":28,"key":"Oddly Smooth Stone"}],"event_choices":[{"damage_healed":0,"gold_gain":0,"player_choice":"Ignored","damage_taken":0,"max_hp_gain":0,"max_hp_loss":0,"event_name":"NoteForYourself","floor":5,"gold_loss":0}],"is_beta":false,"boss_relics":[{"not_picked":["Coffee Dripper","SacredBark"],"picked":"Tiny House"}],"items_purged_floors":[],"is_endless":false,"potions_floor_spawned":[9,12,15,19,27,28,31],"killed_by":"downfall:Defect","ascension_level":0}}