{"host":"q6wyndrixvj3w9nl","time":1610104731,"event":{"mods":["AchievementEnabler","BaseMod","Better Third Choice","Colored Map","Curses Come First","Hermit","Jorbs\u0027s Wanderer Trilogy","Minty Spire (QoL Compilation)","Permanent Neow","Quick Restart","Rare Cards Sparkle","Relic Stats","StSLib","The Cursed","The Hierophant"],"gold_per_floor":[117,131,145,145,145,176,176,176,176],"floor_reached":8,"playtime":610,"items_purged":[],"score":67,"play_id":"b9d43a75-8050-464b-a22a-6d7114b67f2a","local_time":"20210108121851","is_ascension_mode":true,"campfire_choices":[{"floor":7,"key":"REST"}],"circlet_count":0,"master_deck":["Strike_G","Strike_G","Strike_G","Strike_G","Strike_G","Defend_G","Defend_G","Defend_G","Defend_G","Defend_G","Survivor","Neutralize","Cloak And Dagger","Acrobatics","PiercingWail","Quick Slash"],"relics":["WristBlade","Anchor","HornCleat"],"acts_visited":["Exordium"],"potions_floor_usage":[6],"damage_taken":[{"damage":0,"enemies":"Jaw Worm","floor":1,"turns":5},{"damage":3,"enemies":"Small Slimes","floor":2,"turns":3},{"damage":0,"enemies":"2 Louse","floor":3,"turns":3},{"damage":56,"enemies":"Gremlin Nob","floor":6,"turns":6},{"damage":28,"enemies":"Lagavulin","floor":8,"turns":9}],"seed_played":"1178077489708202654","potions_obtained":[{"floor":3,"key":"BlessingOfTheForge"}],"is_trial":false,"path_per_floor":["M","M","M","?","?","E","R","E"],"character_chosen":"THE_SILENT","items_purchased":[],"campfire_rested":1,"item_purchase_floors":[],"current_hp_per_floor":[70,67,67,72,65,9,31,3,3],"gold":176,"neow_bonus":"BOSS_RELIC","is_daily":false,"chose_seed":false,"campfire_upgraded":0,"win_rate":0.0,"timestamp":1610104731,"path_taken":["M","M","M","?","?","E","R","E"],"items_purchased_type":[],"build_version":"2020-12-22","purchased_purges":0,"victory":false,"max_hp_per_floor":[70,70,70,75,75,75,75,75,75],"relic_stats":{"counters":[5,26],"obtain_stats":[{"Anchor":5,"HornCleat":6,"WristBlade":0,"Ring of the Snake":0},{"Anchor":3,"HornCleat":4,"WristBlade":0,"Ring of the Snake":0},{"Anchor":11,"HornCleat":17,"WristBlade":0,"Ring of the Snake":0}]},"card_choices":[{"not_picked":["Blade Dance","Poisoned Stab"],"picked":"Cloak And Dagger","floor":1},{"not_picked":["Terror","Tactician"],"picked":"Acrobatics","floor":2},{"not_picked":["Deadly Poison","Acrobatics"],"picked":"PiercingWail","floor":3},{"not_picked":["Heel Hook","Finisher"],"picked":"Quick Slash","floor":6}],"player_experience":343994,"relics_obtained":[{"floor":6,"key":"HornCleat"}],"event_choices":[{"damage_healed":0,"gold_gain":0,"player_choice":"Donut","damage_taken":0,"max_hp_gain":5,"max_hp_loss":0,"event_name":"Big Fish","floor":4,"gold_loss":0},{"damage_healed":0,"gold_gain":0,"player_choice":"Relic ","damage_taken":7,"max_hp_gain":0,"max_hp_loss":0,"event_name":"betterThird:BetterScrap","floor":5,"gold_loss":0,"cards_obtained":["Vault"]}],"is_beta":false,"boss_relics":[],"items_purged_floors":[],"is_endless":false,"potions_floor_spawned":[3],"killed_by":"Lagavulin","ascension_level":4}}