{"host":"xpk7f5wncxr280f7","time":1610135077,"event":{"mods":["AchievementEnabler","Astrologer","BaseMod","Colored Map","Colored Powertips","Highlight Path","Hubris","Ironclad Rager","Luminous","Minty Spire (QoL Compilation)","Permanent Neow","Quick Restart","Rare Cards Sparkle","Relic Stats","Remove Card Discount Mod","Reorder Act Four","StSLib","The Senshi","TheArtist"],"gold_per_floor":[119,119,45,145,165,194,205,220,247,247,259,259,271,291,291,392,392,377,377],"floor_reached":18,"playtime":671,"items_purged":[],"score":180,"play_id":"321819b1-5e83-4505-a987-f0e7e10bc56a","local_time":"20210108114437","is_ascension_mode":true,"campfire_choices":[{"data":"Self Repair","floor":10,"key":"SMITH"},{"data":"Hologram","floor":12,"key":"SMITH"},{"data":"Hologram","floor":15,"key":"SMITH"}],"circlet_count":0,"master_deck":["Strike_B","Strike_B+1","Strike_B","Strike_B","Defend_B","Defend_B","Defend_B","Defend_B","Zap","Dualcast","Gash+1","Self Repair+1","Skim","Hologram","Sweeping Beam","Hologram+1","Leap","Hologram+1","Sweeping Beam","Echo Form"],"relics":["hubris:VirtuousBlindfold","Ancient Tea Set","Inserter"],"acts_visited":["Exordium","TheCity"],"potions_floor_usage":[],"damage_taken":[{"damage":7,"enemies":"Jaw Worm","floor":1,"turns":3},{"damage":0,"enemies":"2 Louse","floor":5,"turns":2},{"damage":20,"enemies":"3 Sentries","floor":6,"turns":7},{"damage":0,"enemies":"Cultist","floor":7,"turns":4},{"damage":9,"enemies":"Looter","floor":8,"turns":3},{"damage":2,"enemies":"Blue Slaver","floor":11,"turns":3},{"damage":17,"enemies":"Large Slime","floor":13,"turns":4},{"damage":2,"enemies":"Looter","floor":14,"turns":4},{"damage":37,"enemies":"The Guardian","floor":16,"turns":14},{"damage":1,"enemies":"2 Thieves","floor":18,"turns":1}],"seed_played":"-6775236254597153680","potions_obtained":[{"floor":5,"key":"SteroidPotion"},{"floor":7,"key":"SpeedPotion"},{"floor":13,"key":"FocusPotion"},{"floor":14,"key":"CultistPotion"}],"is_trial":false,"path_per_floor":["M","?","$","?","M","E","M","M","T","R","M","R","M","M","R","B",null,"M"],"character_chosen":"DEFECT","items_purchased":["Self Repair"],"campfire_rested":0,"item_purchase_floors":[3],"current_hp_per_floor":[68,53,53,53,60,47,54,52,52,52,50,50,43,51,51,24,75,74,74],"gold":377,"neow_bonus":"BOSS_RELIC","is_daily":false,"chose_seed":false,"campfire_upgraded":3,"win_rate":0.0,"timestamp":1610135077,"path_taken":["M","?","$","?","M","E","M","M","T","R","M","R","?","M","R","BOSS","M"],"items_purchased_type":["Card"],"build_version":"2020-12-22","purchased_purges":0,"victory":false,"max_hp_per_floor":[75,75,75,75,75,75,75,75,75,75,75,75,75,75,75,75,75,75,75],"relic_stats":{"Inserter":[0],"counters":[10,45],"obtain_stats":[{"Inserter":17,"hubris:VirtuousBlindfold":0,"Cracked Core":0,"Ancient Tea Set":6},{"Inserter":9,"hubris:VirtuousBlindfold":0,"Cracked Core":0,"Ancient Tea Set":3},{"Inserter":44,"hubris:VirtuousBlindfold":0,"Cracked Core":0,"Ancient Tea Set":12}]},"card_choices":[{"not_picked":["Redo","Steam"],"picked":"Gash","floor":1},{"not_picked":["Chaos","Streamline"],"picked":"Skim","floor":5},{"not_picked":["Compile Driver","Steam"],"picked":"Hologram","floor":6},{"not_picked":["Capacitor","Steam"],"picked":"Sweeping Beam","floor":7},{"not_picked":["Skim","Leap"],"picked":"Hologram","floor":8},{"not_picked":["Loop","Steam Power"],"picked":"Leap","floor":11},{"not_picked":["Scrape","Stack"],"picked":"Hologram","floor":13},{"not_picked":["Go for the Eyes","Darkness"],"picked":"Sweeping Beam","floor":14},{"not_picked":["Seek","Buffer"],"picked":"Echo Form","floor":16}],"player_experience":243959,"relics_obtained":[{"floor":6,"key":"Ancient Tea Set"}],"event_choices":[{"damage_healed":0,"gold_gain":0,"player_choice":"Entered Light","damage_taken":15,"max_hp_gain":0,"max_hp_loss":0,"event_name":"Shining Light","floor":2,"gold_loss":0,"cards_upgraded":["Gash","Strike_B"]},{"damage_healed":0,"gold_gain":100,"player_choice":"Pray","damage_taken":0,"max_hp_gain":0,"max_hp_loss":0,"event_name":"Golden Shrine","floor":4,"gold_loss":0}],"is_beta":false,"boss_relics":[{"not_picked":["Busted Crown","Snecko Eye"],"picked":"Inserter"}],"items_purged_floors":[],"is_endless":false,"potions_floor_spawned":[5,7,13,14],"killed_by":"2 Thieves","ascension_level":2}}