{"host":"s41rn2jhghpwfrvz","time":1610115624,"event":{"mods":["BaseMod","Minty Spire (QoL Compilation)","Quick Restart","Relic Stats","SuperFastMode"],"gold_per_floor":[116,41,91,110,122,122,155,155,155,80,114,114,143,178,178,257,257,275,175,175,187,202,234,234,262,285,285,285,303,335,210,210,289,289,304,324,349,428,12,42,69,81,81,99,124,147,187,219,231,243,255,267,279,18,46,46],"floor_reached":57,"playtime":1894,"items_purged":["Cloak And Dagger","Hologram","Undo","FTL+1","Beam Cell+1"],"score":3887,"play_id":"b7c60d5e-3903-4ee4-9d5b-6e3c751116c9","local_time":"20210108162024","daily_mods":["SealedDeck","Diverse","DeadlyEvents"],"is_ascension_mode":true,"campfire_choices":[{"data":"Streamline","floor":6,"key":"SMITH"},{"data":"Rage","floor":8,"key":"SMITH"},{"data":"Tactician","floor":15,"key":"SMITH"},{"data":"Barricade","floor":24,"key":"SMITH"},{"floor":27,"key":"RECALL"},{"data":"FTL","floor":32,"key":"SMITH"},{"floor":49,"key":"REST"},{"data":"Beam Cell","floor":53,"key":"SMITH"}],"circlet_count":0,"master_deck":["AscendersBane","Streamline+1","Tactician+1","Backflip+1","Rage+1","Acrobatics+1","Barricade+1","Flash of Steel+1","Burning Pact","Echo Form"],"relics":["Burning Blood","Mummified Hand","Orichalcum","Boot","Unceasing Top","Du-Vu Doll","Magic Flower","Runic Pyramid","MutagenicStrength","War Paint","Bag of Preparation","Oddly Smooth Stone","Calling Bell","Dream Catcher","Letter Opener","Lizard Tail","Molten Egg 2","TheAbacus","The Courier","Singing Bowl","Akabeko","MawBank","Bronze Scales","Blood Vial"],"acts_visited":["Exordium","TheCity","TheBeyond","TheEnding"],"potions_floor_usage":[56,56],"damage_taken":[{"damage":0,"enemies":"Small Slimes","floor":1,"turns":3},{"damage":0,"enemies":"Jaw Worm","floor":4,"turns":2},{"damage":0,"enemies":"Cultist","floor":5,"turns":3},{"damage":15,"enemies":"3 Sentries","floor":7,"turns":8},{"damage":0,"enemies":"Gremlin Nob","floor":11,"turns":3},{"damage":15,"enemies":"3 Sentries","floor":13,"turns":12},{"damage":0,"enemies":"Gremlin Nob","floor":14,"turns":2},{"damage":0,"enemies":"Hexaghost","floor":16,"turns":6},{"damage":0,"enemies":"Shell Parasite","floor":18,"turns":3},{"damage":0,"enemies":"2 Thieves","floor":21,"turns":2},{"damage":0,"enemies":"Chosen and Byrds","floor":22,"turns":4},{"damage":1,"enemies":"Book of Stabbing","floor":23,"turns":4},{"damage":0,"enemies":"Gremlin Leader","floor":25,"turns":4},{"damage":0,"enemies":"Centurion and Healer","floor":29,"turns":2},{"damage":0,"enemies":"Slavers","floor":30,"turns":3},{"damage":0,"enemies":"Collector","floor":33,"turns":4},{"damage":0,"enemies":"3 Darklings","floor":35,"turns":2},{"damage":0,"enemies":"3 Shapes","floor":36,"turns":2},{"damage":0,"enemies":"Mind Bloom Boss Battle","floor":37,"turns":2},{"damage":0,"enemies":"Reptomancer","floor":40,"turns":2},{"damage":0,"enemies":"Nemesis","floor":41,"turns":5},{"damage":0,"enemies":"3 Darklings","floor":42,"turns":2},{"damage":0,"enemies":"Sphere and 2 Shapes","floor":44,"turns":2},{"damage":0,"enemies":"Giant Head","floor":45,"turns":2},{"damage":0,"enemies":"4 Shapes","floor":46,"turns":2},{"damage":0,"enemies":"Reptomancer","floor":47,"turns":2},{"damage":0,"enemies":"Writhing Mass","floor":48,"turns":2},{"damage":0,"enemies":"Awakened One","floor":50,"turns":4},{"damage":0,"enemies":"Donu and Deca","floor":51,"turns":2},{"damage":0,"enemies":"Shield and Spear","floor":55,"turns":2},{"damage":2,"enemies":"The Heart","floor":56,"turns":6}],"seed_played":"700862952851758696","potions_obtained":[{"floor":1,"key":"SkillPotion"},{"floor":5,"key":"Strength Potion"},{"floor":14,"key":"CultistPotion"},{"floor":35,"key":"Energy Potion"},{"floor":47,"key":"Dexterity Potion"}],"is_trial":true,"path_per_floor":["M","?","?","M","M","R","E","R","T","$","E","T","E","E","R","B",null,"M","$","?","M","M","E","R","E","T","R","?","M","E","$","R","B",null,"M","M","?","T","$","E","E","M","T","M","E","M","E","M","R","B","B",null,"R","$","E","B",null],"character_chosen":"IRONCLAD","items_purchased":["TheAbacus","Flash of Steel+1","Energy Potion","BloodPotion","Dexterity Potion"],"campfire_rested":1,"item_purchase_floors":[39,39,54,54,54],"current_hp_per_floor":[74,74,67,73,75,75,66,66,66,66,72,72,63,69,69,75,75,75,75,75,75,75,75,75,75,75,75,54,63,72,72,72,80,80,80,80,80,80,80,80,82,84,84,86,88,90,92,94,94,94,94,94,94,94,94,94],"gold":46,"neow_bonus":"","is_daily":false,"chose_seed":false,"campfire_upgraded":6,"win_rate":0.0,"timestamp":1610115624,"path_taken":["M","?","?","?","M","R","E","R","T","$","E","?","?","E","R","BOSS","M","$","?","M","M","E","R","E","T","R","?","?","E","?","R","BOSS","M","M","?","?","$","E","?","?","T","M","E","?","E","M","R","BOSS","BOSS","R","$","E","BOSS"],"items_purchased_type":["Relic","Card","Potion","Potion","Potion"],"build_version":"2020-12-22","purchased_purges":5,"victory":true,"max_hp_per_floor":[75,75,75,75,75,75,75,75,75,75,75,75,75,75,75,75,75,75,75,75,75,75,75,75,75,75,75,80,80,80,80,80,80,80,80,80,80,80,80,80,82,84,84,86,88,90,92,94,94,94,94,94,94,94,94,94],"relic_stats":{"Singing Bowl":14,"counters":[31,104],"Magic Flower":[8],"Bag of Preparation":[36],"Letter Opener":[460],"Orichalcum":[18],"War Paint":["Backflip","Acrobatics"],"Boot":[90],"MawBank":108,"Burning Blood":73,"Blood Vial":0,"Dream Catcher":1,"Lizard Tail":0,"TheAbacus":[1302],"Mummified Hand":[35],"Bronze Scales":[69],"obtain_stats":[{"Singing Bowl":41,"Magic Flower":14,"Oddly Smooth Stone":30,"The Courier":40,"Bag of Preparation":25,"Letter Opener":34,"Orichalcum":9,"War Paint":23,"Boot":11,"MawBank":45,"Burning Blood":0,"Akabeko":43,"Du-Vu Doll":13,"Calling Bell":34,"Blood Vial":55,"Dream Catcher":34,"Lizard Tail":34,"TheAbacus":39,"Mummified Hand":7,"MutagenicStrength":20,"Bronze Scales":47,"Molten Egg 2":38,"Unceasing Top":12,"Runic Pyramid":17},{"Singing Bowl":21,"Magic Flower":7,"Oddly Smooth Stone":15,"The Courier":20,"Bag of Preparation":13,"Letter Opener":16,"Orichalcum":4,"War Paint":12,"Boot":5,"MawBank":24,"Burning Blood":0,"Akabeko":22,"Du-Vu Doll":6,"Calling Bell":16,"Blood Vial":30,"Dream Catcher":16,"Lizard Tail":16,"TheAbacus":19,"Mummified Hand":4,"MutagenicStrength":9,"Bronze Scales":26,"Molten Egg 2":19,"Unceasing Top":5,"Runic Pyramid":8},{"Singing Bowl":78,"Magic Flower":33,"Oddly Smooth Stone":61,"The Courier":73,"Bag of Preparation":56,"Letter Opener":65,"Orichalcum":16,"War Paint":52,"Boot":19,"MawBank":84,"Burning Blood":0,"Akabeko":80,"Du-Vu Doll":31,"Calling Bell":65,"Blood Vial":98,"Dream Catcher":65,"Lizard Tail":65,"TheAbacus":71,"Mummified Hand":16,"MutagenicStrength":42,"Bronze Scales":88,"Molten Egg 2":71,"Unceasing Top":19,"Runic Pyramid":39}],"Unceasing Top":[12]},"card_choices":[{"not_picked":["Warcry","Bane","Auto Shields"],"picked":"SKIP","floor":1},{"not_picked":["Hologram","Slice","Worship"],"picked":"SKIP","floor":4},{"not_picked":["WreathOfFlame","FlurryOfBlows","Eviscerate"],"picked":"SKIP","floor":5},{"not_picked":["JustLucky","Armaments","Pummel"],"picked":"SKIP","floor":7},{"not_picked":["WreathOfFlame","Seeing Red","Dagger Throw"],"picked":"SKIP","floor":11},{"not_picked":["ClearTheMind","Cleave","Loop"],"picked":"SKIP","floor":13},{"not_picked":["Prostrate","Rainbow"],"picked":"Acrobatics","floor":14},{"not_picked":["Scrawl","Die Die Die"],"picked":"Barricade","floor":16},{"not_picked":["PiercingWail","Carnage","Darkness"],"picked":"SKIP","floor":18},{"not_picked":["FlurryOfBlows","Deflect","Barrage"],"picked":"SKIP","floor":21},{"not_picked":["Ball Lightning","Battle Trance+1","Doom and Gloom"],"picked":"SKIP","floor":22},{"not_picked":["Heavy Blade","Accuracy+1","Protect"],"picked":"SKIP","floor":23},{"not_picked":["Cleave","SandsOfTime","Consecrate"],"picked":"SKIP","floor":25},{"not_picked":["Hologram","Ball Lightning","Masterful Stab"],"picked":"SKIP","floor":29},{"not_picked":["Consecrate","Sanctity","Thunder Strike"],"picked":"SKIP","floor":30},{"not_picked":["Ball Lightning","Whirlwind+1","Disarm"],"picked":"SKIP","floor":35},{"not_picked":["Disarm","Well Laid Plans","Ghostly Armor+1"],"picked":"SKIP","floor":36},{"not_picked":["Consecrate+1","Sever Soul+1","Perfected Strike+1"],"picked":"SKIP","floor":40},{"not_picked":["Pommel Strike+1","Coolheaded","ClearTheMind"],"picked":"Singing Bowl","floor":41},{"not_picked":["Perfected Strike+1","Rebound+1","Second Wind"],"picked":"Singing Bowl","floor":42},{"not_picked":["Dash+1","Auto Shields+1","Anger+1"],"picked":"Singing Bowl","floor":44},{"not_picked":["Choke+1","Compile Driver+1","Steam"],"picked":"Singing Bowl","floor":45},{"not_picked":["Blizzard+1","Seek","Meditate"],"picked":"Singing Bowl","floor":46},{"not_picked":["Backflip+1","Anger+1","Compile Driver+1"],"picked":"Singing Bowl","floor":47},{"not_picked":["Wild Strike+1","Flying Knee+1","Thunderclap+1"],"picked":"Singing Bowl","floor":48},{"not_picked":["Sword Boomerang+1","Sanctity"],"picked":"Burning Pact","floor":49},{"not_picked":["Defragment","Consecrate+1"],"picked":"Echo Form","floor":55}],"player_experience":1675391,"relics_obtained":[{"floor":7,"key":"Mummified Hand"},{"floor":9,"key":"Orichalcum"},{"floor":11,"key":"Boot"},{"floor":12,"key":"Unceasing Top"},{"floor":13,"key":"Du-Vu Doll"},{"floor":14,"key":"Magic Flower"},{"floor":23,"key":"War Paint"},{"floor":25,"key":"Bag of Preparation"},{"floor":30,"key":"Oddly Smooth Stone"},{"floor":34,"key":"Dream Catcher"},{"floor":34,"key":"Letter Opener"},{"floor":34,"key":"Lizard Tail"},{"floor":38,"key":"Molten Egg 2"},{"floor":40,"key":"The Courier"},{"floor":41,"key":"Singing Bowl"},{"floor":43,"key":"Akabeko"},{"floor":45,"key":"MawBank"},{"floor":47,"key":"Bronze Scales"},{"floor":55,"key":"Blood Vial"}],"event_choices":[{"cards_removed":["JustLucky"],"damage_healed":0,"gold_gain":0,"player_choice":"Card Removal","damage_taken":0,"max_hp_gain":0,"max_hp_loss":0,"event_name":"The Cleric","floor":2,"gold_loss":75},{"damage_healed":0,"gold_gain":50,"player_choice":"Touch","damage_taken":7,"max_hp_gain":0,"max_hp_loss":0,"event_name":"FaceTrader","floor":3,"gold_loss":0},{"damage_healed":0,"gold_gain":0,"player_choice":"Inject Mutagens","damage_taken":0,"relics_obtained":["MutagenicStrength"],"max_hp_gain":0,"max_hp_loss":0,"event_name":"Drug Dealer","floor":20,"gold_loss":0},{"damage_healed":0,"gold_gain":0,"player_choice":"Shed Blood","damage_taken":26,"max_hp_gain":5,"max_hp_loss":0,"event_name":"Forgotten Altar","floor":28,"gold_loss":0},{"damage_healed":0,"gold_gain":0,"player_choice":"Fight","damage_taken":0,"max_hp_gain":0,"max_hp_loss":0,"event_name":"MindBloom","floor":37,"gold_loss":0}],"is_beta":false,"boss_relics":[{"not_picked":["Sozu","SacredBark"],"picked":"Runic Pyramid"},{"not_picked":["Philosopher\u0027s Stone","Mark of Pain"],"picked":"Calling Bell"}],"items_purged_floors":[10,19,31,39,54],"is_endless":false,"potions_floor_spawned":[1,5,11,14,18,21,23,30,35,36,42,47,48],"ascension_level":20}}