{"host":"wonp23fsqqcu31ie","time":1610064902,"event":{"mods":["2.2 Compatiblity","AchievementEnabler","Aspiration","BaseMod","Bestiary","Better Altar","Better Match","Better Sensory Stone","Better Skull","Better Third Choice","BetterRewards","Block Reminder","Colored Map","Colored Powertips","Conspire","Curses Come First","DeckTracker","Displayed Cursed Tome","Downfall","Evolution","Hermit","Highlight Path","Hubris","Marisa????????","Minty Spire (QoL Compilation)","Permanent Neow","Prisma Mod","Quick Restart","Rare Cards Sparkle","Relic Stats","Replay The Spire","Robot Space Explorer","Shade Mod","Shop Mod","StSLib","SuperFastMode","The Animator","The Bug Knight","The Construct","The Cursed","The Dragon Tamer","The Gatherer","The Marked","The Necromancer","The Runesmith","The Servant 0.9.4"],"gold_per_floor":[112,126,138,148,148,176,22,22,22,33,33,66,66,66,66],"floor_reached":14,"playtime":284,"items_purged":[],"score":125,"play_id":"5cad800b-bd50-4345-bd0f-505f2761a31d","local_time":"20210108111502","is_ascension_mode":true,"campfire_choices":[{"floor":8,"key":"REST"},{"floor":13,"key":"RECALL"}],"circlet_count":0,"master_deck":["Thunderclap","Thunderclap","Strike_R","Strike_R","Strike_R","Defend_R","Defend_R","Defend_R","Defend_R","Bash","Metallicize","Feel No Pain","Wild Strike","Spot Weakness+1","Impervious","Sword Boomerang","Metallicize"],"relics":["Burning Blood","EVO:Axolotl","hubris:FunFungus","Chemical X","Pantograph","aspiration:Nostalgia","theMarked:ArtifactOfAir","Bottled Lightning","hubris:IronBody"],"acts_visited":["Exordium"],"potions_floor_usage":[12,14],"damage_taken":[{"damage":1,"enemies":"Cultist","floor":1,"turns":3},{"damage":2,"enemies":"conspire:RoseBush","floor":2,"turns":6},{"damage":11,"enemies":"2 Louse","floor":3,"turns":2},{"damage":6,"enemies":"Exordium Wildlife","floor":4,"turns":4},{"damage":58,"enemies":"Lagavulin","floor":6,"turns":8},{"damage":1,"enemies":"2 Fungi Beasts","floor":10,"turns":3},{"damage":19,"enemies":"3 Sentries","floor":12,"turns":5},{"damage":30,"enemies":"Gremlin Nob","floor":14,"turns":5}],"seed_played":"-7004007746804219346","potions_obtained":[{"floor":6,"key":"AttackPotion"},{"floor":10,"key":"SpeedPotion"}],"is_trial":false,"path_per_floor":["M","M","M","M","T","E","$","R","T","M","?","E","R","E"],"character_chosen":"IRONCLAD","items_purchased":["Chemical X","aspiration:Nostalgia"],"campfire_rested":1,"item_purchase_floors":[0,7],"current_hp_per_floor":[66,70,65,65,65,13,13,37,37,42,42,29,29,0,0],"gold":66,"neow_bonus":"","is_daily":false,"chose_seed":false,"campfire_upgraded":0,"win_rate":0.0,"timestamp":1610064902,"path_taken":["M","?","?","M","?","E","$","R","T","M","?","E","R","E"],"items_purchased_type":["Relic","Relic"],"build_version":"2020-12-22","purchased_purges":0,"victory":false,"max_hp_per_floor":[80,80,80,80,80,80,80,80,80,80,80,80,80,80,80],"relic_stats":{"counters":[140,616],"Pantograph":0,"Chemical X":[1],"obtain_stats":[{"construct:FoamFinger":29,"hubris:MysteriousPyramids":8,"Sling":0,"Boot":26,"Replay:Bronze Core":17,"Kunai":24,"HollowMod:PaleOreRelic":5,"Replay:Wax Seal":0,"MerchantsRug":36,"conspire:TreasureMap":0,"construct:RocketBooster":20,"Pear":43,"Counterbalance":37,"ReplayTheSpireMod:Ring of Addiction":43,"Eternal Feather":30,"Guardian:PocketSentry":48,"Akabeko":30,"aspiration:FrozenJewel":9,"ReplayTheSpireMod:Ring of Collecting":19,"hubris:TenFootPole":31,"Unceasing Top":23,"Regal Pillow":25,"aspiration:Lifesprig":54,"Painkiller Herb":34,"Cursed Key":17,"Burning Blood":0,"hubris:Backtick":17,"Matryoshka":26,"Ring of Peace":46,"hubris:ScarierMask":34,"hubris:FunFungus":0,"Chemical X":0,"Ring of Panic":19,"hubris:ChampionShield":13,"Potion Belt":0,"Lee\u0027s Waffle":0,"construct:WeddingRing":17,"Self Forming Clay":43,"PreservedInsect":3,"The Courier":23,"hubris:Towel":21,"MawBank":6,"theMarked:ArtifactOfAir":7,"hubris:Spice":0,"Ring of Misfortune":26,"betterThird:SlimedRelic":12,"Orrery":20,"Durian":0,"Art of War":41,"Champion Belt":0,"Bottled Lightning":19,"Toy Ornithopter":43,"CeramicFish":0,"Vajra":26,"EVO:Axolotl":0,"HollowMod:StagPassRelic":31,"DollysMirror":11,"Strawberry":36,"Prayer Wheel":28,"Philosopher\u0027s Stone":17,"Girya":30,"hubris:Teleporter":0,"ReplayTheSpireMod:CursedCoin":42,"aspiration:Nostalgia":7,"Replay:Grab Bag":17,"Oddly Smooth Stone":20,"conspire:Boomerang":0,"Letter Opener":9,"aspiration:HiddenCompartment":8,"hubris:Zylophone":0,"ReplayTheSpireMod:Spearhead":29,"ReplayTheSpireMod:Shallot":53,"Bronze Scales":43,"Onion Ring":2,"Simple Rune":9,"hubris:PeanutButter":8,"ReplayTheSpireMod:TigerMarble":46,"hubris:ToyBattleship":14,"CatCart":45,"Meat on the Bone":9,"Darkstone Periapt":17,"Iron Core":4,"SacredBark":34,"Black Blood":34,"hubris:SlimyHat":3,"Incense Burner":42,"aspiration:StickyExplosives_weak":44,"ClockworkSouvenir":20,"Nunchaku":6,"hubris:Icosahedron":39,"aspiration:DefectSkillbook":17,"Gambling Chip":53,"Pantograph":6,"Tiny Chest":8,"hubris:IronBody":12,"Replay:Bottled Snecko":6,"hubris:DisguiseKit":10,"Guide Book":53,"Replay:WaspNest":23,"Orichalcum":25,"White Beast Statue":43,"Peace Pipe":0,"CaptainsWheel":0,"aspiration:WatcherSkillbook":17,"Ring of Fury":46,"Another Sword":11,"Bag of Marbles":23,"Snack Pack":25,"Membership Card":31,"TungstenRod":0},{"construct:FoamFinger":116,"hubris:MysteriousPyramids":5,"Sling":39,"Boot":129,"Replay:Bronze Core":74,"Kunai":10,"HollowMod:PaleOreRelic":68,"Replay:Wax Seal":94,"MerchantsRug":16,"conspire:TreasureMap":66,"construct:RocketBooster":8,"Pear":18,"Counterbalance":17,"ReplayTheSpireMod:Ring of Addiction":18,"Eternal Feather":81,"Guardian:PocketSentry":91,"Akabeko":34,"aspiration:FrozenJewel":107,"ReplayTheSpireMod:Ring of Collecting":8,"hubris:TenFootPole":14,"Unceasing Top":128,"Regal Pillow":52,"aspiration:Lifesprig":93,"Painkiller Herb":82,"Cursed Key":48,"Burning Blood":0,"hubris:Backtick":48,"Matryoshka":79,"Ring of Peace":63,"hubris:ScarierMask":56,"hubris:FunFungus":132,"Chemical X":94,"Ring of Panic":8,"hubris:ChampionShield":27,"Potion Belt":94,"Lee\u0027s Waffle":22,"construct:WeddingRing":7,"Self Forming Clay":61,"PreservedInsect":96,"The Courier":114,"hubris:Towel":8,"MawBank":25,"theMarked:ArtifactOfAir":137,"hubris:Spice":39,"Ring of Misfortune":10,"betterThird:SlimedRelic":124,"Orrery":113,"Durian":0,"Art of War":61,"Champion Belt":66,"Bottled Lightning":75,"Toy Ornithopter":18,"CeramicFish":22,"Vajra":31,"EVO:Axolotl":0,"HollowMod:StagPassRelic":131,"DollysMirror":5,"Strawberry":83,"Prayer Wheel":33,"Philosopher\u0027s Stone":48,"Girya":81,"hubris:Teleporter":94,"ReplayTheSpireMod:CursedCoin":61,"aspiration:Nostalgia":137,"Replay:Grab Bag":48,"Oddly Smooth Stone":75,"conspire:Boomerang":22,"Letter Opener":27,"aspiration:HiddenCompartment":44,"hubris:Zylophone":94,"ReplayTheSpireMod:Spearhead":81,"ReplayTheSpireMod:Shallot":92,"Bronze Scales":88,"Onion Ring":2,"Simple Rune":5,"hubris:PeanutButter":27,"ReplayTheSpireMod:TigerMarble":20,"hubris:ToyBattleship":73,"CatCart":63,"Meat on the Bone":123,"Darkstone Periapt":48,"Iron Core":106,"SacredBark":15,"Black Blood":35,"hubris:SlimyHat":2,"Incense Burner":61,"aspiration:StickyExplosives_weak":19,"ClockworkSouvenir":75,"Nunchaku":69,"hubris:Icosahedron":17,"aspiration:DefectSkillbook":28,"Gambling Chip":92,"Pantograph":137,"Tiny Chest":70,"hubris:IronBody":139,"Replay:Bottled Snecko":98,"hubris:DisguiseKit":108,"Guide Book":92,"Replay:WaspNest":77,"Orichalcum":52,"White Beast Statue":18,"Peace Pipe":94,"CaptainsWheel":66,"aspiration:WatcherSkillbook":112,"Ring of Fury":63,"Another Sword":72,"Bag of Marbles":31,"Snack Pack":115,"Membership Card":81,"TungstenRod":119},{"construct:FoamFinger":488,"hubris:MysteriousPyramids":17,"Sling":158,"Boot":561,"Replay:Bronze Core":294,"Kunai":38,"HollowMod:PaleOreRelic":268,"Replay:Wax Seal":397,"MerchantsRug":60,"conspire:TreasureMap":260,"construct:RocketBooster":29,"Pear":63,"Counterbalance":62,"ReplayTheSpireMod:Ring of Addiction":63,"Eternal Feather":332,"Guardian:PocketSentry":380,"Akabeko":126,"aspiration:FrozenJewel":445,"ReplayTheSpireMod:Ring of Collecting":29,"hubris:TenFootPole":49,"Unceasing Top":557,"Regal Pillow":201,"aspiration:Lifesprig":390,"Painkiller Herb":338,"Cursed Key":187,"Burning Blood":0,"hubris:Backtick":187,"Matryoshka":322,"Ring of Peace":241,"hubris:ScarierMask":215,"hubris:FunFungus":580,"Chemical X":397,"Ring of Panic":29,"hubris:ChampionShield":94,"Potion Belt":397,"Lee\u0027s Waffle":79,"construct:WeddingRing":28,"Self Forming Clay":231,"PreservedInsect":406,"The Courier":477,"hubris:Towel":29,"MawBank":88,"theMarked:ArtifactOfAir":603,"hubris:Spice":158,"Ring of Misfortune":38,"betterThird:SlimedRelic":528,"Orrery":471,"Durian":0,"Art of War":231,"Champion Belt":260,"Bottled Lightning":298,"Toy Ornithopter":63,"CeramicFish":79,"Vajra":113,"EVO:Axolotl":0,"HollowMod:StagPassRelic":573,"DollysMirror":17,"Strawberry":343,"Prayer Wheel":123,"Philosopher\u0027s Stone":187,"Girya":332,"hubris:Teleporter":397,"ReplayTheSpireMod:CursedCoin":231,"aspiration:Nostalgia":603,"Replay:Grab Bag":187,"Oddly Smooth Stone":298,"conspire:Boomerang":79,"Letter Opener":94,"aspiration:HiddenCompartment":171,"hubris:Zylophone":397,"ReplayTheSpireMod:Spearhead":332,"ReplayTheSpireMod:Shallot":386,"Bronze Scales":366,"Onion Ring":8,"Simple Rune":17,"hubris:PeanutButter":94,"ReplayTheSpireMod:TigerMarble":72,"hubris:ToyBattleship":291,"CatCart":241,"Meat on the Bone":525,"Darkstone Periapt":187,"Iron Core":442,"SacredBark":57,"Black Blood":137,"hubris:SlimyHat":8,"Incense Burner":231,"aspiration:StickyExplosives_weak":69,"ClockworkSouvenir":298,"Nunchaku":272,"hubris:Icosahedron":62,"aspiration:DefectSkillbook":101,"Gambling Chip":386,"Pantograph":603,"Tiny Chest":280,"hubris:IronBody":611,"Replay:Bottled Snecko":412,"hubris:DisguiseKit":450,"Guide Book":386,"Replay:WaspNest":311,"Orichalcum":201,"White Beast Statue":63,"Peace Pipe":397,"CaptainsWheel":260,"aspiration:WatcherSkillbook":467,"Ring of Fury":241,"Another Sword":289,"Bag of Marbles":113,"Snack Pack":482,"Membership Card":332,"TungstenRod":507}],"Burning Blood":114},"card_choices":[{"not_picked":["Shrug It Off","Clothesline"],"picked":"Metallicize","floor":1},{"not_picked":["Armaments","Dark Embrace"],"picked":"Feel No Pain","floor":2},{"not_picked":["hubris:ReadiedAction","Second Wind"],"picked":"Wild Strike","floor":3},{"not_picked":["Clothesline","Shrug It Off"],"picked":"Spot Weakness","floor":4},{"not_picked":["Clothesline","Feel No Pain"],"picked":"Impervious","floor":6},{"not_picked":["Abandon","True Grit"],"picked":"Sword Boomerang","floor":10},{"not_picked":["Pommel Strike","Feel No Pain"],"picked":"Metallicize","floor":12}],"player_experience":485535,"relics_obtained":[{"floor":6,"key":"Pantograph"},{"floor":9,"key":"Bottled Lightning"},{"floor":12,"key":"hubris:IronBody"}],"event_choices":[],"is_beta":false,"boss_relics":[],"items_purged_floors":[],"is_endless":false,"potions_floor_spawned":[6,10],"killed_by":"Gremlin Nob","ascension_level":5}}