{"host":"ip2nojeflv39cgzz","time":1610076498,"event":{"mods":["BaseMod","Colored Powertips","Downfall","Hermit","Infinite Spire","Minty Spire (QoL Compilation)","StSLib","The Jungle"],"gold_per_floor":[99,113,44,58,72,72,97,117,117,117,137,153,170,189,209,304,304,304,317,335,335,349,368,368,368,384,309,340,340,340,340,340],"floor_reached":30,"playtime":2043,"items_purged":[],"score":273,"play_id":"9db1cf47-06f9-4de6-b065-c42271602a80","local_time":"20210108042818","is_ascension_mode":false,"campfire_choices":[{"data":"Guardian:CurlUp","floor":1,"key":"SMITH"},{"data":"Guardian:TwinSlam","floor":6,"key":"SMITH"},{"data":"Guardian:DecasProtection","floor":18,"key":"SMITH"},{"data":"Guardian:Suspension","floor":27,"key":"SMITH"},{"data":"Guardian:BaubleBeam","floor":29,"key":"SMITH"}],"circlet_count":0,"master_deck":["Guardian:Strike_Guardian+1","Guardian:Strike_Guardian+1","Guardian:Strike_Guardian+1","Guardian:Strike_Guardian+1","Guardian:Defend_Guardian+1","Guardian:Defend_Guardian+1","Guardian:Defend_Guardian+1","Guardian:Defend_Guardian+1","Guardian:CurlUp+1","Guardian:TwinSlam+1","Guardian:RollAttack","Guardian:ShieldCharger","Guardian:DecasProtection+1","Regret","Guardian:GuardianWhirl","Guardian:Emergency","Guardian:WalkerClaw","Guardian:Suspension+1","Guardian:BaubleBeam+1","Guardian:PrismaticBarrier+1","Guardian:ChargeUp+1","Guardian:DecasProtection+1","Guardian:ShieldCharger"],"relics":["Guardian:ModeShifter","PreservedInsect","Coffee Dripper","downfall:HeartBlessingBlue","infinitespire:Eraser"],"acts_visited":["Exordium","TheCity"],"potions_floor_usage":[16,16,20,22,28],"damage_taken":[{"damage":2,"enemies":"Jaw Worm","floor":2,"turns":4},{"damage":4,"enemies":"downfall:FleeingMerchant","floor":3,"turns":4},{"damage":7,"enemies":"2 Louse","floor":4,"turns":3},{"damage":3,"enemies":"Cultist","floor":5,"turns":3},{"damage":4,"enemies":"Gremlin Gang","floor":8,"turns":3},{"damage":4,"enemies":"Blue Slaver","floor":11,"turns":3},{"damage":10,"enemies":"Lots of Slimes","floor":12,"turns":3},{"damage":13,"enemies":"Large Slime","floor":13,"turns":5},{"damage":0,"enemies":"2 Fungi Beasts","floor":14,"turns":4},{"damage":12,"enemies":"3 Louse","floor":15,"turns":3},{"damage":41,"enemies":"downfall:Silent","floor":16,"turns":9},{"damage":11,"enemies":"Shell Parasite","floor":19,"turns":6},{"damage":26,"enemies":"3 Byrds","floor":20,"turns":5},{"damage":19,"enemies":"Snake Plant","floor":22,"turns":7},{"damage":9,"enemies":"Chosen and Byrds","floor":23,"turns":5},{"damage":11,"enemies":"Cultist and Chosen","floor":26,"turns":6},{"damage":21,"enemies":"Book of Stabbing","floor":28,"turns":5},{"damage":15,"enemies":"Slavers","floor":30,"turns":2}],"seed_played":"-9043738137050436443","potions_obtained":[{"floor":4,"key":"BlessingOfTheForge"},{"floor":5,"key":"champ:CounterPotion"},{"floor":11,"key":"FairyPotion"},{"floor":16,"key":"Regen Potion"},{"floor":19,"key":"Weak Potion"},{"floor":26,"key":"Explosive Potion"}],"is_trial":false,"path_per_floor":["R","M","$","M","M","R","T","M","?","?","M","M","M","M","M","B",null,"R","M","M","?","M","M","T","?","M","R","E","R","E"],"character_chosen":"GUARDIAN","items_purchased":["Guardian:Gem_Cyan"],"campfire_rested":0,"item_purchase_floors":[3],"current_hp_per_floor":[88,86,82,75,72,72,72,68,68,68,64,54,41,41,29,16,88,88,77,51,51,41,32,32,32,21,31,10,10,0,0,0],"gold":340,"neow_bonus":"TEN_PERCENT_HP_BONUS","is_daily":false,"chose_seed":false,"campfire_upgraded":5,"win_rate":0.0,"timestamp":1610076498,"path_taken":["R","M","$","M","M","R","T","M","?","?","M","?","?","M","M","BOSS","R","M","?","?","M","?","T","?","M","R","E","R","E"],"items_purchased_type":["Card"],"build_version":"2020-12-22","purchased_purges":0,"victory":false,"max_hp_per_floor":[88,88,88,88,88,88,88,88,88,88,88,88,88,88,88,88,88,88,88,88,88,88,88,88,88,88,98,98,98,98,98,98],"card_choices":[{"not_picked":["Guardian:Planning","Guardian:TemporalStrike"],"picked":"Guardian:RollAttack","floor":2},{"not_picked":["Guardian:ChargeCore","Guardian:WalkerClaw"],"picked":"Guardian:Gem_Orange","floor":3},{"not_picked":["Guardian:Planning","Guardian:Reroute"],"picked":"Guardian:ShieldCharger","floor":4},{"not_picked":["Guardian:PiercingHide","Guardian:RollAttack"],"picked":"Guardian:Gem_Red","floor":5},{"not_picked":["Guardian:ShieldCharger","Guardian:RefractedBeam"],"picked":"Guardian:DecasProtection","floor":8},{"not_picked":["Guardian:TemporalShield","Guardian:Gem_Fragmented"],"picked":"Guardian:GuardianWhirl","floor":11},{"not_picked":["Guardian:ChargeCore","Guardian:Clone"],"picked":"Guardian:Gem_Synthetic","floor":12},{"not_picked":["Guardian:VentSteam","Guardian:Repulse"],"picked":"Guardian:Emergency","floor":13},{"not_picked":["Guardian:CrystalBeam","Guardian:PiercingHide"],"picked":"Guardian:WalkerClaw","floor":14},{"not_picked":["Guardian:Preprogram","Guardian:Recover"],"picked":"Guardian:Suspension","floor":15},{"not_picked":["Guardian:ConstructionForm","Guardian:StasisStrike"],"picked":"Guardian:BaubleBeam","floor":16},{"not_picked":["Guardian:Harden","Guardian:TemporalStrike"],"picked":"Guardian:Gem_Red","floor":19},{"not_picked":["Guardian:Planning","Guardian:MultiBeam+1"],"picked":"Guardian:PrismaticBarrier+1","floor":20},{"not_picked":["Guardian:Recover","Guardian:RefractedBeam"],"picked":"Guardian:ChargeUp+1","floor":22},{"not_picked":["Guardian:TemporalShield","Guardian:Clone+1"],"picked":"Guardian:DecasProtection+1","floor":23},{"not_picked":["Guardian:PrimingBeam","Guardian:Gem_Purple"],"picked":"Guardian:ShieldCharger","floor":26},{"not_picked":["Guardian:TemporalStrike","Guardian:FloatingOrbs+1"],"picked":"Guardian:Gem_Lightblue","floor":28}],"player_experience":159081,"relics_obtained":[{"floor":7,"key":"PreservedInsect"},{"floor":28,"key":"infinitespire:Eraser"}],"event_choices":[{"damage_healed":0,"gold_gain":0,"player_choice":"Ignored","damage_taken":0,"max_hp_gain":0,"max_hp_loss":0,"event_name":"NoteForYourself","floor":21,"gold_loss":0},{"damage_healed":0,"gold_gain":0,"player_choice":"Simplicity","damage_taken":0,"max_hp_gain":0,"max_hp_loss":0,"event_name":"Back to Basics","floor":25,"gold_loss":0,"cards_upgraded":["Guardian:Strike_Guardian","Guardian:Strike_Guardian","Guardian:Defend_Guardian","Guardian:Defend_Guardian","Guardian:Defend_Guardian"]}],"is_beta":false,"boss_relics":[{"not_picked":["Calling Bell","Runic Pyramid"],"picked":"Coffee Dripper"}],"items_purged_floors":[],"is_endless":false,"potions_floor_spawned":[4,5,11,12,13,16,19,26],"killed_by":"Slavers","ascension_level":0}}