{"host":"Krakhan","time":1610070120,"event":{"mods":["AchievementEnabler","BaseMod","Colored Map","Colored Powertips","Faster Ascension Climbing","Highlight Path","Minty Spire (QoL Compilation)","Rare Cards Sparkle","Relic Stats","StSLib"],"gold_per_floor":[367,367,387,402,367,367,367,395,395,55,55,73,102,122,122,122,122],"floor_reached":16,"playtime":1286,"items_purged":[],"score":220,"play_id":"ae7ce3e6-2f82-41f2-9a13-2ef355871a52","local_time":"20210107204200","is_ascension_mode":true,"campfire_choices":[{"data":"Blade Dance","floor":6,"key":"SMITH"},{"floor":11,"key":"REST"},{"data":"Blade Dance","floor":15,"key":"SMITH"}],"circlet_count":0,"master_deck":["AscendersBane","Strike_G","Strike_G","Strike_G","Strike_G+1","Defend_G","Defend_G","Defend_G","Defend_G","Defend_G+1","Survivor","Neutralize","Blade Dance+1","Slice","Dagger Throw","After Image","Leg Sweep","Bullet Time","Blade Dance+1"],"relics":["Ring of the Snake","Bag of Preparation","Matryoshka","Incense Burner","InkBottle"],"acts_visited":["Exordium"],"potions_floor_usage":[8,13,16],"damage_taken":[{"damage":1,"enemies":"Small Slimes","floor":1,"turns":5},{"damage":0,"enemies":"2 Louse","floor":3,"turns":3},{"damage":0,"enemies":"Cultist","floor":4,"turns":3},{"damage":19,"enemies":"3 Sentries","floor":8,"turns":7},{"damage":0,"enemies":"2 Fungi Beasts","floor":12,"turns":4},{"damage":6,"enemies":"Gremlin Nob","floor":13,"turns":4},{"damage":4,"enemies":"3 Louse","floor":14,"turns":3},{"damage":31,"enemies":"Hexaghost","floor":16,"turns":12}],"seed_played":"-8769748339143124324","potions_obtained":[{"floor":1,"key":"LiquidBronze"},{"floor":3,"key":"CultistPotion"},{"floor":4,"key":"PowerPotion"},{"floor":8,"key":"Swift Potion"}],"is_trial":false,"path_per_floor":["M","?","M","M","?","R","?","E","T","$","R","M","E","M","R","B"],"character_chosen":"THE_SILENT","items_purchased":["Incense Burner"],"campfire_rested":1,"item_purchase_floors":[10],"current_hp_per_floor":[43,23,23,23,39,39,39,20,20,20,39,39,33,29,29,0,0],"gold":122,"neow_bonus":"TWO_FIFTY_GOLD","is_daily":false,"chose_seed":false,"campfire_upgraded":2,"win_rate":0.0,"timestamp":1610070120,"path_taken":["M","?","M","M","?","R","?","E","T","$","R","?","E","M","R","BOSS"],"items_purchased_type":["Relic"],"build_version":"2020-12-18","purchased_purges":0,"victory":false,"max_hp_per_floor":[66,66,66,66,66,66,66,66,66,66,66,66,66,66,66,66,66],"relic_stats":{"counters":[8,41],"Bag of Preparation":[8],"obtain_stats":[{"Matryoshka":9,"Bag of Preparation":8,"Incense Burner":10,"InkBottle":13,"Ring of the Snake":0},{"Matryoshka":4,"Bag of Preparation":4,"Incense Burner":4,"InkBottle":6,"Ring of the Snake":0},{"Matryoshka":18,"Bag of Preparation":18,"Incense Burner":18,"InkBottle":26,"Ring of the Snake":0}],"InkBottle":[7],"Ring of the Snake":[16]},"card_choices":[{"not_picked":["Eviscerate","Acrobatics"],"picked":"Blade Dance","floor":1},{"not_picked":["Flechettes","Concentrate"],"picked":"Slice","floor":3},{"not_picked":["Cloak And Dagger","Underhanded Strike"],"picked":"Dagger Throw","floor":4},{"not_picked":["Deflect","Dagger Spray"],"picked":"After Image","floor":8},{"not_picked":["Flying Knee","Bane"],"picked":"Leg Sweep","floor":12},{"not_picked":["Escape Plan","Night Terror"],"picked":"Bullet Time","floor":13},{"not_picked":["Flying Knee","Sucker Punch"],"picked":"Blade Dance","floor":14}],"player_experience":1282218,"relics_obtained":[{"floor":8,"key":"Bag of Preparation"},{"floor":9,"key":"Matryoshka"},{"floor":13,"key":"InkBottle"}],"event_choices":[{"damage_healed":0,"gold_gain":0,"player_choice":"Entered Light","damage_taken":20,"max_hp_gain":0,"max_hp_loss":0,"event_name":"Shining Light","floor":2,"gold_loss":0,"cards_upgraded":["Defend_G","Strike_G"]},{"damage_healed":16,"gold_gain":0,"player_choice":"Healed","damage_taken":0,"max_hp_gain":0,"max_hp_loss":0,"event_name":"The Cleric","floor":5,"gold_loss":35},{"cards_removed":["Strike_G"],"damage_healed":0,"gold_gain":0,"player_choice":"Purged","damage_taken":0,"max_hp_gain":0,"max_hp_loss":0,"event_name":"Purifier","floor":7,"gold_loss":0}],"is_beta":true,"boss_relics":[],"items_purged_floors":[],"is_endless":false,"potions_floor_spawned":[1,3,4,8],"killed_by":"Hexaghost","ascension_level":20}}