{"host":"1xdknvunkbjx06ui","time":1610112932,"event":{"mods":["BaseMod","Infinite Spire","Minty Spire (QoL Compilation)","Quick Restart","Replay The Spire","StSLib","The Dragon Tamer"],"gold_per_floor":[214,164,183,108,108,108,137,137,164,164,164,182,182,212,212,212,212,212],"floor_reached":16,"playtime":670,"items_purged":[],"score":131,"play_id":"2c4e079d-43ee-4517-b220-195e65cd211c","local_time":"20210108143532","is_ascension_mode":false,"metric_token":467,"campfire_choices":[{"floor":6,"key":"REST"},{"floor":8,"key":"REST"},{"data":"DTMod:DoubleHit","floor":11,"key":"SMITH"},{"data":"DTMod:InvisibleFlame","floor":13,"key":"SMITH"},{"data":"DTMod:DeepFocus","floor":15,"key":"SMITH"}],"dtmod_dragon_data":[50,50,-1,-1,0,0],"circlet_count":0,"master_deck":["DTMod:Strike","DTMod:Strike","DTMod:Strike","DTMod:DoubleHit+1","DTMod:TargetDefense","DTMod:TargetDefense","DTMod:TargetDefense","DTMod:SwitchingTactic","DTMod:Cover","DTMod:BurningEnergy","DTMod:InvisibleFlame+1","DTMod:DeepFocus+1"],"relics":["DTMod:PactStone","TungstenRod","Replay:PocketPolymizer","PreservedInsect","HornCleat","Tiny Chest"],"acts_visited":["Exordium"],"potions_floor_usage":[16,16],"damage_taken":[{"damage":0,"enemies":"Small Slimes","floor":1,"turns":3},{"damage":19,"enemies":"infinitespire:Voidling","floor":3,"turns":4},{"damage":12,"enemies":"3 Sentries","floor":7,"turns":8},{"damage":0,"enemies":"Cultist","floor":12,"turns":3},{"damage":0,"enemies":"Gremlin Nob","floor":14,"turns":3},{"damage":37,"enemies":"The Guardian","floor":16,"turns":12}],"seed_played":"5387868061620601729","potions_obtained":[{"floor":1,"key":"Flashbang"},{"floor":14,"key":"SneckoOil"}],"is_trial":false,"path_per_floor":["M","?","M","$","?","R","E","R","T","?","R","M","R","E","R","B"],"character_chosen":"THE_DT","items_purchased":["DTMod:InvisibleFlame"],"campfire_rested":2,"item_purchase_floors":[4],"current_hp_per_floor":[45,45,26,26,23,36,24,37,37,37,37,37,37,37,37,0,0,0],"gold":212,"neow_bonus":"HUNDRED_GOLD","is_daily":false,"chose_seed":false,"campfire_upgraded":3,"win_rate":0.0,"timestamp":1610112932,"path_taken":["M","?","M","$","?","R","E","R","T","?","R","?","R","E","R","BOSS"],"items_purchased_type":["Card"],"build_version":"2020-12-22","purchased_purges":0,"victory":false,"max_hp_per_floor":[45,45,45,45,45,45,45,45,45,45,45,45,45,45,45,45,45,45],"card_choices":[{"not_picked":["DTMod:BlazingStrike","DTMod:BuildUp"],"picked":"DTMod:Cover","floor":1},{"not_picked":["DTMod:ForkedFire","DTMod:MagiciansMark"],"picked":"DTMod:BurningEnergy","floor":3},{"not_picked":["DTMod:ComboAttack","DTMod:Feint","DTMod:GhostSkin"],"picked":"SKIP","floor":7},{"not_picked":["DTMod:GearUp","DTMod:TagTeam","DTMod:MagicField"],"picked":"SKIP","floor":12},{"not_picked":["DTMod:Punisher","DTMod:TauntingStrike"],"picked":"DTMod:DeepFocus","floor":14}],"player_experience":83632,"relics_obtained":[{"floor":7,"key":"Replay:PocketPolymizer"},{"floor":9,"key":"PreservedInsect"},{"floor":14,"key":"Tiny Chest"}],"event_choices":[{"cards_removed":["DTMod:TargetDefense"],"damage_healed":0,"gold_gain":0,"player_choice":"Card Removal","damage_taken":0,"max_hp_gain":0,"max_hp_loss":0,"event_name":"The Cleric","floor":2,"gold_loss":50},{"damage_healed":0,"gold_gain":0,"player_choice":"Success","damage_taken":3,"relics_obtained":["TungstenRod"],"max_hp_gain":0,"max_hp_loss":0,"event_name":"Scrap Ooze","floor":5,"gold_loss":0},{"cards_removed":["DTMod:PurifyingFlame"],"damage_healed":0,"gold_gain":0,"player_choice":"Gave Card","damage_taken":0,"relics_obtained":["HornCleat"],"max_hp_gain":0,"max_hp_loss":0,"event_name":"WeMeetAgain","floor":10,"gold_loss":0}],"is_beta":false,"boss_relics":[],"items_purged_floors":[],"is_endless":false,"potions_floor_spawned":[1,14],"killed_by":"The Guardian","ascension_level":0}}