{"host":"y3h3n3f7seyagppx","time":1610082932,"event":{"mods":["BaseMod","Colored Map","Colored Powertips","DeckTracker","Minty Spire (QoL Compilation)","Random Character Button","Rare Cards Sparkle","Relic Sorter","Relic Stats","StSLib"],"gold_per_floor":[369,379,399,399,36,64,64,64,119,149,210,230,230,62,62,136,136,150,169,183,16,27,54,131,164,164,196,196,196,31,31,31,105,105,119,130,154,154,154,154,187,27,54,70,70,103,117,135,135,135,135,135,135,35,61,61],"floor_reached":57,"playtime":5707,"items_purged":["Strike_R","Strike_R+1"],"score":2827,"play_id":"66827ddb-03cb-45f5-bed8-cf49088d99ba","local_time":"20210108001532","is_ascension_mode":true,"campfire_choices":[{"data":"Armaments","floor":8,"key":"SMITH"},{"data":"Flame Barrier","floor":15,"key":"SMITH"},{"data":"Body Slam","floor":29,"key":"SMITH"},{"data":"Shockwave","floor":32,"key":"SMITH"},{"data":"Demon Form","floor":40,"key":"SMITH"},{"floor":45,"key":"RECALL"},{"data":"Impervious","floor":49,"key":"SMITH"},{"data":"Impervious","floor":53,"key":"SMITH"}],"circlet_count":0,"master_deck":["AscendersBane","Strike_R+1","Strike_R+1","Defend_R+1","Defend_R+1","Defend_R+1","Defend_R+1","Bash","Thunderclap","Anger","Flame Barrier+1","Offering","Armaments+1","Impervious+1","Shrug It Off","Exhume","Disarm","Twin Strike+1","Shockwave+1","Body Slam+1","Exhume","Impervious+1","Demon Form+1","Reaper","Metallicize+1","Shrug It Off","Clothesline+1","Heavy Blade"],"relics":["Burning Blood","Question Card","Bag of Preparation","War Paint","Blood Vial","Paper Frog","Happy Flower","Philosopher\u0027s Stone","Vajra","Anchor","Magic Flower","Charon\u0027s Ashes","Bag of Marbles","Strange Spoon","Coffee Dripper","MealTicket","Bottled Tornado","Gambling Chip","Dream Catcher","Regal Pillow","Ice Cream"],"acts_visited":["Exordium","TheCity","TheBeyond","TheEnding"],"potions_floor_usage":[6,11,19,23,23,33,55,56],"damage_taken":[{"damage":8,"enemies":"2 Louse","floor":1,"turns":2},{"damage":0,"enemies":"Small Slimes","floor":2,"turns":2},{"damage":1,"enemies":"Cultist","floor":3,"turns":3},{"damage":24,"enemies":"3 Sentries","floor":6,"turns":8},{"damage":24,"enemies":"Lagavulin","floor":10,"turns":7},{"damage":16,"enemies":"3 Sentries","floor":11,"turns":7},{"damage":1,"enemies":"Blue Slaver","floor":12,"turns":5},{"damage":45,"enemies":"The Guardian","floor":16,"turns":19},{"damage":6,"enemies":"Chosen","floor":18,"turns":4},{"damage":4,"enemies":"Shell Parasite","floor":19,"turns":7},{"damage":25,"enemies":"Shelled Parasite and Fungi","floor":20,"turns":9},{"damage":3,"enemies":"Snake Plant","floor":22,"turns":7},{"damage":6,"enemies":"Slavers","floor":23,"turns":6},{"damage":6,"enemies":"Book of Stabbing","floor":25,"turns":5},{"damage":23,"enemies":"Slavers","floor":27,"turns":7},{"damage":47,"enemies":"Collector","floor":33,"turns":12},{"damage":0,"enemies":"3 Darklings","floor":35,"turns":6},{"damage":0,"enemies":"3 Shapes","floor":36,"turns":4},{"damage":7,"enemies":"Nemesis","floor":41,"turns":7},{"damage":12,"enemies":"Maw","floor":44,"turns":5},{"damage":40,"enemies":"Giant Head","floor":46,"turns":6},{"damage":6,"enemies":"Jaw Worm Horde","floor":47,"turns":4},{"damage":27,"enemies":"Spire Growth","floor":48,"turns":4},{"damage":74,"enemies":"Donu and Deca","floor":50,"turns":11},{"damage":23,"enemies":"Time Eater","floor":51,"turns":7},{"damage":50,"enemies":"Shield and Spear","floor":55,"turns":6},{"damage":117,"enemies":"The Heart","floor":56,"turns":9}],"seed_played":"-5104395248837562114","potions_obtained":[{"floor":1,"key":"LiquidBronze"},{"floor":6,"key":"DuplicationPotion"},{"floor":10,"key":"Swift Potion"},{"floor":11,"key":"Fruit Juice"},{"floor":19,"key":"Swift Potion"},{"floor":25,"key":"ColorlessPotion"},{"floor":27,"key":"DistilledChaos"},{"floor":36,"key":"Block Potion"},{"floor":41,"key":"FairyPotion"},{"floor":55,"key":"Strength Potion"}],"is_trial":false,"path_per_floor":["M","M","M","?","$","E","?","R","T","E","?","M","?","$","R","B",null,"M","M","M","$","M","E","T","E","T","E","?","R","$","?","R","B",null,"M","M","T","?","T","R","E","$","T","M","R","E","M","M","R","B","B",null,"R","$","E","B",null],"character_chosen":"IRONCLAD","items_purchased":["Question Card","Happy Flower","Vajra","Strange Spoon","Reaper"],"campfire_rested":0,"item_purchase_floors":[5,14,21,30,42],"current_hp_per_floor":[48,54,59,59,59,41,41,41,41,23,15,22,75,75,75,36,65,67,76,59,59,64,66,66,68,68,57,57,57,57,57,57,22,66,78,80,80,80,80,80,80,80,80,80,80,80,80,80,80,75,77,79,79,80,72,68],"gold":61,"neow_bonus":"TWO_FIFTY_GOLD","is_daily":false,"chose_seed":false,"campfire_upgraded":7,"win_rate":0.0,"timestamp":1610082932,"path_taken":["M","M","M","?","$","E","?","R","T","E","?","M","?","$","R","BOSS","M","M","M","$","M","E","?","E","T","E","?","R","$","?","R","BOSS","M","M","?","?","?","R","E","$","T","M","R","E","M","M","R","BOSS","BOSS","R","$","E","BOSS"],"items_purchased_type":["Relic","Relic","Relic","Relic","Card"],"build_version":"2020-12-22","purchased_purges":2,"victory":true,"max_hp_per_floor":[75,75,75,75,75,75,75,75,75,75,75,75,75,75,75,75,75,75,80,80,80,80,80,80,80,80,80,80,80,80,80,80,80,80,80,80,80,80,80,80,80,80,80,80,80,80,80,80,80,80,80,80,80,80,80,80],"relic_stats":{"Regal Pillow":0,"Happy Flower":[48],"counters":[27,179],"Magic Flower":[80],"Charon\u0027s Ashes":[255],"Bag of Preparation":[46],"War Paint":["Defend_R","Defend_R"],"Question Card":21,"Burning Blood":169,"Blood Vial":33,"Strange Spoon":[44],"Dream Catcher":0,"Gambling Chip":[34],"MealTicket":1,"obtain_stats":[{"Ice Cream":55,"Regal Pillow":46,"Happy Flower":14,"Vajra":21,"Magic Flower":25,"Charon\u0027s Ashes":26,"Bag of Preparation":6,"War Paint":9,"Bottled Tornado":39,"Question Card":5,"Burning Blood":0,"Blood Vial":10,"Strange Spoon":30,"Anchor":23,"Dream Catcher":43,"Gambling Chip":41,"Philosopher\u0027s Stone":17,"MealTicket":37,"Bag of Marbles":27,"Coffee Dripper":34,"Paper Frog":11},{"Ice Cream":26,"Regal Pillow":21,"Happy Flower":7,"Vajra":11,"Magic Flower":14,"Charon\u0027s Ashes":14,"Bag of Preparation":4,"War Paint":4,"Bottled Tornado":18,"Question Card":3,"Burning Blood":0,"Blood Vial":5,"Strange Spoon":15,"Anchor":13,"Dream Catcher":19,"Gambling Chip":19,"Philosopher\u0027s Stone":8,"MealTicket":18,"Bag of Marbles":15,"Coffee Dripper":16,"Paper Frog":6},{"Ice Cream":170,"Regal Pillow":138,"Happy Flower":34,"Vajra":73,"Magic Flower":91,"Charon\u0027s Ashes":91,"Bag of Preparation":15,"War Paint":15,"Bottled Tornado":120,"Question Card":7,"Burning Blood":0,"Blood Vial":22,"Strange Spoon":98,"Anchor":86,"Dream Catcher":127,"Gambling Chip":127,"Philosopher\u0027s Stone":53,"MealTicket":120,"Bag of Marbles":98,"Coffee Dripper":110,"Paper Frog":29}]},"card_choices":[{"not_picked":["Sentinel","Sword Boomerang"],"picked":"Thunderclap","floor":1},{"not_picked":["Clash","Cleave"],"picked":"Anger","floor":2},{"not_picked":["Body Slam","Twin Strike"],"picked":"Flame Barrier","floor":3},{"not_picked":["Reckless Charge","Fire Breathing","Infernal Blade"],"picked":"Armaments","floor":6},{"not_picked":["Heavy Blade","Carnage","Shockwave"],"picked":"Impervious","floor":10},{"not_picked":["Twin Strike","Flame Barrier","Second Wind"],"picked":"Shrug It Off","floor":12},{"not_picked":["Limit Break","Offering","Double Tap"],"picked":"Exhume","floor":16},{"not_picked":["Warcry","Havoc","Armaments"],"picked":"Disarm","floor":18},{"not_picked":["Entrench","Wild Strike","Infernal Blade","Thunderclap"],"picked":"SKIP","floor":19},{"not_picked":["Clothesline","Hemokinesis","Berserk"],"picked":"Twin Strike+1","floor":20},{"not_picked":["Entrench","Fire Breathing","Clothesline"],"picked":"Shockwave","floor":22},{"not_picked":["Seeing Red","Ghostly Armor+1","Wild Strike","Pommel Strike"],"picked":"SKIP","floor":23},{"not_picked":["Twin Strike","Perfected Strike","Intimidate+1"],"picked":"Body Slam","floor":25},{"not_picked":["Sever Soul","Bloodletting","Thunderclap"],"picked":"Exhume","floor":27},{"not_picked":["Bludgeon","Double Tap","Exhume"],"picked":"Demon Form","floor":33},{"not_picked":["Perfected Strike","Reckless Charge","Blood for Blood","Searing Blow"],"picked":"SKIP","floor":35},{"not_picked":["Thunderclap","Bloodletting","Ghostly Armor","Perfected Strike+1"],"picked":"SKIP","floor":36},{"not_picked":["Pummel","Rupture","Rampage","True Grit"],"picked":"SKIP","floor":41},{"not_picked":["Sentinel","Cleave","Anger","Havoc"],"picked":"SKIP","floor":44},{"not_picked":["Ghostly Armor","Hemokinesis","Blood for Blood"],"picked":"Metallicize+1","floor":46},{"not_picked":["Second Wind","Pummel","Havoc"],"picked":"Shrug It Off","floor":47},{"not_picked":["Shrug It Off","Warcry","Sever Soul+1"],"picked":"Clothesline+1","floor":48},{"not_picked":["Cleave","Flex","Warcry"],"picked":"Heavy Blade","floor":55}],"player_experience":20453835,"relics_obtained":[{"floor":6,"key":"Bag of Preparation"},{"floor":9,"key":"War Paint"},{"floor":10,"key":"Blood Vial"},{"floor":11,"key":"Paper Frog"},{"floor":23,"key":"Anchor"},{"floor":25,"key":"Magic Flower"},{"floor":26,"key":"Charon\u0027s Ashes"},{"floor":27,"key":"Bag of Marbles"},{"floor":37,"key":"MealTicket"},{"floor":39,"key":"Bottled Tornado"},{"floor":41,"key":"Gambling Chip"},{"floor":43,"key":"Dream Catcher"},{"floor":46,"key":"Regal Pillow"},{"floor":55,"key":"Ice Cream"}],"event_choices":[{"damage_healed":0,"gold_gain":0,"cards_transformed":["Strike_R"],"player_choice":"Change","damage_taken":0,"max_hp_gain":0,"max_hp_loss":0,"event_name":"Living Wall","floor":4,"gold_loss":0,"cards_obtained":["Offering"]},{"damage_healed":0,"gold_gain":0,"player_choice":"Ignored","damage_taken":0,"max_hp_gain":0,"max_hp_loss":0,"event_name":"Shining Light","floor":7,"gold_loss":0},{"damage_healed":0,"gold_gain":0,"player_choice":"Searched \u00272\u0027 times","damage_taken":0,"max_hp_gain":0,"max_hp_loss":0,"event_name":"Dead Adventurer","floor":11,"gold_loss":0},{"damage_healed":53,"gold_gain":0,"player_choice":"Full Heal","damage_taken":0,"max_hp_gain":0,"max_hp_loss":0,"event_name":"Wheel of Change","floor":13,"gold_loss":0},{"damage_healed":0,"gold_gain":0,"player_choice":"Simplicity","damage_taken":0,"max_hp_gain":0,"max_hp_loss":0,"event_name":"Back to Basics","floor":28,"gold_loss":0,"cards_upgraded":["Strike_R","Strike_R","Strike_R","Defend_R","Defend_R"]},{"damage_healed":0,"gold_gain":0,"player_choice":"Copied","damage_taken":0,"max_hp_gain":0,"max_hp_loss":0,"event_name":"Duplicator","floor":31,"gold_loss":0,"cards_obtained":["Impervious"]},{"damage_healed":0,"gold_gain":0,"player_choice":"Ignored","damage_taken":0,"max_hp_gain":0,"max_hp_loss":0,"event_name":"Tomb of Lord Red Mask","floor":38,"gold_loss":0}],"is_beta":false,"boss_relics":[{"not_picked":["Runic Cube","SlaversCollar"],"picked":"Philosopher\u0027s Stone"},{"not_picked":["Cursed Key","Fusion Hammer"],"picked":"Coffee Dripper"}],"items_purged_floors":[5,54],"is_endless":false,"potions_floor_spawned":[1,6,10,11,19,20,25,27,36,41,44,55],"ascension_level":20}}