{"host":"19r1ww88x2tc73i0","time":1610136699,"event":{"mods":["BaseMod","BetterRewards","Colored Map","Minty Spire (QoL Compilation)","Relic Stats","StSLib","SuperFastMode","slay the spire mod where everything is the same but ironclad has a cowboy hat"],"gold_per_floor":[111,128,278,353,198,198,230,230,276,290,290,4,22,37,37,112,112,131,44,63,113,203,203,222,222,300,320,346,346,376,388,388,459,459,479,493,493,493],"floor_reached":37,"playtime":1371,"items_purged":["Strike_B","Doubt"],"score":843,"play_id":"9fb9f12c-cc6e-42b3-92d6-270742bc6658","local_time":"25640109031139","is_ascension_mode":true,"campfire_choices":[{"data":"Hologram","floor":6,"key":"SMITH"},{"floor":8,"key":"REST"},{"data":"Reinforced Body","floor":15,"key":"SMITH"},{"floor":23,"key":"REST"},{"floor":25,"key":"REST"},{"floor":29,"key":"REST"},{"floor":32,"key":"REST"}],"circlet_count":0,"master_deck":["AscendersBane","Strike_B","Strike_B","Strike_B","Defend_B","Defend_B","Defend_B","Defend_B","Zap","Dualcast","Melter","Conserve Battery","Reinforced Body+1","Leap","Hologram+1","Compile Driver","Electrodynamics","Defragment","Redo+1","Thunder Strike","Coolheaded","Seek","Steam+1","Beam Cell+1"],"relics":["FrozenCore","TungstenRod","Ginger","Matryoshka","Boot","Happy Flower","Meat on the Bone","Fusion Hammer","DataDisk","Gremlin Horn","Pantograph","FossilizedHelix"],"acts_visited":["Exordium","TheCity","TheBeyond"],"potions_floor_usage":[16,28,31,33],"damage_taken":[{"damage":0,"enemies":"2 Louse","floor":1,"turns":3},{"damage":5,"enemies":"Small Slimes","floor":2,"turns":3},{"damage":42,"enemies":"3 Sentries","floor":7,"turns":11},{"damage":0,"enemies":"Jaw Worm","floor":10,"turns":4},{"damage":1,"enemies":"2 Fungi Beasts","floor":13,"turns":3},{"damage":19,"enemies":"Lots of Slimes","floor":14,"turns":4},{"damage":36,"enemies":"The Guardian","floor":16,"turns":10},{"damage":22,"enemies":"2 Thieves","floor":18,"turns":4},{"damage":13,"enemies":"Shell Parasite","floor":20,"turns":4},{"damage":19,"enemies":"Centurion and Healer","floor":24,"turns":8},{"damage":0,"enemies":"Snecko","floor":27,"turns":6},{"damage":31,"enemies":"Slavers","floor":28,"turns":4},{"damage":58,"enemies":"Book of Stabbing","floor":30,"turns":7},{"damage":10,"enemies":"Shelled Parasite and Fungi","floor":31,"turns":5},{"damage":63,"enemies":"Collector","floor":33,"turns":10},{"damage":0,"enemies":"3 Shapes","floor":35,"turns":4},{"damage":17,"enemies":"3 Darklings","floor":36,"turns":6},{"damage":14,"enemies":"Maw","floor":37,"turns":7}],"seed_played":"3648483937727565277","potions_obtained":[{"floor":7,"key":"ColorlessPotion"},{"floor":10,"key":"SpeedPotion"},{"floor":14,"key":"FairyPotion"},{"floor":27,"key":"FearPotion"},{"floor":30,"key":"Fire Potion"},{"floor":31,"key":"Block Potion"},{"floor":33,"key":"CultistPotion"}],"is_trial":false,"path_per_floor":["M","M","?","?","$","R","E","R","T","M","?","$","M","M","R","B",null,"M","$","M","?","?","R","M","R","T","M","E","R","E","M","R","B",null,"M","M","M"],"character_chosen":"DEFECT","items_purchased":["TungstenRod","Melter","Conserve Battery","Hologram","Meat on the Bone","Defragment"],"campfire_rested":5,"item_purchase_floors":[0,0,0,5,12,19],"current_hp_per_floor":[64,59,59,49,49,49,7,28,28,28,28,28,39,32,32,33,62,40,40,39,39,29,50,43,64,64,64,45,66,20,22,43,17,58,58,41,27,27],"gold":493,"neow_bonus":"","is_daily":false,"chose_seed":false,"campfire_upgraded":2,"win_rate":0.0,"timestamp":1610136699,"path_taken":["M","M","?","?","$","R","E","R","T","M","?","$","M","M","R","BOSS","M","$","M","?","?","R","M","R","T","M","E","R","E","M","R","BOSS","M","?","M"],"items_purchased_type":["Relic","Card","Card","Card","Relic","Card"],"build_version":"2020-12-22","purchased_purges":2,"victory":false,"max_hp_per_floor":[71,71,71,71,71,71,71,71,71,71,71,71,71,71,71,71,71,71,71,71,71,71,71,71,71,71,71,71,71,71,71,71,71,71,71,71,71,71],"relic_stats":{"Happy Flower":[28],"Gremlin Horn":[9,9],"counters":[115,509],"Pantograph":25,"Ginger":[21],"Boot":[9],"obtain_stats":[{"Ice Cream":0,"Calipers":25,"Gremlin Horn":48,"CeramicFish":0,"Vajra":46,"Runic Capacitor":0,"Ginger":0,"Boot":9,"FrozenCore":34,"Blood Vial":12,"HornCleat":11,"Strawberry":8,"Prayer Wheel":45,"Fusion Hammer":17,"HandDrill":0,"Toxic Egg 2":0,"Runic Cube":17,"Happy Flower":28,"Dead Branch":0,"Blue Candle":9,"Pen Nib":9,"War Paint":9,"Akabeko":0,"OrangePellets":0,"Shuriken":8,"Bronze Scales":43,"Bird Faced Urn":0,"Molten Egg 2":45,"Black Star":17,"Symbiotic Virus":6,"Meat on the Bone":12,"Darkstone Periapt":26,"Lantern":13,"Torii":0,"StoneCalendar":47,"Mango":0,"Juzu Bracelet":0,"Incense Burner":0,"Bag of Preparation":31,"Cursed Key":17,"Smiling Mask":24,"Ancient Tea Set":28,"Empty Cage":17,"Burning Blood":0,"ClockworkSouvenir":45,"Dream Catcher":26,"Matryoshka":0,"Shovel":10,"Mummified Hand":0,"Pantograph":9,"Tiny Chest":0,"WingedGreaves":0,"Red Mask":21,"Chemical X":0,"Cracked Core":0,"Paper Frog":4,"Runic Pyramid":34,"Potion Belt":13,"Self Forming Clay":3,"Golden Idol":3,"PreservedInsect":0,"The Courier":10,"Omamori":26,"Odd Mushroom":10,"Frozen Egg 2":20,"MawBank":23,"Peace Pipe":14,"DataDisk":26,"Ornamental Fan":6,"Turnip":0,"Bag of Marbles":0,"Art of War":0,"Membership Card":0,"TungstenRod":0,"Toy Ornithopter":9,"FossilizedHelix":0},{"Ice Cream":63,"Calipers":25,"Gremlin Horn":35,"CeramicFish":0,"Vajra":34,"Runic Capacitor":45,"Ginger":11,"Boot":100,"FrozenCore":112,"Blood Vial":4,"HornCleat":18,"Strawberry":3,"Prayer Wheel":33,"Fusion Hammer":104,"HandDrill":49,"Toxic Egg 2":78,"Runic Cube":7,"Happy Flower":26,"Dead Branch":56,"Blue Candle":83,"Pen Nib":62,"War Paint":16,"Akabeko":0,"OrangePellets":0,"Shuriken":16,"Bronze Scales":33,"Bird Faced Urn":56,"Molten Egg 2":33,"Black Star":95,"Symbiotic Virus":61,"Meat on the Bone":101,"Darkstone Periapt":10,"Lantern":43,"Torii":11,"StoneCalendar":35,"Mango":37,"Juzu Bracelet":0,"Incense Burner":0,"Bag of Preparation":28,"Cursed Key":20,"Smiling Mask":25,"Ancient Tea Set":26,"Empty Cage":73,"Burning Blood":0,"ClockworkSouvenir":33,"Dream Catcher":77,"Matryoshka":45,"Shovel":92,"Mummified Hand":86,"Pantograph":3,"Tiny Chest":11,"WingedGreaves":63,"Red Mask":24,"Chemical X":56,"Cracked Core":0,"Paper Frog":1,"Runic Pyramid":29,"Potion Belt":71,"Self Forming Clay":1,"Golden Idol":38,"PreservedInsect":0,"The Courier":84,"Omamori":25,"Odd Mushroom":17,"Frozen Egg 2":74,"MawBank":10,"Peace Pipe":6,"DataDisk":107,"Ornamental Fan":2,"Turnip":78,"Bag of Marbles":0,"Art of War":0,"Membership Card":11,"TungstenRod":11,"Toy Ornithopter":67,"FossilizedHelix":86},{"Ice Cream":271,"Calipers":112,"Gremlin Horn":146,"CeramicFish":0,"Vajra":143,"Runic Capacitor":202,"Ginger":62,"Boot":423,"FrozenCore":492,"Blood Vial":15,"HornCleat":87,"Strawberry":12,"Prayer Wheel":140,"Fusion Hammer":444,"HandDrill":216,"Toxic Egg 2":328,"Runic Cube":36,"Happy Flower":116,"Dead Branch":248,"Blue Candle":350,"Pen Nib":268,"War Paint":79,"Akabeko":0,"OrangePellets":0,"Shuriken":79,"Bronze Scales":140,"Bird Faced Urn":248,"Molten Egg 2":140,"Black Star":396,"Symbiotic Virus":265,"Meat on the Bone":427,"Darkstone Periapt":57,"Lantern":194,"Torii":62,"StoneCalendar":146,"Mango":159,"Juzu Bracelet":0,"Incense Burner":0,"Bag of Preparation":124,"Cursed Key":96,"Smiling Mask":112,"Ancient Tea Set":116,"Empty Cage":309,"Burning Blood":0,"ClockworkSouvenir":140,"Dream Catcher":326,"Matryoshka":202,"Shovel":381,"Mummified Hand":360,"Pantograph":12,"Tiny Chest":62,"WingedGreaves":271,"Red Mask":109,"Chemical X":248,"Cracked Core":0,"Paper Frog":2,"Runic Pyramid":129,"Potion Belt":298,"Self Forming Clay":2,"Golden Idol":164,"PreservedInsect":0,"The Courier":354,"Omamori":112,"Odd Mushroom":83,"Frozen Egg 2":312,"MawBank":57,"Peace Pipe":23,"DataDisk":460,"Ornamental Fan":7,"Turnip":328,"Bag of Marbles":0,"Art of War":0,"Membership Card":62,"TungstenRod":62,"Toy Ornithopter":283,"FossilizedHelix":360}],"TungstenRod":60,"FrozenCore":[5],"Meat on the Bone":108},"card_choices":[{"not_picked":["Barrage","Heatsinks"],"picked":"Reinforced Body","floor":1},{"not_picked":["Barrage","Auto Shields"],"picked":"Leap","floor":2},{"not_picked":["Recycle","Turbo"],"picked":"Compile Driver","floor":7},{"not_picked":["Compile Driver","Darkness","Barrage"],"picked":"SKIP","floor":10},{"not_picked":["Static Discharge","Turbo","Undo"],"picked":"SKIP","floor":13},{"not_picked":["Steam","Storm","Static Discharge"],"picked":"SKIP","floor":14},{"not_picked":["Machine Learning","Seek"],"picked":"Electrodynamics","floor":16},{"not_picked":["Streamline","Steam","Sunder"],"picked":"SKIP","floor":18},{"not_picked":["Cold Snap","Steam","Go for the Eyes"],"picked":"SKIP","floor":20},{"not_picked":["Recycle","Scrape","Steam"],"picked":"SKIP","floor":24},{"not_picked":["Cold Snap","Storm","Turbo"],"picked":"SKIP","floor":27},{"not_picked":["Hologram","Hello World+1"],"picked":"Redo+1","floor":28},{"not_picked":["Turbo","FTL"],"picked":"Thunder Strike","floor":30},{"not_picked":["Hologram","Barrage+1"],"picked":"Coolheaded","floor":31},{"not_picked":["Electrodynamics","Meteor Strike"],"picked":"Seek","floor":33},{"not_picked":["Sweeping Beam","Rebound"],"picked":"Steam+1","floor":35},{"not_picked":["Sweeping Beam+1","Redo"],"picked":"Beam Cell+1","floor":36}],"player_experience":879592,"relics_obtained":[{"floor":7,"key":"Matryoshka"},{"floor":9,"key":"Boot"},{"floor":9,"key":"Happy Flower"},{"floor":26,"key":"DataDisk"},{"floor":26,"key":"Gremlin Horn"},{"floor":28,"key":"Pantograph"},{"floor":30,"key":"FossilizedHelix"}],"event_choices":[{"damage_healed":0,"gold_gain":150,"player_choice":"AGREE","damage_taken":0,"max_hp_gain":0,"max_hp_loss":0,"event_name":"Liars Game","floor":3,"gold_loss":0,"cards_obtained":["Doubt"]},{"damage_healed":0,"gold_gain":75,"player_choice":"Gather Gold","damage_taken":11,"max_hp_gain":0,"max_hp_loss":0,"event_name":"World of Goop","floor":4,"gold_loss":0},{"damage_healed":0,"gold_gain":0,"player_choice":"Ignored","damage_taken":0,"max_hp_gain":0,"max_hp_loss":0,"event_name":"Shining Light","floor":11,"gold_loss":0},{"damage_healed":0,"gold_gain":50,"player_choice":"Stole From Cult","damage_taken":0,"max_hp_gain":0,"max_hp_loss":0,"event_name":"Nest","floor":21,"gold_loss":0},{"damage_healed":0,"gold_gain":90,"player_choice":"GOLD ","damage_taken":12,"max_hp_gain":0,"max_hp_loss":0,"event_name":"Knowing Skull","floor":22,"potions_obtained":[],"gold_loss":0,"cards_obtained":[]}],"is_beta":false,"boss_relics":[{"not_picked":["Philosopher\u0027s Stone","Busted Crown"],"picked":"Fusion Hammer"},{"not_picked":["Coffee Dripper","Empty Cage"],"picked":"FrozenCore"}],"items_purged_floors":[0,5],"is_endless":false,"potions_floor_spawned":[7,10,14,27,30,31,33],"killed_by":"Maw","ascension_level":20}}