{"host":"irwdypew7j0recua","time":1610071591,"event":{"mods":["BaseMod","Better Vampires","Custom Start","Downfall","Googly Eyes","Hermit","Infinite Spire","Marisa????????","Minty Spire (QoL Compilation)","READ ME - Snecko Mod","Replay The Spire","Reworked Bosses","Shop Mod","StSLib","The Animator","The Cursed","The Necromancer","The Servant 0.9.4","The Wild Card"],"gold_per_floor":[99,111,211,211,121,67,67,85,98,131,147,166,51,51,51,51],"floor_reached":14,"playtime":1205,"items_purged":["Guardian:Defend_Guardian","Guardian:Defend_Guardian"],"score":90,"play_id":"a596b574-777a-4aa1-a971-c1a7019e1b02","local_time":"20210108000631","is_ascension_mode":false,"campfire_choices":[{"data":"Guardian:CurlUp","floor":1,"key":"SMITH"}],"circlet_count":0,"master_deck":["Guardian:Strike_Guardian","Guardian:Strike_Guardian","Guardian:Strike_Guardian","Guardian:Strike_Guardian","Guardian:Defend_Guardian","Guardian:Defend_Guardian","Guardian:CurlUp+1","Guardian:TwinSlam","Guardian:EvasiveProtocol","infinitespire:Menacing","Guardian:SpikerProtocol","Guardian:ChargeCore","Guardian:FloatingOrbs","Guardian:DecasProtection","Guardian:WalkerClaw","Guardian:Incinerate","Guardian:Emergency","Guardian:MultiBeam"],"relics":["Guardian:ModeShifter","infinitespire:FocusingShard","Replay:Multitool"],"acts_visited":["Exordium"],"potions_floor_usage":[],"damage_taken":[{"damage":4,"enemies":"Jaw Worm","floor":2,"turns":5},{"damage":0,"enemies":"downfall:FleeingMerchant","floor":5,"turns":5},{"damage":0,"enemies":"downfall:FleeingMerchant","floor":6,"turns":4},{"damage":4,"enemies":"Small Slimes","floor":8,"turns":4},{"damage":9,"enemies":"Cultist","floor":9,"turns":4},{"damage":28,"enemies":"Lagavulin","floor":10,"turns":8},{"damage":10,"enemies":"Large Slime","floor":11,"turns":7},{"damage":0,"enemies":"2 Fungi Beasts","floor":12,"turns":4},{"damage":8,"enemies":"downfall:FleeingMerchant","floor":13,"turns":5},{"damage":9,"enemies":"3 Sentries","floor":14,"turns":1}],"seed_played":"-1469885925427272415","potions_obtained":[{"floor":2,"key":"Ancient Potion"},{"floor":8,"key":"Strength Potion"},{"floor":9,"key":"Block Potion"}],"is_trial":false,"path_per_floor":["R","M","?","?","$","$","T","M","M","E","M","M","$","E"],"character_chosen":"GUARDIAN","items_purchased":["Guardian:FloatingOrbs"],"campfire_rested":0,"item_purchase_floors":[6],"current_hp_per_floor":[88,84,84,62,62,62,62,58,49,21,11,11,3,0,0,0],"gold":51,"neow_bonus":"TEN_PERCENT_HP_BONUS","is_daily":false,"chose_seed":false,"campfire_upgraded":1,"win_rate":0.0,"timestamp":1610071591,"path_taken":["R","M","?","?","?","$","T","M","M","E","M","M","$","E"],"items_purchased_type":["Card"],"build_version":"2020-12-22","purchased_purges":2,"victory":false,"max_hp_per_floor":[88,88,88,88,88,88,88,88,88,88,88,88,88,88,88,88],"card_choices":[{"not_picked":["Guardian:ShieldCharger","Guardian:Incinerate"],"picked":"Guardian:EvasiveProtocol","floor":2},{"not_picked":["infinitespire:FutureSight","ReplayTheSpireMod:Haul"],"picked":"infinitespire:Menacing","floor":4},{"not_picked":["Guardian:Clone","Guardian:Gem_Purple"],"picked":"Guardian:SpikerProtocol","floor":5},{"not_picked":["Guardian:TimeCapacitor","Guardian:Recover"],"picked":"Guardian:ChargeCore","floor":6},{"not_picked":["Guardian:VentSteam","Guardian:Repulse"],"picked":"Guardian:DecasProtection","floor":8},{"not_picked":["Guardian:Gem_Crimson","Guardian:Gem_Green"],"picked":"Guardian:WalkerClaw","floor":9},{"not_picked":["Guardian:PolyBeam","Guardian:TemporalShield"],"picked":"Guardian:Incinerate","floor":10},{"not_picked":["Guardian:TemporalShield","Guardian:TemporalStrike","Guardian:Suspension"],"picked":"SKIP","floor":11},{"not_picked":["Guardian:PiercingHide","Guardian:ShieldSpikes"],"picked":"Guardian:Emergency","floor":12},{"not_picked":["Guardian:TemporalShield","Guardian:Clone"],"picked":"Guardian:MultiBeam","floor":13}],"player_experience":148707,"relics_obtained":[{"floor":7,"key":"infinitespire:FocusingShard"},{"floor":10,"key":"Replay:Multitool"}],"event_choices":[],"is_beta":false,"boss_relics":[],"items_purged_floors":[5,13],"is_endless":false,"potions_floor_spawned":[2,8,9,11],"killed_by":"3 Sentries","ascension_level":0}}