{"host":"qojc688juf5ijsln","time":1610082276,"event":{"mods":["AchievementEnabler","BaseMod","BetterRewards","Colored Powertips","Highlight Path","Minty Spire (QoL Compilation)","Quick Restart","Shop Mod","StSLib"],"gold_per_floor":[117,129,129,129,129,129,29,58,82,95,95,129,143,162,162,258,258,270,270,282,294,231,275,386,411,423,435,112,131,131,143,143,244,244,261,277,277,277,120,120,120],"floor_reached":40,"playtime":3905,"items_purged":["Defend_P","Strike_P"],"score":459,"play_id":"9ff9b1a3-d03d-44a8-a648-ee2f8e565180","local_time":"20210108130436","is_ascension_mode":true,"campfire_choices":[{"floor":6.0,"key":"RECALL"},{"data":"Eruption","floor":11.0,"key":"SMITH"},{"floor":15.0,"key":"REST"},{"floor":27.0,"key":"REST"},{"floor":30.0,"key":"REST"},{"floor":32.0,"key":"REST"}],"circlet_count":0,"master_deck":["Strike_P","Strike_P","Strike_P","Eruption+1","ClearTheMind","InnerPeace","Fasting2","Prostrate","Fasting2","FlurryOfBlows","DevaForm","Fasting2","Brilliance+1","Devotion","MentalFortress"],"relics":["PureWater","TungstenRod","Gambling Chip","Damaru","Omamori","HornCleat","VioletLotus","MawBank","InkBottle","Bottled Flame","Bottled Lightning","Molten Egg 2","Empty Cage","Orichalcum"],"acts_visited":["Exordium","TheCity","TheBeyond"],"potions_floor_usage":[],"damage_taken":[{"damage":11.0,"enemies":"2 Louse","floor":1.0,"turns":2.0},{"damage":0.0,"enemies":"Jaw Worm","floor":2.0,"turns":3.0},{"damage":24.0,"enemies":"Gremlin Nob","floor":8.0,"turns":4.0},{"damage":0.0,"enemies":"Cultist","floor":10.0,"turns":2.0},{"damage":0.0,"enemies":"Lagavulin","floor":12.0,"turns":2.0},{"damage":0.0,"enemies":"2 Fungi Beasts","floor":13.0,"turns":2.0},{"damage":0.0,"enemies":"Exordium Wildlife","floor":14.0,"turns":2.0},{"damage":43.0,"enemies":"Hexaghost","floor":16.0,"turns":11.0},{"damage":18.0,"enemies":"3 Byrds","floor":18.0,"turns":6.0},{"damage":39.0,"enemies":"Book of Stabbing","floor":23.0,"turns":6.0},{"damage":14.0,"enemies":"2 Thieves","floor":25.0,"turns":3.0},{"damage":18.0,"enemies":"Centurion and Healer","floor":29.0,"turns":6.0},{"damage":18.0,"enemies":"Snake Plant","floor":31.0,"turns":5.0},{"damage":29.0,"enemies":"Collector","floor":33.0,"turns":6.0},{"damage":16.0,"enemies":"3 Shapes","floor":35.0,"turns":4.0},{"damage":23.0,"enemies":"Orb Walker","floor":36.0,"turns":4.0},{"damage":44,"enemies":"Reptomancer","floor":40,"turns":2}],"seed_played":"-6282269249406317349","potions_obtained":[{"floor":5.0,"key":"BlessingOfTheForge"},{"floor":5.0,"key":"CultistPotion"},{"floor":5.0,"key":"FearPotion"},{"floor":14.0,"key":"Regen Potion"},{"floor":16.0,"key":"Dexterity Potion"},{"floor":23.0,"key":"SteroidPotion"},{"floor":25.0,"key":"DistilledChaos"}],"is_trial":false,"path_per_floor":["M","M","?","?","?","R","$","E","T","M","R","E","M","M","R","B",null,"M","?","?","T","?","E","?","M","T","R","$","M","R","M","R","B",null,"M","M","?","?","$","E"],"character_chosen":"WATCHER","items_purchased":["Damaru","Molten Egg 2","Brilliance+1","Orichalcum"],"campfire_rested":4,"item_purchase_floors":[0,28,28,39],"current_hp_per_floor":[61,61,61,66,66,66,66,42,42,42,42,42,42,42,65,31,77,59,59,59,59,59,20,20,6,6,29,29,11,34,16,39,10,77,61,38,38,38,38,0,0],"gold":120,"neow_bonus":"","is_daily":false,"chose_seed":false,"campfire_upgraded":1,"win_rate":0.0,"timestamp":1610082276,"path_taken":["M","M","?","?","?","R","$","E","T","M","R","E","?","M","R","BOSS","M","?","?","?","?","E","?","?","T","R","$","M","R","M","R","BOSS","M","M","?","?","$","E"],"items_purchased_type":["Relic","Relic","Card","Relic"],"build_version":"2020-12-22","purchased_purges":2,"victory":false,"max_hp_per_floor":[72,72,72,77,77,77,77,77,77,77,77,77,77,77,77,77,77,77,77,77,77,77,77,77,77,77,77,77,77,77,77,77,77,77,77,77,77,73,73,73,73],"card_choices":[{"not_picked":["ClearTheMind","Halt"],"picked":"InnerPeace","floor":1.0},{"not_picked":["FollowUp","CrushJoints","Meditate"],"picked":"SKIP","floor":2.0},{"not_picked":["Consecrate","CutThroughFate","WheelKick"],"picked":"SKIP","floor":8.0},{"not_picked":["Halt","CutThroughFate"],"picked":"Fasting2","floor":10.0},{"not_picked":["FlyingSleeves","Meditate"],"picked":"Prostrate","floor":12.0},{"not_picked":["Wireheading","FollowUp"],"picked":"Fasting2","floor":13.0},{"not_picked":["SashWhip","CutThroughFate"],"picked":"FlurryOfBlows","floor":14.0},{"not_picked":["Scrawl","LessonLearned"],"picked":"DevaForm","floor":16.0},{"not_picked":["BattleHymn","WheelKick+1","EmptyBody"],"picked":"SKIP","floor":18.0},{"not_picked":["CrushJoints+1","Collect","Wireheading"],"picked":"SKIP","floor":23.0},{"not_picked":["Evaluate","FearNoEvil","Protect"],"picked":"SKIP","floor":25.0},{"not_picked":["Wallop+1","InnerPeace","SashWhip+1"],"picked":"SKIP","floor":29.0},{"not_picked":["PathToVictory","JustLucky+1","SpiritShield"],"picked":"SKIP","floor":31.0},{"not_picked":["Ragnarok+1","Scrawl"],"picked":"Devotion","floor":33.0},{"not_picked":["ClearTheMind+1","CutThroughFate+1","JustLucky+1"],"picked":"SKIP","floor":35.0},{"not_picked":["BowlingBash+1","ClearTheMind+1"],"picked":"MentalFortress","floor":36.0}],"player_experience":92738,"relics_obtained":[{"floor":8.0,"key":"Omamori"},{"floor":12.0,"key":"HornCleat"},{"floor":21.0,"key":"InkBottle"},{"floor":23.0,"key":"Bottled Flame"},{"floor":26.0,"key":"Bottled Lightning"}],"event_choices":[{"cards_removed":["Defend_P"],"damage_healed":0.0,"max_hp_gain":0.0,"max_hp_loss":0.0,"gold_gain":0.0,"event_name":"Living Wall","player_choice":"Forget","floor":3.0,"gold_loss":0.0,"damage_taken":0.0},{"damage_healed":0.0,"max_hp_gain":5.0,"max_hp_loss":0.0,"gold_gain":0.0,"event_name":"Big Fish","player_choice":"Donut","floor":4.0,"gold_loss":0.0,"damage_taken":0.0},{"damage_healed":0.0,"max_hp_gain":0.0,"max_hp_loss":0.0,"gold_gain":0.0,"event_name":"Lab","player_choice":"Got Potions","floor":5.0,"gold_loss":0.0,"damage_taken":0.0},{"damage_healed":0.0,"max_hp_gain":0.0,"max_hp_loss":0.0,"gold_gain":0.0,"event_name":"The Mausoleum","player_choice":"Opened","floor":19.0,"gold_loss":0.0,"damage_taken":0.0,"relics_obtained":["MawBank"],"cards_obtained":["Writhe"]},{"damage_healed":0.0,"max_hp_gain":0.0,"max_hp_loss":0.0,"gold_gain":0.0,"event_name":"The Library","player_choice":"Read","floor":20.0,"gold_loss":0.0,"damage_taken":0.0,"cards_obtained":["Fasting2"]},{"cards_removed":["Vigilance"],"damage_healed":0.0,"max_hp_gain":0.0,"max_hp_loss":0.0,"gold_gain":0.0,"event_name":"Beggar","player_choice":"Gave Gold","floor":22.0,"gold_loss":75.0,"damage_taken":0.0},{"damage_healed":0.0,"max_hp_gain":0.0,"max_hp_loss":0.0,"gold_gain":99.0,"event_name":"Nest","player_choice":"Stole From Cult","floor":24.0,"gold_loss":0.0,"damage_taken":0.0},{"damage_healed":0.0,"max_hp_gain":0.0,"max_hp_loss":0.0,"gold_gain":0.0,"event_name":"Tomb of Lord Red Mask","player_choice":"Ignored","floor":37.0,"gold_loss":0.0,"damage_taken":0.0},{"damage_healed":0.0,"max_hp_gain":0.0,"max_hp_loss":4.0,"gold_gain":0.0,"event_name":"Winding Halls","player_choice":"Max HP","floor":38.0,"gold_loss":0.0,"damage_taken":0.0}],"is_beta":false,"boss_relics":[{"not_picked":["HolyWater","Busted Crown"],"picked":"VioletLotus"},{"not_picked":["Sozu","Tiny House"],"picked":"Empty Cage"}],"items_purged_floors":[0,7],"is_endless":false,"potions_floor_spawned":[14,16,23,25],"killed_by":"Reptomancer","ascension_level":1}}