{"host":"sdl5b0uiznq00owb","time":1610069140,"event":{"mods":["BaseMod","Minty Spire (QoL Compilation)","Permanent Neow","Relic Stats"],"gold_per_floor":[117,133,152,102,116,116,143,143,167,167,22,32,57,75,75,177,177,189,206,206,131,131,131,131,131,131,141,51,28,42,62,62,162,162,172,172,222,232,83,83,83],"floor_reached":40,"playtime":2342,"items_purged":["Strike_P"],"score":636,"play_id":"6e943872-ad83-439d-b926-affe93b381dc","local_time":"20210107192540","is_ascension_mode":true,"campfire_choices":[{"data":"ReachHeaven","floor":6.0,"key":"SMITH"},{"data":"FlurryOfBlows","floor":8.0,"key":"SMITH"},{"floor":10.0,"key":"REST"},{"floor":15.0,"key":"REST"},{"floor":23.0,"key":"REST"},{"data":"Nirvana","floor":25.0,"key":"SMITH"},{"data":"TalkToTheHand","floor":32.0,"key":"SMITH"}],"circlet_count":0,"master_deck":["Defend_P","Defend_P","Eruption+1","Vigilance","CutThroughFate","CutThroughFate+1","ReachHeaven+1","Nirvana+1","LessonLearned","ThirdEye","Vault","SashWhip+1","Halt","Consecrate+1","CutThroughFate","Wallop","TalkToTheHand+1"],"relics":["VioletLotus","Potion Belt","Pen Nib","Regal Pillow","Empty Cage","Nilry\u0027s Codex","Bottled Lightning","Cursed Key","Gambling Chip","Anchor"],"acts_visited":["Exordium","TheCity","TheBeyond"],"potions_floor_usage":[],"damage_taken":[{"damage":4.0,"enemies":"Jaw Worm","floor":1.0,"turns":3.0},{"damage":9.0,"enemies":"2 Louse","floor":2.0,"turns":3.0},{"damage":0.0,"enemies":"Cultist","floor":3.0,"turns":3.0},{"damage":4.0,"enemies":"Looter","floor":5.0,"turns":4.0},{"damage":0.0,"enemies":"Gremlin Nob","floor":7.0,"turns":2.0},{"damage":5.0,"enemies":"Exordium Thugs","floor":12.0,"turns":3.0},{"damage":44.0,"enemies":"3 Sentries","floor":13.0,"turns":5.0},{"damage":13.0,"enemies":"Large Slime","floor":14.0,"turns":3.0},{"damage":0.0,"enemies":"Slime Boss","floor":16.0,"turns":3.0},{"damage":4.0,"enemies":"Chosen","floor":18.0,"turns":2.0},{"damage":12.0,"enemies":"3 Byrds","floor":19.0,"turns":6.0},{"damage":16.0,"enemies":"Centurion and Healer","floor":27.0,"turns":6.0},{"damage":4.0,"enemies":"Shelled Parasite and Fungi","floor":30.0,"turns":3.0},{"damage":3.0,"enemies":"Cultist and Chosen","floor":31.0,"turns":4.0},{"damage":34.0,"enemies":"Collector","floor":33.0,"turns":10.0},{"damage":3.0,"enemies":"Orb Walker","floor":35.0,"turns":4.0},{"damage":9.0,"enemies":"2 Orb Walkers","floor":37.0,"turns":5.0},{"damage":28.0,"enemies":"3 Darklings","floor":38.0,"turns":5.0},{"damage":0,"enemies":"Reptomancer","floor":40,"turns":1}],"seed_played":"7027727564257244543","potions_obtained":[{"floor":2.0,"key":"ColorlessPotion"},{"floor":3.0,"key":"Weak Potion"},{"floor":5.0,"key":"SkillPotion"},{"floor":14.0,"key":"LiquidMemories"},{"floor":18.0,"key":"Weak Potion"},{"floor":27.0,"key":"SneckoOil"},{"floor":30.0,"key":"LiquidMemories"},{"floor":31.0,"key":"DuplicationPotion"},{"floor":37.0,"key":"FearPotion"},{"floor":38.0,"key":"Ambrosia"}],"is_trial":false,"path_per_floor":["M","M","M","?","M","R","E","R","T","R","$","M","E","M","R","B",null,"M","M","?","?","?","R","$","R","T","M","?","$","M","M","R","B",null,"M","?","?","M","$","E"],"character_chosen":"WATCHER","items_purchased":["Nirvana","CutThroughFate","Anchor"],"campfire_rested":3,"item_purchase_floors":[11,29,39],"current_hp_per_floor":[61,52,52,52,48,48,48,48,48,69,69,64,20,7,43,43,65,61,49,33,33,33,69,69,69,69,53,53,53,49,46,46,12,57,54,54,45,17,17,17,17],"gold":83,"neow_bonus":"BOSS_RELIC","is_daily":false,"chose_seed":false,"campfire_upgraded":4,"win_rate":0.0,"timestamp":1610069140,"path_taken":["M","M","M","?","M","R","E","R","T","R","$","M","E","M","R","BOSS","M","M","?","?","?","R","$","R","T","?","?","$","?","M","R","BOSS","M","?","?","M","$","E"],"items_purchased_type":["Card","Card","Relic"],"build_version":"2020-12-22","purchased_purges":1,"victory":false,"max_hp_per_floor":[72,72,72,72,72,72,72,72,72,72,72,72,72,72,72,72,72,72,72,72,72,72,72,72,72,72,72,72,72,72,72,72,72,72,72,72,72,72,72,72,72],"relic_stats":{"Regal Pillow":30,"counters":[19,75],"Gambling Chip":[0],"VioletLotus":[16],"Pen Nib":[15],"Cursed Key":0,"obtain_stats":[{"Potion Belt":7,"Regal Pillow":13,"Anchor":39,"Nilry\u0027s Codex":20,"Gambling Chip":37,"VioletLotus":0,"Pen Nib":9,"Bottled Lightning":26,"PureWater":0,"Empty Cage":17,"Cursed Key":34},{"Potion Belt":5,"Regal Pillow":7,"Anchor":18,"Nilry\u0027s Codex":11,"Gambling Chip":17,"VioletLotus":0,"Pen Nib":5,"Bottled Lightning":11,"PureWater":0,"Empty Cage":9,"Cursed Key":15},{"Potion Belt":15,"Regal Pillow":23,"Anchor":74,"Nilry\u0027s Codex":37,"Gambling Chip":69,"VioletLotus":0,"Pen Nib":15,"Bottled Lightning":37,"PureWater":0,"Empty Cage":29,"Cursed Key":60}]},"card_choices":[{"not_picked":["PathToVictory","Fasting2"],"picked":"CutThroughFate","floor":1.0},{"not_picked":["JustLucky","EmptyFist"],"picked":"CutThroughFate","floor":2.0},{"not_picked":["Vengeance","Evaluate"],"picked":"ReachHeaven","floor":3.0},{"not_picked":["Fasting2","CrushJoints"],"picked":"FlurryOfBlows","floor":5.0},{"not_picked":["Fasting2","Swivel","PathToVictory"],"picked":"SKIP","floor":7.0},{"not_picked":["EmptyFist","SashWhip"],"picked":"LessonLearned","floor":12.0},{"not_picked":["Indignation","BowlingBash","EmptyBody"],"picked":"SKIP","floor":13.0},{"not_picked":["Protect","FlurryOfBlows"],"picked":"ThirdEye","floor":14.0},{"not_picked":["Wish","DevaForm"],"picked":"Vault","floor":16.0},{"not_picked":["Study+1","CarveReality"],"picked":"SashWhip","floor":18.0},{"not_picked":["Pray","Fasting2+1"],"picked":"Halt","floor":19.0},{"not_picked":["PathToVictory","ClearTheMind"],"picked":"Consecrate+1","floor":27.0},{"not_picked":["Halt","BowlingBash"],"picked":"Wallop","floor":30.0},{"not_picked":["SandsOfTime","FearNoEvil+1"],"picked":"TalkToTheHand","floor":31.0},{"not_picked":["Evaluate","Pray","Consecrate"],"picked":"SKIP","floor":35.0},{"not_picked":["Wireheading","InnerPeace+1","EmptyBody"],"picked":"SKIP","floor":38.0}],"player_experience":766477,"relics_obtained":[{"floor":7.0,"key":"Potion Belt"},{"floor":9.0,"key":"Pen Nib"},{"floor":13.0,"key":"Regal Pillow"},{"floor":20.0,"key":"Nilry\u0027s Codex"},{"floor":26.0,"key":"Bottled Lightning"},{"floor":37.0,"key":"Gambling Chip"}],"event_choices":[{"cards_removed":["Strike_P"],"damage_healed":0.0,"max_hp_gain":0.0,"max_hp_loss":0.0,"gold_gain":0.0,"event_name":"The Cleric","player_choice":"Card Removal","floor":4.0,"gold_loss":50.0,"damage_taken":0.0},{"damage_healed":0.0,"max_hp_gain":0.0,"max_hp_loss":0.0,"gold_gain":0.0,"event_name":"Cursed Tome","player_choice":"Obtained Book","floor":20.0,"gold_loss":0.0,"damage_taken":16.0},{"cards_removed":["Defend_P"],"damage_healed":0.0,"max_hp_gain":0.0,"max_hp_loss":0.0,"gold_gain":0.0,"event_name":"Beggar","player_choice":"Gave Gold","floor":21.0,"gold_loss":75.0,"damage_taken":0.0},{"damage_healed":0.0,"max_hp_gain":0.0,"max_hp_loss":0.0,"gold_gain":0.0,"cards_transformed":["Defend_P"],"event_name":"Transmorgrifier","player_choice":"Transformed","floor":22.0,"gold_loss":0.0,"damage_taken":0.0,"cards_obtained":["Establishment"]},{"cards_removed":["Establishment"],"damage_healed":0.0,"max_hp_gain":0.0,"max_hp_loss":0.0,"gold_gain":0.0,"event_name":"Designer","player_choice":"Upgrade and Remove","floor":28.0,"gold_loss":90.0,"damage_taken":0.0,"cards_upgraded":["CutThroughFate"]},{"cards_removed":["FlurryOfBlows"],"damage_healed":0.0,"max_hp_gain":0.0,"max_hp_loss":0.0,"gold_gain":0.0,"event_name":"Falling","player_choice":"Removed Attack","floor":36.0,"gold_loss":0.0,"damage_taken":0.0},{"damage_healed":0.0,"max_hp_gain":0.0,"max_hp_loss":0.0,"gold_gain":0.0,"event_name":"Mysterious Sphere","player_choice":"Fight","floor":37.0,"gold_loss":0.0,"damage_taken":0.0}],"is_beta":false,"boss_relics":[{"not_picked":["SacredBark","Tiny House"],"picked":"Empty Cage"},{"not_picked":["Runic Pyramid","Busted Crown"],"picked":"Cursed Key"}],"items_purged_floors":[11],"is_endless":false,"potions_floor_spawned":[2,3,5,14,18,27,30,31,37,38],"killed_by":"Reptomancer","ascension_level":7}}