{"host":"7qf1todfnxspvw7w","time":1610072361,"event":{"mods":["AchievementEnabler","BaseMod","Block Reminder","Colored Powertips","Disable Question Mark Monsters","Displayed Cursed Tome","Googly Eyes","Minty Spire (QoL Compilation)","Poor People Problems","Rare Cards Sparkle","Relic Stats","Reorder Act Four","SacredBarkPlus","StSLib","Uncapped"],"gold_per_floor":[113,76,9,9,27,27,37,37,86,114,126,156,168,180,192,300,312,340,369,381,393,419,450,462,0,37,71,83,194,222,234,246,362,374,402,414,441,470,48,48,0,0,26,47,74,74,74,83,83,83],"floor_reached":51,"playtime":1325,"items_purged":["Bash"],"score":1084,"play_id":"af00f18f-7b0e-4cb1-a0a8-325a560e3042","local_time":"20210108051921","is_ascension_mode":true,"campfire_choices":[{"data":"Rampage","floor":6,"key":"SMITH"},{"data":"Perfected Strike","floor":8,"key":"SMITH"},{"data":"Rupture","floor":13,"key":"SMITH"},{"floor":15,"key":"REST"},{"floor":24,"key":"REST"},{"data":"Limit Break","floor":28,"key":"SMITH"},{"floor":32,"key":"REST"},{"floor":40,"key":"REST"},{"floor":46,"key":"REST"},{"data":"Metamorphosis","floor":49,"key":"SMITH"}],"circlet_count":0,"master_deck":["AscendersBane","Strike_R","Strike_R+1","Strike_R","Strike_R","Defend_R","Defend_R","Defend_R","Defend_R","Perfected Strike+1","Battle Trance","Rupture+1","Rampage+1","Thunderclap+1","Bloodletting","Limit Break+1","Reckless Charge+1","Combust","Iron Wave","Double Tap","Metallicize","Twin Strike","Headbutt+1","Metamorphosis+1"],"relics":["Burning Blood","Whetstone","Mango","MawBank","Velvet Choker","MutagenicStrength","CeramicFish","Vajra","Cauldron","Red Mask","Strawberry"],"acts_visited":["Exordium","TheCity","TheBeyond"],"potions_floor_usage":[23,33,33,39,47,50],"damage_taken":[{"damage":1,"enemies":"Cultist","floor":1,"turns":3},{"damage":14,"enemies":"Jaw Worm","floor":5,"turns":3},{"damage":0,"enemies":"2 Louse","floor":7,"turns":2},{"damage":25,"enemies":"Gremlin Gang","floor":10,"turns":4},{"damage":6,"enemies":"3 Louse","floor":12,"turns":2},{"damage":50,"enemies":"The Guardian","floor":16,"turns":9},{"damage":30,"enemies":"Spheric Guardian","floor":18,"turns":4},{"damage":25,"enemies":"2 Thieves","floor":19,"turns":4},{"damage":57,"enemies":"Sentry and Sphere","floor":22,"turns":6},{"damage":39,"enemies":"Snake Plant","floor":23,"turns":4},{"damage":10,"enemies":"Cultist and Chosen","floor":27,"turns":4},{"damage":16,"enemies":"Centurion and Healer","floor":30,"turns":6},{"damage":49,"enemies":"Champ","floor":33,"turns":7},{"damage":44,"enemies":"3 Shapes","floor":35,"turns":7},{"damage":74,"enemies":"3 Darklings","floor":37,"turns":5},{"damage":44,"enemies":"Maw","floor":38,"turns":6},{"damage":28,"enemies":"4 Shapes","floor":44,"turns":5},{"damage":8,"enemies":"Jaw Worm Horde","floor":45,"turns":2},{"damage":1,"enemies":"Sphere and 2 Shapes","floor":47,"turns":3},{"damage":160,"enemies":"Awakened One","floor":50,"turns":8}],"seed_played":"4433624815025351943","potions_obtained":[{"floor":5,"key":"ElixirPotion"},{"floor":10,"key":"PowerPotion"},{"floor":16,"key":"BloodPotion"},{"floor":22,"key":"ColorlessPotion"},{"floor":23,"key":"SteroidPotion"},{"floor":38,"key":"Ancient Potion"},{"floor":39,"key":"Fruit Juice"},{"floor":39,"key":"SmokeBomb"}],"is_trial":false,"path_per_floor":["M","$","$","?","M","R","M","R","T","M","?","M","R","?","R","B",null,"M","M","$","?","M","M","R","?","T","M","R","?","M","?","R","B",null,"M","?","M","M","$","R","?","$","T","M","M","R","M","?","R","B",null],"character_chosen":"IRONCLAD","items_purchased":["Battle Trance","Rupture","Vajra","Metallicize","Cauldron"],"campfire_rested":5,"item_purchase_floors":[2,3,39,39,39],"current_hp_per_floor":[77,77,77,88,80,80,86,86,86,67,67,67,67,67,94,50,83,59,40,40,40,11,18,46,46,46,42,42,42,32,63,91,48,83,45,45,68,30,35,64,64,64,71,49,47,78,83,83,83,74],"gold":83,"neow_bonus":"RANDOM_COMMON_RELIC","is_daily":false,"chose_seed":false,"campfire_upgraded":5,"win_rate":0.0,"timestamp":1610072361,"path_taken":["M","?","$","?","M","R","M","R","T","M","?","?","R","?","R","BOSS","M","M","$","?","M","M","R","?","T","M","R","?","M","?","R","BOSS","M","?","M","M","$","R","?","?","T","M","M","R","M","?","R","BOSS"],"items_purchased_type":["Card","Card","Relic","Card","Relic"],"build_version":"2020-12-22","purchased_purges":1,"victory":true,"max_hp_per_floor":[80,80,80,94,94,94,94,94,94,94,94,94,94,94,94,94,94,94,94,94,94,94,94,94,94,94,94,94,94,94,94,94,94,94,94,94,94,94,99,99,99,99,106,106,106,106,106,106,106,106],"relic_stats":{"counters":[20,94],"CeramicFish":54,"Whetstone":["Strike_R","Strike_R"],"MawBank":360,"obtain_stats":[{"Cauldron":39,"MutagenicStrength":21,"CeramicFish":26,"Strawberry":43,"Velvet Choker":17,"Vajra":39,"Mango":4,"Red Mask":41,"Whetstone":0,"MawBank":9,"Burning Blood":0},{"Cauldron":16,"MutagenicStrength":8,"CeramicFish":10,"Strawberry":16,"Velvet Choker":6,"Vajra":16,"Mango":1,"Red Mask":16,"Whetstone":0,"MawBank":3,"Burning Blood":0},{"Cauldron":76,"MutagenicStrength":31,"CeramicFish":41,"Strawberry":76,"Velvet Choker":23,"Vajra":76,"Mango":3,"Red Mask":76,"Whetstone":0,"MawBank":8,"Burning Blood":0}],"Burning Blood":120},"card_choices":[{"not_picked":["Wild Strike","Disarm"],"picked":"Perfected Strike","floor":1},{"not_picked":["Iron Wave","Burning Pact"],"picked":"Rampage","floor":5},{"not_picked":["Power Through","Heavy Blade","Anger"],"picked":"SKIP","floor":7},{"not_picked":["Clash","Cleave"],"picked":"Thunderclap","floor":10},{"not_picked":["Iron Wave","Pommel Strike"],"picked":"Bloodletting","floor":12},{"not_picked":["Double Tap","Brutality"],"picked":"Limit Break","floor":16},{"not_picked":["Perfected Strike","Thunderclap"],"picked":"Reckless Charge+1","floor":18},{"not_picked":["Second Wind","Dropkick+1","Ghostly Armor"],"picked":"SKIP","floor":19},{"not_picked":["Heavy Blade","Intimidate"],"picked":"Combust","floor":22},{"not_picked":["Wild Strike","Clash","Carnage+1"],"picked":"SKIP","floor":23},{"not_picked":["Clothesline+1","Battle Trance"],"picked":"Iron Wave","floor":27},{"not_picked":["Pommel Strike","Offering","Thunderclap"],"picked":"SKIP","floor":30},{"not_picked":["Reaper","Bludgeon"],"picked":"Double Tap","floor":33},{"not_picked":["Thunderclap+1","Pommel Strike+1","Cleave+1"],"picked":"SKIP","floor":35},{"not_picked":["Bloodletting","Inflame+1","Clash"],"picked":"SKIP","floor":37},{"not_picked":["Sentinel+1","Feel No Pain","Rampage"],"picked":"SKIP","floor":38},{"not_picked":["Thunderclap","Warcry+1"],"picked":"Twin Strike","floor":44},{"not_picked":["Anger+1","Armaments+1"],"picked":"Headbutt+1","floor":45},{"not_picked":["Discovery","Purity"],"picked":"Metamorphosis","floor":48}],"player_experience":482365,"relics_obtained":[{"floor":9,"key":"MawBank"},{"floor":26,"key":"CeramicFish"},{"floor":43,"key":"Strawberry"}],"event_choices":[{"damage_healed":0,"gold_gain":0,"player_choice":"Success","damage_taken":3,"relics_obtained":["Mango"],"max_hp_gain":0,"max_hp_loss":0,"event_name":"Scrap Ooze","floor":4,"gold_loss":0},{"damage_healed":0,"gold_gain":0,"player_choice":"Upgraded","damage_taken":0,"max_hp_gain":0,"max_hp_loss":0,"event_name":"Upgrade Shrine","floor":11,"gold_loss":0,"cards_upgraded":["Thunderclap"]},{"damage_healed":0,"gold_gain":0,"player_choice":"Ignored","damage_taken":0,"max_hp_gain":0,"max_hp_loss":0,"event_name":"Liars Game","floor":14,"gold_loss":0},{"damage_healed":0,"gold_gain":0,"player_choice":"Inject Mutagens","damage_taken":0,"relics_obtained":["MutagenicStrength"],"max_hp_gain":0,"max_hp_loss":0,"event_name":"Drug Dealer","floor":21,"gold_loss":0},{"damage_healed":0,"gold_gain":0,"player_choice":"Paid Fearfully","damage_taken":0,"max_hp_gain":0,"max_hp_loss":0,"event_name":"Masked Bandits","floor":25,"gold_loss":474},{"damage_healed":0,"gold_gain":99,"player_choice":"Stole From Cult","damage_taken":0,"max_hp_gain":0,"max_hp_loss":0,"event_name":"Nest","floor":29,"gold_loss":0},{"damage_healed":31,"gold_gain":0,"player_choice":"Heal","damage_taken":0,"max_hp_gain":0,"max_hp_loss":0,"event_name":"The Library","floor":31,"gold_loss":0},{"cards_removed":["Strike_R"],"damage_healed":0,"gold_gain":0,"player_choice":"Removed Attack","damage_taken":0,"max_hp_gain":0,"max_hp_loss":0,"event_name":"Falling","floor":36,"gold_loss":0},{"damage_healed":0,"gold_gain":0,"player_choice":"Paid","damage_taken":0,"relics_obtained":["Red Mask"],"max_hp_gain":0,"max_hp_loss":0,"event_name":"Tomb of Lord Red Mask","floor":41,"gold_loss":48},{"damage_healed":0,"gold_gain":0,"player_choice":"Memory 1","damage_taken":0,"max_hp_gain":0,"max_hp_loss":0,"event_name":"SensoryStone","floor":48,"gold_loss":0}],"is_beta":false,"boss_relics":[{"not_picked":["Empty Cage","Runic Cube"],"picked":"Velvet Choker"},{"not_picked":["Snecko Eye","Mark of Pain","Runic Dome"]}],"items_purged_floors":[39],"is_endless":false,"potions_floor_spawned":[5,10,16,19,22,23,38,47],"ascension_level":10}}