{"host":"36mulxq349byzoa2","time":1610078485,"event":{"mods":["AchievementEnabler","BaseMod","Better Match","Block Reminder","Colored Map","Colored Powertips","Minty Spire (QoL Compilation)","Rare Cards Sparkle","StSLib","SuperFastMode"],"gold_per_floor":[111,36,36,36,36,71,71,29,98,98,139,139,175,196,196,292,292,310,230,230],"floor_reached":19,"playtime":466,"items_purged":[],"score":450,"play_id":"e56c9ed7-5226-4d56-b83b-bcd3e886b2ee","local_time":"20210107230125","is_ascension_mode":true,"campfire_choices":[{"data":"Poisoned Stab","floor":7,"key":"SMITH"},{"data":"Leg Sweep","floor":10,"key":"SMITH"},{"data":"Dagger Spray","floor":12,"key":"SMITH"},{"data":"A Thousand Cuts","floor":15,"key":"SMITH"}],"circlet_count":0,"master_deck":["AscendersBane","Strike_G","Strike_G","Strike_G","Strike_G","Strike_G","Defend_G","Defend_G","Defend_G","Defend_G","Survivor","Neutralize","Dagger Spray+1","Poisoned Stab+1","Leg Sweep+1","A Thousand Cuts+1","Storm of Steel","CurseOfTheBell","Choke+1"],"relics":["Ring of the Snake","NeowsBlessing","Golden Idol","Pear","Sundial","Question Card","Molten Egg 2","Calling Bell","Ancient Tea Set","InkBottle","Unceasing Top"],"acts_visited":["Exordium","TheCity"],"potions_floor_usage":[16],"damage_taken":[{"damage":0,"enemies":"Small Slimes","floor":1,"turns":1},{"damage":0,"enemies":"Lagavulin","floor":6,"turns":1},{"damage":0,"enemies":"3 Sentries","floor":11,"turns":1},{"damage":37,"enemies":"Gremlin Nob","floor":13,"turns":5},{"damage":0,"enemies":"2 Louse","floor":14,"turns":3},{"damage":38,"enemies":"The Guardian","floor":16,"turns":16},{"damage":29,"enemies":"Shell Parasite","floor":18,"turns":10},{"damage":29,"enemies":"2 Thieves","floor":19,"turns":2}],"seed_played":"-862096259886345951","potions_obtained":[{"floor":1,"key":"Regen Potion"}],"is_trial":false,"path_per_floor":["M","?","?","?","$","E","R","$","T","R","E","R","E","M","R","B",null,"M","M"],"character_chosen":"THE_SILENT","items_purchased":["Leg Sweep"],"campfire_rested":0,"item_purchase_floors":[8],"current_hp_per_floor":[59,59,59,59,59,69,69,69,69,69,69,69,32,32,32,9,55,26,0,0],"gold":230,"neow_bonus":"THREE_ENEMY_KILL","is_daily":false,"chose_seed":false,"campfire_upgraded":4,"win_rate":0.0,"timestamp":1610078485,"path_taken":["M","?","?","?","?","E","R","$","T","R","E","R","E","M","R","BOSS","M","?"],"items_purchased_type":["Card"],"build_version":"2020-12-22","purchased_purges":0,"victory":false,"max_hp_per_floor":[66,66,66,60,60,70,70,70,70,70,70,70,70,70,70,70,70,70,70,70],"card_choices":[{"not_picked":["Acrobatics","Setup"],"picked":"Dagger Spray","floor":1},{"not_picked":["Leg Sweep","Deadly Poison"],"picked":"Poisoned Stab","floor":6},{"not_picked":["Concentrate","Setup","Finisher"],"picked":"SKIP","floor":11},{"not_picked":["Distraction","Concentrate","Sucker Punch+1","Setup"],"picked":"SKIP","floor":13},{"not_picked":["PiercingWail","Choke+1","Slice+1"],"picked":"A Thousand Cuts","floor":14},{"not_picked":["Die Die Die+1","Burst","Night Terror"],"picked":"Storm of Steel","floor":16},{"not_picked":["Prepared","Backflip","Leg Sweep"],"picked":"Choke+1","floor":18}],"player_experience":1016319,"relics_obtained":[{"floor":6,"key":"Pear"},{"floor":9,"key":"Sundial"},{"floor":11,"key":"Question Card"},{"floor":13,"key":"Molten Egg 2"},{"floor":17,"key":"Ancient Tea Set"},{"floor":17,"key":"InkBottle"},{"floor":17,"key":"Unceasing Top"}],"event_choices":[{"cards_removed":["Defend_G"],"damage_healed":0,"gold_gain":0,"player_choice":"Card Removal","damage_taken":0,"max_hp_gain":0,"max_hp_loss":0,"event_name":"The Cleric","floor":2,"gold_loss":75},{"damage_healed":0,"gold_gain":0,"player_choice":"Ignored","damage_taken":0,"max_hp_gain":0,"max_hp_loss":0,"event_name":"Liars Game","floor":3,"gold_loss":0},{"damage_healed":0,"gold_gain":0,"player_choice":"Lose Max HP","damage_taken":0,"relics_obtained":["Golden Idol"],"max_hp_gain":0,"max_hp_loss":6,"event_name":"Golden Idol","floor":4,"gold_loss":0}],"is_beta":false,"boss_relics":[{"not_picked":["Ring of the Serpent","Snecko Eye"],"picked":"Calling Bell"}],"items_purged_floors":[],"is_endless":false,"potions_floor_spawned":[1],"killed_by":"2 Thieves","ascension_level":19}}