{"host":"w4k767hitkqtifhw","time":1610116800,"event":{"mods":["AchievementEnabler","Act Like it!","AlwaysNeverKeys","BaseMod","BetterRewards","Colored Map","Colored Powertips","GifTheSpireLib","Hallownest","Minty Spire (QoL Compilation)","Quick Restart","Rare Cards Sparkle","Replay The Spire","StSLib","The Animator","The Bug Knight","Waifu the Spire","WarShipGirlsR/????R mod"],"gold_per_floor":[118,118,118,137,147,147,161,161,211,211,211,135,135,150,150,248,248,259,273,285,285,285,315,315,345,345],"floor_reached":25,"playtime":2467,"items_purged":["Hallucinations"],"score":311,"play_id":"ecd820c2-5433-48b7-b68c-965aa435de17","local_time":"20210108154000","is_ascension_mode":false,"campfire_choices":[{"data":"HollowMod:SoulVessel","floor":6,"key":"SMITH"},{"data":"HollowMod:HowlingWraiths","floor":8,"key":"SMITH"},{"data":"HollowMod:FocusHealStart","floor":10,"key":"SMITH"},{"floor":24,"key":"REST"}],"circlet_count":0,"master_deck":["HollowMod:NailStrikeStart","HollowMod:NailStrikeStart","HollowMod:NailStrikeStart","HollowMod:QuickDashStart","HollowMod:QuickDashStart","HollowMod:QuickDashStart","HollowMod:QuickDashStart","HollowMod:FocusHealStart+1","HollowMod:PogoStrike","HollowMod:SoulVessel+1","HollowMod:GoodIntentions","HollowMod:Weaversong","HollowMod:HowlingWraiths+1","HollowMod:GreatSlash","HollowMod:HeavyBlow","HollowMod:PureVessel","HollowMod:DashSlash","HollowMod:HuntersJournal","HollowMod:DashSlash","Hallownest:curseDreamersLament","HollowMod:VengefulSpirit"],"relics":["HollowMod:VesselMask","ReplayTheSpireMod:CursedCoin","Thread and Needle","PreservedInsect","Hallownest:TeacherSealRelic","Bag of Marbles","Hallownest:DreamNailRelic","Black Star","Hallownest:WatcherSealRelic","Mirror","HollowMod:StagPassRelic"],"acts_visited":["Hallownest:Greenpath","Hallownest:CityofTears"],"potions_floor_usage":[11,11,19,23],"damage_taken":[{"damage":0,"enemies":"Hallownest:monsterHuskGuard","floor":1,"turns":5},{"damage":3,"enemies":"Hallownest:2_Baldur","floor":4,"turns":8},{"damage":3,"enemies":"Hallownest:2_MossCreeps","floor":5,"turns":7},{"damage":3,"enemies":"Hallownest:Wandering_and_Horned","floor":7,"turns":5},{"damage":10,"enemies":"Hallownest:monsterMarmu","floor":11,"turns":9},{"damage":2,"enemies":"Hallownest:1_Baldur_1_Crawlid_1_Warrior","floor":14,"turns":6},{"damage":53,"enemies":"Hallownest:BossFalseKnight","floor":16,"turns":12},{"damage":14,"enemies":"Hallownest:2_Mistakes","floor":18,"turns":7},{"damage":28,"enemies":"Hallownest:Guard_and_Sentry","floor":19,"turns":9},{"damage":27,"enemies":"Hallownest:Master_and_Novice","floor":20,"turns":5},{"damage":15,"enemies":"Hallownest:eliteSoulWarrior","floor":23,"turns":6},{"damage":31,"enemies":"Hallownest:Glutton_and_Coward","floor":25,"turns":4}],"seed_played":"-4415566350726386360","potions_obtained":[{"floor":1,"key":"FearPotion"},{"floor":4,"key":"Strength Potion"},{"floor":7,"key":"SmokeBomb"},{"floor":18,"key":"AttackPotion"},{"floor":20,"key":"Strength Potion"}],"is_trial":false,"path_per_floor":["M","T","?","M","M","R","M","R","T","R","?","$","?","M","R_BF","B",null,"M","M","M","?","?","E","R","M"],"character_chosen":"THE_BUGKNIGHT","items_purchased":["ReplayTheSpireMod:CursedCoin","Thread and Needle","HollowMod:GreatSlash"],"campfire_rested":1,"item_purchase_floors":[0,0,12],"current_hp_per_floor":[75,75,75,72,75,75,72,72,72,72,68,68,59,67,67,26,75,61,33,16,16,16,7,29,0,0],"gold":345,"neow_bonus":"","is_daily":false,"chose_seed":false,"campfire_upgraded":3,"win_rate":0.0,"timestamp":1610116800,"path_taken":["M","?","?","M","M","R","M","R","T","R","?","?","?","M","R_BF","BOSS","M","M","M","?","?","E","R","M"],"items_purchased_type":["Relic","Relic","Card"],"build_version":"2020-12-22","purchased_purges":1,"victory":false,"max_hp_per_floor":[75,75,75,75,75,75,75,75,75,75,75,75,75,75,75,75,75,75,75,75,75,75,75,75,75,75],"card_choices":[{"not_picked":["HollowMod:GoodIntentions","HollowMod:HowlingWraiths"],"picked":"HollowMod:SoulVessel","floor":1},{"not_picked":["HollowMod:SiblingsSouls","HollowMod:TaintedHusks"],"picked":"HollowMod:GoodIntentions","floor":4},{"not_picked":["HollowMod:GrimmsGift","HollowMod:LifebloodCocoon"],"picked":"HollowMod:Weaversong","floor":5},{"not_picked":["HollowMod:DungDefenderAura","HollowMod:DreamGate"],"picked":"HollowMod:HowlingWraiths","floor":7},{"not_picked":["HollowMod:SiblingsSouls","HollowMod:SharpenedShadows"],"picked":"HollowMod:HeavyBlow","floor":14},{"not_picked":["HollowMod:MidwifesHunger","HollowMod:LordofShades"],"picked":"HollowMod:PureVessel","floor":16},{"not_picked":["HollowMod:SoulStrike","HollowMod:DescendingDark"],"picked":"HollowMod:DashSlash","floor":18},{"not_picked":["HollowMod:InfectedCysts","HollowMod:HeavyBlow"],"picked":"HollowMod:HuntersJournal","floor":19},{"not_picked":["HollowMod:VengefulVoid","HollowMod:NewJinnsSoul"],"picked":"HollowMod:DashSlash","floor":20},{"not_picked":["HollowMod:SoulStrike","HollowMod:NewGlowingWomb"],"picked":"HollowMod:VengefulSpirit","floor":23}],"player_experience":50733,"relics_obtained":[{"floor":2,"key":"PreservedInsect"},{"floor":9,"key":"Bag of Marbles"},{"floor":23,"key":"Mirror"},{"floor":23,"key":"HollowMod:StagPassRelic"}],"event_choices":[],"is_beta":false,"boss_relics":[{"not_picked":["SacredBark","Astrolabe"],"picked":"Black Star"}],"items_purged_floors":[0],"is_endless":false,"potions_floor_spawned":[1,4,7,18,20],"killed_by":"Hallownest:Glutton_and_Coward","ascension_level":0}}