{"host":"1a3cjta80tad0aqj","time":1610110918,"event":{"mods":["2.2 Compatiblity","AchievementEnabler","BaseMod","Colored Map","DeckTracker","KOR Keyword Fix","Keyboard Shortcuts","Minty Spire (QoL Compilation)","Permanent Neow","Quick Restart","Random Character Button","StSLib","SuperFastMode","everything is the same but u backflip on backflip"],"gold_per_floor":[115,290,215,235,16,16,16,16,16,31,65,76,76,91,91,191,191,205,205,218,231,106,106,119,119,119,119,119,119,135,149,149,250,250,265,265,285,135,150,150,150,150,150,168,168,168],"floor_reached":45,"playtime":1906,"items_purged":["Doubt","Defend_P","Defend_P","Strike_P"],"score":415,"play_id":"b474b7f7-a979-4a92-89e4-42516a74d782","local_time":"20210108220158","is_ascension_mode":false,"campfire_choices":[{"data":"Eruption","floor":6.0,"key":"SMITH"},{"data":"FlurryOfBlows","floor":8.0,"key":"SMITH"},{"data":"Tantrum","floor":13.0,"key":"SMITH"},{"data":"MentalFortress","floor":15.0,"key":"SMITH"},{"data":"FearNoEvil","floor":23.0,"key":"SMITH"},{"floor":25.0,"key":"REST"},{"data":"Halt","floor":32.0,"key":"SMITH"},{"floor":40.0,"key":"REST"},{"floor":42.0,"key":"REST"}],"circlet_count":0,"master_deck":["Strike_P","Strike_P","Defend_P","Defend_P","Eruption+1","Vigilance+1","FlurryOfBlows+1","MentalFortress+1","Tantrum+1","FearNoEvil+1","Halt+1","InnerPeace","MentalFortress+1"],"relics":["Cursed Key"],"acts_visited":["TheBeyond"],"potions_floor_usage":[],"damage_taken":[{"damage":0.0,"enemies":"Jaw Worm","floor":1.0,"turns":4.0},{"damage":2.0,"enemies":"Small Slimes","floor":4.0,"turns":4.0},{"damage":0.0,"enemies":"Cultist","floor":10.0,"turns":2.0},{"damage":13.0,"enemies":"3 Sentries","floor":11.0,"turns":5.0},{"damage":0.0,"enemies":"3 Louse","floor":12.0,"turns":1.0},{"damage":6.0,"enemies":"2 Fungi Beasts","floor":14.0,"turns":3.0},{"damage":27.0,"enemies":"Slime Boss","floor":16.0,"turns":5.0},{"damage":17.0,"enemies":"Shell Parasite","floor":18.0,"turns":6.0},{"damage":4.0,"enemies":"2 Thieves","floor":20.0,"turns":3.0},{"damage":0.0,"enemies":"Centurion and Healer","floor":21.0,"turns":4.0},{"damage":7.0,"enemies":"Cultist and Chosen","floor":24.0,"turns":4.0},{"damage":0.0,"enemies":"Snake Plant","floor":30.0,"turns":1.0},{"damage":0.0,"enemies":"3 Cultists","floor":31.0,"turns":4.0},{"damage":51.0,"enemies":"Collector","floor":33.0,"turns":7.0},{"damage":0.0,"enemies":"3 Darklings","floor":35.0,"turns":5.0},{"damage":49.0,"enemies":"Orb Walker","floor":37.0,"turns":6.0},{"damage":0.0,"enemies":"Jaw Worm Horde","floor":39.0,"turns":4.0},{"damage":19.0,"enemies":"Maw","floor":44.0,"turns":8.0},{"damage":39,"enemies":"4 Shapes","floor":45,"turns":5}],"seed_played":"5307346780381883643","potions_obtained":[{"floor":4.0,"key":"Dexterity Potion"},{"floor":7.0,"key":"Strength Potion"},{"floor":7.0,"key":"SkillPotion"},{"floor":10.0,"key":"Ambrosia"},{"floor":14.0,"key":"LiquidMemories"},{"floor":24.0,"key":"StancePotion"},{"floor":44.0,"key":"Block Potion"}],"is_trial":false,"path_per_floor":["M","?","$","M","$","R","?","R","T","M","E","M","R","M","R","B",null,"M","?","M","M","$","R","M","R","T","?","$","T","M","M","R","B",null,"M","?","M","$","M","R","?","R","T","M","M"],"character_chosen":"WATCHER","items_purchased":["MentalFortress","Tantrum"],"campfire_rested":3,"item_purchase_floors":[5,5],"current_hp_per_floor":[72,72,72,70,70,70,70,70,70,70,57,57,57,51,51,24,72,55,55,51,51,51,51,44,65,65,65,65,65,65,65,65,14,72,72,72,23,23,23,44,44,65,65,46,7,7],"gold":168,"neow_bonus":"BOSS_RELIC","is_daily":false,"chose_seed":true,"campfire_upgraded":6,"win_rate":0.0,"timestamp":1610110918,"path_taken":["M","?","$","M","$","R","?","R","T","?","E","M","R","M","R","BOSS","M","?","M","M","$","R","M","R","T","?","$","?","?","M","R","BOSS","M","?","M","$","M","R","?","R","T","M","M"],"items_purchased_type":["Card","Card"],"build_version":"2020-12-22","purchased_purges":4,"victory":false,"max_hp_per_floor":[72,72,72,72,72,72,72,72,72,72,72,72,72,72,72,72,72,72,72,72,72,72,72,72,72,72,72,72,72,72,72,72,72,72,72,72,72,72,72,72,72,72,72,72,72,72],"card_choices":[{"not_picked":["FollowUp","ForeignInfluence"],"picked":"FlurryOfBlows","floor":1.0},{"not_picked":["SashWhip","Prostrate","FlyingSleeves"],"picked":"SKIP","floor":4.0},{"not_picked":["EmptyMind","Worship","Vengeance"],"picked":"SKIP","floor":10.0},{"not_picked":["FlurryOfBlows","Protect"],"picked":"FearNoEvil","floor":11.0},{"not_picked":["CutThroughFate","Sanctity","Perseverance"],"picked":"SKIP","floor":12.0},{"not_picked":["FlyingSleeves","DeceiveReality","Fasting2"],"picked":"SKIP","floor":14.0},{"not_picked":["FlyingSleeves","ForeignInfluence+1"],"picked":"Halt","floor":18.0},{"not_picked":["Crescendo+1","CrushJoints","Collect"],"picked":"SKIP","floor":20.0},{"not_picked":["Halt","SandsOfTime+1","Evaluate"],"picked":"SKIP","floor":21.0},{"not_picked":["FlurryOfBlows","JustLucky","Halt"],"picked":"SKIP","floor":24.0},{"not_picked":["FollowUp","Consecrate","CrushJoints"],"picked":"SKIP","floor":30.0},{"not_picked":["ForeignInfluence+1","WreathOfFlame","Conclude+1"],"picked":"SKIP","floor":31.0},{"not_picked":["Pray+1","DeceiveReality+1"],"picked":"MentalFortress+1","floor":35.0},{"not_picked":["Evaluate+1","Consecrate","Tantrum+1"],"picked":"SKIP","floor":37.0},{"not_picked":["Weave","Tantrum","CarveReality+1"],"picked":"SKIP","floor":39.0},{"not_picked":["CrushJoints","Wireheading+1","FlyingSleeves"],"picked":"SKIP","floor":44.0}],"player_experience":212126,"relics_obtained":[],"event_choices":[{"damage_healed":0.0,"max_hp_gain":0.0,"max_hp_loss":0.0,"gold_gain":175.0,"event_name":"Liars Game","player_choice":"AGREE","floor":2.0,"gold_loss":0.0,"damage_taken":0.0,"cards_obtained":["Doubt"]},{"damage_healed":0.0,"max_hp_gain":0.0,"max_hp_loss":0.0,"gold_gain":0.0,"event_name":"Lab","player_choice":"Got Potions","floor":7.0,"gold_loss":0.0,"damage_taken":0.0},{"damage_healed":0.0,"max_hp_gain":0.0,"max_hp_loss":0.0,"gold_gain":0.0,"event_name":"Ghosts","player_choice":"Ignored","floor":19.0,"gold_loss":0.0,"damage_taken":0.0},{"damage_healed":0.0,"max_hp_gain":0.0,"max_hp_loss":0.0,"gold_gain":0.0,"event_name":"The Library","player_choice":"Read","floor":27.0,"gold_loss":0.0,"damage_taken":0.0,"cards_obtained":["InnerPeace"]},{"cards_removed":["Strike_P"],"damage_healed":0.0,"max_hp_gain":0.0,"max_hp_loss":0.0,"gold_gain":0.0,"event_name":"Falling","player_choice":"Removed Attack","floor":36.0,"gold_loss":0.0,"damage_taken":0.0},{"damage_healed":0.0,"max_hp_gain":0.0,"max_hp_loss":0.0,"gold_gain":0.0,"event_name":"Upgrade Shrine","player_choice":"Upgraded","floor":41.0,"gold_loss":0.0,"damage_taken":0.0,"cards_upgraded":["Vigilance"]}],"is_beta":false,"boss_relics":[{"not_picked":[]},{"not_picked":[]}],"items_purged_floors":[3,5,22,38],"is_endless":false,"potions_floor_spawned":[4,10,14,20,21,24,44],"killed_by":"4 Shapes","ascension_level":0}}