{"host":"86cuvgv6d0efted3","time":1610137915,"event":{"mods":["AchievementEnabler","Act Like it!","BaseMod","Better Synergies","BetterRewards","Colored Map","Colored Powertips","Downfall","Gremlin Mod","Hermit","Hubris","Minty Spire (QoL Compilation)","Quick Restart","Replay The Spire","Shop Mod","StSLib","The Druid"],"gold_per_floor":[99,117,117,134,153,153,153,253,263,288,301,25,44,44,63,160,160,85,102,102,102,102,119,145,158,70,70,80,80,5,58,76,76,76,76],"floor_reached":33,"playtime":3211,"items_purged":["Amnesia","hubris:Despair"],"score":301,"play_id":"de3b1594-c834-4438-8312-683f2f22a755","local_time":"20210108173155","is_ascension_mode":false,"campfire_choices":[{"data":"hexamod:VolcanoVisage","floor":1.0,"key":"SMITH"},{"data":"hexamod:EmpoweringStance","floor":18.0,"key":"SMITH"},{"floor":30,"key":"REST"}],"circlet_count":0,"master_deck":["hexamod:Defend","hexamod:Defend","hexamod:Defend","hexamod:Defend+1","hexamod:Sear","hexamod:Float","hexamod:VolcanoVisage+1","hexamod:Incineration","hexamod:SkipABeat","hexamod:HeatCrush","hexamod:HeatMetal","hexamod:GhostflameBarrier","hexamod:BacktrackSmack","hexamod:GhostOfSpireFuture","hexamod:DynamicBlow","hexamod:ShieldOfDarkness","hexamod:FirstSeal","hexamod:FourthSeal","hexamod:EmpoweringStance+1","CurseOfTheBell","hexamod:NecessarySacrifice+1","Bite","Bite","Bite","Bite","Bite","hexamod:HauntingEcho","hexamod:SwordOfDarkness","hexamod:SecondSeal","hexamod:NecessarySacrifice","Slimebound:Tackle+1","Slimebound:Tackle+1","Slimebound:Tackle+1","hexamod:VolcanoVisage","hexamod:AdvancingGuard+1"],"relics":["hexamod:SpiritBrand","Ring of Peace","Ring of Fangs","ReplayTheSpireMod:Ninjato","Gremlin Food","Lantern","Calling Bell","Potion Belt","Mirror","Calipers","downfall:HeartBlessingGreen","downfall:HeartBlessingBlue","ReplayTheSpireMod:CursedCoin"],"acts_visited":["Exordium","TheCity"],"potions_floor_usage":[26,27,28,28,32,32,33],"damage_taken":[{"damage":0.0,"enemies":"2 Louse","floor":2.0,"turns":3.0},{"damage":0.0,"enemies":"Small Slimes","floor":4.0,"turns":4.0},{"damage":0.0,"enemies":"Jaw Worm","floor":5.0,"turns":4.0},{"damage":0.0,"enemies":"2 Fungi Beasts","floor":9.0,"turns":4.0},{"damage":7.0,"enemies":"Lagavulin","floor":10.0,"turns":6.0},{"damage":1.0,"enemies":"Red Slaver","floor":11.0,"turns":5.0},{"damage":0.0,"enemies":"downfall:FleeingMerchant","floor":12.0,"turns":4.0},{"damage":0.0,"enemies":"Gremlin Gang","floor":13.0,"turns":4.0},{"damage":4.0,"enemies":"Large Slime","floor":15.0,"turns":7.0},{"damage":50.0,"enemies":"downfall:Defect","floor":16.0,"turns":8.0},{"damage":0.0,"enemies":"Shell Parasite","floor":19.0,"turns":7.0},{"damage":20.0,"enemies":"Shelled Parasite and Fungi","floor":23.0,"turns":7.0},{"damage":3.0,"enemies":"Cultist and Chosen","floor":25.0,"turns":6.0},{"damage":0,"enemies":"downfall:FleeingMerchant","floor":26,"turns":4},{"damage":0,"enemies":"Snake Plant","floor":27,"turns":2},{"damage":30,"enemies":"3 Cultists","floor":28,"turns":7},{"damage":15,"enemies":"downfall:FleeingMerchant","floor":31,"turns":4},{"damage":1,"enemies":"Centurion and Healer","floor":32,"turns":9},{"damage":68,"enemies":"downfall:Silent","floor":33,"turns":8}],"seed_played":"-9063799272581618939","potions_obtained":[{"floor":2.0,"key":"Fire Potion"},{"floor":9.0,"key":"Swift Potion"},{"floor":10.0,"key":"BlessingOfTheForge"},{"floor":11.0,"key":"Adrenaline Potion"},{"floor":13.0,"key":"Swift Potion"},{"floor":16.0,"key":"Flashbang"},{"floor":19.0,"key":"BlessingOfTheForge"},{"floor":25,"key":"SmokeBomb"},{"floor":25,"key":"Fruit Juice"},{"floor":26,"key":"FearPotion"},{"floor":28,"key":"LifebloodPotion"},{"floor":31,"key":"SpeedPotion"}],"is_trial":false,"path_per_floor":["R","M","?","M","M","?","T","?","M","E","M","$","M","?","M","B",null,"R","M","?","?","?","M","T","M","$","M","M","?","R","$","M","B"],"character_chosen":"THE_SPIRIT","items_purchased":["Lantern","hexamod:DynamicBlow","hexamod:SecondSeal","ReplayTheSpireMod:CursedCoin"],"campfire_rested":1,"item_purchase_floors":[12,12,26,31],"current_hp_per_floor":[70,70,70,70,70,70,70,70,70,63,62,62,62,55,58,15,70,70,70,49,49,49,44,44,49,54,54,28,28,57,55,64,0,0,0],"gold":76,"neow_bonus":"THREE_RARE_CARDS","is_daily":false,"chose_seed":false,"campfire_upgraded":2,"win_rate":0.0,"timestamp":1610137915,"path_taken":["R","M","?","M","M","?","T","?","M","E","M","$","M","?","M","BOSS","R","M","?","?","?","M","T","M","$","?","?","?","R","$","M","BOSS"],"items_purchased_type":["Relic","Card","Card","Relic"],"build_version":"2020-12-22","purchased_purges":2,"victory":false,"max_hp_per_floor":[70,70,70,70,70,70,70,70,70,70,70,70,70,70,70,70,70,70,70,49,49,49,49,49,49,54,54,54,54,64,64,64,64,64,64],"card_choices":[{"not_picked":["hexamod:ParanormalForm","hexamod:FifthSeal"],"picked":"hexamod:VolcanoVisage","floor":0.0},{"not_picked":["hexamod:ThermalTransfer","hexamod:BacktrackSmack"],"picked":"hexamod:Incineration","floor":2.0},{"not_picked":["hexamod:Again","hexamod:CatchUp"],"picked":"hexamod:SkipABeat","floor":4.0},{"not_picked":["hexamod:StepThrough","hexamod:GhostOfSpireFuture"],"picked":"hexamod:HeatCrush","floor":5.0},{"not_picked":["hexamod:Firestarter","hexamod:NightmareGuise"],"picked":"hexamod:HeatMetal","floor":9.0},{"not_picked":["hexamod:RainOfEmbers","hexamod:ThirdSeal"],"picked":"hexamod:GhostflameBarrier","floor":10.0},{"not_picked":["hexamod:RainOfEmbers","hexamod:FourthSeal"],"picked":"hexamod:BacktrackSmack","floor":11.0},{"not_picked":["hexamod:RetreatToShadows","hexamod:AdvancingGuard"],"picked":"hexamod:GhostOfSpireFuture","floor":12.0},{"not_picked":["hexamod:NightmareGuise","hexamod:CatchUp"],"picked":"hexamod:ShieldOfDarkness","floor":13.0},{"not_picked":["hexamod:Again","hexamod:GhostflameInferno"],"picked":"hexamod:FourthSeal","floor":15.0},{"not_picked":["hexamod:VolcanoVisage","hexamod:CrushingStance"],"picked":"hexamod:EmpoweringStance","floor":16.0},{"not_picked":["hexamod:BacktrackSmack","hexamod:NightmareGuise"],"picked":"hexamod:NecessarySacrifice+1","floor":19.0},{"not_picked":["hexamod:GhostLash","hexamod:RadiantFlame"],"picked":"hexamod:HauntingEcho","floor":23.0},{"not_picked":["hexamod:Firestarter+1","hexamod:CatchUp"],"picked":"hexamod:SwordOfDarkness","floor":25},{"not_picked":["hexamod:GhostOfSpireFuture","hexamod:TurnItUp","hexamod:Incineration"],"picked":"SKIP","floor":26},{"not_picked":["hexamod:FastForward","hexamod:InspiringFlames"],"picked":"hexamod:NecessarySacrifice","floor":28},{"not_picked":["hexamod:NightmareGuise","hexamod:GhostflameInferno"],"picked":"hexamod:VolcanoVisage","floor":31},{"not_picked":["hexamod:DynamicBlow","hexamod:BacktrackSmack"],"picked":"hexamod:AdvancingGuard+1","floor":32}],"player_experience":447636,"relics_obtained":[{"floor":3.0,"key":"Ring of Peace"},{"floor":3.0,"key":"Ring of Fangs"},{"floor":7.0,"key":"ReplayTheSpireMod:Ninjato"},{"floor":10.0,"key":"Gremlin Food"},{"floor":17.0,"key":"Potion Belt"},{"floor":17.0,"key":"Mirror"},{"floor":17.0,"key":"Calipers"}],"event_choices":[{"damage_healed":0.0,"max_hp_gain":0.0,"max_hp_loss":21.0,"gold_gain":0.0,"event_name":"Vampires","player_choice":"Became a vampire","floor":20.0,"gold_loss":0.0,"damage_taken":0.0,"cards_obtained":["Bite","Bite","Bite","Bite","Bite"]},{"cards_removed":["hexamod:Strike"],"damage_healed":0.0,"max_hp_gain":0.0,"max_hp_loss":0.0,"gold_gain":0.0,"event_name":"Purifier","player_choice":"Purged","floor":22.0,"gold_loss":0.0,"damage_taken":0.0}],"is_beta":false,"boss_relics":[{"not_picked":["Replay:Bronze Core","Runic Dome"],"picked":"Calling Bell"}],"items_purged_floors":[12,31],"is_endless":false,"potions_floor_spawned":[2,9,10,11,13,25,27,28],"killed_by":"downfall:Silent","ascension_level":0}}