{"host":"ig7tc0uedzltt2sr","time":1610068826,"event":{"mods":["BaseMod","Better Twitch Integration","Block Reminder","Colored Map","Colored Powertips","Communication Mod","Current Relic Mod","GifTheSpireLib","HexUI Lib","Minty Spire (QoL Compilation)","Quick Restart","Random Character Button","Rare Cards Sparkle","Relic Sorter","Relic Stats","Slay the Relics Exporter","StSLib","SuperFastMode","Synergy Search","Twitch Decklist","Twitch Utils","everything is the same but u backflip on backflip","slay the spire mod where everything is the same but ironclad has a cowboy hat"],"gold_per_floor":[119,135,148,4,17,17,17],"floor_reached":6,"playtime":75,"items_purged":[],"score":38,"play_id":"154f36af-3cdf-4e8c-b8fc-6bdd677b2b36","local_time":"20210107172026","is_ascension_mode":false,"campfire_choices":[],"circlet_count":0,"master_deck":["Strike_R","Strike_R","Strike_R","Strike_R","Strike_R","Defend_R","Defend_R","Defend_R","Defend_R","Bash","Blood for Blood","Blood for Blood","Disarm","True Grit","Inflame"],"relics":["Burning Blood"],"acts_visited":["Exordium"],"potions_floor_usage":[],"damage_taken":[{"damage":7,"enemies":"Small Slimes","floor":1,"turns":6},{"damage":0,"enemies":"Jaw Worm","floor":2,"turns":2},{"damage":3,"enemies":"2 Louse","floor":3,"turns":7},{"damage":0,"enemies":"2 Fungi Beasts","floor":5,"turns":2},{"damage":90,"enemies":"3 Sentries","floor":6,"turns":12}],"seed_played":"-2702650096584188373","potions_obtained":[{"floor":1,"key":"DistilledChaos"},{"floor":2,"key":"Block Potion"},{"floor":3,"key":"SneckoOil"},{"floor":5,"key":"ElixirPotion"}],"is_trial":false,"path_per_floor":["M","M","M","$","M","E"],"character_chosen":"IRONCLAD","items_purchased":["True Grit","Inflame","AttackPotion"],"campfire_rested":0,"item_purchase_floors":[4,4,4],"current_hp_per_floor":[87,88,88,88,88,0,0],"gold":17,"neow_bonus":"TEN_PERCENT_HP_BONUS","is_daily":false,"chose_seed":false,"campfire_upgraded":0,"win_rate":0.0,"timestamp":1610068826,"path_taken":["M","M","M","$","M","E"],"items_purchased_type":["Card","Card","Potion"],"build_version":"2020-12-22","purchased_purges":0,"victory":false,"max_hp_per_floor":[88,88,88,88,88,88,88],"relic_stats":{"counters":[5,29],"obtain_stats":[{"Burning Blood":0},{"Burning Blood":0},{"Burning Blood":0}],"Burning Blood":10},"card_choices":[{"not_picked":["Inflame","Battle Trance"],"picked":"Blood for Blood","floor":1},{"not_picked":["Pommel Strike","Cleave"],"picked":"Blood for Blood","floor":2},{"not_picked":["Cleave","Sever Soul"],"picked":"Disarm","floor":3},{"not_picked":["Intimidate","Flex","Entrench"],"picked":"SKIP","floor":5}],"player_experience":1466268,"relics_obtained":[],"event_choices":[],"is_beta":false,"boss_relics":[],"items_purged_floors":[],"is_endless":false,"potions_floor_spawned":[1,2,3,5],"killed_by":"3 Sentries","ascension_level":0}}