{"host":"c7y19xegjhmhlks5","time":1610133515,"event":{"mods":["AchievementEnabler","BaseMod","Better Note","Block Reminder","Colored Map","Downfall","Highlight Path","Infinite Spire","Minty Spire (QoL Compilation)","Replay The Spire","StSLib","everything is the same but u backflip on backflip"],"gold_per_floor":[99,119,138,156,215,234,259,93,93,120,45,60,60,78,90,192,192,42,60,14,14,14,36,89,117,225,298,348,375,375,400,421,529,529,529,551,601,707,865,941,987,1025,1046,946,946,311,311,341,358,372],"floor_reached":51,"playtime":6851,"items_purged":[],"score":804,"play_id":"4fdac30b-ee5d-4d93-a0a4-4b35fea197f5","local_time":"20210108141835","is_ascension_mode":false,"campfire_choices":[{"floor":1.0,"key":"RECALL"},{"floor":11.0,"key":"REST"},{"floor":13.0,"key":"REST"},{"data":"1","floor":18.0,"key":"LIFT"},{"floor":30.0,"key":"REST"},{"data":"2","floor":35,"key":"LIFT"},{"data":"3","floor":45,"key":"LIFT"},{"data":"hexamod:CatchUp","floor":47,"key":"SMITH"}],"circlet_count":0,"master_deck":["hexamod:Strike","hexamod:Strike","hexamod:Strike","hexamod:Defend","hexamod:Defend","hexamod:Defend","hexamod:Defend","hexamod:Sear","hexamod:Float","hexamod:SpectersWail","hexamod:HauntingEcho+1","hexamod:EmpoweredFlame+1","hexamod:CrushingStance","hexamod:NightmareStrike+1","hexamod:GhostOfSpireFuture","hexamod:VolcanoVisage+1","hexamod:SecondSeal","hexamod:Hexaguard+1","hexamod:GhostOfSpirePast","hexamod:SixthSeal","hexamod:NightmareGuise+1","hexamod:FirstSeal","hexamod:RecurringNightmare+1","hexamod:AdvancingGuard","hexamod:CatchUp+1","hexamod:AdvancingGuard","hexamod:AdvancingGuard","hexamod:TurnItUp+1","hexamod:ParanormalForm","hexamod:NightmareStrike+1","hexamod:GhostLash+1","hexamod:ThirdSeal","hexamod:EmpoweredFlame","hexamod:FastForward+1","hexamod:RetreatToShadows+1","hexamod:SkipABeat+1","hexamod:SearingWound","hexamod:StepThrough","hexamod:DynamicBlow","Panache","hexamod:EtherealExpedition","hexamod:Hexaguard+1","hexamod:FastForward","hexamod:BurningTouch+1"],"relics":["hexamod:SpiritBrand","Potion Belt","hexamod:MatchstickCase","WarpedTongs","Girya","downfall:HeartBlessingRed","hexamod:IceCube","downfall:HeartBlessingGreen","downfall:HeartBlessingBlue","Juzu Bracelet","downfall:CloakOfManyFaces","CultistMask","FaceOfCleric","NlothsMask","GremlinMask","SsserpentHead","Enchiridion","Astrolabe","ReplayTheSpireMod:Shallot","downfall:GremlinWheel","Simple Rune","Lantern","infinitespire:Midas Blood","Strange Spoon","Onion Ring"],"acts_visited":["Exordium","TheCity","TheBeyond"],"potions_floor_usage":[39,43,48,50],"damage_taken":[{"damage":1.0,"enemies":"Cultist","floor":2.0,"turns":4.0},{"damage":3.0,"enemies":"2 Louse","floor":3.0,"turns":2.0},{"damage":0.0,"enemies":"Jaw Worm","floor":4.0,"turns":3.0},{"damage":17.0,"enemies":"3 Sentries","floor":5.0,"turns":9.0},{"damage":0.0,"enemies":"Blue Slaver","floor":6.0,"turns":3.0},{"damage":5.0,"enemies":"downfall:FleeingMerchant","floor":8.0,"turns":4.0},{"damage":24.0,"enemies":"Replay:BlueRogue","floor":10.0,"turns":6.0},{"damage":3.0,"enemies":"3 Louse","floor":12.0,"turns":4.0},{"damage":5.0,"enemies":"Large Slime","floor":14.0,"turns":4.0},{"damage":4.0,"enemies":"2 Fungi Beasts","floor":15.0,"turns":3.0},{"damage":56.0,"enemies":"downfall:Defect","floor":16.0,"turns":8.0},{"damage":8.0,"enemies":"Spheric Guardian","floor":19.0,"turns":4.0},{"damage":3.0,"enemies":"downfall:FleeingMerchant","floor":20.0,"turns":4.0},{"damage":1.0,"enemies":"Chosen","floor":23.0,"turns":5.0},{"damage":18.0,"enemies":"Shelled Parasite and Fungi","floor":25.0,"turns":7.0},{"damage":8.0,"enemies":"downfall:FaceTrader","floor":26.0,"turns":6.0},{"damage":6.0,"enemies":"Snecko","floor":29.0,"turns":5.0},{"damage":2.0,"enemies":"Sentry and Sphere","floor":31.0,"turns":5.0},{"damage":1.0,"enemies":"Centurion and Healer","floor":32.0,"turns":4.0},{"damage":57.0,"enemies":"downfall:Ironclad","floor":33.0,"turns":10.0},{"damage":4,"enemies":"Orb Walker","floor":36,"turns":4},{"damage":4,"enemies":"Orb Walker","floor":39,"turns":4},{"damage":25,"enemies":"Nemesis","floor":42,"turns":9},{"damage":31,"enemies":"3 Darklings","floor":43,"turns":5},{"damage":0,"enemies":"downfall:FleeingMerchant","floor":46,"turns":4},{"damage":9,"enemies":"4 Shapes","floor":48,"turns":5},{"damage":22,"enemies":"Spire Growth","floor":49,"turns":5},{"damage":43,"enemies":"downfall:Silent","floor":50,"turns":9}],"seed_played":"-2357843109716685182","potions_obtained":[{"floor":3.0,"key":"SpeedPotion"},{"floor":4.0,"key":"sneckomod:MuddlingPotion"},{"floor":6.0,"key":"Cursed Concoction"},{"floor":14.0,"key":"Elixir"},{"floor":15.0,"key":"FearPotion"},{"floor":16.0,"key":"hexamod:InfernoChargePotion"},{"floor":25.0,"key":"champ:CounterPotion"},{"floor":26.0,"key":"Weak Potion"},{"floor":32.0,"key":"Strength Potion"},{"floor":36,"key":"champ:CounterPotion"},{"floor":43,"key":"LiquidBronze"},{"floor":48,"key":"Ancient Potion"}],"is_trial":false,"path_per_floor":["R","M","M","M","?","M","T","$","?","E","R","M","R","M","M","B",null,"R","M","$","?","?","M","T","M","?","T","?","M","R","M","M","B",null,"R","M","?","?","?","?","T","E","M","?","R","$","R","M","M","B",null],"character_chosen":"THE_SPIRIT","items_purchased":["hexamod:MatchstickCase","hexamod:RecurringNightmare","Strange Spoon","Onion Ring","Panache","PowerPotion"],"campfire_rested":3,"item_purchase_floors":[8,20,46,46,46,46],"current_hp_per_floor":[77,76,73,73,56,56,56,51,51,27,50,47,70,65,61,5,77,87,79,76,76,76,82,82,71,70,70,54,49,75,81,88,32,91,91,92,92,69,66,66,66,49,26,105,105,106,106,105,91,49],"gold":372,"neow_bonus":"TEN_PERCENT_HP_BONUS","is_daily":false,"chose_seed":false,"campfire_upgraded":1,"win_rate":0.0,"timestamp":1610133515,"path_taken":["R","M","M","?","?","M","T","?","?","E","R","M","R","M","M","BOSS","R","M","?","?","?","M","T","M","?","?","?","M","R","M","M","BOSS","R","M","?","?","?","?","T","E","M","?","R","$","R","M","M","BOSS"],"items_purchased_type":["Relic","Card","Relic","Relic","Card","Potion"],"build_version":"2020-12-22","purchased_purges":0,"victory":true,"max_hp_per_floor":[77,77,77,77,77,77,77,77,77,77,77,77,77,77,77,77,77,87,87,87,87,87,87,87,87,87,87,87,88,88,89,90,91,91,91,92,92,92,93,93,93,94,95,105,105,106,106,107,108,109],"card_choices":[{"not_picked":["hexamod:HeatShield","hexamod:BacktrackSmack"],"picked":"hexamod:SpectersWail","floor":2.0},{"not_picked":["hexamod:Firestarter","hexamod:PhantomFireball"],"picked":"hexamod:HauntingEcho","floor":3.0},{"not_picked":["hexamod:HauntingEcho","hexamod:CatchUp"],"picked":"hexamod:EmpoweredFlame","floor":4.0},{"not_picked":["hexamod:Firestarter","hexamod:RainOfEmbers"],"picked":"hexamod:CrushingStance","floor":5.0},{"not_picked":["hexamod:SpectralAdrenaline","hexamod:PhantomCloak"],"picked":"hexamod:NightmareStrike","floor":6.0},{"not_picked":["hexamod:PhantomCloak","hexamod:InspiringFlames"],"picked":"hexamod:GhostOfSpireFuture","floor":8.0},{"not_picked":["hexamod:GhostShield","hexamod:RecurringNightmare"],"picked":"hexamod:VolcanoVisage","floor":10.0},{"not_picked":["hexamod:CatchUp","hexamod:ChargedBarrage"],"picked":"hexamod:SecondSeal","floor":12.0},{"not_picked":["hexamod:Haunt","hexamod:BacktrackSmack"],"picked":"hexamod:Hexaguard","floor":14.0},{"not_picked":["hexamod:EmpoweredFlame","hexamod:RadiantFlame"],"picked":"hexamod:GhostOfSpirePast","floor":15.0},{"not_picked":["hexamod:VolcanoVisage","hexamod:TimeWarp"],"picked":"hexamod:SixthSeal","floor":16.0},{"not_picked":["hexamod:HauntingEcho","hexamod:ThermalTransfer"],"picked":"hexamod:NightmareGuise+1","floor":19.0},{"not_picked":["hexamod:Rewind","hexamod:SkipABeat"],"picked":"hexamod:FirstSeal","floor":20.0},{"not_picked":["hexamod:GhostLash+1","hexamod:SpectersWail"],"picked":"hexamod:AdvancingGuard","floor":23.0},{"not_picked":["hexamod:NightmareGuise+1","hexamod:RainOfEmbers"],"picked":"hexamod:CatchUp","floor":25.0},{"not_picked":["hexamod:SpectralAdrenaline","hexamod:RetreatToShadows"],"picked":"hexamod:AdvancingGuard","floor":26.0},{"not_picked":["hexamod:BurningTouch","hexamod:GhostLash"],"picked":"hexamod:AdvancingGuard","floor":29.0},{"not_picked":["hexamod:ShieldOfDarkness","hexamod:BacktrackSmack+1"],"picked":"hexamod:TurnItUp","floor":31.0},{"not_picked":["hexamod:HauntingEcho","hexamod:ShieldOfDarkness"],"picked":"hexamod:InspiringFlames","floor":32.0},{"not_picked":["hexamod:GhostflameInferno","hexamod:UnleashSpirits"],"picked":"hexamod:ParanormalForm","floor":33.0},{"not_picked":["hexamod:BacktrackSmack","hexamod:ExtraCrispy+1"],"picked":"hexamod:ThirdSeal","floor":36},{"not_picked":["hexamod:BurningTouch+1","hexamod:Haunt+1"],"picked":"hexamod:EmpoweredFlame","floor":38},{"not_picked":["hexamod:SoulSteal+1","hexamod:RainOfEmbers"],"picked":"hexamod:FastForward+1","floor":42},{"not_picked":["hexamod:RainOfEmbers+1","hexamod:BacktrackSmack+1"],"picked":"hexamod:RetreatToShadows+1","floor":42},{"not_picked":["hexamod:HeatCrush+1","hexamod:ShieldOfDarkness+1"],"picked":"hexamod:SkipABeat+1","floor":43},{"not_picked":["hexamod:HauntingEcho","hexamod:InspiringFlames"],"picked":"hexamod:SearingWound","floor":43},{"not_picked":["hexamod:CrushingStance","hexamod:HauntingEcho+1"],"picked":"hexamod:StepThrough","floor":46},{"not_picked":["hexamod:BacktrackSmack","hexamod:SwordOfDarkness"],"picked":"hexamod:DynamicBlow","floor":46},{"not_picked":["hexamod:SpectralAdrenaline","hexamod:ThermalTransfer"],"picked":"hexamod:EtherealExpedition","floor":48},{"not_picked":["hexamod:NightmareStrike","hexamod:RainOfEmbers"],"picked":"hexamod:Hexaguard+1","floor":48},{"not_picked":["hexamod:ShieldOfDarkness","hexamod:SoulSteal"],"picked":"hexamod:FastForward","floor":49},{"not_picked":["hexamod:RainOfEmbers+1","hexamod:InspiringFlames"],"picked":"hexamod:BurningTouch+1","floor":49}],"player_experience":576965,"relics_obtained":[{"floor":5.0,"key":"Potion Belt"},{"floor":10.0,"key":"Girya"},{"floor":24.0,"key":"Juzu Bracelet"},{"floor":26.0,"key":"downfall:CloakOfManyFaces"},{"floor":28.0,"key":"Enchiridion"},{"floor":38,"key":"ReplayTheSpireMod:Shallot"},{"floor":39,"key":"downfall:GremlinWheel"},{"floor":40,"key":"Simple Rune"},{"floor":41,"key":"Lantern"},{"floor":42,"key":"infinitespire:Midas Blood"}],"event_choices":[{"damage_healed":0.0,"max_hp_gain":0.0,"max_hp_loss":0.0,"gold_gain":0.0,"event_name":"Accursed Blacksmith","player_choice":"Rummage","floor":9.0,"gold_loss":0.0,"damage_taken":0.0,"relics_obtained":["WarpedTongs"],"cards_obtained":["Pain"]},{"damage_healed":0.0,"max_hp_gain":0.0,"max_hp_loss":0.0,"gold_gain":0.0,"cards_transformed":["Pain"],"event_name":"Transmorgrifier","player_choice":"Transformed","floor":21.0,"gold_loss":0.0,"damage_taken":0.0,"cards_obtained":["Regret"]},{"cards_removed":["Injury"],"damage_healed":0,"gold_gain":0,"player_choice":"Card Removal","damage_taken":0,"max_hp_gain":0,"max_hp_loss":0,"event_name":"Wheel of Change","floor":45,"gold_loss":0}],"is_beta":false,"boss_relics":[{"not_picked":["SlaversCollar","Runic Pyramid"],"picked":"hexamod:IceCube"},{"not_picked":["Coffee Dripper","Runic Dome"],"picked":"Astrolabe"}],"items_purged_floors":[],"is_endless":false,"potions_floor_spawned":[3,4,6,14,15,16,25,26,32,36,43,48],"ascension_level":0}}