{"host":"cv77zuuuekizn3ic","time":1610084009,"event":{"mods":["AchievementEnabler","BaseMod","Marisa£®ÏF”Í°°ƒß¿Ì…≥£©","Minty Spire (QoL Compilation)","StSLib","Waifu the Spire","everything is the same but u backflip on backflip","slay the spire mod where everything is the same but ironclad has a cowboy hat"],"gold_per_floor":[112,112,129,140,140,140,166,166,243,154,154,154,182,194,194,271,271,281,206,226,277,297,297,326,326,326,338,367,367,159,195,195,279,288,305,255,274,291,325,358,115,150,150,181,193,245,257,269,281,293,305,317,329,12,12,12],"floor_reached":55,"playtime":3175,"items_purged":["Strike_R","Normality","Strike_R","Strike_R","Twin Strike"],"score":2144,"play_id":"1ba86944-1807-4dc9-9b72-f1cc7ee35a7e","local_time":"20210108133329","is_ascension_mode":true,"campfire_choices":[{"data":"Second Wind","floor":6.0,"key":"SMITH"},{"data":"Dark Embrace","floor":8.0,"key":"SMITH"},{"data":"Burning Pact","floor":12.0,"key":"SMITH"},{"data":"Power Through","floor":15.0,"key":"SMITH"},{"data":"Body Slam","floor":23.0,"key":"SMITH"},{"floor":25.0,"key":"RECALL"},{"data":"Feel No Pain","floor":29.0,"key":"SMITH"},{"data":"Entrench","floor":32.0,"key":"SMITH"},{"data":"Panacea","floor":45.0,"key":"SMITH"},{"data":"Dual Wield","floor":47.0,"key":"SMITH"},{"data":"Fiend Fire","floor":49.0,"key":"SMITH"},{"data":"Berserk","floor":53.0,"key":"SMITH"}],"circlet_count":0,"master_deck":["AscendersBane","Defend_R","Defend_R","Defend_R","Defend_R","Bash+1","Panache","Spot Weakness","Second Wind+1","Dark Embrace+1","Burning Pact+1","Pummel","Power Through+1","Reaper","Body Slam+1","Shockwave+1","Feel No Pain+1","Entrench+1","Panacea+1","Fiend Fire+1","Berserk+1","CurseOfTheBell","Power Through+1","Dual Wield+1","True Grit+1","Impatience","Shrug It Off"],"relics":["Burning Blood","Smiling Mask","HornCleat","Tiny Chest","Cursed Key","Potion Belt","CeramicFish","Shuriken","Calling Bell","Strawberry","InkBottle","Bird Faced Urn","WingedGreaves","Sundial","Membership Card","Frozen Egg 2","MawBank","Omamori","Gremlin Horn","Toy Ornithopter"],"acts_visited":["Exordium","TheCity","TheBeyond","TheEnding"],"potions_floor_usage":[],"damage_taken":[{"damage":12.0,"enemies":"Small Slimes","floor":1.0,"turns":5.0},{"damage":6.0,"enemies":"Cultist","floor":3.0,"turns":3.0},{"damage":7.0,"enemies":"Jaw Worm","floor":4.0,"turns":2.0},{"damage":21.0,"enemies":"Lagavulin","floor":7.0,"turns":6.0},{"damage":0.0,"enemies":"Gremlin Nob","floor":13.0,"turns":3.0},{"damage":12.0,"enemies":"Large Slime","floor":14.0,"turns":4.0},{"damage":40.0,"enemies":"The Guardian","floor":16.0,"turns":9.0},{"damage":7.0,"enemies":"Shell Parasite","floor":18.0,"turns":7.0},{"damage":20.0,"enemies":"Spheric Guardian","floor":20.0,"turns":10.0},{"damage":30.0,"enemies":"Cultist and Chosen","floor":22.0,"turns":6.0},{"damage":27.0,"enemies":"Book of Stabbing","floor":24.0,"turns":5.0},{"damage":29.0,"enemies":"Snake Plant","floor":27.0,"turns":5.0},{"damage":35.0,"enemies":"Gremlin Leader","floor":28.0,"turns":8.0},{"damage":24.0,"enemies":"Slavers","floor":31.0,"turns":6.0},{"damage":17.0,"enemies":"Collector","floor":33.0,"turns":7.0},{"damage":30.0,"enemies":"3 Darklings","floor":35.0,"turns":6.0},{"damage":11.0,"enemies":"Orb Walker","floor":37.0,"turns":5.0},{"damage":15.0,"enemies":"Jaw Worm Horde","floor":38.0,"turns":5.0},{"damage":0.0,"enemies":"Mind Bloom Boss Battle","floor":39.0,"turns":5.0},{"damage":6.0,"enemies":"Nemesis","floor":40.0,"turns":5.0},{"damage":18.0,"enemies":"Reptomancer","floor":42.0,"turns":5.0},{"damage":0.0,"enemies":"Giant Head","floor":44.0,"turns":4.0},{"damage":29.0,"enemies":"Reptomancer","floor":46.0,"turns":6.0},{"damage":42.0,"enemies":"Donu and Deca","floor":50.0,"turns":10.0},{"damage":9.0,"enemies":"Time Eater","floor":51.0,"turns":9.0},{"damage":80,"enemies":"Shield and Spear","floor":55,"turns":6}],"seed_played":"-5144216168204493040","potions_obtained":[{"floor":1.0,"key":"AttackPotion"},{"floor":7.0,"key":"BloodPotion"},{"floor":14.0,"key":"Swift Potion"},{"floor":18.0,"key":"PowerPotion"},{"floor":27.0,"key":"Explosive Potion"},{"floor":31.0,"key":"Fire Potion"},{"floor":33.0,"key":"EntropicBrew"},{"floor":35.0,"key":"Fire Potion"},{"floor":42.0,"key":"GamblersBrew"}],"is_trial":false,"path_per_floor":["M","?","M","M","?","R","E","R","T","$","?","R","E","M","R","B",null,"M","?","M","T","M","R","E","R","T","M","E","R","$","E","R","B",null,"M","$","M","M","?","E","$","E","T","E","R","E","R","?","R","B","B",null,"R","$","E"],"character_chosen":"IRONCLAD","items_purchased":["Burning Pact","Entrench","Panacea","Membership Card","Dual Wield","Gremlin Horn","Toy Ornithopter","Impatience","Shrug It Off"],"campfire_rested":0,"item_purchase_floors":[10,30,30,41,41,54,54,54,54],"current_hp_per_floor":[62,62,62,61,66,66,51,51,51,51,51,51,57,51,51,17,59,58,58,63,63,45,45,28,28,28,29,24,24,24,49,49,38,71,80,80,75,71,80,80,80,80,80,80,80,68,68,68,68,41,46,72,72,72,0,0],"gold":12,"neow_bonus":"RANDOM_COLORLESS_2","is_daily":false,"chose_seed":false,"campfire_upgraded":11,"win_rate":0.0,"timestamp":1610084009,"path_taken":["M","?","?","M","?","R","E","R","T","$","?","R","E","?","R","BOSS","M","?","M","?","M","R","E","R","T","M","E","R","$","E","R","BOSS","M","$","M","M","?","E","$","E","T","E","R","E","R","?","R","BOSS","BOSS","R","$","E"],"items_purchased_type":["Card","Card","Card","Relic","Card","Relic","Relic","Card","Card"],"build_version":"2020-12-22","purchased_purges":5,"victory":false,"max_hp_per_floor":[68,68,68,68,73,73,73,73,73,73,73,73,73,73,73,73,73,73,73,73,73,73,73,73,73,73,73,73,73,73,73,73,73,80,80,80,80,80,80,80,80,80,80,80,80,80,80,80,80,80,80,80,80,80,80,80],"card_choices":[{"not_picked":["Sadistic Nature","Violence"],"picked":"Panache","floor":0.0},{"not_picked":["Wild Strike","Entrench"],"picked":"Spot Weakness","floor":1.0},{"not_picked":["Feel No Pain","Uppercut"],"picked":"Twin Strike","floor":3.0},{"not_picked":["Ghostly Armor","Perfected Strike"],"picked":"Second Wind","floor":4.0},{"not_picked":["Clash","Perfected Strike"],"picked":"Dark Embrace","floor":7.0},{"not_picked":["Uppercut","Iron Wave"],"picked":"Pummel","floor":13.0},{"not_picked":["Bludgeon","Heavy Blade"],"picked":"Power Through","floor":14.0},{"not_picked":["Juggernaut","Immolate"],"picked":"Reaper","floor":16.0},{"not_picked":["Searing Blow","Fire Breathing"],"picked":"Body Slam","floor":18.0},{"not_picked":["Anger","Intimidate","Sword Boomerang+1"],"picked":"SKIP","floor":20.0},{"not_picked":["Sword Boomerang","Carnage","Clothesline"],"picked":"SKIP","floor":22.0},{"not_picked":["Cleave+1","Pommel Strike"],"picked":"Shockwave+1","floor":24.0},{"not_picked":["Shrug It Off","Pommel Strike"],"picked":"Feel No Pain","floor":27.0},{"not_picked":["Armaments","Shrug It Off","Clothesline+1"],"picked":"SKIP","floor":28.0},{"not_picked":["Reckless Charge","Ghostly Armor"],"picked":"Fiend Fire","floor":31.0},{"not_picked":["Fiend Fire","Double Tap"],"picked":"Berserk","floor":33.0},{"not_picked":["Sentinel+1","Warcry","Perfected Strike"],"picked":"SKIP","floor":35.0},{"not_picked":["Havoc","Shrug It Off","Metallicize"],"picked":"SKIP","floor":37.0},{"not_picked":["Sever Soul","Searing Blow","Shrug It Off"],"picked":"SKIP","floor":38.0},{"not_picked":["Wild Strike","Clothesline+1"],"picked":"Power Through+1","floor":39.0},{"not_picked":["Clothesline","Headbutt","Heavy Blade+1"],"picked":"SKIP","floor":40.0},{"not_picked":["Body Slam","Wild Strike","Fire Breathing+1"],"picked":"SKIP","floor":42.0},{"not_picked":["Shrug It Off","Entrench","Anger"],"picked":"SKIP","floor":44.0},{"not_picked":["Body Slam+1","Whirlwind"],"picked":"True Grit+1","floor":46.0}],"player_experience":772938,"relics_obtained":[{"floor":7.0,"key":"Smiling Mask"},{"floor":9.0,"key":"HornCleat"},{"floor":13.0,"key":"Tiny Chest"},{"floor":24.0,"key":"Potion Belt"},{"floor":28.0,"key":"CeramicFish"},{"floor":31.0,"key":"Shuriken"},{"floor":34.0,"key":"Strawberry"},{"floor":34.0,"key":"InkBottle"},{"floor":34.0,"key":"Bird Faced Urn"},{"floor":39.0,"key":"WingedGreaves"},{"floor":40.0,"key":"Sundial"},{"floor":42.0,"key":"Frozen Egg 2"},{"floor":44.0,"key":"MawBank"},{"floor":46.0,"key":"Omamori"}],"event_choices":[{"damage_healed":0.0,"max_hp_gain":0.0,"max_hp_loss":0.0,"gold_gain":0.0,"event_name":"Upgrade Shrine","player_choice":"Upgraded","floor":2.0,"gold_loss":0.0,"damage_taken":0.0,"cards_upgraded":["Bash"]},{"damage_healed":0.0,"max_hp_gain":5.0,"max_hp_loss":0.0,"gold_gain":0.0,"event_name":"Big Fish","player_choice":"Donut","floor":5.0,"gold_loss":0.0,"damage_taken":0.0},{"cards_removed":["Strike_R"],"damage_healed":0.0,"max_hp_gain":0.0,"max_hp_loss":0.0,"gold_gain":0.0,"event_name":"Purifier","player_choice":"Purged","floor":11.0,"gold_loss":0.0,"damage_taken":0.0},{"cards_removed":["Strike_R"],"damage_healed":0.0,"max_hp_gain":0.0,"max_hp_loss":0.0,"gold_gain":0.0,"event_name":"Beggar","player_choice":"Gave Gold","floor":19.0,"gold_loss":75.0,"damage_taken":0.0},{"damage_healed":0.0,"max_hp_gain":0.0,"max_hp_loss":0.0,"gold_gain":0.0,"event_name":"MindBloom","player_choice":"Fight","floor":39.0,"gold_loss":0.0,"damage_taken":0.0},{"damage_healed":0.0,"max_hp_gain":0.0,"max_hp_loss":0.0,"gold_gain":0.0,"event_name":"SecretPortal","player_choice":"Ignored","floor":48.0,"gold_loss":0.0,"damage_taken":0.0}],"is_beta":false,"boss_relics":[{"not_picked":["SlaversCollar","Runic Pyramid"],"picked":"Cursed Key"},{"not_picked":["Velvet Choker","Astrolabe"],"picked":"Calling Bell"}],"items_purged_floors":[10,30,36,41,54],"is_endless":false,"potions_floor_spawned":[1,7,14,18,27,31,33,35,42,44],"killed_by":"Shield and Spear","ascension_level":20}}