{"host":"5x08nt64u3vxxcfi","time":1610089592,"event":{"mods":["BaseMod","Minty Spire (QoL Compilation)","StSLib","SuperFastMode"],"gold_per_floor":[112,112,12,26,26,26,41,41,67,67,67,67,82,158,158,279,279,294,294,54,54,54,54,79,99,152,117,117,1017,1017,1034,1034,1138,1138,1148,442,492,510,510,510,510,510,533,553,553,553,27,27,27,27,27],"floor_reached":50,"playtime":779,"items_purged":["Regret","Strike_P+1"],"score":615,"play_id":"7cbb874d-d962-4e5f-8074-e99588860fb3","local_time":"20210108160632","is_ascension_mode":false,"campfire_choices":[{"data":"Eruption","floor":6.0,"key":"SMITH"},{"data":"SashWhip","floor":12.0,"key":"SMITH"},{"data":"Prostrate","floor":15.0,"key":"SMITH"},{"data":"Brilliance","floor":23.0,"key":"SMITH"},{"data":"MentalFortress","floor":28.0,"key":"SMITH"},{"data":"MentalFortress","floor":30.0,"key":"SMITH"},{"data":"MentalFortress","floor":32.0,"key":"SMITH"},{"data":"Devotion","floor":40,"key":"SMITH"},{"data":"Bandage Up","floor":46,"key":"SMITH"},{"data":"CrushJoints","floor":49,"key":"SMITH"}],"circlet_count":0,"master_deck":["Strike_P+1","Defend_P+1","Defend_P+1","Defend_P+1","Defend_P+1","Eruption+1","Vigilance","Mayhem+1","SashWhip+1","Consecrate","Prostrate+1","FollowUp","Prostrate","Brilliance+1","Crescendo","MentalFortress+1","Pray","Trip","MentalFortress+1","ClearTheMind","MentalFortress+1","SandsOfTime+1","Devotion+1","EmptyFist","FlurryOfBlows","TalkToTheHand","Enlightenment","ClearTheMind","FlurryOfBlows+1","Bandage Up+1","DeceiveReality","LikeWater","CrushJoints+1","Prostrate","Writhe"],"relics":["PureWater","Strawberry","Juzu Bracelet","Bloody Idol","Coffee Dripper","MutagenicStrength","StoneCalendar","MealTicket","Black Star","Mercury Hourglass","Boot","Ginger","Blood Vial","HandDrill","Anchor"],"acts_visited":["Exordium","TheCity","TheBeyond"],"potions_floor_usage":[33,36,44],"damage_taken":[{"damage":4.0,"enemies":"2 Louse","floor":1.0,"turns":2.0},{"damage":0.0,"enemies":"Small Slimes","floor":4.0,"turns":3.0},{"damage":0.0,"enemies":"Cultist","floor":7.0,"turns":3.0},{"damage":0.0,"enemies":"Blue Slaver","floor":13.0,"turns":3.0},{"damage":35.0,"enemies":"The Guardian","floor":16.0,"turns":10.0},{"damage":10.0,"enemies":"3 Byrds","floor":18.0,"turns":6.0},{"damage":24.0,"enemies":"Book of Stabbing","floor":24.0,"turns":7.0},{"damage":6.0,"enemies":"Chosen","floor":25.0,"turns":3.0},{"damage":8.0,"enemies":"Centurion and Healer","floor":31.0,"turns":5.0},{"damage":0,"enemies":"Champ","floor":33,"turns":7},{"damage":11,"enemies":"3 Darklings","floor":35,"turns":7},{"damage":36,"enemies":"Mind Bloom Boss Battle","floor":37,"turns":6},{"damage":33,"enemies":"3 Shapes","floor":38,"turns":4},{"damage":30,"enemies":"Transient","floor":44,"turns":5},{"damage":75,"enemies":"Time Eater","floor":50,"turns":3}],"seed_played":"-3523395811147300700","potions_obtained":[{"floor":7.0,"key":"LiquidMemories"},{"floor":24.0,"key":"Block Potion"},{"floor":37,"key":"Energy Potion"},{"floor":44,"key":"SteroidPotion"}],"is_trial":false,"path_per_floor":["M","?","$","M","?","R","M","?","T","?","?","R","M","?","R","B",null,"M","?","$","?","?","R","E","M","T","$","R","?","R","M","R","B",null,"M","$","?","M","?","R","?","?","T","M","?","R","$","?","R","B"],"character_chosen":"WATCHER","items_purchased":["Consecrate","MentalFortress","Pray","Trip","MentalFortress","FlurryOfBlows","TalkToTheHand","Enlightenment","Mercury Hourglass","Boot","Fruit Juice","LikeWater","CrushJoints","Prostrate","HandDrill","Anchor"],"campfire_rested":0,"item_purchase_floors":[3,20,20,20,27,36,36,36,36,36,36,47,47,47,47,47],"current_hp_per_floor":[68,54,54,54,58,58,58,51,51,32,37,37,37,37,37,2,84,74,74,74,74,74,74,55,54,59,74,74,13,13,10,10,15,84,78,89,58,30,30,30,30,30,35,16,16,16,31,53,53,0,0],"gold":27,"neow_bonus":"RANDOM_COLORLESS_2","is_daily":false,"chose_seed":false,"campfire_upgraded":10,"win_rate":0.0,"timestamp":1610089592,"path_taken":["M","?","$","M","?","R","M","?","T","?","?","R","M","?","R","BOSS","M","?","$","?","?","R","E","M","T","?","R","?","R","M","R","BOSS","M","$","?","M","?","R","?","?","T","M","?","R","$","?","R","BOSS"],"items_purchased_type":["Card","Card","Card","Card","Card","Card","Card","Card","Relic","Relic","Potion","Card","Card","Card","Relic","Relic"],"build_version":"2020-12-22","purchased_purges":2,"victory":false,"max_hp_per_floor":[72,72,72,72,79,79,79,79,79,79,84,84,84,84,84,84,84,84,84,84,84,84,84,84,84,84,84,84,84,84,84,84,84,84,84,89,89,89,89,89,89,89,89,89,89,89,89,89,89,89,89],"card_choices":[{"not_picked":["The Bomb","Master of Strategy"],"picked":"Mayhem","floor":0.0},{"not_picked":["Collect","Protect"],"picked":"SashWhip","floor":1.0},{"not_picked":["Indignation","JustLucky"],"picked":"Prostrate","floor":4.0},{"not_picked":["Halt","BowlingBash"],"picked":"FollowUp","floor":7.0},{"not_picked":["BowlingBash","Evaluate"],"picked":"Prostrate","floor":13.0},{"not_picked":["DevaForm","MasterReality"],"picked":"Brilliance","floor":16.0},{"not_picked":["PathToVictory","FollowUp"],"picked":"Crescendo","floor":18.0},{"not_picked":["FollowUp","ReachHeaven"],"picked":"MentalFortress","floor":24.0},{"not_picked":["FlyingSleeves","EmptyMind"],"picked":"ClearTheMind","floor":25.0},{"not_picked":["FlyingSleeves","Indignation"],"picked":"SandsOfTime+1","floor":31.0},{"not_picked":["Ragnarok","Omniscience"],"picked":"Devotion","floor":33},{"not_picked":["FlyingSleeves+1","LikeWater"],"picked":"EmptyFist","floor":35},{"not_picked":["SashWhip","EmptyFist"],"picked":"ClearTheMind","floor":37},{"not_picked":["WindmillStrike","PathToVictory"],"picked":"FlurryOfBlows+1","floor":38},{"not_picked":["Metamorphosis","Trip"],"picked":"Bandage Up","floor":39},{"not_picked":["BowlingBash","Halt"],"picked":"DeceiveReality","floor":44}],"player_experience":62880,"relics_obtained":[{"floor":9.0,"key":"Juzu Bracelet"},{"floor":24.0,"key":"StoneCalendar"},{"floor":26.0,"key":"MealTicket"},{"floor":37,"key":"Ginger"},{"floor":43,"key":"Blood Vial"}],"event_choices":[{"damage_healed":0.0,"max_hp_gain":0.0,"max_hp_loss":0.0,"gold_gain":0.0,"event_name":"Shining Light","player_choice":"Entered Light","floor":2.0,"gold_loss":0.0,"damage_taken":14.0,"cards_upgraded":["Mayhem","Strike_P"]},{"damage_healed":0.0,"max_hp_gain":0.0,"max_hp_loss":0.0,"gold_gain":0.0,"event_name":"Scrap Ooze","player_choice":"Success","floor":5.0,"gold_loss":0.0,"damage_taken":3.0,"relics_obtained":["Strawberry"]},{"damage_healed":0.0,"max_hp_gain":0.0,"max_hp_loss":0.0,"gold_gain":0.0,"event_name":"Wheel of Change","player_choice":"Damaged","floor":8.0,"gold_loss":0.0,"damage_taken":7.0},{"damage_healed":0.0,"max_hp_gain":0.0,"max_hp_loss":0.0,"gold_gain":0.0,"event_name":"Golden Idol","player_choice":"Take Damage","floor":10.0,"gold_loss":0.0,"damage_taken":19.0,"relics_obtained":["Golden Idol"]},{"damage_healed":0.0,"max_hp_gain":5.0,"max_hp_loss":0.0,"gold_gain":0.0,"event_name":"Big Fish","player_choice":"Donut","floor":11.0,"gold_loss":0.0,"damage_taken":0.0},{"damage_healed":0.0,"max_hp_gain":0.0,"max_hp_loss":0.0,"gold_gain":76.0,"event_name":"Golden Wing","player_choice":"Gained Gold","floor":14.0,"gold_loss":0.0,"damage_taken":0.0},{"damage_healed":0.0,"max_hp_gain":0.0,"max_hp_loss":0.0,"gold_gain":0.0,"event_name":"Back to Basics","player_choice":"Simplicity","floor":19.0,"gold_loss":0.0,"damage_taken":0.0,"cards_upgraded":["Strike_P","Strike_P","Strike_P","Defend_P","Defend_P","Defend_P","Defend_P"]},{"damage_healed":0.0,"max_hp_gain":0.0,"max_hp_loss":0.0,"gold_gain":0.0,"event_name":"Forgotten Altar","player_choice":"Gave Idol","floor":21.0,"relics_lost":["Golden Idol"],"gold_loss":0.0,"damage_taken":0.0,"relics_obtained":["Bloody Idol"]},{"damage_healed":0.0,"max_hp_gain":0.0,"max_hp_loss":0.0,"gold_gain":0.0,"event_name":"Drug Dealer","player_choice":"Inject Mutagens","floor":22.0,"gold_loss":0.0,"damage_taken":0.0,"relics_obtained":["MutagenicStrength"]},{"damage_healed":0.0,"max_hp_gain":0.0,"max_hp_loss":0.0,"gold_gain":900.0,"event_name":"Knowing Skull","player_choice":"GOLD GOLD GOLD GOLD GOLD GOLD GOLD GOLD GOLD GOLD ","floor":29.0,"potions_obtained":[],"gold_loss":0.0,"damage_taken":111.0,"cards_obtained":[]},{"damage_healed":0,"gold_gain":0,"player_choice":"Fight","damage_taken":0,"max_hp_gain":0,"max_hp_loss":0,"event_name":"MindBloom","floor":37,"gold_loss":0},{"damage_healed":0,"gold_gain":0,"player_choice":"Memory 1","damage_taken":0,"max_hp_gain":0,"max_hp_loss":0,"event_name":"SensoryStone","floor":39,"gold_loss":0},{"damage_healed":0,"gold_gain":0,"player_choice":"Ignored","damage_taken":0,"max_hp_gain":0,"max_hp_loss":0,"event_name":"Tomb of Lord Red Mask","floor":41,"gold_loss":0},{"cards_removed":["Strike_P"],"damage_healed":0,"gold_gain":0,"player_choice":"Purged","damage_taken":0,"max_hp_gain":0,"max_hp_loss":0,"event_name":"Purifier","floor":42,"gold_loss":0},{"cards_removed":["Strike_P"],"damage_healed":0,"gold_gain":0,"player_choice":"Removed Attack","damage_taken":0,"max_hp_gain":0,"max_hp_loss":0,"event_name":"Falling","floor":45,"gold_loss":0},{"damage_healed":22,"gold_gain":0,"player_choice":"Writhe","damage_taken":0,"max_hp_gain":0,"max_hp_loss":0,"event_name":"Winding Halls","floor":48,"gold_loss":0,"cards_obtained":["Writhe"]}],"is_beta":false,"boss_relics":[{"not_picked":["Velvet Choker","Tiny House"],"picked":"Coffee Dripper"},{"not_picked":["Pandora\u0027s Box","Cursed Key"],"picked":"Black Star"}],"items_purged_floors":[3,47],"is_endless":false,"potions_floor_spawned":[7,24,37,44],"killed_by":"Time Eater","ascension_level":0}}