{"host":"6ilae7ewjeys3uzr","time":1610128163,"event":{"mods":["AchievementEnabler","BaseMod","Hermit","Marisa????????","Minty Spire (QoL Compilation)","Quick Restart","StSLib","The Cursed"],"gold_per_floor":[216,141,155,255,155,190,190,200,226,101,101,117,117,129,129,129,129],"floor_reached":16,"playtime":420,"items_purged":["Defend_P","Strike_P","Defend_P"],"score":100,"play_id":"cd38504d-c893-4656-abf8-bc1d78a8a82e","local_time":"20210108184923","is_ascension_mode":false,"campfire_choices":[{"floor":7,"key":"REST"},{"floor":15,"key":"REST"}],"circlet_count":0,"master_deck":["Strike_P","Strike_P","Strike_P","Defend_P","Defend_P","Eruption","Vigilance"],"relics":["PureWater","Bronze Scales","Bag of Marbles"],"acts_visited":["Exordium"],"potions_floor_usage":[12],"damage_taken":[{"damage":1,"enemies":"Jaw Worm","floor":1,"turns":3},{"damage":7,"enemies":"Cultist","floor":3,"turns":3},{"damage":32,"enemies":"3 Sentries","floor":6,"turns":9},{"damage":9,"enemies":"2 Louse","floor":8,"turns":2},{"damage":29,"enemies":"Gremlin Gang","floor":12,"turns":3},{"damage":6,"enemies":"3 Louse","floor":14,"turns":2},{"damage":35,"enemies":"The Guardian","floor":16,"turns":8}],"seed_played":"-6859462985398064954","potions_obtained":[{"floor":8,"key":"LiquidMemories"}],"is_trial":false,"path_per_floor":["M","$","M","?","$","E","R","M","T","$","?","M","?","M","R","B"],"character_chosen":"WATCHER","items_purchased":[],"campfire_rested":2,"item_purchase_floors":[],"current_hp_per_floor":[71,71,64,64,64,32,53,44,44,44,44,15,15,9,30,0,0],"gold":129,"neow_bonus":"HUNDRED_GOLD","is_daily":false,"chose_seed":false,"campfire_upgraded":0,"win_rate":0.0,"timestamp":1610128163,"path_taken":["M","$","M","?","$","E","R","?","T","?","?","?","?","M","R","BOSS"],"items_purchased_type":[],"build_version":"2020-12-22","purchased_purges":3,"victory":false,"max_hp_per_floor":[72,72,72,72,72,72,72,72,72,72,72,72,72,72,72,72,72],"card_choices":[{"not_picked":["Crescendo","ThirdEye","Meditate"],"picked":"SKIP","floor":1},{"not_picked":["EmptyBody","SandsOfTime","Evaluate"],"picked":"SKIP","floor":3},{"not_picked":["EmptyBody","WheelKick","Crescendo"],"picked":"SKIP","floor":6},{"not_picked":["Tantrum","SignatureMove","FlurryOfBlows"],"picked":"SKIP","floor":8},{"not_picked":["Crescendo","WreathOfFlame","JustLucky"],"picked":"SKIP","floor":12},{"not_picked":["WheelKick","CutThroughFate","Meditate"],"picked":"SKIP","floor":14}],"player_experience":245056,"relics_obtained":[{"floor":6,"key":"Bronze Scales"},{"floor":9,"key":"Bag of Marbles"}],"event_choices":[{"damage_healed":0,"gold_gain":100,"player_choice":"Gold","damage_taken":0,"max_hp_gain":0,"max_hp_loss":0,"event_name":"Wheel of Change","floor":4,"gold_loss":0},{"damage_healed":0,"gold_gain":0,"player_choice":"Ignored","damage_taken":0,"max_hp_gain":0,"max_hp_loss":0,"event_name":"NoteForYourself","floor":11,"gold_loss":0},{"damage_healed":0,"gold_gain":0,"player_choice":"Ignored","damage_taken":0,"max_hp_gain":0,"max_hp_loss":0,"event_name":"Liars Game","floor":13,"gold_loss":0}],"is_beta":false,"boss_relics":[],"items_purged_floors":[2,5,10],"is_endless":false,"potions_floor_spawned":[8],"killed_by":"The Guardian","ascension_level":0}}