{"host":"iy58fyt9wsbv4cf1","time":1610135549,"event":{"mods":["BaseMod","Better Altar","Better Match","Better Skull","Better Third Choice","BetterRewards","Conspire","Custom Start","Defuse TimeMaze Blight","Hubris","Infinite Spire","Minty Spire (QoL Compilation)","Permanent Neow","Quick Restart","Spicy Shops","StSLib"],"gold_per_floor":[114,114,131,155,170,170,205,205,205,218,218,5,21,21,21,121,121,133,34,34,57,75,101,101,131,131,131,131,131,162,87,87,190,190,202,216,216,216,216,216,247,263,314,314,331,351,351,368,368,473,473,484,484,407,407,296,321,335,342,390,390,395,395,399,399,399,485,485,491,338,338,342,442,465,465,469,469,470,549,561,580,582,582,677,677,682,693,693,736,736,736,736,733,756,775,672,672,690,714,714,803,803,805,814,814,739,739,756,756,856,925,925,938,938,965,988,988,1077,1077,1081,1084,1103,1103,1103,1103,1103,1103,1158,1166,1189,1195,1195,1200,1200,1294,1294,1299,1309,1313,1317,1322,1322,1322,1347,1385,1396,1430,1440,1468,1480,1492,1572,1584,1596,1439,1454,1525],"floor_reached":158,"playtime":3470,"items_purged":["Strike_B","Strike_B","Strike_B","Defend_B","Defend_B"],"score":5404,"play_id":"352c8046-56e4-46f8-9a66-9b5639a4a891","local_time":"20210108145229","is_ascension_mode":true,"campfire_choices":[{"data":"Defragment","floor":6.0,"key":"SMITH"},{"data":"hubris:PowerSurge","floor":8.0,"key":"SMITH"},{"data":"Biased Cognition","floor":11.0,"key":"SMITH"},{"data":"Consume","floor":15.0,"key":"SMITH"},{"data":"Storm","floor":24.0,"key":"SMITH"},{"data":"Reboot","floor":27.0,"key":"SMITH"},{"data":"Zap","floor":29.0,"key":"SMITH"},{"data":"Capacitor","floor":32.0,"key":"SMITH"},{"data":"Conserve Battery","floor":40.0,"key":"SMITH"},{"data":"hubris:PowerSurge","floor":49.0,"key":"SMITH"},{"data":"Double Energy","floor":61.0,"key":"SMITH"},{"data":"Amplify","floor":66.0,"key":"SMITH"},{"data":"Double Energy","floor":75.0,"key":"SMITH"},{"data":"Conserve Battery","floor":83.0,"key":"SMITH"},{"floor":91.0,"key":"RECALL"},{"data":"Machine Learning","floor":100,"key":"SMITH"},{"floor":109,"key":"REST"},{"data":"Electrodynamics","floor":112,"key":"SMITH"},{"data":"BootSequence","floor":114,"key":"SMITH"},{"data":"Tempest","floor":117,"key":"SMITH"},{"data":"Consume","floor":127,"key":"SMITH"},{"data":"BootSequence","floor":134,"key":"SMITH"},{"data":"Dualcast","floor":142,"key":"SMITH"},{"data":"Tempest","floor":151,"key":"SMITH"},{"data":"Biased Cognition","floor":154,"key":"SMITH"}],"circlet_count":0,"master_deck":["Zap+1","Dualcast+1","hubris:PowerSurge+1","Tempest+1","Tempest+1","Steam","Defragment+1","Ball Lightning","Steam","Biased Cognition+1","Conserve Battery+1","Capacitor+1","Consume+1","Storm+1","Self Repair+1","Reboot+1","BootSequence+1","Turbo+1","hubris:PowerSurge+1","Amplify+1","Biased Cognition+1","Conserve Battery+1","Double Energy+1","Double Energy+1","BootSequence+1","Conserve Battery+1","Machine Learning+1","Electrodynamics+1","Consume+1","Biased Cognition+1","hubris:Ukulele+1"],"relics":["Cracked Core","Membership Card","Prayer Wheel","Lee\u0027s Waffle","Strange Spoon","DollysMirror","MealTicket","infinitespire:CheckeredPen","hubris:MysteriousPyramids","Coffee Dripper","infinitespire:Satchel","Potion Belt","hubris:BundleOfHerbs","DataDisk","hubris:CrystalStatue","hubris:Icosahedron","hubris:Zylophone","hubris:VirtuousBlindfold","Dream Catcher","Pen Nib","Juzu Bracelet","hubris:Towel","hubris:Backtick","Chemical X","WingedGreaves","Omamori","Vajra","Runic Capacitor","infinitespire:Freezer","Happy Flower","Ice Cream","Anchor","infinitespire:SolderingIron","Unceasing Top","Ornamental Fan","Centennial Puzzle","Busted Crown","hubris:64BitClover","Lantern","infinitespire:Magic Flask","hubris:SoftwareUpdate","Eternal Feather","Runic Dome","Toy Ornithopter","Meat on the Bone","Bag of Preparation","infinitespire:PuzzleCube","Matryoshka","infinitespire:Cupcake","Red Mask","Oddly Smooth Stone","infinitespire:Beetle Shell","hubris:BallOfYels","hubris:HollowSoul","Pear","MawBank","Nunchaku","hubris:SlimyHat","PreservedInsect","hubris:TenFootPole","conspire:DeflatedDodgeball","hubris:TerracottaHorce","hubris:RGBLights","infinitespire:BottledMercury","conspire:InfiniteJournal"],"acts_visited":["Exordium","TheCity","TheBeyond","Exordium","TheCity","TheBeyond","Exordium","TheCity","TheBeyond","TheEnding"],"potions_floor_usage":[],"damage_taken":[{"damage":0.0,"enemies":"Cultist","floor":1.0,"turns":2.0},{"damage":1.0,"enemies":"Jaw Worm","floor":3.0,"turns":2.0},{"damage":1.0,"enemies":"2 Louse","floor":5.0,"turns":2.0},{"damage":22.0,"enemies":"Lagavulin","floor":7.0,"turns":5.0},{"damage":1.0,"enemies":"Exordium Thugs","floor":10.0,"turns":3.0},{"damage":9.0,"enemies":"Large Slime","floor":13.0,"turns":2.0},{"damage":25.0,"enemies":"Hexaghost","floor":16.0,"turns":6.0},{"damage":11.0,"enemies":"2 Thieves","floor":18.0,"turns":3.0},{"damage":5.0,"enemies":"Chosen","floor":22.0,"turns":2.0},{"damage":0.0,"enemies":"Nightmare","floor":23.0,"turns":6.0},{"damage":19.0,"enemies":"Book of Stabbing","floor":25.0,"turns":3.0},{"damage":0.0,"enemies":"conspire:Head Lice","floor":30.0,"turns":2.0},{"damage":6.0,"enemies":"conspire:MysteriousRune","floor":33.0,"turns":3.0},{"damage":5.0,"enemies":"Orb Walker","floor":35.0,"turns":2.0},{"damage":8.0,"enemies":"3 Shapes","floor":36.0,"turns":3.0},{"damage":31.0,"enemies":"Nemesis","floor":41.0,"turns":3.0},{"damage":0.0,"enemies":"Maw","floor":42.0,"turns":4.0},{"damage":0.0,"enemies":"3 Darklings","floor":45.0,"turns":2.0},{"damage":6.0,"enemies":"Spire Growth","floor":46.0,"turns":3.0},{"damage":28.0,"enemies":"Jaw Worm Horde","floor":48.0,"turns":3.0},{"damage":14.0,"enemies":"infinitespire:MassOfShapes","floor":50.0,"turns":4.0},{"damage":0.0,"enemies":"2 Louse","floor":52.0,"turns":1.0},{"damage":0.0,"enemies":"3 Sentries","floor":57.0,"turns":2.0},{"damage":0.0,"enemies":"Cultist","floor":58.0,"turns":1.0},{"damage":0.0,"enemies":"Small Slimes","floor":59.0,"turns":1.0},{"damage":0.0,"enemies":"Blue Slaver","floor":62.0,"turns":3.0},{"damage":2.0,"enemies":"Lots of Slimes","floor":64.0,"turns":2.0},{"damage":0.0,"enemies":"The Guardian","floor":67.0,"turns":3.0},{"damage":0.0,"enemies":"Spheric Guardian","floor":69.0,"turns":3.0},{"damage":3.0,"enemies":"2 Thieves","floor":72.0,"turns":3.0},{"damage":0.0,"enemies":"Book of Stabbing","floor":74.0,"turns":2.0},{"damage":0.0,"enemies":"3 Cultists","floor":76.0,"turns":2.0},{"damage":3.0,"enemies":"Snake Plant","floor":78.0,"turns":2.0},{"damage":11.0,"enemies":"Colosseum Slavers","floor":79.0,"turns":3.0},{"damage":0.0,"enemies":"Colosseum Nobs","floor":79.0,"turns":2.0},{"damage":0.0,"enemies":"Snecko","floor":80.0,"turns":2.0},{"damage":0.0,"enemies":"Slavers","floor":81.0,"turns":1.0},{"damage":1.0,"enemies":"Centurion and Healer","floor":82.0,"turns":3.0},{"damage":0.0,"enemies":"Collector","floor":84.0,"turns":2.0},{"damage":0.0,"enemies":"Orb Walker","floor":86.0,"turns":1.0},{"damage":0.0,"enemies":"3 Shapes","floor":87.0,"turns":2.0},{"damage":0.0,"enemies":"Mind Bloom Boss Battle","floor":89.0,"turns":2.0},{"damage":0,"enemies":"3 Darklings","floor":92,"turns":2},{"damage":0,"enemies":"Maw","floor":93,"turns":3},{"damage":0,"enemies":"Nightmare","floor":95,"turns":2},{"damage":0,"enemies":"Giant Head","floor":98,"turns":3},{"damage":0,"enemies":"conspire:MimicChest","floor":99,"turns":2},{"damage":5,"enemies":"hubris:GrandSnecko","floor":101,"turns":2},{"damage":0,"enemies":"2 Louse","floor":103,"turns":2},{"damage":0,"enemies":"infinitespire:Voidling","floor":104,"turns":2},{"damage":0,"enemies":"Lagavulin","floor":108,"turns":2},{"damage":0,"enemies":"Cultist","floor":113,"turns":2},{"damage":0,"enemies":"Gremlin Nob","floor":115,"turns":2},{"damage":0,"enemies":"Hexaghost","floor":118,"turns":2},{"damage":2,"enemies":"2 Thieves","floor":120,"turns":2},{"damage":0,"enemies":"Chosen","floor":121,"turns":1},{"damage":0,"enemies":"Masked Bandits","floor":122,"turns":2},{"damage":0,"enemies":"Centurion and Healer","floor":129,"turns":2},{"damage":9,"enemies":"Slavers","floor":130,"turns":2},{"damage":0,"enemies":"Snecko","floor":131,"turns":1},{"damage":0,"enemies":"Sentry and Sphere","floor":133,"turns":1},{"damage":0,"enemies":"conspire:MysteriousRune","floor":135,"turns":2},{"damage":0,"enemies":"3 Shapes","floor":137,"turns":1},{"damage":0,"enemies":"Orb Walker","floor":138,"turns":1},{"damage":0,"enemies":"3 Darklings","floor":139,"turns":1},{"damage":0,"enemies":"Writhing Mass","floor":140,"turns":2},{"damage":0,"enemies":"Spire Growth","floor":141,"turns":1},{"damage":0,"enemies":"4 Shapes","floor":144,"turns":1},{"damage":0,"enemies":"Maw","floor":146,"turns":2},{"damage":0,"enemies":"Reptomancer","floor":147,"turns":1},{"damage":0,"enemies":"Sphere and 2 Shapes","floor":148,"turns":2},{"damage":0,"enemies":"Giant Head","floor":149,"turns":3},{"damage":0,"enemies":"infinitespire:LordOfFortification","floor":152,"turns":5},{"damage":0,"enemies":"Shield and Spear","floor":156,"turns":2},{"damage":86,"enemies":"The Heart","floor":157,"turns":6}],"seed_played":"1428114414188287591","potions_obtained":[{"floor":3.0,"key":"Ancient Potion"},{"floor":5.0,"key":"BlessingOfTheForge"},{"floor":10.0,"key":"Block Potion"},{"floor":16.0,"key":"Ancient Potion"},{"floor":22.0,"key":"AttackPotion"},{"floor":33.0,"key":"Explosive Potion"},{"floor":41.0,"key":"ColorlessPotion"},{"floor":59.0,"key":"Fruit Juice"},{"floor":62.0,"key":"Regen Potion"},{"floor":78.0,"key":"FocusPotion"},{"floor":92,"key":"DuplicationPotion"},{"floor":147,"key":"Swift Potion"}],"is_trial":false,"path_per_floor":["M","?","M","T","M","R","E","R","T","M","R","$","M","$","R","B",null,"M","$","?","T","M","NM","R","E","T","R","?","R","E","?","R","B",null,"M","M","?","?","AVR","R","E","M","T","?","M","M","?","M","R","B",null,"M","?","$","?","$","E","M","M","T","R","M","?","M","AVR","R","B",null,"M","$","?","M","?","E","R","M","T","M","?","M","E","M","R","B",null,"M","M","?","?","?","R","M","M","T","NM","$","?","E","?","R","B",null,"M","M","$","?","?","E","R","?","T","R","M","R","E","T","R","B",null,"M","M","?","?","?","?","?","R","T","M","E","M","$","M","R","B",null,"M","M","M","M","M","R","?","M","T","M","E","M","E","?","R","B",null,"R","$","E","B",null],"character_chosen":"DEFECT","items_purchased":["Membership Card","Prayer Wheel","Lee\u0027s Waffle","hubris:PowerSurge","Tempest","Strange Spoon","DollysMirror","Steam","hubris:MysteriousPyramids","Capacitor","infinitespire:Satchel","WingedGreaves","Omamori","Vajra","Runic Capacitor","Ice Cream","Machine Learning","hubris:RGBLights","infinitespire:BottledMercury"],"campfire_rested":1,"item_purchase_floors":[0,0,0,0,0,0,0,0,12,12,19,54,54,56,56,70,96,155,155],"current_hp_per_floor":[82,63,62,62,61,61,39,39,39,38,38,53,44,59,59,34,82,71,82,82,82,77,82,82,73,73,73,73,73,82,82,82,82,82,82,82,82,82,82,82,61,71,71,71,81,82,82,54,54,50,82,82,82,82,82,82,82,82,87,87,87,87,80,78,78,78,87,87,87,87,87,87,87,87,87,87,87,84,83,83,83,87,87,87,87,87,87,87,87,83,83,83,83,83,83,83,83,83,83,83,83,83,83,83,83,83,75,83,83,83,83,83,83,83,83,83,83,83,83,81,81,81,81,81,81,81,83,83,83,74,74,83,83,83,83,83,93,93,93,93,93,93,93,93,93,93,93,93,93,93,93,93,93,93,93,93,29],"gold":1525,"neow_bonus":"","is_daily":false,"chose_seed":false,"campfire_upgraded":23,"win_rate":0.0,"timestamp":1610135549,"path_taken":["M","?","M","?","M","R","E","R","T","M","R","?","?","$","R","BOSS","M","$","?","?","M","NM","R","E","T","R","?","R","E","?","R","BOSS","M","M","?","?","AVR","R","E","?","T","?","M","M","?","M","R","BOSS","M","?","$","?","$","E","M","M","T","R","M","?","M","AVR","R","BOSS","M","$","?","M","?","E","R","M","T","M","?","M","E","M","R","BOSS","M","M","?","?","?","R","M","M","T","NM","$","?","E","?","R","BOSS","M","M","$","?","?","E","R","?","T","R","M","R","E","?","R","BOSS","M","M","?","?","?","?","?","R","T","M","E","M","$","M","R","BOSS","M","M","M","M","M","R","?","M","T","M","E","M","E","?","R","BOSS","R","$","E","BOSS"],"items_purchased_type":["Relic","Relic","Relic","Card","Card","Relic","Relic","Card","Relic","Card","Relic","Relic","Relic","Relic","Relic","Relic","Card","Relic","Relic"],"build_version":"2020-12-22","purchased_purges":5,"victory":true,"max_hp_per_floor":[82,82,82,82,82,82,82,82,82,82,82,82,82,82,82,82,82,82,82,82,82,82,82,82,82,82,82,82,82,82,82,82,82,82,82,82,82,82,82,82,82,82,82,82,82,82,82,82,82,82,82,82,82,82,82,82,82,82,87,87,87,87,87,87,87,87,87,87,87,87,87,87,87,87,87,87,87,87,87,87,87,87,87,87,87,87,87,87,87,83,83,83,83,83,83,83,83,83,83,83,83,83,83,83,83,83,83,83,83,83,83,83,83,83,83,83,83,83,83,83,83,83,83,83,83,83,83,83,83,83,83,83,83,83,83,83,93,93,93,93,93,93,93,93,93,93,93,93,93,93,93,93,93,93,93,93,93],"card_choices":[{"not_picked":["Skim","conspire:SharedLibrary","Force Field"],"picked":"SKIP","floor":1.0},{"not_picked":["Stack","Streamline","Glacier"],"picked":"SKIP","floor":1.0},{"not_picked":["Reinforced Body","Steam"],"picked":"Defragment","floor":3.0},{"not_picked":["Hologram","Redo","Beam Cell"],"picked":"SKIP","floor":3.0},{"not_picked":["Static Discharge","Rip and Tear"],"picked":"Ball Lightning","floor":5.0},{"not_picked":["Stack","Leap","Redo"],"picked":"SKIP","floor":5.0},{"not_picked":["Rebound","Go for the Eyes"],"picked":"Steam","floor":7.0},{"not_picked":["Ball Lightning","hubris:PowerSurge"],"picked":"Biased Cognition","floor":10.0},{"not_picked":["Barrage","Go for the Eyes"],"picked":"Conserve Battery","floor":10.0},{"not_picked":["Leap","Redo"],"picked":"Consume","floor":13.0},{"not_picked":["Chaos","conspire:SharedLibrary","Static Discharge"],"picked":"SKIP","floor":13.0},{"not_picked":["Chill","Compile Driver","Sunder"],"picked":"SKIP","floor":18.0},{"not_picked":["Doom and Gloom+1","Sweeping Beam","Coolheaded"],"picked":"SKIP","floor":18.0},{"not_picked":["Steam Power","Streamline"],"picked":"Self Repair+1","floor":22.0},{"not_picked":["Self Repair","Cold Snap","Gash"],"picked":"SKIP","floor":22.0},{"not_picked":["Ball Lightning","Doom and Gloom"],"picked":"Reboot","floor":23.0},{"not_picked":["Reinforced Body","Hyperbeam","FTL"],"picked":"SKIP","floor":25.0},{"not_picked":["Hyperbeam","Darkness","Beam Cell"],"picked":"SKIP","floor":30.0},{"not_picked":["Reprogram+1","Sunder+1"],"picked":"BootSequence","floor":35.0},{"not_picked":["Leap+1","Tempest","Lockon+1"],"picked":"SKIP","floor":35.0},{"not_picked":["Stack","Cold Snap"],"picked":"Turbo","floor":36.0},{"not_picked":["Steam+1","Beam Cell+1","Loop"],"picked":"SKIP","floor":36.0},{"not_picked":["Coolheaded+1","Chaos+1"],"picked":"hubris:PowerSurge","floor":41.0},{"not_picked":["Blizzard+1","Melter+1"],"picked":"Amplify","floor":42.0},{"not_picked":["Streamline+1","Sunder+1","Go for the Eyes"],"picked":"SKIP","floor":42.0},{"not_picked":["Rebound","Melter","Hologram+1"],"picked":"SKIP","floor":45.0},{"not_picked":["Hologram","Rip and Tear","Steam"],"picked":"SKIP","floor":45.0},{"not_picked":["Cold Snap+1","Aggregate+1","Go for the Eyes+1"],"picked":"SKIP","floor":46.0},{"not_picked":["Chaos+1","Cold Snap","Sweeping Beam"],"picked":"SKIP","floor":46.0},{"not_picked":["Sweeping Beam","Streamline+1"],"picked":"Conserve Battery+1","floor":48.0},{"not_picked":["Cold Snap+1","Beam Cell","Gash"],"picked":"SKIP","floor":48.0},{"not_picked":["Chill","Ball Lightning","Go for the Eyes"],"picked":"SKIP","floor":52.0},{"not_picked":["Compile Driver","Rebound","Gash"],"picked":"SKIP","floor":52.0},{"not_picked":["Go for the Eyes","Turbo"],"picked":"Double Energy","floor":57.0},{"not_picked":["Rip and Tear","Leap","Fusion"],"picked":"SKIP","floor":58.0},{"not_picked":["Cold Snap","Compile Driver","conspire:SharedLibrary"],"picked":"SKIP","floor":58.0},{"not_picked":["Creative AI","Steam"],"picked":"Double Energy","floor":59.0},{"not_picked":["Ball Lightning","Barrage","Beam Cell"],"picked":"SKIP","floor":59.0},{"not_picked":["Gash","Redo","Leap"],"picked":"SKIP","floor":62.0},{"not_picked":["Cold Snap","Stack","Ball Lightning"],"picked":"SKIP","floor":62.0},{"not_picked":["Hologram","Reboot"],"picked":"BootSequence","floor":64.0},{"not_picked":["Auto Shields","Darkness","Chill"],"picked":"SKIP","floor":64.0},{"not_picked":["Cold Snap","Barrage","Rip and Tear"],"picked":"SKIP","floor":69.0},{"not_picked":["Fission","Cold Snap","Streamline"],"picked":"SKIP","floor":69.0},{"not_picked":["Conserve Battery","conspire:Rain","conspire:SharedLibrary"],"picked":"SKIP","floor":72.0},{"not_picked":["Streamline+1","Beam Cell","Consume"],"picked":"SKIP","floor":72.0},{"not_picked":["Coolheaded","Beam Cell","All For One"],"picked":"SKIP","floor":74.0},{"not_picked":["Leap","Hologram","Rebound"],"picked":"SKIP","floor":76.0},{"not_picked":["Steam","Barrage","Go for the Eyes"],"picked":"SKIP","floor":76.0},{"not_picked":["Steam Power+1","Coolheaded","Gash"],"picked":"SKIP","floor":78.0},{"not_picked":["Creative AI","Ball Lightning","Steam Power+1"],"picked":"SKIP","floor":78.0},{"not_picked":["Doom and Gloom+1","Cold Snap","Barrage"],"picked":"SKIP","floor":80.0},{"not_picked":["Steam","Gash","Coolheaded+1"],"picked":"SKIP","floor":80.0},{"not_picked":["Gash","Tempest","Cold Snap"],"picked":"SKIP","floor":81.0},{"not_picked":["Loop","Steam","Steam Power"],"picked":"SKIP","floor":82.0},{"not_picked":["Steam","Redo","Turbo"],"picked":"SKIP","floor":82.0},{"not_picked":["Coolheaded+1"],"picked":"SKIP","floor":86.0},{"not_picked":["Hologram"],"picked":"SKIP","floor":86.0},{"not_picked":["Beam Cell"],"picked":"SKIP","floor":87.0},{"not_picked":["Cold Snap+1"],"picked":"SKIP","floor":87.0},{"not_picked":["Redo+1"],"picked":"SKIP","floor":92},{"not_picked":["Defragment+1"],"picked":"SKIP","floor":92},{"not_picked":["Steam"],"picked":"SKIP","floor":93},{"not_picked":["Sweeping Beam+1"],"picked":"SKIP","floor":93},{"not_picked":["Blizzard+1"],"picked":"SKIP","floor":95},{"not_picked":["Hologram+1"],"picked":"SKIP","floor":98},{"not_picked":[],"picked":"Electrodynamics","floor":101},{"not_picked":["Go for the Eyes"],"picked":"SKIP","floor":103},{"not_picked":["Reinforced Body"],"picked":"SKIP","floor":103},{"not_picked":["Auto Shields"],"picked":"SKIP","floor":104},{"not_picked":["Static Discharge"],"picked":"SKIP","floor":104},{"not_picked":["Consume"],"picked":"SKIP","floor":108},{"not_picked":["Glacier"],"picked":"SKIP","floor":113},{"not_picked":["Hello World"],"picked":"SKIP","floor":113},{"not_picked":["Glacier"],"picked":"SKIP","floor":115},{"not_picked":["Redo"],"picked":"SKIP","floor":120},{"not_picked":["Barrage"],"picked":"SKIP","floor":120},{"not_picked":[],"picked":"Consume","floor":121},{"not_picked":["Reinforced Body"],"picked":"SKIP","floor":121},{"not_picked":["Compile Driver+1"],"picked":"SKIP","floor":129},{"not_picked":["Auto Shields"],"picked":"SKIP","floor":129},{"not_picked":["Barrage"],"picked":"SKIP","floor":130},{"not_picked":["Darkness"],"picked":"SKIP","floor":131},{"not_picked":["BootSequence+1"],"picked":"SKIP","floor":131},{"not_picked":["Steam Power"],"picked":"SKIP","floor":133},{"not_picked":["conspire:SharedLibrary"],"picked":"SKIP","floor":133},{"not_picked":["Turbo+1"],"picked":"SKIP","floor":137},{"not_picked":["Redo"],"picked":"SKIP","floor":137},{"not_picked":["Leap"],"picked":"SKIP","floor":138},{"not_picked":["Steam"],"picked":"SKIP","floor":138},{"not_picked":["Ball Lightning"],"picked":"SKIP","floor":139},{"not_picked":["Self Repair"],"picked":"SKIP","floor":139},{"not_picked":["Leap+1"],"picked":"SKIP","floor":140},{"not_picked":["Fusion"],"picked":"SKIP","floor":140},{"not_picked":["Go for the Eyes+1"],"picked":"SKIP","floor":141},{"not_picked":["Rip and Tear"],"picked":"SKIP","floor":141},{"not_picked":["Gash+1"],"picked":"SKIP","floor":144},{"not_picked":["conspire:Rain+1"],"picked":"SKIP","floor":144},{"not_picked":["Scrape+1"],"picked":"SKIP","floor":146},{"not_picked":["Recycle+1"],"picked":"SKIP","floor":146},{"not_picked":["Genetic Algorithm+1"],"picked":"SKIP","floor":147},{"not_picked":["Reprogram+1"],"picked":"SKIP","floor":148},{"not_picked":["Rebound+1"],"picked":"SKIP","floor":148},{"not_picked":["Scrape"],"picked":"SKIP","floor":149},{"not_picked":[],"picked":"Biased Cognition","floor":152},{"not_picked":[],"picked":"hubris:Ukulele+1","floor":156}],"player_experience":43809,"relics_obtained":[{"floor":7.0,"key":"MealTicket"},{"floor":9.0,"key":"infinitespire:CheckeredPen"},{"floor":21.0,"key":"Potion Belt"},{"floor":23.0,"key":"hubris:BundleOfHerbs"},{"floor":25.0,"key":"DataDisk"},{"floor":26.0,"key":"hubris:CrystalStatue"},{"floor":30.0,"key":"hubris:Zylophone"},{"floor":41.0,"key":"Pen Nib"},{"floor":43.0,"key":"Juzu Bracelet"},{"floor":57.0,"key":"infinitespire:Freezer"},{"floor":60.0,"key":"Happy Flower"},{"floor":74.0,"key":"Anchor"},{"floor":77.0,"key":"infinitespire:SolderingIron"},{"floor":79.0,"key":"Unceasing Top"},{"floor":79.0,"key":"Ornamental Fan"},{"floor":81.0,"key":"Centennial Puzzle"},{"floor":89.0,"key":"hubris:64BitClover"},{"floor":94,"key":"Lantern"},{"floor":95,"key":"infinitespire:Magic Flask"},{"floor":98,"key":"hubris:SoftwareUpdate"},{"floor":99,"key":"Eternal Feather"},{"floor":108,"key":"Toy Ornithopter"},{"floor":111,"key":"Meat on the Bone"},{"floor":115,"key":"Bag of Preparation"},{"floor":116,"key":"infinitespire:PuzzleCube"},{"floor":118,"key":"Matryoshka"},{"floor":122,"key":"Red Mask"},{"floor":128,"key":"Oddly Smooth Stone"},{"floor":128,"key":"infinitespire:Beetle Shell"},{"floor":130,"key":"hubris:BallOfYels"},{"floor":137,"key":"Pear"},{"floor":145,"key":"Nunchaku"},{"floor":145,"key":"hubris:SlimyHat"},{"floor":147,"key":"PreservedInsect"},{"floor":148,"key":"hubris:TenFootPole"},{"floor":149,"key":"conspire:DeflatedDodgeball"},{"floor":156,"key":"conspire:InfiniteJournal"}],"event_choices":[{"damage_healed":0.0,"max_hp_gain":0.0,"max_hp_loss":0.0,"gold_gain":0.0,"event_name":"The Library","player_choice":"Read","floor":20.0,"gold_loss":0.0,"damage_taken":0.0,"cards_obtained":["Storm"]},{"cards_removed":["Strike_B"],"damage_healed":0.0,"max_hp_gain":0.0,"max_hp_loss":0.0,"gold_gain":0.0,"event_name":"Beggar","player_choice":"Gave Gold","floor":31.0,"gold_loss":75.0,"damage_taken":0.0},{"cards_removed":["Defend_B"],"damage_healed":0.0,"max_hp_gain":0.0,"max_hp_loss":0.0,"gold_gain":0.0,"event_name":"Purifier","player_choice":"Purged","floor":38.0,"gold_loss":0.0,"damage_taken":0.0},{"damage_healed":0.0,"max_hp_gain":0.0,"max_hp_loss":0.0,"gold_gain":0.0,"event_name":"Duplicator","player_choice":"Copied","floor":44.0,"gold_loss":0.0,"damage_taken":0.0,"cards_obtained":["Biased Cognition"]},{"damage_healed":0.0,"max_hp_gain":0.0,"max_hp_loss":0.0,"gold_gain":0.0,"event_name":"conspire:LoneGhost","player_choice":"Disagree","floor":53.0,"gold_loss":0.0,"damage_taken":0.0},{"damage_healed":0.0,"max_hp_gain":0.0,"max_hp_loss":0.0,"gold_gain":0.0,"event_name":"NoteForYourself","player_choice":"Ignored","floor":55.0,"gold_loss":0.0,"damage_taken":0.0},{"cards_removed":["Defend_B"],"damage_healed":0.0,"max_hp_gain":0.0,"max_hp_loss":0.0,"gold_gain":0.0,"event_name":"Golden Wing","player_choice":"Card Removal","floor":63.0,"gold_loss":0.0,"damage_taken":7.0},{"damage_healed":0.0,"max_hp_gain":0.0,"max_hp_loss":0.0,"gold_gain":0.0,"event_name":"The Library","player_choice":"Read","floor":71.0,"gold_loss":0.0,"damage_taken":0.0,"cards_obtained":["Conserve Battery"]},{"damage_healed":0.0,"max_hp_gain":0.0,"max_hp_loss":0.0,"gold_gain":100.0,"event_name":"Golden Shrine","player_choice":"Pray","floor":73.0,"gold_loss":0.0,"damage_taken":0.0},{"damage_healed":0.0,"max_hp_gain":0.0,"max_hp_loss":0.0,"gold_gain":0.0,"event_name":"Colosseum","player_choice":"Fight","floor":79.0,"gold_loss":0.0,"damage_taken":0.0},{"damage_healed":0.0,"max_hp_gain":0.0,"max_hp_loss":0.0,"gold_gain":0.0,"event_name":"Colosseum","player_choice":"Fought Nobs","floor":79.0,"gold_loss":0.0,"damage_taken":0.0},{"damage_healed":0.0,"max_hp_gain":0.0,"max_hp_loss":0.0,"gold_gain":0.0,"event_name":"SensoryStone","player_choice":"Memory 1","floor":88.0,"gold_loss":0.0,"damage_taken":0.0},{"damage_healed":0.0,"max_hp_gain":0.0,"max_hp_loss":0.0,"gold_gain":0.0,"event_name":"MindBloom","player_choice":"Fight","floor":89.0,"gold_loss":0.0,"damage_taken":0.0},{"damage_healed":0.0,"max_hp_gain":0.0,"max_hp_loss":4.0,"gold_gain":0.0,"event_name":"Winding Halls","player_choice":"Max HP","floor":90.0,"gold_loss":0.0,"damage_taken":0.0},{"damage_healed":0,"gold_gain":0,"player_choice":"3","damage_taken":0,"max_hp_gain":0,"max_hp_loss":0,"event_name":"betterMatch:BetterMatch","floor":106,"gold_loss":0,"cards_obtained":[]},{"damage_healed":0,"gold_gain":0,"player_choice":"Damaged","damage_taken":8,"max_hp_gain":0,"max_hp_loss":0,"event_name":"Wheel of Change","floor":107,"gold_loss":0},{"damage_healed":0,"gold_gain":100,"player_choice":"Pray","damage_taken":0,"max_hp_gain":0,"max_hp_loss":0,"event_name":"Golden Shrine","floor":110,"gold_loss":0},{"damage_healed":0,"gold_gain":0,"player_choice":"Fought Bandits","damage_taken":0,"max_hp_gain":0,"max_hp_loss":0,"event_name":"Masked Bandits","floor":122,"gold_loss":0},{"damage_healed":0,"gold_gain":0,"player_choice":"Adaptability","damage_taken":0,"max_hp_gain":0,"max_hp_loss":0,"event_name":"betterThird:BetterWriting","floor":124,"gold_loss":0},{"damage_healed":0,"gold_gain":0,"player_choice":"Ignored","damage_taken":0,"max_hp_gain":0,"max_hp_loss":0,"event_name":"Ghosts","floor":125,"gold_loss":0},{"damage_healed":0,"gold_gain":0,"player_choice":"Ignored","damage_taken":0,"max_hp_gain":0,"max_hp_loss":0,"event_name":"Cursed Tome","floor":126,"gold_loss":0},{"damage_healed":0,"gold_gain":0,"player_choice":"Gave Potion","damage_taken":0,"relics_obtained":["MawBank"],"max_hp_gain":0,"max_hp_loss":0,"event_name":"WeMeetAgain","floor":143,"gold_loss":0},{"damage_healed":0,"gold_gain":0,"player_choice":"Got Potions","damage_taken":0,"max_hp_gain":0,"max_hp_loss":0,"event_name":"Lab","floor":150,"gold_loss":0}],"is_beta":false,"boss_relics":[{"not_picked":["hubris:HollowSoul","Velvet Choker"],"picked":"Coffee Dripper"},{"not_picked":["hubris:GrandSneckoEye","Empty Cage"],"picked":"hubris:VirtuousBlindfold"},{"not_picked":["Tiny House","Cursed Key"],"picked":"hubris:Backtick"},{"not_picked":["hubris:Stopwatch","Inserter","FrozenCore"]},{"not_picked":["hubris:CrackedHourglass","conspire:SlowCooker"],"picked":"Busted Crown"},{"not_picked":["hubris:BlackHole","hubris:ScarierMask"],"picked":"Runic Dome"},{"not_picked":["hubris:ScarierMask","Empty Cage"],"picked":"infinitespire:Cupcake"},{"not_picked":["hubris:RunicObelisk","Snecko Eye"],"picked":"hubris:HollowSoul"},{"not_picked":["Velvet Choker","Tiny House"],"picked":"hubris:TerracottaHorce"}],"items_purged_floors":[0,12,19,65,70],"is_endless":true,"potions_floor_spawned":[3,5,10,16,18,22,33,41,42,48,50,58,59,62,72,78,79,80,81,84,87,92,98,99,108,113,118,120,122,129,133,135,140,141,146,147,148,157],"ascension_level":5}}