{"host":"mk7yzx85seotzfa8","time":1610124494,"event":{"mods":["Act Like it!","BaseMod","Colored Powertips","Minty Spire (QoL Compilation)","StSLib","The Bug Knight"],"gold_per_floor":[110,110,39,39,55,81,92,92,119,119,129,304,314,326,326,424,424,442,251,263,276,276,276,36,61,84,102,115,129,106,31,31,31,31],"floor_reached":33,"playtime":2733,"items_purged":["HollowMod:SoulShaman"],"score":269,"play_id":"40fb685c-4be8-4eb9-b849-7c67f021bd71","local_time":"20210109004814","is_ascension_mode":false,"campfire_choices":[{"floor":10,"key":"REST"},{"data":"HollowMod:NewJinnsSoul","floor":15,"key":"SMITH"},{"floor":23,"key":"REST"},{"floor":32,"key":"REST"}],"circlet_count":0,"master_deck":["HollowMod:NailStrikeStart","HollowMod:NailStrikeStart","HollowMod:NailStrikeStart","HollowMod:QuickDashStart","HollowMod:QuickDashStart","HollowMod:FocusHealStart","HollowMod:PogoStrike","HollowMod:AbyssShriek+1","HollowMod:NewJinnsSoul+1","HollowMod:FallenFury","HollowMod:ZotesMagnificence+1","HollowMod:BlackTendrils","HollowMod:BlackTendrils","HollowMod:DescendingDark","HollowMod:VengefulVoid","HollowMod:AbyssShriek","HollowMod:VoidDash","HollowMod:DungDefenderAura+1","HollowMod:ShadowDash","Enlightenment","HollowMod:MonarchWings+1","Iron Wave","HollowMod:WraithStrike","Sadistic Nature","HollowMod:DescendingDark+1","HollowMod:NewJinnsSoul","HollowMod:CloakDash","HollowMod:QuirrelsAssistance+1","HollowMod:CloakDash"],"relics":["HollowMod:VesselMask","Bronze Scales","HollowMod:MillibellesNoteRelic","Empty Cage","Juzu Bracelet","Centennial Puzzle"],"acts_visited":["Exordium","TheCity"],"potions_floor_usage":[6,16,21,25,33,33],"damage_taken":[{"damage":7,"enemies":"Small Slimes","floor":1,"turns":4},{"damage":0,"enemies":"Cultist","floor":5,"turns":2},{"damage":26,"enemies":"Lagavulin","floor":6,"turns":5},{"damage":0,"enemies":"Jaw Worm","floor":7,"turns":3},{"damage":10,"enemies":"Exordium Thugs","floor":11,"turns":2},{"damage":12,"enemies":"Blue Slaver","floor":13,"turns":1},{"damage":0,"enemies":"3 Louse","floor":14,"turns":2},{"damage":47,"enemies":"HollowMod:FalseKnight","floor":16,"turns":10},{"damage":19,"enemies":"Shell Parasite","floor":18,"turns":6},{"damage":22,"enemies":"3 Byrds","floor":20,"turns":3},{"damage":0,"enemies":"Centurion and Healer","floor":21,"turns":5},{"damage":49,"enemies":"Gremlin Leader","floor":25,"turns":7},{"damage":3,"enemies":"Snake Plant","floor":27,"turns":4},{"damage":5,"enemies":"Snecko","floor":28,"turns":4},{"damage":0,"enemies":"Cultist and Chosen","floor":29,"turns":4},{"damage":59,"enemies":"Collector","floor":33,"turns":8}],"seed_played":"1361348827456225151","potions_obtained":[{"floor":1,"key":"Strength Potion"},{"floor":7,"key":"FearPotion"},{"floor":13,"key":"ColorlessPotion"},{"floor":16,"key":"DistilledChaos"},{"floor":18,"key":"SpeedPotion"},{"floor":21,"key":"Swift Potion"},{"floor":29,"key":"Fire Potion"}],"is_trial":false,"path_per_floor":["M","?","$","?","M","E","M","?","T","R","M","?","M","M","R","B",null,"M","$","M","M","?","R","$","E","T","M","M","M","$","?","R","B"],"character_chosen":"THE_BUGKNIGHT","items_purchased":["HollowMod:ZotesMagnificence","HollowMod:ShadowDash","Enlightenment","HollowMod:WraithStrike","Sadistic Nature","HollowMod:CloakDash"],"campfire_rested":3,"item_purchase_floors":[3,19,19,24,24,30],"current_hp_per_floor":[82,82,82,82,82,56,58,58,58,82,72,72,60,68,68,32,82,63,63,42,42,42,66,66,21,21,18,21,25,25,25,49,0,0],"gold":31,"neow_bonus":"TEN_PERCENT_HP_BONUS","is_daily":false,"chose_seed":false,"campfire_upgraded":1,"win_rate":0.0,"timestamp":1610124494,"path_taken":["M","?","?","?","M","E","?","?","T","R","M","?","M","M","R","BOSS","M","$","M","M","?","R","$","E","T","M","M","M","$","?","R","BOSS"],"items_purchased_type":["Card","Card","Card","Card","Card","Card"],"build_version":"2020-12-22","purchased_purges":1,"victory":false,"max_hp_per_floor":[82,82,82,82,82,82,82,82,82,82,82,82,82,82,82,82,82,82,82,82,82,82,82,82,82,82,82,82,82,82,82,82,82,82],"card_choices":[{"not_picked":["HollowMod:CornifersMapStart","HollowMod:CrystalDash"],"picked":"HollowMod:AbyssShriek","floor":1},{"not_picked":["HollowMod:AbyssShriek","HollowMod:PureNailStrike"],"picked":"HollowMod:SoulShaman","floor":5},{"not_picked":["HollowMod:LifebloodCocoon","HollowMod:FallenFury"],"picked":"HollowMod:BlackTendrils","floor":6},{"not_picked":["HollowMod:NewLittleFool","HollowMod:InfectionAssault"],"picked":"HollowMod:BlackTendrils","floor":7},{"not_picked":["HollowMod:NewLittleFool","HollowMod:DungDefenderAura"],"picked":"HollowMod:DescendingDark","floor":11},{"not_picked":["HollowMod:HowlingWraiths","HollowMod:SoulStrike"],"picked":"HollowMod:VengefulVoid","floor":13},{"not_picked":["HollowMod:SharpenedNail","HollowMod:TaintedHusks"],"picked":"HollowMod:AbyssShriek","floor":14},{"not_picked":["HollowMod:theNailsmith","HollowMod:NewInfectedGuardian"],"picked":"HollowMod:VoidDash","floor":16},{"not_picked":["HollowMod:CloakDash","HollowMod:DesolateDive"],"picked":"HollowMod:DungDefenderAura+1","floor":18},{"not_picked":["HollowMod:MothsMistake","HollowMod:SoulEater","HollowMod:InfectedAttack"],"picked":"SKIP","floor":20},{"not_picked":["HollowMod:InfectedCysts","HollowMod:SiblingsShadow"],"picked":"HollowMod:MonarchWings+1","floor":21},{"not_picked":["HollowMod:SoulSplash","HollowMod:HowlingWraiths"],"picked":"HollowMod:DescendingDark+1","floor":25},{"not_picked":["HollowMod:DreamGate","HollowMod:BlackTendrils"],"picked":"HollowMod:NewJinnsSoul","floor":27},{"not_picked":["HollowMod:SoulSplash","HollowMod:ChannelNail"],"picked":"HollowMod:CloakDash","floor":28},{"not_picked":["HollowMod:NewJinnsSoul+1","HollowMod:GoodIntentions"],"picked":"HollowMod:QuirrelsAssistance+1","floor":29}],"player_experience":13511,"relics_obtained":[{"floor":6,"key":"Bronze Scales"},{"floor":9,"key":"HollowMod:MillibellesNoteRelic"},{"floor":25,"key":"Juzu Bracelet"},{"floor":26,"key":"Centennial Puzzle"}],"event_choices":[{"damage_healed":0,"gold_gain":0,"player_choice":"2 cards matched","damage_taken":0,"max_hp_gain":0,"max_hp_loss":0,"event_name":"Match and Keep!","floor":2,"gold_loss":0,"cards_obtained":["HollowMod:NewJinnsSoul","HollowMod:FallenFury"]},{"damage_healed":0,"gold_gain":0,"player_choice":"Forge","damage_taken":0,"max_hp_gain":0,"max_hp_loss":0,"event_name":"Accursed Blacksmith","floor":4,"gold_loss":0,"cards_upgraded":["HollowMod:AbyssShriek"]},{"damage_healed":0,"gold_gain":0,"player_choice":"Grow","damage_taken":0,"max_hp_gain":0,"max_hp_loss":0,"event_name":"Living Wall","floor":8,"gold_loss":0,"cards_upgraded":["HollowMod:ZotesMagnificence"]},{"damage_healed":0,"gold_gain":175,"player_choice":"AGREE","damage_taken":0,"max_hp_gain":0,"max_hp_loss":0,"event_name":"Liars Game","floor":12,"gold_loss":0,"cards_obtained":["Doubt"]},{"cards_removed":["HollowMod:QuickDashStart"],"damage_healed":0,"gold_gain":0,"player_choice":"Took Card","damage_taken":0,"max_hp_gain":0,"max_hp_loss":0,"event_name":"NoteForYourself","floor":22,"gold_loss":0,"cards_obtained":["Iron Wave"]},{"cards_removed":["HollowMod:QuickDashStart"],"damage_healed":0,"gold_gain":0,"player_choice":"Gave Gold","damage_taken":0,"max_hp_gain":0,"max_hp_loss":0,"event_name":"Beggar","floor":31,"gold_loss":75}],"is_beta":false,"boss_relics":[{"not_picked":["Astrolabe","Busted Crown"],"picked":"Empty Cage"}],"items_purged_floors":[19],"is_endless":false,"potions_floor_spawned":[1,7,13,16,18,21,29],"killed_by":"Collector","ascension_level":0}}