{"host":"bxdue9bkfm2khp2x","time":1610092036,"event":{"mods":["ATMod(阿瑾Mod)","Aspiration","BaseMod","Better Vampires","Challenge The Spire","Colored Map","Colored Powertips","Conspire","Decade(王小明)","Dota2Spire","Downfall","Highlight Path","Minty Spire (QoL Compilation)","MostiFishMod","Remilia（蕾米莉亚）","Replay The Spire","RumiaBox-露米娅的神秘盒子","Ryuuou龙王","Spicy Shops","StSLib","Td1madao Mod","The Administrix","The Alterego","The Cursed","The Servant 0.9.4","WarShipGirlsR/战舰少女R mod","Yakumo Yukari mod","Yuyuko","noobMod","vexMod","【功能Mod】混沌之环修复补丁","【遗物卡牌】REMEMod","篝火指南"],"gold_per_floor":[115,115,133,133,152,152,152,152,203,128,128,144,144,154,154,154,154],"floor_reached":16,"playtime":726,"items_purged":["Fantasy Butterflies"],"score":100,"play_id":"3224ab9e-9282-484e-a2a8-c036a5c2af39","local_time":"20210108154716","is_ascension_mode":false,"campfire_choices":[{"data":"MostiFishMod:DustFall","floor":7,"key":"SMITH"},{"data":"Faramita\u0027s Temptation","floor":11,"key":"SMITH"},{"data":"Deathly Ground","floor":13,"key":"SMITH"},{"floor":15,"key":"REST"}],"circlet_count":0,"master_deck":["Fantasy Butterflies","Fantasy Butterflies","Fantasy Butterflies","Fantasy Butterflies","Dreamy Sakura","Dreamy Sakura","Dreamy Sakura","Dreamy Sakura","Dreamy Sakura","Deathly Ground+1","Faramita\u0027s Temptation+1","MostiFishMod:DustFall+1","Fondling of Papilio+1","Open The Fan","Phantom Gift"],"relics":["Coronal","Yuyuko\u0027s fan","DaveBox","REME_ComplimentaryCards","ice","AT_ATBox","xbg","NeowsBlessing","SynthV:TestCard","aspiration:FrozenJewel","AT_EbonyIvory"],"acts_visited":["Exordium"],"potions_floor_usage":[],"damage_taken":[{"damage":1.0,"enemies":"Small Slimes","floor":1.0,"turns":1.0},{"damage":3,"enemies":"conspire:RoseBush","floor":3,"turns":1},{"damage":1,"enemies":"2 Louse","floor":5,"turns":1},{"damage":1,"enemies":"Lagavulin","floor":6,"turns":1},{"damage":8,"enemies":"Lots of Slimes","floor":12,"turns":2},{"damage":9,"enemies":"Looter","floor":14,"turns":2},{"damage":4,"enemies":"Hexaghost","floor":16,"turns":3}],"seed_played":"-7408120990337961600","potions_obtained":[{"floor":12,"key":"Firefly"},{"floor":14,"key":"Reflective Coating"}],"is_trial":false,"path_per_floor":["M","?","M","?","M","E","R","?","T","$","R","M","R","M","R","B"],"character_chosen":"YUYOKO","items_purchased":[],"campfire_rested":1,"item_purchase_floors":[],"current_hp_per_floor":[39,27,31,31,30,29,29,29,29,29,29,23,23,25,37,40,40],"gold":154,"neow_bonus":"THREE_ENEMY_KILL","is_daily":false,"chose_seed":false,"campfire_upgraded":3,"win_rate":0.0,"timestamp":1610092036,"path_taken":["M","?","M","?","M","E","R","?","T","$","R","M","R","?","R","BOSS"],"items_purchased_type":[],"build_version":"2020-12-22","purchased_purges":1,"victory":false,"max_hp_per_floor":[40,40,40,40,40,40,40,40,40,40,40,40,40,40,40,40,40],"card_choices":[{"not_picked":["Stifle","Full Moon"],"picked":"Fondling of Papilio","floor":1},{"not_picked":["Elegance","Postpone Bloom","Wandering Soul","Gather the Spring"],"picked":"Open The Fan","floor":3},{"not_picked":["Bomb","Gather the Spring","Unknown Petal","Full Moon"],"picked":"Phantom Gift","floor":5},{"not_picked":["Stifle","Butterflies Rainbow","Dying Sakura","Unreal","Showy Withering"],"picked":"SKIP","floor":12},{"not_picked":["Steamed Phantom","Cerasus Subhirtella","Infinite Sin","Death Dancing","Gather the Spring"],"picked":"SKIP","floor":14}],"player_experience":1230573,"relics_obtained":[{"floor":1,"key":"SynthV:TestCard"},{"floor":9,"key":"AT_EbonyIvory"}],"event_choices":[{"damage_healed":0,"gold_gain":0,"player_choice":"Success","damage_taken":12,"relics_obtained":["aspiration:FrozenJewel"],"max_hp_gain":0,"max_hp_loss":0,"event_name":"Scrap Ooze","floor":2,"gold_loss":0},{"damage_healed":0,"gold_gain":0,"player_choice":"Ignored","damage_taken":0,"max_hp_gain":0,"max_hp_loss":0,"event_name":"Liars Game","floor":4,"gold_loss":0},{"damage_healed":0,"gold_gain":0,"player_choice":"Upgraded","damage_taken":0,"max_hp_gain":0,"max_hp_loss":0,"event_name":"Upgrade Shrine","floor":8,"gold_loss":0,"cards_upgraded":["Fondling of Papilio"]}],"is_beta":false,"boss_relics":[],"items_purged_floors":[10],"is_endless":false,"potions_floor_spawned":[12,14],"killed_by":"Hexaghost","ascension_level":0}}