{"host":"sav7uxregyirlf69","time":1610097958,"event":{"mods":["AchievementEnabler","BaseMod","Colored Map","DeckTracker","Keyboard Shortcuts","Minty Spire (QoL Compilation)","READ ME - Guardian Mod","StSLib","SuperFastMode"],"gold_per_floor":[362,382,56,56,69,397,397,82,82,94,110,110,123,142,142,216,216,228,228,25,25,75,75,88,121,121,121,70,82,82,97,97,97,97],"floor_reached":33,"playtime":527,"items_purged":["Regret"],"score":534,"play_id":"37541718-48a4-443c-9c5d-bd4b304433e4","local_time":"20210108182558","is_ascension_mode":true,"campfire_choices":[{"floor":7,"key":"REST"},{"data":"Rupture","floor":12,"key":"SMITH"},{"data":"Heavy Blade","floor":15,"key":"SMITH"},{"data":"Corruption","floor":23,"key":"SMITH"},{"floor":27,"key":"REST"},{"data":"Evolve","floor":30,"key":"SMITH"},{"floor":32,"key":"REST"}],"circlet_count":0,"master_deck":["AscendersBane","Strike_R","Strike_R","Strike_R","Strike_R","Strike_R","Defend_R","Defend_R","Defend_R","Defend_R","Bash","Perfected Strike+1","Bloodletting","Rupture+1","Sword Boomerang","Wild Strike","Corruption+1","Heavy Blade+1","Impervious","Rage","Spot Weakness","Evolve+1","Reckless Charge","Second Wind","Wild Strike+1","Shrug It Off","Battle Trance","Feel No Pain+1"],"relics":["Burning Blood","FossilizedHelix","Old Coin","Membership Card","Red Skull","Sundial","Cursed Key","MutagenicStrength","Happy Flower"],"acts_visited":["Exordium","TheCity"],"potions_floor_usage":[11,20,20,33,33,33],"damage_taken":[{"damage":2,"enemies":"Cultist","floor":1,"turns":4},{"damage":11,"enemies":"2 Louse","floor":2,"turns":3},{"damage":0,"enemies":"Jaw Worm","floor":5,"turns":3},{"damage":48,"enemies":"Gremlin Nob","floor":6,"turns":5},{"damage":0,"enemies":"2 Fungi Beasts","floor":10,"turns":3},{"damage":8,"enemies":"Lots of Slimes","floor":11,"turns":4},{"damage":5,"enemies":"3 Louse","floor":13,"turns":3},{"damage":6,"enemies":"Looter","floor":14,"turns":3},{"damage":26,"enemies":"The Guardian","floor":16,"turns":7},{"damage":57,"enemies":"3 Byrds","floor":18,"turns":7},{"damage":0,"enemies":"2 Thieves","floor":24,"turns":4},{"damage":24,"enemies":"Slavers","floor":25,"turns":6},{"damage":18,"enemies":"Cultist and Chosen","floor":29,"turns":3},{"damage":16,"enemies":"Snake Plant","floor":31,"turns":3},{"damage":62,"enemies":"Collector","floor":33,"turns":7}],"seed_played":"9107578999980594038","potions_obtained":[{"floor":1,"key":"Block Potion"},{"floor":2,"key":"SpeedPotion"},{"floor":16,"key":"EssenceOfSteel"},{"floor":25,"key":"EntropicBrew"}],"is_trial":false,"path_per_floor":["M","M","$","?","M","E","R","$","T","M","M","R","M","M","R","B",null,"M","?","$","?","?","R","M","E","T","R","$","M","R","M","R","B"],"character_chosen":"IRONCLAD","items_purchased":["FossilizedHelix","Membership Card","Red Skull","Rupture","Sword Boomerang","Spot Weakness","BloodPotion","BloodPotion","Evolve","Reckless Charge","Second Wind","Shrug It Off"],"campfire_rested":3,"item_purchase_floors":[3,8,8,8,8,20,20,20,20,20,20,28],"current_hp_per_floor":[54,49,49,49,55,13,35,35,35,41,39,39,40,40,40,20,61,10,10,40,40,33,33,39,21,21,43,43,31,31,21,43,0,0],"gold":97,"neow_bonus":"TWO_FIFTY_GOLD","is_daily":false,"chose_seed":false,"campfire_upgraded":4,"win_rate":0.0,"timestamp":1610097958,"path_taken":["M","M","$","?","M","E","R","$","T","M","M","R","M","M","R","BOSS","M","?","$","?","?","R","M","E","T","R","$","?","R","M","R","BOSS"],"items_purchased_type":["Relic","Relic","Relic","Card","Card","Card","Potion","Potion","Card","Card","Card","Card"],"build_version":"2020-12-22","purchased_purges":1,"victory":false,"max_hp_per_floor":[75,75,75,75,75,75,75,75,75,75,75,75,75,75,75,75,75,75,75,75,75,75,75,75,75,75,75,75,75,75,75,75,75,75],"card_choices":[{"not_picked":["True Grit","Warcry","Seeing Red"],"picked":"SKIP","floor":1},{"not_picked":["Pommel Strike","Feel No Pain"],"picked":"Perfected Strike","floor":2},{"not_picked":["Intimidate","Entrench"],"picked":"Bloodletting","floor":5},{"not_picked":["Sword Boomerang","Limit Break","Headbutt"],"picked":"SKIP","floor":6},{"not_picked":["Shrug It Off","Warcry"],"picked":"Wild Strike","floor":10},{"not_picked":["True Grit","Clothesline","Dropkick"],"picked":"SKIP","floor":11},{"not_picked":["Seeing Red","Dual Wield"],"picked":"Corruption","floor":13},{"not_picked":["Cleave","Anger"],"picked":"Heavy Blade","floor":14},{"not_picked":["Corruption","Barricade"],"picked":"Impervious","floor":16},{"not_picked":["Reckless Charge","Pommel Strike"],"picked":"Rage","floor":18},{"not_picked":["Dual Wield","Havoc","Cleave"],"picked":"SKIP","floor":24},{"not_picked":["Searing Blow","True Grit"],"picked":"Wild Strike+1","floor":25},{"not_picked":["Heavy Blade","Flex"],"picked":"Battle Trance","floor":29},{"not_picked":["Dual Wield","Twin Strike+1"],"picked":"Feel No Pain+1","floor":31}],"player_experience":1201092,"relics_obtained":[{"floor":6,"key":"Old Coin"},{"floor":9,"key":"Sundial"},{"floor":25,"key":"Happy Flower"}],"event_choices":[{"damage_healed":0,"gold_gain":0,"player_choice":"Grow","damage_taken":0,"max_hp_gain":0,"max_hp_loss":0,"event_name":"Living Wall","floor":4,"gold_loss":0,"cards_upgraded":["Perfected Strike"]},{"damage_healed":0,"gold_gain":0,"player_choice":"Ignored","damage_taken":0,"max_hp_gain":0,"max_hp_loss":0,"event_name":"Ghosts","floor":19,"gold_loss":0},{"damage_healed":0,"gold_gain":0,"player_choice":"Inject Mutagens","damage_taken":0,"relics_obtained":["MutagenicStrength"],"max_hp_gain":0,"max_hp_loss":0,"event_name":"Drug Dealer","floor":21,"gold_loss":0},{"damage_healed":0,"gold_gain":50,"player_choice":"Touch","damage_taken":7,"max_hp_gain":0,"max_hp_loss":0,"event_name":"FaceTrader","floor":22,"gold_loss":0}],"is_beta":false,"boss_relics":[{"not_picked":["Busted Crown","SlaversCollar"],"picked":"Cursed Key"}],"items_purged_floors":[28],"is_endless":false,"potions_floor_spawned":[1,2,16,25,29],"killed_by":"Collector","ascension_level":20}}