{"host":"k6u7q08ihsmpx7o5","time":1610134404,"event":{"mods":["BaseMod","Bestiary","Filter the Spire","Minty Spire (QoL Compilation)","Permanent Neow","Relic Stats","StSLib"],"gold_per_floor":[118,118,134,134,144,144,172,142,142,170,13,13,46,59,59,131,131,148,148,148,164,164,164,191,191,191,191,204,238,238,267,267,344,344,360,360,373,373,373,398,398,429,429,461,542,542,552,571,571,571,571,571,571,14,40,40,40],"floor_reached":56,"playtime":4740,"items_purged":["Dualcast"],"score":2322,"play_id":"495611f8-9431-4270-bc09-2ef325810b7f","local_time":"20210108203324","is_ascension_mode":true,"campfire_choices":[{"data":"Turbo","floor":6.0,"key":"SMITH"},{"data":"Echo Form","floor":12.0,"key":"SMITH"},{"data":"Coolheaded","floor":15.0,"key":"SMITH"},{"data":"Buffer","floor":23.0,"key":"SMITH"},{"floor":25.0,"key":"REST"},{"data":"Loop","floor":32.0,"key":"SMITH"},{"data":"Panache","floor":41,"key":"SMITH"},{"floor":46,"key":"RECALL"},{"data":"Fission","floor":49,"key":"SMITH"},{"data":"Amplify","floor":53,"key":"SMITH"}],"circlet_count":0,"master_deck":["AscendersBane","Zap+1","Echo Form+1","Glacier","Meteor Strike","Glacier","Core Surge+1","Genetic Algorithm+1","Turbo+1","Doom and Gloom","All For One+1","Compile Driver","Loop+1","Coolheaded+1","Buffer+1","Conserve Battery","BootSequence","Self Repair","Barrage+1","Turbo+1","Fission+1","Madness","Madness","Amplify+1","Panache+1","Dark Shackles","Ball Lightning+1","Skim+1","Beam Cell","Seek","Go for the Eyes","Dark Shackles"],"relics":["Pandora\u0027s Box","Toy Ornithopter","Pantograph","Tiny Chest","Whetstone","OrangePellets","War Paint","Inserter","StoneCalendar","Ornamental Fan","GremlinMask","Vajra","Bag of Preparation","Runic Pyramid","Omamori","Blood Vial","Singing Bowl","White Beast Statue","Mummified Hand","Oddly Smooth Stone","Boot"],"acts_visited":["Exordium","TheCity","TheBeyond","TheEnding"],"potions_floor_usage":[],"damage_taken":[{"damage":0.0,"enemies":"2 Louse","floor":1.0,"turns":3.0},{"damage":0.0,"enemies":"Small Slimes","floor":3.0,"turns":6.0},{"damage":0.0,"enemies":"Cultist","floor":5.0,"turns":3.0},{"damage":10.0,"enemies":"3 Sentries","floor":7.0,"turns":6.0},{"damage":0.0,"enemies":"Exordium Thugs","floor":8.0,"turns":4.0},{"damage":0.0,"enemies":"Lagavulin","floor":10.0,"turns":7.0},{"damage":16.0,"enemies":"Gremlin Nob","floor":13.0,"turns":4.0},{"damage":12.0,"enemies":"Exordium Wildlife","floor":14.0,"turns":3.0},{"damage":0.0,"enemies":"The Guardian","floor":16.0,"turns":8.0},{"damage":22.0,"enemies":"2 Thieves","floor":18.0,"turns":4.0},{"damage":0.0,"enemies":"3 Byrds","floor":20.0,"turns":1.0},{"damage":14.0,"enemies":"Centurion and Healer","floor":21.0,"turns":7.0},{"damage":42.0,"enemies":"Book of Stabbing","floor":24.0,"turns":7.0},{"damage":0.0,"enemies":"3 Cultists","floor":28.0,"turns":5.0},{"damage":14.0,"enemies":"Slavers","floor":29.0,"turns":6.0},{"damage":7.0,"enemies":"Gremlin Leader","floor":31.0,"turns":5.0},{"damage":0.0,"enemies":"Collector","floor":33.0,"turns":9.0},{"damage":0.0,"enemies":"3 Shapes","floor":35.0,"turns":6.0},{"damage":2.0,"enemies":"3 Darklings","floor":37.0,"turns":6.0},{"damage":9,"enemies":"Reptomancer","floor":40,"turns":5},{"damage":0,"enemies":"Giant Head","floor":42,"turns":7},{"damage":0,"enemies":"Nemesis","floor":44,"turns":7},{"damage":0,"enemies":"Spire Growth","floor":47,"turns":4},{"damage":2,"enemies":"Writhing Mass","floor":48,"turns":6},{"damage":26,"enemies":"Time Eater","floor":50,"turns":9},{"damage":19,"enemies":"Donu and Deca","floor":51,"turns":8},{"damage":6,"enemies":"Shield and Spear","floor":55,"turns":7},{"damage":126,"enemies":"The Heart","floor":56,"turns":8}],"seed_played":"-5945557316385180513","potions_obtained":[{"floor":7.0,"key":"Block Potion"},{"floor":10.0,"key":"PowerPotion"},{"floor":13.0,"key":"DistilledChaos"},{"floor":14.0,"key":"PowerPotion"},{"floor":18.0,"key":"SmokeBomb"},{"floor":21.0,"key":"DistilledChaos"},{"floor":28.0,"key":"LiquidBronze"},{"floor":29.0,"key":"DistilledChaos"},{"floor":31.0,"key":"Fire Potion"},{"floor":35.0,"key":"FairyPotion"},{"floor":40,"key":"FairyPotion"}],"is_trial":false,"path_per_floor":["M","?","M","?","M","R","E","M","T","E","$","R","E","M","R","B",null,"M","?","M","M","$","R","E","R","T","?","M","E","T","E","R","B",null,"M","?","M","?","?","E","R","E","T","E","T","R","M","M","R","B","B",null,"R","$","E","B"],"character_chosen":"DEFECT","items_purchased":["OrangePellets","Seek","Go for the Eyes","Oddly Smooth Stone","Dark Shackles"],"campfire_rested":1,"item_purchase_floors":[11,54,54,54,54],"current_hp_per_floor":[64,46,46,46,46,46,36,36,36,36,36,36,30,18,18,43,64,47,47,52,38,38,38,1,22,22,22,22,27,27,32,32,71,71,71,58,68,68,58,56,56,63,63,73,73,73,75,75,75,56,63,72,72,72,77,0,0],"gold":40,"neow_bonus":"BOSS_RELIC","is_daily":false,"chose_seed":false,"campfire_upgraded":8,"win_rate":0.0,"timestamp":1610134404,"path_taken":["M","?","M","?","M","R","E","?","T","E","$","R","E","M","R","BOSS","M","?","M","M","$","R","E","R","T","?","?","E","?","E","R","BOSS","M","?","M","?","?","E","R","E","T","E","?","R","M","M","R","BOSS","BOSS","R","$","E","BOSS"],"items_purchased_type":["Relic","Card","Card","Relic","Card"],"build_version":"2020-12-22","purchased_purges":1,"victory":false,"max_hp_per_floor":[71,71,71,71,71,71,71,71,71,71,71,71,71,71,71,71,71,71,71,71,71,71,71,71,71,71,71,71,71,71,71,71,71,71,71,71,71,71,71,71,71,71,71,73,73,73,75,75,75,75,75,75,75,75,77,77,77],"relic_stats":{"Inserter":[58],"Singing Bowl":6,"counters":[28,161],"StoneCalendar":[269],"Bag of Preparation":[24],"Whetstone":["All For One","Core Surge"],"War Paint":["Zap","Genetic Algorithm"],"Boot":[4],"Blood Vial":6,"OrangePellets":[20],"Ornamental Fan":[136],"Mummified Hand":[53],"Pantograph":67,"Pandora\u0027s Box":["Echo Form","Glacier","Meteor Strike","Glacier","Core Surge","Genetic Algorithm","Scrape","Turbo"],"Tiny Chest":2,"obtain_stats":[{"Inserter":17,"Singing Bowl":43,"Vajra":29,"Oddly Smooth Stone":54,"StoneCalendar":24,"GremlinMask":27,"Bag of Preparation":31,"Omamori":40,"Whetstone":10,"War Paint":13,"Boot":55,"White Beast Statue":44,"Blood Vial":42,"OrangePellets":11,"Ornamental Fan":26,"Mummified Hand":45,"Pantograph":7,"Pandora\u0027s Box":0,"Tiny Chest":9,"Cracked Core":0,"Toy Ornithopter":2,"Runic Pyramid":34},{"Inserter":9,"Singing Bowl":21,"Vajra":15,"Oddly Smooth Stone":26,"StoneCalendar":13,"GremlinMask":13,"Bag of Preparation":16,"Omamori":20,"Whetstone":6,"War Paint":7,"Boot":27,"White Beast Statue":22,"Blood Vial":21,"OrangePellets":6,"Ornamental Fan":13,"Mummified Hand":22,"Pantograph":4,"Pandora\u0027s Box":0,"Tiny Chest":5,"Cracked Core":0,"Toy Ornithopter":1,"Runic Pyramid":17},{"Inserter":44,"Singing Bowl":112,"Vajra":74,"Oddly Smooth Stone":146,"StoneCalendar":63,"GremlinMask":63,"Bag of Preparation":79,"Omamori":105,"Whetstone":29,"War Paint":33,"Boot":153,"White Beast Statue":119,"Blood Vial":112,"OrangePellets":29,"Ornamental Fan":63,"Mummified Hand":119,"Pantograph":18,"Pandora\u0027s Box":0,"Tiny Chest":22,"Cracked Core":0,"Toy Ornithopter":3,"Runic Pyramid":88}],"Toy Ornithopter":40},"card_choices":[{"not_picked":["Streamline","Redo","Stack"],"picked":"SKIP","floor":1.0},{"not_picked":["Streamline","Genetic Algorithm"],"picked":"Doom and Gloom","floor":3.0},{"not_picked":["Gash","Streamline"],"picked":"Ball Lightning","floor":5.0},{"not_picked":["Tempest","Rip and Tear"],"picked":"All For One","floor":7.0},{"not_picked":["Streamline","Sweeping Beam"],"picked":"Compile Driver","floor":8.0},{"not_picked":["Auto Shields","Cold Snap","Double Energy"],"picked":"SKIP","floor":10.0},{"not_picked":["Hologram","FTL"],"picked":"Loop","floor":13.0},{"not_picked":["Beam Cell","Sweeping Beam"],"picked":"Coolheaded","floor":14.0},{"not_picked":["Core Surge","Rainbow"],"picked":"Buffer","floor":16.0},{"not_picked":["Reinforced Body","Compile Driver"],"picked":"Conserve Battery","floor":18.0},{"not_picked":["Chaos","Force Field","Stack"],"picked":"SKIP","floor":21.0},{"not_picked":["Gash","Darkness"],"picked":"BootSequence","floor":24.0},{"not_picked":["Go for the Eyes","Hologram"],"picked":"Self Repair","floor":28.0},{"not_picked":["Static Discharge+1","Melter"],"picked":"Barrage+1","floor":29.0},{"not_picked":["Steam","Compile Driver"],"picked":"Turbo+1","floor":31.0},{"not_picked":["All For One","Echo Form"],"picked":"Fission","floor":33.0},{"not_picked":["Barrage","Streamline","Compile Driver"],"picked":"SKIP","floor":35.0},{"not_picked":["Streamline","Ball Lightning"],"picked":"Amplify","floor":37.0},{"not_picked":["Good Instincts","Jack Of All Trades"],"picked":"Panache","floor":39.0},{"not_picked":["Transmutation","Bandage Up"],"picked":"Dark Shackles","floor":39.0},{"not_picked":["Recycle","Storm"],"picked":"Ball Lightning+1","floor":40},{"not_picked":["Thunder Strike","Machine Learning"],"picked":"Skim+1","floor":42},{"not_picked":["Sunder","Storm","Rebound"],"picked":"Singing Bowl","floor":44},{"not_picked":["Beam Cell","Streamline","Leap"],"picked":"Singing Bowl","floor":47},{"not_picked":["Rebound","Storm"],"picked":"Beam Cell","floor":48},{"not_picked":["Cold Snap","Tempest+1","Steam"],"picked":"Singing Bowl","floor":55}],"player_experience":1970625,"relics_obtained":[{"floor":7.0,"key":"Pantograph"},{"floor":9.0,"key":"Tiny Chest"},{"floor":10.0,"key":"Whetstone"},{"floor":13.0,"key":"War Paint"},{"floor":24.0,"key":"StoneCalendar"},{"floor":26.0,"key":"Ornamental Fan"},{"floor":29.0,"key":"Vajra"},{"floor":31.0,"key":"Bag of Preparation"},{"floor":40,"key":"Omamori"},{"floor":42,"key":"Blood Vial"},{"floor":43,"key":"Singing Bowl"},{"floor":44,"key":"White Beast Statue"},{"floor":45,"key":"Mummified Hand"},{"floor":55,"key":"Boot"}],"event_choices":[{"damage_healed":0.0,"max_hp_gain":0.0,"max_hp_loss":0.0,"gold_gain":0.0,"event_name":"Scrap Ooze","player_choice":"Success","floor":2.0,"gold_loss":0.0,"damage_taken":18.0,"relics_obtained":["Toy Ornithopter"]},{"cards_removed":["Scrape"],"damage_healed":0.0,"max_hp_gain":0.0,"max_hp_loss":0.0,"gold_gain":0.0,"event_name":"Purifier","player_choice":"Purged","floor":4.0,"gold_loss":0.0,"damage_taken":0.0},{"damage_healed":0.0,"max_hp_gain":0.0,"max_hp_loss":0.0,"gold_gain":0.0,"event_name":"Ghosts","player_choice":"Ignored","floor":19.0,"gold_loss":0.0,"damage_taken":0.0},{"damage_healed":0.0,"max_hp_gain":0.0,"max_hp_loss":0.0,"gold_gain":0.0,"event_name":"FaceTrader","player_choice":"Trade","floor":27.0,"gold_loss":0.0,"damage_taken":0.0,"relics_obtained":["GremlinMask"]},{"damage_healed":0.0,"max_hp_gain":0.0,"max_hp_loss":0.0,"gold_gain":0.0,"event_name":"Winding Halls","player_choice":"Embrace Madness","floor":36.0,"gold_loss":0.0,"damage_taken":13.0,"cards_obtained":["Madness","Madness"]},{"cards_removed":["Ball Lightning"],"damage_healed":0.0,"max_hp_gain":0.0,"max_hp_loss":0.0,"gold_gain":0.0,"event_name":"Falling","player_choice":"Removed Attack","floor":38.0,"gold_loss":0.0,"damage_taken":0.0},{"damage_healed":0.0,"max_hp_gain":0.0,"max_hp_loss":0.0,"gold_gain":0.0,"event_name":"SensoryStone","player_choice":"Memory 3","floor":39.0,"gold_loss":0.0,"damage_taken":10.0}],"is_beta":false,"boss_relics":[{"not_picked":["Black Star","SlaversCollar"],"picked":"Inserter"},{"not_picked":["Calling Bell","Cursed Key"],"picked":"Runic Pyramid"}],"items_purged_floors":[54],"is_endless":false,"potions_floor_spawned":[7,10,13,14,18,21,28,29,31,35,40,42,47,48,55],"killed_by":"The Heart","ascension_level":20}}