{"host":"aj7el8l5kufbk20z","time":1610076914,"event":{"mods":["AchievementEnabler","BaseMod","Colored Map","Colored Powertips","Curses Come First","Highlight Path","Minty Spire (QoL Compilation)","Quick Restart","Rare Cards Sparkle","Relic Stats","StSLib","SuperFastMode"],"gold_per_floor":[117,117,128,203,77,77,96,96,96,128,128,138,153,43,43,43,43],"floor_reached":16,"playtime":545,"items_purged":["Defend_R","Strike_R"],"score":150,"play_id":"b8d61962-6944-405a-8d40-59316781ed20","local_time":"20210108113514","is_ascension_mode":true,"campfire_choices":[{"data":"Armaments","floor":6,"key":"SMITH"},{"data":"Flex","floor":8,"key":"SMITH"},{"data":"Sword Boomerang","floor":11,"key":"SMITH"},{"data":"Rampage","floor":15,"key":"SMITH"}],"circlet_count":0,"master_deck":["AscendersBane","Strike_R","Defend_R","Defend_R+1","Defend_R+1","Bash","Flex+1","Sword Boomerang+1","Armaments+1","Cleave","Body Slam","Flex","Rampage+1"],"relics":["Burning Blood","The Courier","War Paint"],"acts_visited":["Exordium"],"potions_floor_usage":[10],"damage_taken":[{"damage":3,"enemies":"Small Slimes","floor":1,"turns":5},{"damage":2,"enemies":"Jaw Worm","floor":3,"turns":4},{"damage":6,"enemies":"2 Louse","floor":7,"turns":3},{"damage":13,"enemies":"Gremlin Nob","floor":10,"turns":3},{"damage":3,"enemies":"Exordium Thugs","floor":12,"turns":4},{"damage":0,"enemies":"3 Louse","floor":13,"turns":3},{"damage":59,"enemies":"Slime Boss","floor":16,"turns":8}],"seed_played":"5084599333950531269","potions_obtained":[{"floor":7,"key":"Explosive Potion"},{"floor":10,"key":"Block Potion"},{"floor":12,"key":"Dexterity Potion"}],"is_trial":false,"path_per_floor":["M","?","M","?","$","R","M","R","T","E","R","M","M","$","R","B"],"character_chosen":"IRONCLAD","items_purchased":["Armaments","Rampage"],"campfire_rested":0,"item_purchase_floors":[5,14],"current_hp_per_floor":[54,54,58,47,47,47,47,47,47,40,40,43,49,49,49,0,0],"gold":43,"neow_bonus":"REMOVE_TWO","is_daily":false,"chose_seed":false,"campfire_upgraded":4,"win_rate":0.0,"timestamp":1610076914,"path_taken":["M","?","M","?","$","R","M","R","T","E","R","M","M","$","R","BOSS"],"items_purchased_type":["Card","Card"],"build_version":"2020-12-22","purchased_purges":2,"victory":false,"max_hp_per_floor":[80,80,80,80,80,80,80,80,80,80,80,80,80,80,80,80,80],"relic_stats":{"counters":[7,30],"War Paint":["Defend_R","Defend_R"],"obtain_stats":[{"The Courier":9,"War Paint":10,"Burning Blood":0},{"The Courier":3,"War Paint":4,"Burning Blood":0},{"The Courier":12,"War Paint":15,"Burning Blood":0}],"Burning Blood":36},"card_choices":[{"not_picked":["Heavy Blade","Wild Strike"],"picked":"Flex","floor":1},{"not_picked":["Rage","Anger"],"picked":"Sword Boomerang","floor":3},{"not_picked":["Clash","Perfected Strike","Uppercut"],"picked":"SKIP","floor":7},{"not_picked":["Exhume","Thunderclap"],"picked":"Cleave","floor":10},{"not_picked":["Armaments","Clothesline"],"picked":"Body Slam","floor":12},{"not_picked":["Iron Wave","Anger"],"picked":"Flex","floor":13}],"player_experience":323608,"relics_obtained":[{"floor":9,"key":"The Courier"},{"floor":10,"key":"War Paint"}],"event_choices":[{"cards_removed":["Strike_R"],"damage_healed":0,"gold_gain":0,"player_choice":"Forget","damage_taken":0,"max_hp_gain":0,"max_hp_loss":0,"event_name":"Living Wall","floor":2,"gold_loss":0},{"damage_healed":0,"gold_gain":75,"player_choice":"Gather Gold","damage_taken":11,"max_hp_gain":0,"max_hp_loss":0,"event_name":"World of Goop","floor":4,"gold_loss":0}],"is_beta":false,"boss_relics":[],"items_purged_floors":[5,14],"is_endless":false,"potions_floor_spawned":[7,10,12],"killed_by":"Slime Boss","ascension_level":10}}