{"host":"2p2urjtdoqk7wfo5","time":1610093172,"event":{"mods":["AchievementEnabler","BaseMod","Colored Powertips","Minty Spire (QoL Compilation)"],"gold_per_floor":[110,110,128,140,12,12,45,4,30,30,30,42,107,141,141,242,242,262,177,177,190,190,223,235,270,296,307,307,307,324,423,423,423,423],"floor_reached":33,"playtime":4097,"items_purged":["Strike_G"],"score":293,"play_id":"02318187-94d5-4caf-9a64-929b4cfc17dd","local_time":"20210108000612","is_ascension_mode":false,"campfire_choices":[{"data":"Unload","floor":6,"key":"SMITH"},{"floor":10,"key":"REST"},{"data":"Footwork","floor":15,"key":"SMITH"},{"floor":28,"key":"REST"},{"data":"Envenom","floor":32,"key":"SMITH"}],"circlet_count":0,"master_deck":["Strike_G","Strike_G","Strike_G","Strike_G","Defend_G+1","Defend_G","Defend_G+1","Defend_G","Survivor","Neutralize","Noxious Fumes","Skewer","Unload+1","Cloak And Dagger","Blade Dance","Footwork+1","Dodge and Roll","Finisher","Predator","Slice","Envenom+1","Leg Sweep+1","Corpse Explosion+1","Leg Sweep+1"],"relics":["Sozu","Strawberry","Dream Catcher","War Paint","Bag of Marbles","WristBlade","The Specimen","Enchiridion","Toxic Egg 2","Bronze Scales","Shuriken","Omamori","Matryoshka"],"acts_visited":["Exordium","TheCity"],"potions_floor_usage":[],"damage_taken":[{"damage":0,"enemies":"Cultist","floor":1,"turns":4},{"damage":6,"enemies":"Jaw Worm","floor":3,"turns":4},{"damage":0,"enemies":"Small Slimes","floor":4,"turns":2},{"damage":14,"enemies":"Lagavulin","floor":7,"turns":6},{"damage":0,"enemies":"Looter","floor":12,"turns":2},{"damage":6,"enemies":"3 Sentries","floor":13,"turns":6},{"damage":2,"enemies":"3 Sentries","floor":14,"turns":6},{"damage":16,"enemies":"Slime Boss","floor":16,"turns":9},{"damage":2,"enemies":"Shell Parasite","floor":18,"turns":2},{"damage":0,"enemies":"3 Byrds","floor":21,"turns":4},{"damage":16,"enemies":"Slavers","floor":23,"turns":6},{"damage":1,"enemies":"Snake Plant","floor":24,"turns":3},{"damage":18,"enemies":"Book of Stabbing","floor":25,"turns":5},{"damage":1,"enemies":"Chosen and Byrds","floor":27,"turns":4},{"damage":1,"enemies":"Centurion and Healer","floor":30,"turns":3},{"damage":46,"enemies":"Collector","floor":33,"turns":7}],"seed_played":"-4295757437846151571","potions_obtained":[],"is_trial":false,"path_per_floor":["M","?","M","M","$","R","E","$","T","R","$","M","?","E","R","B",null,"M","?","?","M","T","E","M","E","T","M","R","?","M","?","R","B"],"character_chosen":"THE_SILENT","items_purchased":["Cloak And Dagger","Footwork"],"campfire_rested":2,"item_purchase_floors":[5,8],"current_hp_per_floor":[70,63,57,57,57,57,50,50,50,73,73,73,67,65,65,49,77,75,75,59,59,59,43,42,24,24,23,46,46,45,45,45,0,0],"gold":423,"neow_bonus":"BOSS_RELIC","is_daily":false,"chose_seed":false,"campfire_upgraded":3,"win_rate":0.0,"timestamp":1610093172,"path_taken":["M","?","M","M","?","R","E","$","T","R","$","M","?","E","R","BOSS","M","?","?","M","?","E","M","E","T","M","R","?","M","?","R","BOSS"],"items_purchased_type":["Card","Card"],"build_version":"2020-12-22","purchased_purges":1,"victory":false,"max_hp_per_floor":[70,70,70,70,70,70,77,77,77,77,77,77,77,77,77,77,77,77,77,77,77,77,77,77,77,77,77,77,77,77,77,77,77,77],"card_choices":[{"not_picked":["Poisoned Stab","Prepared"],"picked":"Noxious Fumes","floor":1},{"not_picked":["Prepared","Quick Slash"],"picked":"Skewer","floor":3},{"not_picked":["Outmaneuver","Tactician"],"picked":"Unload","floor":4},{"not_picked":["Noxious Fumes","Sucker Punch"],"picked":"Blade Dance","floor":7},{"not_picked":["Deadly Poison","Dagger Throw"],"picked":"Dodge and Roll","floor":10},{"not_picked":["Poisoned Stab","Flying Knee"],"picked":"Finisher","floor":12},{"not_picked":["Acrobatics","Bane"],"picked":"Predator","floor":13},{"not_picked":["Quick Slash","Blade Dance"],"picked":"Slice","floor":14},{"not_picked":["After Image","Adrenaline"],"picked":"Envenom","floor":16},{"not_picked":["Caltrops","Reflex"],"picked":"Leg Sweep+1","floor":18},{"not_picked":["Dagger Spray","Footwork","Prepared"],"picked":"SKIP","floor":21},{"not_picked":["Reflex+1","Blade Dance+1"],"picked":"Corpse Explosion+1","floor":23},{"not_picked":["Deadly Poison+1","Slice","All Out Attack"],"picked":"SKIP","floor":24},{"not_picked":["Eviscerate","Bane"],"picked":"Leg Sweep+1","floor":25},{"not_picked":["Flying Knee","Leg Sweep+1","Acrobatics+1"],"picked":"SKIP","floor":27},{"not_picked":["Heel Hook","Outmaneuver+1","Acrobatics+1"],"picked":"SKIP","floor":30}],"player_experience":86823,"relics_obtained":[{"floor":7,"key":"Strawberry"},{"floor":9,"key":"Dream Catcher"},{"floor":13,"key":"War Paint"},{"floor":14,"key":"Bag of Marbles"},{"floor":20,"key":"Enchiridion"},{"floor":22,"key":"Toxic Egg 2"},{"floor":23,"key":"Bronze Scales"},{"floor":25,"key":"Shuriken"},{"floor":26,"key":"Omamori"}],"event_choices":[{"cards_removed":["Defend_G"],"damage_healed":0,"gold_gain":0,"player_choice":"Card Removal","damage_taken":7,"max_hp_gain":0,"max_hp_loss":0,"event_name":"Golden Wing","floor":2,"gold_loss":0},{"damage_healed":0,"gold_gain":0,"player_choice":"Searched \u00271\u0027 times","damage_taken":0,"max_hp_gain":0,"max_hp_loss":0,"event_name":"Dead Adventurer","floor":13,"gold_loss":0},{"damage_healed":0,"gold_gain":0,"player_choice":"Obtained Relic","damage_taken":0,"relics_obtained":["The Specimen"],"max_hp_gain":0,"max_hp_loss":0,"event_name":"Addict","floor":19,"gold_loss":85},{"damage_healed":0,"gold_gain":0,"player_choice":"Obtained Book","damage_taken":16,"max_hp_gain":0,"max_hp_loss":0,"event_name":"Cursed Tome","floor":20,"gold_loss":0},{"damage_healed":0,"gold_gain":0,"player_choice":"Opened","damage_taken":0,"relics_obtained":["Matryoshka"],"max_hp_gain":0,"max_hp_loss":0,"event_name":"The Mausoleum","floor":29,"gold_loss":0},{"damage_healed":0,"gold_gain":99,"player_choice":"Stole From Cult","damage_taken":0,"max_hp_gain":0,"max_hp_loss":0,"event_name":"Nest","floor":31,"gold_loss":0}],"is_beta":false,"boss_relics":[{"not_picked":["SlaversCollar","Fusion Hammer"],"picked":"WristBlade"}],"items_purged_floors":[5],"is_endless":false,"potions_floor_spawned":[4,7,12,16,18,24,30],"killed_by":"Collector","ascension_level":0}}