{"host":"r1w5o5rhvc53l1z6","time":1610092501,"event":{"mods":["BaseMod","Colored Map","DeckTracker","Minty Spire (QoL Compilation)","Permanent Neow","Quick Restart","SuperFastMode","everything is the same but u backflip on backflip"],"gold_per_floor":[119,119,194,194,213,213,223,223,223,240,41,41,91,104,104,209,209,226,226,237,51,63,63,25,25,25],"floor_reached":25,"playtime":801,"items_purged":["Strike_G"],"score":229,"play_id":"587326c6-31c5-4459-9ee0-50e846ac0fef","local_time":"20210108165501","is_ascension_mode":true,"campfire_choices":[{"data":"Underhanded Strike","floor":6.0,"key":"SMITH"},{"data":"Dodge and Roll","floor":8.0,"key":"SMITH"},{"data":"Underhanded Strike","floor":12.0,"key":"SMITH"},{"data":"Poisoned Stab","floor":15.0,"key":"SMITH"},{"data":"Adrenaline","floor":23.0,"key":"SMITH"}],"circlet_count":0,"master_deck":["Strike_G","Strike_G","Strike_G","Strike_G","Defend_G","Defend_G","Defend_G","Defend_G","Defend_G","Survivor","Neutralize","Tactician+1","Underhanded Strike+1","Catalyst","Dodge and Roll+1","Reflex","Underhanded Strike+1","Poisoned Stab+1","Adrenaline+1","Tactician","Grand Finale"],"relics":["Ring of the Serpent","StrikeDummy","TwistedFunnel","Omamori","Membership Card"],"acts_visited":["Exordium","TheCity"],"potions_floor_usage":[25],"damage_taken":[{"damage":2.0,"enemies":"2 Louse","floor":1.0,"turns":2.0},{"damage":0.0,"enemies":"Small Slimes","floor":5.0,"turns":3.0},{"damage":1.0,"enemies":"Cultist","floor":7.0,"turns":4.0},{"damage":4.0,"enemies":"Exordium Wildlife","floor":10.0,"turns":4.0},{"damage":3.0,"enemies":"3 Louse","floor":14.0,"turns":2.0},{"damage":43.0,"enemies":"Slime Boss","floor":16.0,"turns":12.0},{"damage":0.0,"enemies":"Chosen","floor":18.0,"turns":3.0},{"damage":8.0,"enemies":"2 Thieves","floor":20.0,"turns":4.0},{"damage":23.0,"enemies":"Cultist and Chosen","floor":22.0,"turns":7.0},{"damage":43,"enemies":"Gremlin Leader","floor":25,"turns":8}],"seed_played":"-4816501687686447067","potions_obtained":[{"floor":5.0,"key":"EssenceOfSteel"},{"floor":7.0,"key":"GamblersBrew"},{"floor":14.0,"key":"Energy Potion"},{"floor":20.0,"key":"ColorlessPotion"}],"is_trial":false,"path_per_floor":["M","?","?","?","M","R","M","R","T","M","$","R","?","M","R","B",null,"M","?","M","$","M","R","$","E"],"character_chosen":"THE_SILENT","items_purchased":["TwistedFunnel","Underhanded Strike","Membership Card","Grand Finale"],"campfire_rested":0,"item_purchase_floors":[11,11,21,24],"current_hp_per_floor":[68,73,62,62,62,62,61,61,61,57,57,57,57,54,54,11,75,75,75,67,67,44,44,44,1,1],"gold":25,"neow_bonus":"THREE_CARDS","is_daily":false,"chose_seed":false,"campfire_upgraded":5,"win_rate":0.0,"timestamp":1610092501,"path_taken":["M","?","?","?","M","R","M","R","T","M","$","R","?","M","R","BOSS","M","?","M","$","M","R","$","E"],"items_purchased_type":["Relic","Card","Relic","Card"],"build_version":"2020-12-22","purchased_purges":1,"victory":false,"max_hp_per_floor":[70,75,75,75,75,75,75,75,75,75,75,75,75,75,75,75,75,75,75,75,75,75,75,75,75,75],"card_choices":[{"not_picked":["Slice","Distraction"],"picked":"Tactician","floor":0.0},{"not_picked":["Outmaneuver","Poisoned Stab"],"picked":"Underhanded Strike","floor":1.0},{"not_picked":["Distraction","Dagger Throw"],"picked":"Catalyst","floor":5.0},{"not_picked":["Skewer","Poisoned Stab"],"picked":"Dodge and Roll","floor":7.0},{"not_picked":["Crippling Poison","Distraction"],"picked":"Reflex","floor":10.0},{"not_picked":["Quick Slash","Backflip"],"picked":"Poisoned Stab","floor":14.0},{"not_picked":["Grand Finale","Night Terror"],"picked":"Adrenaline","floor":16.0},{"not_picked":["Sucker Punch","Cloak And Dagger+1","Bane"],"picked":"SKIP","floor":18.0},{"not_picked":["Flying Knee","Sucker Punch","Infinite Blades"],"picked":"SKIP","floor":20.0},{"not_picked":["Predator+1","Finisher+1"],"picked":"Tactician","floor":22.0}],"player_experience":344880,"relics_obtained":[{"floor":9.0,"key":"StrikeDummy"}],"event_choices":[{"damage_healed":0.0,"max_hp_gain":5.0,"max_hp_loss":0.0,"gold_gain":0.0,"event_name":"Big Fish","player_choice":"Donut","floor":2.0,"gold_loss":0.0,"damage_taken":0.0},{"damage_healed":0.0,"max_hp_gain":0.0,"max_hp_loss":0.0,"gold_gain":75.0,"event_name":"World of Goop","player_choice":"Gather Gold","floor":3.0,"gold_loss":0.0,"damage_taken":11.0},{"damage_healed":0.0,"max_hp_gain":0.0,"max_hp_loss":0.0,"gold_gain":0.0,"event_name":"Living Wall","player_choice":"Grow","floor":4.0,"gold_loss":0.0,"damage_taken":0.0,"cards_upgraded":["Tactician"]},{"damage_healed":0.0,"max_hp_gain":0.0,"max_hp_loss":0.0,"gold_gain":50.0,"event_name":"Golden Wing","player_choice":"Gained Gold","floor":13.0,"gold_loss":0.0,"damage_taken":0.0},{"damage_healed":0.0,"max_hp_gain":0.0,"max_hp_loss":0.0,"gold_gain":0.0,"event_name":"WeMeetAgain","player_choice":"Gave Potion","floor":19.0,"gold_loss":0.0,"damage_taken":0.0,"relics_obtained":["Omamori"]}],"is_beta":false,"boss_relics":[{"not_picked":["Sozu","Black Star"],"picked":"Ring of the Serpent"}],"items_purged_floors":[21],"is_endless":false,"potions_floor_spawned":[5,7,14,18,20],"killed_by":"Gremlin Leader","ascension_level":4}}