{"host":"ci7cmvrwpmzqnw7e","time":1610138890,"event":{"mods":["BaseMod","BetterRewards","Colored Map","Downfall","Hubris","Minty Spire (QoL Compilation)","Rare Cards Sparkle","Replay The Spire","Shop Mod","StSLib","The Bug Knight"],"gold_per_floor":[99,113,113,113,124,134,161,161,176,176,176,207,217,235,248,248,248,248],"floor_reached":16,"playtime":489,"items_purged":[],"score":104,"play_id":"aac3a355-0d8f-4cd0-8eb5-3bc941910d9f","local_time":"20210108134810","is_ascension_mode":false,"campfire_choices":[{"data":"Slimebound:Split","floor":1,"key":"SMITH"},{"data":"Slimebound:ProtectTheBoss","floor":10,"key":"SMITH"}],"circlet_count":0,"master_deck":["Slimebound:Strike_Slimebound","Slimebound:Strike_Slimebound","Slimebound:Strike_Slimebound","Slimebound:Tackle","Slimebound:Defend_Slimebound+1","Slimebound:Defend_Slimebound","Slimebound:Defend_Slimebound+1","Slimebound:Defend_Slimebound","Slimebound:Split+1","Slimebound:CorrosiveSpit+1","Slimebound:SplitBruiser","Voices","Slimebound:SplitLeeching","Slimebound:ProtectTheBoss+1","Slimebound:SplitBruiser","Slimebound:ServeAndProtect","Slimebound:DivideAndConquer"],"relics":["Slimebound:AbsorbEndCombat","Juzu Bracelet","Replay:Wax Seal","hubris:Metronome","Ornamental Fan"],"acts_visited":["Exordium"],"potions_floor_usage":[16,16,16],"damage_taken":[{"damage":15,"enemies":"2 Louse","floor":2,"turns":3},{"damage":15,"enemies":"Jaw Worm","floor":5,"turns":3},{"damage":11,"enemies":"Cultist","floor":6,"turns":3},{"damage":26,"enemies":"Exordium Thugs","floor":9,"turns":4},{"damage":43,"enemies":"3 Sentries","floor":12,"turns":7},{"damage":13,"enemies":"2 Fungi Beasts","floor":13,"turns":3},{"damage":12,"enemies":"Red Slaver","floor":14,"turns":3},{"damage":21,"enemies":"Exordium Thugs","floor":15,"turns":3},{"damage":33,"enemies":"downfall:Ironclad","floor":16,"turns":3}],"seed_played":"-2521209803593565833","potions_obtained":[{"floor":2,"key":"Guardian:BlockOnCardUsePotion"},{"floor":6,"key":"EntropicBrew"},{"floor":8,"key":"downfall:CursedFountainPotion"}],"is_trial":false,"path_per_floor":["R","M","?","?","M","M","T","?","M","R","T","E","M","M","M","B"],"character_chosen":"SLIMEBOUND","items_purchased":[],"campfire_rested":0,"item_purchase_floors":[],"current_hp_per_floor":[60,56,56,56,57,54,54,54,48,48,48,29,28,32,27,0,0,0],"gold":248,"neow_bonus":"RANDOM_COMMON_RELIC","is_daily":false,"chose_seed":false,"campfire_upgraded":2,"win_rate":0.0,"timestamp":1610138890,"path_taken":["R","M","?","?","M","M","T","?","M","R","?","E","M","M","M","BOSS"],"items_purchased_type":[],"build_version":"2020-12-22","purchased_purges":0,"victory":false,"max_hp_per_floor":[60,60,60,60,60,60,60,60,60,60,60,60,60,60,60,60,60,60],"card_choices":[{"not_picked":["Slimebound:HauntingLick","Slimebound:Grow"],"picked":"Slimebound:SplitBruiser","floor":2},{"not_picked":["Slimebound:LeechingTouch","Slimebound:FormOfPuddle"],"picked":"Slimebound:SplitLeeching","floor":5},{"not_picked":["Slimebound:TongueLash","Slimebound:SlimeTap"],"picked":"Slimebound:ProtectTheBoss","floor":6},{"not_picked":["Slimebound:GoopSpray","Slimebound:BestDefense"],"picked":"Slimebound:SplitBruiser","floor":9},{"not_picked":["Slimebound:LeechEnergy","Slimebound:GoopTackle","Slimebound:ItLooksTasty"],"picked":"SKIP","floor":12},{"not_picked":["Slimebound:SplitAcid","Slimebound:SlimeSpikes"],"picked":"Slimebound:ServeAndProtect","floor":13},{"not_picked":["Slimebound:Equalize","Slimebound:SamplingLick"],"picked":"Slimebound:DivideAndConquer","floor":14},{"not_picked":["Slimebound:PressTheAttack","Slimebound:FinishingTackle","Slimebound:Chomp"],"picked":"SKIP","floor":15}],"player_experience":19433,"relics_obtained":[{"floor":7,"key":"Replay:Wax Seal"},{"floor":11,"key":"hubris:Metronome"},{"floor":12,"key":"Ornamental Fan"}],"event_choices":[{"damage_healed":0,"gold_gain":0,"cards_transformed":["Regret"],"player_choice":"Transformed","damage_taken":0,"max_hp_gain":0,"max_hp_loss":0,"event_name":"Transmorgrifier","floor":4,"gold_loss":0,"cards_obtained":["Voices"]}],"is_beta":false,"boss_relics":[],"items_purged_floors":[],"is_endless":false,"potions_floor_spawned":[2,6,14],"killed_by":"downfall:Ironclad","ascension_level":0}}