{"host":"9d9dhukr2jywmy0f","time":1610127201,"event":{"mods":["2.2 Compatiblity","Alarm Clock","BaseMod","Bestiary","Block Reminder","Colored Map","Colored Powertips","Curses Come First","DeckTracker","Highlight Path","Key Reminder","Minty Spire (QoL Compilation)","Quick Restart","Rare Cards Sparkle","Relic Sorter","Relic Stats","Spire Birthday Party","StSLib","SuperFastMode","Synergy Search","The Blackbeard","Unceasing Turn Reminder","Unknown Chances"],"gold_per_floor":[110,122,122,122,347,382,402,402,402,402,418,447,459,384,384,484,484,501,515,430,443,343,343,375,375,375,375,375,375,395,406,406,502,502,522,522,575,595,595,622,622,650,650,667,667,667,686,415,415,415,415,415,70,100,100],"floor_reached":56,"playtime":3222,"items_purged":["blackbeard:BlackbeardStrike","blackbeard:BlackbeardDefend","blackbeard:BlackbeardDefend"],"score":1384,"play_id":"e8d9a7da-2579-4fa5-ae29-2c45c6bb6d72","local_time":"20210109013321","is_ascension_mode":true,"campfire_choices":[{"data":"blackbeard:Cutlass","floor":8.0,"key":"SMITH"},{"data":"blackbeard:IntimidatingStrike","floor":10.0,"key":"SMITH"},{"data":"blackbeard:CaptainsHat","floor":15.0,"key":"SMITH"},{"data":"blackbeard:WiseDefense","floor":23.0,"key":"SMITH"},{"data":"blackbeard:GoldenCannonball","floor":25.0,"key":"SMITH"},{"data":"blackbeard:BlackbeardStrike","floor":32.0,"key":"PURGE"},{"data":"blackbeard:CaptainsHat","floor":41,"key":"SMITH"},{"floor":46,"key":"RECALL"},{"data":"blackbeard:TerrorOfTheSeas","floor":49,"key":"SMITH"},{"data":"blackbeard:DangerousBlow","floor":52,"key":"SMITH"}],"circlet_count":0,"master_deck":["blackbeard:IntimidatingStrike+1","blackbeard:BlackbeardDefend","blackbeard:BlackbeardDefend","blackbeard:Cutlass+1","blackbeard:Boarding","blackbeard:DangerousBlow+1","blackbeard:Spear","blackbeard:CaptainsHat+1","blackbeard:TerrorOfTheSeas+1","blackbeard:Parrot","blackbeard:WiseDefense+1","blackbeard:AgileStrike+1","blackbeard:GoldenCannonball+1","blackbeard:CaptainsHat+1","blackbeard:WeaponProficiency+1","blackbeard:Provisioning+1","blackbeard:ArmorUp","blackbeard:WiseDefense+1"],"relics":["blackbeard:LoadTheCannons","NeowsBlessing","Tiny Chest","Omamori","Mercury Hourglass","Peace Pipe","Coffee Dripper","StoneCalendar","Bag of Marbles","Ornamental Fan","CaptainsWheel","Bird Faced Urn","Incense Burner","Prayer Wheel","Nunchaku","Gremlin Horn","Art of War","Toy Ornithopter","blackbeard:BloodOrange","Vajra","Centennial Puzzle"],"acts_visited":["Exordium","TheCity","TheBeyond","TheEnding"],"potions_floor_usage":[40,42,42,42,42,42,42,42,44,44,44,47,47,47,50,50,54,55,55,55,55,55,55,55],"damage_taken":[{"damage":0.0,"enemies":"2 Louse","floor":1.0,"turns":1.0},{"damage":0.0,"enemies":"Jaw Worm","floor":2.0,"turns":1.0},{"damage":0.0,"enemies":"3 Sentries","floor":6.0,"turns":1.0},{"damage":1.0,"enemies":"Small Slimes","floor":7.0,"turns":2.0},{"damage":0.0,"enemies":"3 Louse","floor":11.0,"turns":2.0},{"damage":10.0,"enemies":"Lagavulin","floor":12.0,"turns":4.0},{"damage":1.0,"enemies":"Blue Slaver","floor":13.0,"turns":2.0},{"damage":4.0,"enemies":"Hexaghost","floor":16.0,"turns":7.0},{"damage":4.0,"enemies":"Shell Parasite","floor":18.0,"turns":3.0},{"damage":0.0,"enemies":"Spheric Guardian","floor":19.0,"turns":3.0},{"damage":9.0,"enemies":"Centurion and Healer","floor":21.0,"turns":4.0},{"damage":11.0,"enemies":"Slavers","floor":24.0,"turns":3.0},{"damage":0.0,"enemies":"3 Cultists","floor":30.0,"turns":4.0},{"damage":0.0,"enemies":"Snake Plant","floor":31.0,"turns":2.0},{"damage":0.0,"enemies":"Champ","floor":33.0,"turns":6.0},{"damage":0.0,"enemies":"3 Shapes","floor":35.0,"turns":5.0},{"damage":7.0,"enemies":"2 Orb Walkers","floor":37.0,"turns":3.0},{"damage":5.0,"enemies":"Orb Walker","floor":38.0,"turns":3.0},{"damage":17,"enemies":"Nemesis","floor":40,"turns":5},{"damage":9,"enemies":"Giant Head","floor":42,"turns":5},{"damage":8,"enemies":"3 Darklings","floor":44,"turns":3},{"damage":0,"enemies":"Jaw Worm Horde","floor":47,"turns":3},{"damage":21,"enemies":"Time Eater","floor":50,"turns":11},{"damage":2,"enemies":"Shield and Spear","floor":54,"turns":4},{"damage":6,"enemies":"The Heart","floor":55,"turns":8}],"seed_played":"-914236893576238210","potions_obtained":[{"floor":6.0,"key":"Weak Potion"},{"floor":7.0,"key":"Fire Potion"},{"floor":11.0,"key":"Swift Potion"},{"floor":19.0,"key":"Regen Potion"},{"floor":31.0,"key":"Dexterity Potion"},{"floor":33.0,"key":"Block Potion"},{"floor":37.0,"key":"Weak Potion"},{"floor":40,"key":"EntropicBrew"},{"floor":44,"key":"GamblersBrew"},{"floor":54,"key":"LiquidMemories"}],"is_trial":false,"path_per_floor":["M","M","?","?","?","E","M","R","T","R","M","E","M","$","R","B",null,"M","M","?","M","$","R","E","R","T","?","T","T","M","M","R","B",null,"M","?","?","M","?","E","R","E","T","M","T","R","M","$","R","B",null,"R","$","E","B",null],"character_chosen":"BLACKBEARD_CLASS","items_purchased":["Toy Ornithopter","blackbeard:BloodOrange","Vajra","blackbeard:ArmorUp"],"campfire_rested":0,"item_purchase_floors":[48,53,53,53],"current_hp_per_floor":[75,75,68,68,68,68,67,67,67,67,67,57,56,56,56,52,75,71,71,71,73,73,73,62,62,62,55,55,55,57,59,59,63,75,75,75,70,71,71,66,66,67,67,68,68,68,72,72,72,54,75,75,75,75,75],"gold":100,"neow_bonus":"THREE_ENEMY_KILL","is_daily":false,"chose_seed":false,"campfire_upgraded":8,"win_rate":0.0,"timestamp":1610127201,"path_taken":["M","M","?","?","?","E","M","R","T","R","M","E","M","$","R","BOSS","M","M","?","M","$","R","E","R","T","?","?","?","M","M","R","BOSS","M","?","?","M","?","E","R","E","T","M","?","R","M","$","R","BOSS","R","$","E","BOSS"],"items_purchased_type":["Relic","Relic","Relic","Card"],"build_version":"2020-11-30","purchased_purges":3,"victory":true,"max_hp_per_floor":[75,75,75,75,75,75,75,75,75,75,75,75,75,75,75,75,75,75,75,75,75,75,75,75,75,75,75,75,75,75,75,75,75,75,75,75,75,75,75,75,75,75,75,75,75,75,75,75,75,75,75,75,75,75,75],"relic_stats":{"Gremlin Horn":[5,5],"counters":[25,94],"StoneCalendar":[104],"Mercury Hourglass":[283],"Peace Pipe":1,"Nunchaku":[5],"Centennial Puzzle":[3],"Ornamental Fan":[100],"Bird Faced Urn":[56],"Tiny Chest":2,"Prayer Wheel":2,"Art of War":[5],"obtain_stats":[{"NeowsBlessing":0,"Gremlin Horn":43,"blackbeard:LoadTheCannons":0,"Vajra":53,"StoneCalendar":20,"Omamori":6,"Incense Burner":37,"Mercury Hourglass":9,"Peace Pipe":12,"keyreminder:keyreminder":28,"CaptainsWheel":27,"Nunchaku":42,"Centennial Puzzle":54,"Ornamental Fan":26,"Bird Faced Urn":29,"Tiny Chest":5,"Prayer Wheel":40,"Coffee Dripper":17,"Bag of Marbles":24,"Art of War":45,"blackbeard:BloodOrange":53,"Toy Ornithopter":48},{"NeowsBlessing":0,"Gremlin Horn":20,"blackbeard:LoadTheCannons":0,"Vajra":23,"StoneCalendar":10,"Omamori":3,"Incense Burner":17,"Mercury Hourglass":4,"Peace Pipe":6,"keyreminder:keyreminder":12,"CaptainsWheel":12,"Nunchaku":20,"Centennial Puzzle":24,"Ornamental Fan":12,"Bird Faced Urn":12,"Tiny Chest":2,"Prayer Wheel":19,"Coffee Dripper":8,"Bag of Marbles":12,"Art of War":21,"blackbeard:BloodOrange":23,"Toy Ornithopter":22},{"NeowsBlessing":0,"Gremlin Horn":65,"blackbeard:LoadTheCannons":0,"Vajra":82,"StoneCalendar":26,"Omamori":3,"Incense Burner":52,"Mercury Hourglass":5,"Peace Pipe":11,"keyreminder:keyreminder":33,"CaptainsWheel":33,"Nunchaku":65,"Centennial Puzzle":86,"Ornamental Fan":33,"Bird Faced Urn":33,"Tiny Chest":2,"Prayer Wheel":60,"Coffee Dripper":20,"Bag of Marbles":33,"Art of War":68,"blackbeard:BloodOrange":82,"Toy Ornithopter":71}],"Toy Ornithopter":6},"card_choices":[{"not_picked":["blackbeard:Spear","blackbeard:Sword"],"picked":"blackbeard:Boarding","floor":1.0},{"not_picked":["blackbeard:TerrorOfTheSeas","blackbeard:BlindAttacks"],"picked":"blackbeard:DangerousBlow","floor":2.0},{"not_picked":["blackbeard:Toast","blackbeard:Dagger","blackbeard:CaptainsCabin"],"picked":"SKIP","floor":6.0},{"not_picked":["blackbeard:Sword","blackbeard:Dagger"],"picked":"blackbeard:Spear","floor":7.0},{"not_picked":["blackbeard:RemoveScurvy","blackbeard:Sharpening"],"picked":"blackbeard:CaptainsHat","floor":11.0},{"not_picked":["blackbeard:Sword","blackbeard:VengefulSpirit"],"picked":"blackbeard:TerrorOfTheSeas","floor":12.0},{"not_picked":["blackbeard:SwordDance","blackbeard:RemoveScurvy","blackbeard:CatONineTails"],"picked":"SKIP","floor":13.0},{"not_picked":["blackbeard:Murder","blackbeard:TheDrunkenSailor"],"picked":"blackbeard:Parrot","floor":16.0},{"not_picked":["blackbeard:BlindAttacks","blackbeard:ChaoticDefense"],"picked":"blackbeard:WiseDefense","floor":18.0},{"not_picked":["blackbeard:RearmingStrike+1","blackbeard:BlindAttacks"],"picked":"blackbeard:AgileStrike+1","floor":19.0},{"not_picked":["blackbeard:RemoveScurvy","blackbeard:Fencing+1","blackbeard:GoldenStrike"],"picked":"SKIP","floor":21.0},{"not_picked":["blackbeard:UndeadForm","blackbeard:BrownPants+1"],"picked":"blackbeard:GoldenCannonball","floor":24.0},{"not_picked":["blackbeard:Shrapnel","blackbeard:GoldenDefense","blackbeard:Spear"],"picked":"SKIP","floor":30.0},{"not_picked":["blackbeard:Sharpening","blackbeard:CannonballSupply+1","blackbeard:SmithingHammer"],"picked":"SKIP","floor":31.0},{"not_picked":["blackbeard:HumongousCannonball","blackbeard:Murder"],"picked":"blackbeard:CaptainsHat","floor":33.0},{"not_picked":["blackbeard:PiratesWill+1","blackbeard:BlindAttacks+1"],"picked":"blackbeard:WeaponProficiency+1","floor":35.0},{"not_picked":["blackbeard:DeadlyArsenal+1","blackbeard:RearmingStrike+1"],"picked":"blackbeard:Provisioning+1","floor":38.0},{"not_picked":["blackbeard:Scrap","blackbeard:CatONineTails+1","blackbeard:DoubleCannonball"],"picked":"SKIP","floor":40},{"not_picked":["blackbeard:SwordDance","blackbeard:Anchor","blackbeard:FieryDefense+1"],"picked":"SKIP","floor":42},{"not_picked":["blackbeard:DeadlyArsenal","blackbeard:FishingNets+1"],"picked":"blackbeard:Murder","floor":44},{"not_picked":["blackbeard:Shrapnel+1","blackbeard:Provisioning","blackbeard:ArmorUp"],"picked":"SKIP","floor":44},{"not_picked":["blackbeard:WeaponProficiency","blackbeard:Scrap","blackbeard:Toast+1"],"picked":"SKIP","floor":47},{"not_picked":["blackbeard:CloakAndCannonball+1","blackbeard:Shrapnel+1","blackbeard:WiseDefense"],"picked":"SKIP","floor":47},{"not_picked":["blackbeard:Sword+1","blackbeard:GoldenStrike"],"picked":"blackbeard:WiseDefense+1","floor":54}],"player_experience":799242,"relics_obtained":[{"floor":6.0,"key":"Omamori"},{"floor":9.0,"key":"Mercury Hourglass"},{"floor":12.0,"key":"Peace Pipe"},{"floor":24.0,"key":"Bag of Marbles"},{"floor":26.0,"key":"Ornamental Fan"},{"floor":29.0,"key":"Bird Faced Urn"},{"floor":37.0,"key":"Incense Burner"},{"floor":40,"key":"Prayer Wheel"},{"floor":42,"key":"Nunchaku"},{"floor":43,"key":"Gremlin Horn"},{"floor":45,"key":"Art of War"},{"floor":54,"key":"Centennial Puzzle"}],"event_choices":[{"cards_removed":["blackbeard:BlackbeardStrike"],"damage_healed":0.0,"max_hp_gain":0.0,"max_hp_loss":0.0,"gold_gain":0.0,"event_name":"Golden Wing","player_choice":"Card Removal","floor":3.0,"gold_loss":0.0,"damage_taken":7.0},{"cards_removed":["blackbeard:BlackbeardStrike"],"damage_healed":0.0,"max_hp_gain":0.0,"max_hp_loss":0.0,"gold_gain":0.0,"event_name":"Living Wall","player_choice":"Forget","floor":4.0,"gold_loss":0.0,"damage_taken":0.0},{"damage_healed":0.0,"max_hp_gain":0.0,"max_hp_loss":0.0,"gold_gain":225.0,"event_name":"blackbeard:Ssssserpent","player_choice":"YARR","floor":5.0,"gold_loss":0.0,"damage_taken":0.0,"relics_obtained":["Tiny Chest"]},{"damage_healed":0.0,"max_hp_gain":0.0,"max_hp_loss":0.0,"gold_gain":0.0,"event_name":"Addict","player_choice":"Obtained Relic","floor":20.0,"gold_loss":85.0,"damage_taken":0.0,"relics_obtained":["StoneCalendar"]},{"damage_healed":0.0,"max_hp_gain":0.0,"max_hp_loss":0.0,"gold_gain":0.0,"event_name":"blackbeard:ShipwreckEvent","player_choice":"CaptainsWheel","floor":27.0,"gold_loss":0.0,"damage_taken":0.0,"relics_obtained":["CaptainsWheel"]},{"damage_healed":0.0,"max_hp_gain":0.0,"max_hp_loss":0.0,"gold_gain":0.0,"event_name":"SensoryStone","player_choice":"Memory 1","floor":36.0,"gold_loss":0.0,"damage_taken":0.0},{"damage_healed":0.0,"max_hp_gain":0.0,"max_hp_loss":0.0,"gold_gain":0.0,"event_name":"Mysterious Sphere","player_choice":"Fight","floor":37.0,"gold_loss":0.0,"damage_taken":0.0},{"damage_healed":0,"gold_gain":0,"player_choice":"0 cards matched","damage_taken":0,"max_hp_gain":0,"max_hp_loss":0,"event_name":"Match and Keep!","floor":39,"gold_loss":0,"cards_obtained":[]}],"is_beta":false,"boss_relics":[{"not_picked":["Tiny House","Sozu"],"picked":"Coffee Dripper"},{"not_picked":[]}],"items_purged_floors":[14,22,48],"is_endless":false,"potions_floor_spawned":[6,7,11,19,31,33,37,40,44,54],"ascension_level":2}}