{"host":"pvrgpaf3ayyxxis3","time":1610094034,"event":{"mods":["2.2 Compatiblity","AchievementEnabler","Act Like it!","Ascension Unlocker","Aspiration","BaseMod","Better Note","Better Vampires","Better-Laid Plans","BetterRewards","Colored Map","Colored Powertips","Conspire","Downfall","Friendly Minions","GifTheSpireLib","Halation","Hallownest","Hermit","Hubris","Infinite Spire","Marisa????????","Mimic Mod","Minty Spire (QoL Compilation)","Permanent Neow","Random Character Button","Random Character Mod","Rare Cards Sparkle","Replay The Spire","Robot Space Explorer","SOS???????","Shop Mod","StSLib","The Bug Knight","The Construct","The Cursed","The IronCluck","The Jungle","The Runesmith","The Servant 0.9.4","Uncapped","everything is the same but u backflip on backflip","vexMod","???Mod??????Boss"],"gold_per_floor":[112,112,128,42,42,42,76,93,93,110,110,123,123,155,155,252,252,268,268,268,268,286,261,296,296,296],"floor_reached":25,"playtime":2895,"items_purged":[],"score":219,"play_id":"9a2b4de4-77aa-4848-8274-51a8950deb15","local_time":"20210108082034","is_ascension_mode":false,"campfire_choices":[{"data":"Blade Dance","floor":6,"key":"SMITH"},{"data":"Hidden Blade","floor":11,"key":"SMITH"},{"floor":15,"key":"REST"}],"circlet_count":0,"master_deck":["Strike_G","Strike_G","Strike_G","Strike_G","Strike_G","Defend_G","Defend_G","Defend_G","Defend_G","Survivor","Neutralize+1","Blade Dance+1","Underhanded Strike","Poisoned Stab+1","Poisoned Stab","Underhanded Strike","Quick Slash","Backflip","Hidden Blade+1","PiercingWail","Outmaneuver","Unload","Quick Slash+1","Caltrops+1","Dagger Throw"],"relics":["Ring of the Snake","Hallownest:DreamNailRelic","halation:KoshaPiece","Mercury Hourglass","Orichalcum","halation:HeavySnake","hubris:Towel","infinitespire:CheckeredPen"],"acts_visited":["Hallownest:Greenpath","Hallownest:Greenpath"],"potions_floor_usage":[],"damage_taken":[{"damage":1,"enemies":"Hallownest:monsterHuskWarrior","floor":1,"turns":4},{"damage":0,"enemies":"Hallownest:monsterHuskGuard","floor":3,"turns":4},{"damage":9,"enemies":"Hallownest:eliteVengeflyKing","floor":7,"turns":5},{"damage":4,"enemies":"Hallownest:2_MossCreeps","floor":8,"turns":4},{"damage":9,"enemies":"Hallownest:MossCreep_and_Mosskin","floor":10,"turns":5},{"damage":3,"enemies":"Hallownest:monsterFoolEater","floor":12,"turns":2},{"damage":16,"enemies":"conspire:MimicChest","floor":14,"turns":8},{"damage":21,"enemies":"Hallownest:BossFalseKnight","floor":16,"turns":9},{"damage":1,"enemies":"theJungle:MUSHROOMGANG","floor":18,"turns":5},{"damage":2,"enemies":"Shell Parasite","floor":22,"turns":3},{"damage":59,"enemies":"theJungle:Cassacara","floor":24,"turns":8},{"damage":9,"enemies":"Snake Plant","floor":25,"turns":2}],"seed_played":"-4207573258733132314","potions_obtained":[{"floor":1,"key":"champ:CounterPotion"}],"is_trial":false,"path_per_floor":["M","?","M","$","?","R","E","M","T","M","R","M","?","?","R","B",null,"M","?","?","?","M","?","E","M"],"character_chosen":"THE_SILENT","items_purchased":["Poisoned Stab","Underhanded Strike"],"campfire_rested":1,"item_purchase_floors":[4,4],"current_hp_per_floor":[69,69,69,69,69,69,60,56,56,47,47,44,44,28,49,28,70,69,69,69,69,67,67,8,0,0],"gold":296,"neow_bonus":"UPGRADE_CARD","is_daily":false,"chose_seed":false,"campfire_upgraded":2,"win_rate":0.0,"timestamp":1610094034,"path_taken":["M","?","?","$","?","R","E","M","T","?","R","?","?","?","R","BOSS","M","?","?","?","?","?","E","M"],"items_purchased_type":["Card","Card"],"build_version":"2020-12-22","purchased_purges":0,"victory":false,"max_hp_per_floor":[70,70,70,70,70,70,70,70,70,70,70,70,70,70,70,70,70,70,70,70,70,70,70,70,70,70],"card_choices":[{"not_picked":["Hidden Blade","Outmaneuver"],"picked":"Blade Dance","floor":1},{"not_picked":["Dodge and Roll","hubris:Sniper"],"picked":"Underhanded Strike","floor":3},{"not_picked":["Sucker Punch","Doppelganger"],"picked":"Quick Slash","floor":7},{"not_picked":["Calculated Gamble","PiercingWail"],"picked":"Backflip","floor":8},{"not_picked":["Slice","Dagger Spray"],"picked":"Hidden Blade","floor":10},{"not_picked":["Underhanded Strike","Flying Knee"],"picked":"PiercingWail","floor":12},{"not_picked":["PiercingWail","hubris:SlightOfHand"],"picked":"Outmaneuver","floor":14},{"not_picked":["ReplayTheSpireMod:From All Sides","Phantasmal Killer"],"picked":"Unload","floor":16},{"not_picked":["Prepared","Outmaneuver"],"picked":"Quick Slash+1","floor":18},{"not_picked":["Deadly Poison","Predator"],"picked":"Caltrops+1","floor":22},{"not_picked":["Venomology","Deflect+1"],"picked":"Dagger Throw","floor":24}],"player_experience":20796,"relics_obtained":[{"floor":7,"key":"halation:KoshaPiece"},{"floor":9,"key":"Mercury Hourglass"},{"floor":14,"key":"Orichalcum"},{"floor":24,"key":"infinitespire:CheckeredPen"}],"event_choices":[{"cards_removed":["Defend_G"],"damage_healed":0,"gold_gain":0,"player_choice":"Purged","damage_taken":0,"max_hp_gain":0,"max_hp_loss":0,"event_name":"Purifier","floor":21,"gold_loss":0}],"is_beta":false,"boss_relics":[{"not_picked":["infinitespire:Cupcake","Runic Dome"],"picked":"halation:HeavySnake"}],"items_purged_floors":[],"is_endless":false,"potions_floor_spawned":[1,12,14,16,22],"killed_by":"Snake Plant","ascension_level":0}}