{"host":"k9ocgmchziz83yjl","time":1610108829,"event":{"mods":["BaseMod","Friendly Minions","KinomotoSakuraMod(木之本樱)","Marisa（F雨　魔理沙）","Minty Spire (QoL Compilation)","MostiFishMod","Quick Restart","Replay The Spire","RumiaBox-露米娅的神秘盒子","Spicy Shops","StSLib","The Cursed","The Servant 0.9.4","[IsaacMod]以撒尖塔","【功能Mod】混沌之环修复补丁"],"gold_per_floor":[144,189,234,34,34,34,79,124,149,194,239,239,329,374,374,674,674,719,764,809,809,854,944,944,989,1014,1014,886,931,111,111,111,411,411,456,501,21,21,66,66,156,324,324,369,414,414,414,459,459,459],"floor_reached":51,"playtime":2412,"items_purged":["Armaments"],"score":830,"play_id":"15493773-dbcf-4a5f-bb09-027ecb7e1938","local_time":"20210108202709","daily_mods":["Draft","Uncertain Future","Midas"],"is_ascension_mode":false,"campfire_choices":[{"floor":12.0,"key":"REST"},{"floor":15.0,"key":"REST"},{"floor":24.0,"key":"REST"},{"floor":27.0,"key":"REST"},{"floor":32,"key":"REST"},{"floor":40,"key":"REST"},{"floor":46,"key":"REST"},{"floor":49,"key":"REST"}],"circlet_count":0,"master_deck":["Spot Weakness","Twin Strike","Flex","MostiFishMod:BrandingRite","Pummel+1","Twin Strike","Warcry","Rampage","Sword Boomerang","Clash","Sword Boomerang+1","Iron Wave","Sever Soul","Cleave","Replay:Undeath\u0027s Touch","Clash","Self Repair+1","Feed","Beam Cell","MostiFishMod:FlyOverUtopia","Thunderclap","Armaments+1","Fire Breathing","Battle Trance","Midas Touch","Heatsinks","MostiFishMod:ElfcollectionBox","Panache","ShiftingGears+1","Flash of Steel+1"],"relics":["DaveBox","HushsDoor","The Courier","GuppysHead","SynthV:TestCard","Mummified Hand","Iron Core","ReplayTheSpireMod:TigerMarble","GodSword7","EasyGame_NEW","PunchingBag","BelialBook","EdensBlessing","Bag of Preparation","Molten Egg 2","Replay:Mystery Machine","PrismaticShard","Snack Pack","GuanYuAspect","SynthV:C4","Lee\u0027s Waffle","Replay:Rubber Ducky","Red Skull","Bronze Scales","ImprovedEquipment","GuppysTail"],"acts_visited":["Exordium","TheCity","TheBeyond"],"potions_floor_usage":[33,50,50,50],"damage_taken":[{"damage":0.0,"enemies":"2 Louse","floor":1.0,"turns":1.0},{"damage":7.0,"enemies":"Small Slimes","floor":2.0,"turns":2.0},{"damage":6.0,"enemies":"Jaw Worm","floor":3.0,"turns":2.0},{"damage":0.0,"enemies":"Gremlin Gang","floor":7.0,"turns":1.0},{"damage":5.0,"enemies":"2 Fungi Beasts","floor":8.0,"turns":2.0},{"damage":13.0,"enemies":"3 Louse","floor":10.0,"turns":2.0},{"damage":5.0,"enemies":"Blue Slaver","floor":11.0,"turns":1.0},{"damage":9.0,"enemies":"Replay:BlueRogue","floor":13.0,"turns":2.0},{"damage":10.0,"enemies":"Exordium Thugs","floor":14.0,"turns":3.0},{"damage":35.0,"enemies":"The Guardian","floor":16.0,"turns":7.0},{"damage":10.0,"enemies":"Chosen","floor":18.0,"turns":3.0},{"damage":5.0,"enemies":"2 Thieves","floor":19.0,"turns":2.0},{"damage":16.0,"enemies":"Chosen and Byrds","floor":20.0,"turns":3.0},{"damage":0.0,"enemies":"Snecko","floor":22.0,"turns":2.0},{"damage":12.0,"enemies":"Replay:Snechameleon","floor":23.0,"turns":2.0},{"damage":17.0,"enemies":"Snake Plant","floor":25.0,"turns":3.0},{"damage":5.0,"enemies":"Shelled Parasite and Fungi","floor":29.0,"turns":2.0},{"damage":11,"enemies":"Automaton","floor":33,"turns":4},{"damage":3,"enemies":"3 Shapes","floor":35,"turns":1},{"damage":8,"enemies":"3 Darklings","floor":36,"turns":1},{"damage":5,"enemies":"4 Shapes","floor":39,"turns":2},{"damage":5,"enemies":"R_Hoarder","floor":41,"turns":3},{"damage":4,"enemies":"Sphere and 2 Shapes","floor":44,"turns":1},{"damage":10,"enemies":"3 Darklings","floor":45,"turns":3},{"damage":21,"enemies":"Writhing Mass","floor":48,"turns":2},{"damage":49,"enemies":"Awakened One","floor":50,"turns":5}],"seed_played":"-6062085814737979882","potions_obtained":[{"floor":1.0,"key":"PowerPotion"},{"floor":2.0,"key":"Regen Potion"},{"floor":7.0,"key":"Strength Potion"},{"floor":13.0,"key":"HeartOfIron"},{"floor":18.0,"key":"Fruit Juice"},{"floor":23.0,"key":"Regen Potion"},{"floor":25.0,"key":"DuplicationPotion"},{"floor":33,"key":"GamblersBrew"},{"floor":36,"key":"AttackPotion"},{"floor":45,"key":"Strength Potion"}],"is_trial":false,"path_per_floor":["M","M","M","$","?","?","M","M","T","M","M","R","E","M","R","B",null,"M","M","M","?","M","E","R","M","T","R","?","M","$","?","R","B",null,"M","M","$","?","M","R","E","?","T","M","M","R","?","M","R","B",null],"character_chosen":"IRONCLAD","items_purchased":["Mummified Hand","Bag of Preparation","Molten Egg 2","Replay:Mystery Machine","PrismaticShard","Snack Pack","SynthV:C4","Lee\u0027s Waffle","Replay:Rubber Ducky","Red Skull"],"campfire_rested":8,"item_purchase_floors":[4,30,30,30,30,30,37,37,37,37],"current_hp_per_floor":[80,79,79,79,79,63,63,68,68,70,65,80,71,74,83,61,86,84,92,86,86,96,84,97,90,90,97,97,95,95,110,110,110,55,53,55,62,52,64,65,65,39,39,49,58,65,62,58,62,28],"gold":459,"neow_bonus":"","is_daily":true,"chose_seed":false,"campfire_upgraded":0,"win_rate":0.0,"timestamp":1610108829,"path_taken":["M","M","M","$","?","?","M","M","T","?","M","R","E","M","R","BOSS","M","M","M","?","M","E","R","M","T","R","?","M","$","?","R","BOSS","M","M","$","?","M","R","E","?","T","M","M","R","?","M","R","BOSS"],"items_purchased_type":["Relic","Relic","Relic","Relic","Relic","Relic","Relic","Relic","Relic","Relic"],"build_version":"2020-12-22","purchased_purges":1,"victory":true,"max_hp_per_floor":[80,80,80,80,80,80,80,80,80,80,80,80,80,83,83,86,86,94,97,97,97,97,97,97,97,97,97,97,100,100,110,110,110,55,55,55,62,62,65,65,65,65,65,65,65,65,62,62,62,62],"card_choices":[{"not_picked":["ReplayTheSpireMod:Corrosion Curse","Armaments"],"picked":"Spot Weakness","floor":0.0},{"not_picked":["Combust","Feel No Pain"],"picked":"Twin Strike","floor":0.0},{"not_picked":["Rupture","Feel No Pain"],"picked":"Flex","floor":0.0},{"not_picked":["ReplayTheSpireMod:Corrosion Curse","Havoc"],"picked":"MostiFishMod:BrandingRite","floor":0.0},{"not_picked":["ReplayTheSpireMod:Muscle Training","Fire Breathing"],"picked":"Pummel","floor":0.0},{"not_picked":["ReplayTheSpireMod:Corrosion Curse","Rupture"],"picked":"Twin Strike","floor":0.0},{"not_picked":["Intimidate","ReplayTheSpireMod:Strike From Hell"],"picked":"Warcry","floor":0.0},{"not_picked":["Evolve","Perfected Strike"],"picked":"Rampage","floor":0.0},{"not_picked":["ReplayTheSpireMod:Strike From Hell","Combust"],"picked":"Sword Boomerang","floor":0.0},{"not_picked":["Clothesline","Disarm"],"picked":"Clash","floor":0.0},{"not_picked":["Havoc","Cleave"],"picked":"Sword Boomerang","floor":0.0},{"not_picked":["Clothesline","Run Through"],"picked":"Iron Wave","floor":0.0},{"not_picked":["Heavy Blade","Body Slam"],"picked":"Sever Soul","floor":0.0},{"not_picked":["Clothesline","Bloodletting"],"picked":"Cleave","floor":0.0},{"not_picked":["Perfected Strike","Sword Boomerang"],"picked":"Replay:Undeath\u0027s Touch","floor":0.0},{"not_picked":["Cleave","Iron Wave"],"picked":"Bomb","floor":1.0},{"not_picked":["Perfected Strike","True Grit","Dropkick","Clothesline"],"picked":"Clash","floor":2.0},{"not_picked":["Headbutt","Spot Weakness","Bloodletting","ReplayReversal"],"picked":"Armaments","floor":3.0},{"not_picked":["Wild Strike","Intimidate","Steam Power","Burning Pact","MostiFishMod:#F4004"],"picked":"SKIP","floor":7.0},{"not_picked":["Dropkick","Defragment","Rip and Tear","Wild Strike","Blood for Blood"],"picked":"SKIP","floor":8.0},{"not_picked":["ReplayTheSpireMod:Strike From Hell","Rebound","Iron Wave","Life Link"],"picked":"Corruption","floor":10.0},{"not_picked":["ReplayTheSpireMod:Corrosion Curse","Sword Boomerang","Body Slam","Cold Snap","Spot Weakness"],"picked":"SKIP","floor":11.0},{"not_picked":["Exhume","ReplayReversal","Clash","ReplayTheSpireMod:Corrosion Curse"],"picked":"Feed","floor":13.0},{"not_picked":["Sword Boomerang","Turbo","WeaponsOverheat","ReplayTheSpireMod:Stacked"],"picked":"Beam Cell","floor":14.0},{"not_picked":["Fiend Fire","Demon Form","MostiFishMod:HellRitual","Hemogenesis"],"picked":"MostiFishMod:FlyOverUtopia","floor":16.0},{"not_picked":["Intimidate","Wild Strike+1","Headbutt","Rage+1","Run Through"],"picked":"SKIP","floor":18.0},{"not_picked":["Burning Pact","ReplayReversal","Pommel Strike+1","Blood for Blood"],"picked":"Thunderclap","floor":19.0},{"not_picked":["Havoc","Clothesline","Shrug It Off","Headbutt+1","Power Through"],"picked":"SKIP","floor":20.0},{"not_picked":["True Grit+1","ReplayTheSpireMod:Corrosion Curse","Intimidate","Warcry"],"picked":"Armaments+1","floor":22.0},{"not_picked":["Flex","True Grit","Headbutt+1","Warcry"],"picked":"Fire Breathing","floor":23.0},{"not_picked":["Cleave+1","Shrug It Off","ReplayReversal","Havoc","Replay:Undeath\u0027s Touch+1"],"picked":"SKIP","floor":25.0},{"not_picked":["Body Slam","Replay:Undeath\u0027s Touch","Pommel Strike","Anger"],"picked":"Battle Trance","floor":29.0},{"not_picked":["A Thousand Cuts","MostiFishMod:ShivMaster","MostiFishMod:404NotFound+1","ReplayTheSpireMod:Brewmster"],"picked":"Midas Touch","floor":33},{"not_picked":["Anger+1","Twin Strike+1","ClowCardTheVoice","Alleviate+1"],"picked":"Heatsinks","floor":35},{"not_picked":["Eclipse","Underhanded Strike+1","ShootTheMoon+1","MentalFortress+1","PowerUp+1"],"picked":"SKIP","floor":36},{"not_picked":["Panacea","Jack Of All Trades","Forethought","Finesse"],"picked":"MostiFishMod:ElfcollectionBox","floor":38},{"not_picked":["Forethought","PanicButton","ChaosCard","Good Instincts"],"picked":"Panache","floor":38},{"not_picked":["MostiFishMod:FlowState+1","FearNoEvil+1","TheCursedMod:FleshFromBone","ClowCardTheShot+1"],"picked":"ShiftingGears+1","floor":39},{"not_picked":["Ricochet+1","WitchLeyline+1","Barrage+1","Streamline+1","Thunder Strike+1"],"picked":"SKIP","floor":41},{"not_picked":["ReplayTheSpireMod:System Scan","Prepared+1","Meditate","Acceleration","Replay:BluntJabs+1"],"picked":"SKIP","floor":44},{"not_picked":["MostiFishMod:Impulse+1","Clothesline+1","CrushJoints+1","FlawlessForm"],"picked":"Flash of Steel+1","floor":45},{"not_picked":["Replay:BluntJabs+1","Poisoned Stab+1","Auto Shields","Quick Slash+1","Replay:ManipulateFuture+1"],"picked":"SKIP","floor":48}],"player_experience":788106,"relics_obtained":[{"floor":1.0,"key":"SynthV:TestCard"},{"floor":9.0,"key":"ReplayTheSpireMod:TigerMarble"},{"floor":13.0,"key":"GodSword7"},{"floor":23.0,"key":"PunchingBag"},{"floor":26.0,"key":"BelialBook"},{"floor":41,"key":"Bronze Scales"},{"floor":42,"key":"ImprovedEquipment"},{"floor":43,"key":"GuppysTail"}],"event_choices":[{"damage_healed":0.0,"max_hp_gain":0.0,"max_hp_loss":0.0,"gold_gain":0.0,"event_name":"Shining Light","player_choice":"Entered Light","floor":6.0,"gold_loss":0.0,"damage_taken":16.0,"cards_upgraded":["Pummel","Sword Boomerang"]},{"damage_healed":0.0,"max_hp_gain":0.0,"max_hp_loss":0.0,"gold_gain":0.0,"event_name":"Vampires","player_choice":"Ignored","floor":21.0,"gold_loss":0.0,"damage_taken":0.0},{"damage_healed":0.0,"max_hp_gain":0.0,"max_hp_loss":0.0,"gold_gain":0.0,"event_name":"WeMeetAgain","player_choice":"Paid Gold","floor":28.0,"gold_loss":128.0,"damage_taken":0.0,"relics_obtained":["EdensBlessing"]},{"cards_removed":["Corruption"],"damage_healed":5,"gold_gain":0,"player_choice":"Offered Rare","damage_taken":0,"max_hp_gain":10,"max_hp_loss":0,"event_name":"Bonfire Elementals","floor":31,"gold_loss":0},{"damage_healed":0,"gold_gain":0,"player_choice":"Memory 3","damage_taken":10,"max_hp_gain":0,"max_hp_loss":0,"event_name":"SensoryStone","floor":38,"gold_loss":0},{"damage_healed":0,"gold_gain":0,"player_choice":"Max HP","damage_taken":0,"max_hp_gain":0,"max_hp_loss":3,"event_name":"Winding Halls","floor":47,"gold_loss":0}],"is_beta":false,"boss_relics":[{"not_picked":["Honey Jar","TakeMeEscape"],"picked":"EasyGame_NEW"},{"not_picked":[]},{"not_picked":["Runic Pyramid","ShadowXiaoBlade"],"picked":"GuanYuAspect"},{"not_picked":[]}],"items_purged_floors":[30],"is_endless":false,"potions_floor_spawned":[1,2,7,8,13,18,23,25,33,36,45],"ascension_level":0}}