{"host":"dpbezu80jg8zk7un","time":1610096709,"event":{"mods":["BaseMod","Colored Map","Colored Powertips","Custom Start","DeckTracker","Minty Spire (QoL Compilation)","Quick Restart","StSLib","SuperFastMode"],"gold_per_floor":[109,109,127,127,127,127,162,175,175,205,205,130,161,161,161,234,234,253,265,92,109,129,129,157,157,204,204,215,242,242,274,274,274,274],"floor_reached":33,"playtime":759,"items_purged":["Pain"],"score":652,"play_id":"75448e19-e316-455c-93fa-303199c6d3dc","local_time":"20210108180509","is_ascension_mode":true,"campfire_choices":[{"data":"Perfected Strike","floor":6,"key":"SMITH"},{"data":"Bash","floor":11,"key":"SMITH"},{"data":"Wild Strike","floor":15,"key":"SMITH"},{"data":"Offering","floor":23,"key":"SMITH"},{"data":"Perfected Strike","floor":27,"key":"SMITH"},{"floor":30,"key":"REST"},{"floor":32,"key":"REST"}],"circlet_count":0,"master_deck":["AscendersBane","Strike_R+1","Strike_R","Strike_R","Strike_R","Strike_R","Defend_R","Defend_R","Defend_R","Defend_R+1","Bash+1","Perfected Strike+1","Wild Strike+1","Thunderclap","Sentinel","Wild Strike","Offering+1","Wild Strike+1","Second Wind","Perfected Strike+1","Power Through+1","Shockwave","Armaments+1"],"relics":["Burning Blood","NeowsBlessing","WarpedTongs","Paper Frog","Du-Vu Doll","Mummified Hand","Juzu Bracelet","Ornamental Fan","Black Star","Membership Card","Red Mask","FaceOfCleric","Kunai","Centennial Puzzle","Letter Opener","Gremlin Horn"],"acts_visited":["Exordium","TheCity"],"potions_floor_usage":[10,16,16,33],"damage_taken":[{"damage":0,"enemies":"2 Louse","floor":1,"turns":1},{"damage":0,"enemies":"Cultist","floor":3,"turns":1},{"damage":1,"enemies":"Gremlin Nob","floor":7,"turns":1},{"damage":10,"enemies":"Jaw Worm","floor":8,"turns":2},{"damage":12,"enemies":"Lagavulin","floor":10,"turns":4},{"damage":8,"enemies":"Gremlin Nob","floor":13,"turns":3},{"damage":12,"enemies":"Slime Boss","floor":16,"turns":6},{"damage":0,"enemies":"Chosen","floor":18,"turns":3},{"damage":6,"enemies":"Spheric Guardian","floor":19,"turns":2},{"damage":10,"enemies":"Centurion and Healer","floor":21,"turns":4},{"damage":19,"enemies":"Snecko","floor":22,"turns":3},{"damage":14,"enemies":"Masked Bandits","floor":24,"turns":3},{"damage":18,"enemies":"Cultist and Chosen","floor":28,"turns":3},{"damage":22,"enemies":"Slavers","floor":29,"turns":4},{"damage":27,"enemies":"Book of Stabbing","floor":31,"turns":4},{"damage":47,"enemies":"Champ","floor":33,"turns":7}],"seed_played":"-636818653536371756","potions_obtained":[{"floor":1,"key":"Block Potion"},{"floor":7,"key":"EntropicBrew"},{"floor":16,"key":"CultistPotion"},{"floor":21,"key":"BlessingOfTheForge"},{"floor":31,"key":"EssenceOfSteel"}],"is_trial":false,"path_per_floor":["M","?","M","?","T","R","E","M","T","E","R","$","E","?","R","B",null,"M","M","$","M","M","R","?","?","T","R","M","E","R","E","R","B"],"character_chosen":"IRONCLAD","items_purchased":["Membership Card"],"campfire_rested":2,"item_purchase_floors":[20],"current_hp_per_floor":[74,74,75,75,75,75,75,71,71,65,65,65,63,40,40,34,65,71,71,71,67,54,54,46,46,46,46,35,20,43,23,46,0,0],"gold":274,"neow_bonus":"THREE_ENEMY_KILL","is_daily":false,"chose_seed":false,"campfire_upgraded":5,"win_rate":0.0,"timestamp":1610096709,"path_taken":["M","?","?","?","?","R","E","?","T","E","R","$","E","?","R","BOSS","M","M","$","M","M","R","?","?","T","R","M","E","R","E","R","BOSS"],"items_purchased_type":["Relic"],"build_version":"2020-12-22","purchased_purges":1,"victory":false,"max_hp_per_floor":[75,75,75,75,75,75,75,75,75,75,75,75,75,75,75,75,75,75,75,75,75,75,75,75,75,75,75,76,77,77,78,78,78,78],"card_choices":[{"not_picked":["Shockwave","Heavy Blade"],"picked":"Perfected Strike","floor":1},{"not_picked":["Intimidate","Anger"],"picked":"Wild Strike","floor":3},{"not_picked":["Heavy Blade","Fire Breathing"],"picked":"Thunderclap","floor":7},{"not_picked":["Clash","Havoc","Entrench"],"picked":"SKIP","floor":8},{"not_picked":["Body Slam","True Grit"],"picked":"Sentinel","floor":10},{"not_picked":["True Grit","Sword Boomerang"],"picked":"Wild Strike","floor":13},{"not_picked":["Double Tap","Juggernaut"],"picked":"Offering","floor":16},{"not_picked":["Flex","Body Slam"],"picked":"Wild Strike+1","floor":18},{"not_picked":["Clothesline","Whirlwind+1"],"picked":"Second Wind","floor":19},{"not_picked":["Twin Strike","Clash"],"picked":"Perfected Strike","floor":21},{"not_picked":["Seeing Red","Metallicize"],"picked":"Power Through+1","floor":22},{"not_picked":["Reaper","Iron Wave"],"picked":"Shockwave","floor":24},{"not_picked":["Havoc","Clash","Burning Pact"],"picked":"SKIP","floor":28},{"not_picked":["Warcry","Metallicize"],"picked":"Armaments+1","floor":29},{"not_picked":["Warcry","Sword Boomerang","Clash"],"picked":"SKIP","floor":31}],"player_experience":2852543,"relics_obtained":[{"floor":5,"key":"Paper Frog"},{"floor":7,"key":"Du-Vu Doll"},{"floor":9,"key":"Mummified Hand"},{"floor":10,"key":"Juzu Bracelet"},{"floor":13,"key":"Ornamental Fan"},{"floor":24,"key":"Red Mask"},{"floor":29,"key":"Kunai"},{"floor":29,"key":"Centennial Puzzle"},{"floor":31,"key":"Letter Opener"},{"floor":31,"key":"Gremlin Horn"}],"event_choices":[{"damage_healed":0,"gold_gain":0,"player_choice":"Rummage","damage_taken":0,"relics_obtained":["WarpedTongs"],"max_hp_gain":0,"max_hp_loss":0,"event_name":"Accursed Blacksmith","floor":2,"gold_loss":0,"cards_obtained":["Pain"]},{"damage_healed":0,"gold_gain":0,"player_choice":"Ignored","damage_taken":0,"max_hp_gain":0,"max_hp_loss":0,"event_name":"Liars Game","floor":4,"gold_loss":0},{"damage_healed":0,"gold_gain":0,"player_choice":"Entered Light","damage_taken":23,"max_hp_gain":0,"max_hp_loss":0,"event_name":"Shining Light","floor":14,"gold_loss":0,"cards_upgraded":["Strike_R","Defend_R"]},{"damage_healed":0,"gold_gain":0,"player_choice":"Fought Bandits","damage_taken":0,"max_hp_gain":0,"max_hp_loss":0,"event_name":"Masked Bandits","floor":24,"gold_loss":0},{"damage_healed":0,"gold_gain":0,"player_choice":"Trade","damage_taken":0,"relics_obtained":["FaceOfCleric"],"max_hp_gain":0,"max_hp_loss":0,"event_name":"FaceTrader","floor":25,"gold_loss":0}],"is_beta":false,"boss_relics":[{"not_picked":["Coffee Dripper","Empty Cage"],"picked":"Black Star"}],"items_purged_floors":[12],"is_endless":false,"potions_floor_spawned":[1,7,16,21,24,31],"killed_by":"Champ","ascension_level":20}}