{"host":"63rwe7p34ct1i0qu","time":1610102123,"event":{"mods":["BaseMod","Colored Map","DeckTracker","Minty Spire (QoL Compilation)","Permanent Neow","Quick Restart","StSLib"],"gold_per_floor":[169,169,269,279,294,294,307,318,318,352,369,369,151,166,166,270,270,286,286,586,333,349,349,264,278,278,131,56,69,97,115,115,115,115],"floor_reached":33,"playtime":1019,"items_purged":["Strike_G","Strike_G"],"score":480,"play_id":"dbd5afe1-7b63-42bc-9b2d-3f664077ff44","local_time":"20210108193523","is_ascension_mode":true,"campfire_choices":[{"data":"Crippling Poison","floor":6.0,"key":"SMITH"},{"floor":12.0,"key":"REST"},{"floor":15.0,"key":"REST"},{"data":"Neutralize","floor":23,"key":"SMITH"},{"floor":32,"key":"REST"}],"circlet_count":0,"master_deck":["AscendersBane","Strike_G","Strike_G","Defend_G+1","Defend_G+1","Defend_G","Defend_G+1","Defend_G","Survivor","Neutralize+1","Crippling Poison+1","Dagger Throw","Glass Knife","Poisoned Stab","Slice","Dash","Adrenaline","Noxious Fumes","Footwork","Dagger Spray","Cloak And Dagger+1","After Image","Blade Dance","PiercingWail"],"relics":["Tiny House","Calipers","Singing Bowl","Sozu","Old Coin","Lee\u0027s Waffle","Regal Pillow","Pantograph","Orrery","Art of War"],"acts_visited":["Exordium","TheCity"],"potions_floor_usage":[22],"damage_taken":[{"damage":0.0,"enemies":"2 Louse","floor":1.0,"turns":4.0},{"damage":13.0,"enemies":"Jaw Worm","floor":4.0,"turns":5.0},{"damage":4.0,"enemies":"Cultist","floor":5.0,"turns":3.0},{"damage":6.0,"enemies":"Red Slaver","floor":7.0,"turns":3.0},{"damage":0.0,"enemies":"Blue Slaver","floor":8.0,"turns":4.0},{"damage":16.0,"enemies":"Gremlin Nob","floor":10.0,"turns":3.0},{"damage":0.0,"enemies":"Looter","floor":11.0,"turns":4.0},{"damage":8.0,"enemies":"Exordium Wildlife","floor":14.0,"turns":3.0},{"damage":51.0,"enemies":"Slime Boss","floor":16.0,"turns":11.0},{"damage":15,"enemies":"3 Byrds","floor":18,"turns":4},{"damage":5,"enemies":"Chosen","floor":22,"turns":5},{"damage":29,"enemies":"Snake Plant","floor":25,"turns":5},{"damage":12,"enemies":"Snecko","floor":29,"turns":6},{"damage":24,"enemies":"Gremlin Leader","floor":30,"turns":7},{"damage":8,"enemies":"3 Cultists","floor":31,"turns":6},{"damage":92,"enemies":"Champ","floor":33,"turns":16}],"seed_played":"6970378117302871394","potions_obtained":[{"floor":0.0,"key":"Energy Potion"},{"floor":7.0,"key":"Poison Potion"},{"floor":10.0,"key":"Energy Potion"}],"is_trial":false,"path_per_floor":["M","?","?","M","M","R","M","M","T","E","M","R","$","M","R","B",null,"M","?","?","$","M","R","?","M","T","$","?","M","E","M","R","B"],"character_chosen":"THE_SILENT","items_purchased":["Adrenaline","Noxious Fumes","Lee\u0027s Waffle","Orrery"],"campfire_rested":3,"item_purchase_floors":[13,13,21,27],"current_hp_per_floor":[68,53,53,40,36,36,30,30,30,16,18,41,41,35,59,10,65,50,50,50,90,85,85,85,56,56,60,60,50,28,22,67,0,0],"gold":115,"neow_bonus":"BOSS_RELIC","is_daily":false,"chose_seed":false,"campfire_upgraded":2,"win_rate":0.0,"timestamp":1610102123,"path_taken":["M","?","?","?","M","R","M","M","T","E","M","R","?","M","R","BOSS","M","?","?","?","?","R","?","M","T","$","?","M","E","?","R","BOSS"],"items_purchased_type":["Card","Card","Relic","Relic"],"build_version":"2020-12-22","purchased_purges":2,"victory":false,"max_hp_per_floor":[75,75,75,75,75,75,75,75,75,77,79,79,79,81,81,83,83,83,83,83,90,90,90,90,90,90,94,94,96,98,100,100,100,100],"card_choices":[{"not_picked":["Outmaneuver","Underhanded Strike"],"picked":"Crippling Poison","floor":0.0},{"not_picked":["Backflip","Dodge and Roll"],"picked":"Dagger Throw","floor":1.0},{"not_picked":["Blade Dance","Tactician"],"picked":"Glass Knife","floor":4.0},{"not_picked":["Heel Hook","Underhanded Strike"],"picked":"Poisoned Stab","floor":5.0},{"not_picked":["Heel Hook","Underhanded Strike"],"picked":"Slice","floor":7.0},{"not_picked":["Sucker Punch","Deflect"],"picked":"Dash","floor":8.0},{"not_picked":["Backflip","Predator","Deflect"],"picked":"Singing Bowl","floor":10.0},{"not_picked":["Dagger Throw","Acrobatics","Prepared"],"picked":"Singing Bowl","floor":11.0},{"not_picked":["Underhanded Strike","PiercingWail","Prepared"],"picked":"Singing Bowl","floor":14.0},{"not_picked":["Unload","Grand Finale","Die Die Die"],"picked":"Singing Bowl","floor":16.0},{"not_picked":["Predator","Dodge and Roll"],"picked":"Footwork","floor":18},{"not_picked":["Flying Knee","Underhanded Strike"],"picked":"Dagger Spray","floor":22},{"not_picked":["Dagger Throw","Dodge and Roll"],"picked":"Cloak And Dagger+1","floor":25},{"not_picked":["Acrobatics","Dodge and Roll"],"picked":"After Image","floor":27},{"not_picked":["Sucker Punch+1","Slice+1"],"picked":"Blade Dance","floor":27},{"not_picked":["PiercingWail","All Out Attack","Dagger Spray"],"picked":"Singing Bowl","floor":27},{"not_picked":["Malaise","Backflip"],"picked":"PiercingWail","floor":27},{"not_picked":["Acrobatics","Dagger Spray","Cloak And Dagger"],"picked":"Singing Bowl","floor":27},{"not_picked":["Flying Knee","Underhanded Strike+1","Expertise"],"picked":"Singing Bowl","floor":29},{"not_picked":["Accuracy","Well Laid Plans","Deadly Poison"],"picked":"Singing Bowl","floor":30},{"not_picked":["Sucker Punch","Infinite Blades","Setup"],"picked":"Singing Bowl","floor":31}],"player_experience":833179,"relics_obtained":[{"floor":9.0,"key":"Calipers"},{"floor":10.0,"key":"Singing Bowl"},{"floor":26,"key":"Pantograph"},{"floor":30,"key":"Art of War"}],"event_choices":[{"damage_healed":0.0,"max_hp_gain":0.0,"max_hp_loss":0.0,"gold_gain":0.0,"event_name":"Shining Light","player_choice":"Entered Light","floor":2.0,"gold_loss":0.0,"damage_taken":15.0,"cards_upgraded":["Defend_G","Defend_G"]},{"damage_healed":0.0,"max_hp_gain":0.0,"max_hp_loss":0.0,"gold_gain":100.0,"event_name":"Golden Shrine","player_choice":"Pray","floor":3.0,"gold_loss":0.0,"damage_taken":0.0},{"damage_healed":0,"gold_gain":0,"player_choice":"Ignored","damage_taken":0,"max_hp_gain":0,"max_hp_loss":0,"event_name":"Ghosts","floor":19,"gold_loss":0},{"damage_healed":0,"gold_gain":0,"player_choice":"Opened","damage_taken":0,"relics_obtained":["Old Coin"],"max_hp_gain":0,"max_hp_loss":0,"event_name":"The Mausoleum","floor":20,"gold_loss":0},{"damage_healed":0,"gold_gain":0,"player_choice":"Obtained Relic","damage_taken":0,"relics_obtained":["Regal Pillow"],"max_hp_gain":0,"max_hp_loss":0,"event_name":"Addict","floor":24,"gold_loss":85},{"cards_removed":["Strike_G"],"damage_healed":0,"gold_gain":0,"player_choice":"Gave Gold","damage_taken":0,"max_hp_gain":0,"max_hp_loss":0,"event_name":"Beggar","floor":28,"gold_loss":75}],"is_beta":false,"boss_relics":[{"not_picked":["SacredBark","Ectoplasm"],"picked":"Sozu"}],"items_purged_floors":[13,21],"is_endless":false,"potions_floor_spawned":[7,10,18,25,30],"killed_by":"Champ","ascension_level":12}}