{"host":"o0q01dgb4z8zpo6o","time":1610139648,"event":{"mods":["BaseMod","GifTheSpireLib","Minty Spire (QoL Compilation)","Relic Stats","StSLib"],"gold_per_floor":[117,117,117,117,1,33,52,86,166,166,185,205,217,228,228,305,305,315,78,88,88,106,106,106],"floor_reached":23,"playtime":1028,"items_purged":["Defend_B"],"score":445,"play_id":"4c0f79e1-9a55-4bff-8480-78aae209c072","local_time":"20210108130048","is_ascension_mode":true,"campfire_choices":[{"floor":10.0,"key":"REST"},{"data":"Coolheaded","floor":15.0,"key":"SMITH"}],"circlet_count":0,"master_deck":["AscendersBane","Strike_B+1","Strike_B+1","Defend_B","Defend_B","Zap","Dualcast","Conserve Battery","Coolheaded+1","Sweeping Beam","Leap","Leap","Doom and Gloom+1","Cold Snap+1","Static Discharge","Biased Cognition","Rip and Tear+1","Static Discharge+1","Defragment+1"],"relics":["Cracked Core","NeowsBlessing","Centennial Puzzle","Bird Faced Urn","Dream Catcher","Pear","Astrolabe","Whetstone"],"acts_visited":["Exordium","TheCity"],"potions_floor_usage":[23],"damage_taken":[{"damage":0.0,"enemies":"2 Louse","floor":1.0,"turns":1.0},{"damage":0.0,"enemies":"3 Sentries","floor":6.0,"turns":1.0},{"damage":0.0,"enemies":"Small Slimes","floor":7.0,"turns":1.0},{"damage":11.0,"enemies":"Lagavulin","floor":8.0,"turns":9.0},{"damage":5.0,"enemies":"Jaw Worm","floor":11.0,"turns":4.0},{"damage":21.0,"enemies":"Exordium Thugs","floor":12.0,"turns":3.0},{"damage":7.0,"enemies":"Gremlin Gang","floor":13.0,"turns":3.0},{"damage":0.0,"enemies":"3 Louse","floor":14.0,"turns":3.0},{"damage":6.0,"enemies":"The Guardian","floor":16.0,"turns":13.0},{"damage":31.0,"enemies":"3 Byrds","floor":18.0,"turns":3.0},{"damage":6.0,"enemies":"Spheric Guardian","floor":20.0,"turns":4.0},{"damage":31.0,"enemies":"Shelled Parasite and Fungi","floor":22.0,"turns":3.0},{"damage":22,"enemies":"Gremlin Leader","floor":23,"turns":1}],"seed_played":"6792404486516721702","potions_obtained":[{"floor":6.0,"key":"FocusPotion"},{"floor":7.0,"key":"Explosive Potion"},{"floor":12.0,"key":"SpeedPotion"},{"floor":13.0,"key":"DistilledChaos"},{"floor":14.0,"key":"SpeedPotion"},{"floor":20.0,"key":"Strength Potion"}],"is_trial":false,"path_per_floor":["M","?","?","?","$","E","M","E","T","R","M","M","M","M","R","B",null,"M","$","M","?","M","E"],"character_chosen":"DEFECT","items_purchased":["Coolheaded","Sweeping Beam","Whetstone"],"campfire_rested":1,"item_purchase_floors":[5,5,19],"current_hp_per_floor":[64,64,43,25,25,25,25,14,24,48,43,22,15,15,15,11,64,39,39,41,41,18,0,0],"gold":106,"neow_bonus":"THREE_ENEMY_KILL","is_daily":false,"chose_seed":false,"campfire_upgraded":1,"win_rate":0.0,"timestamp":1610139648,"path_taken":["M","?","?","?","?","E","?","E","T","R","M","M","M","M","R","BOSS","M","$","?","?","M","E"],"items_purchased_type":["Card","Card","Relic"],"build_version":"2020-12-22","purchased_purges":1,"victory":false,"max_hp_per_floor":[71,71,71,71,71,71,71,71,81,81,81,81,81,81,81,81,81,81,81,81,81,81,81,81],"relic_stats":{"Centennial Puzzle":[27],"Dream Catcher":1,"counters":[13,49],"Bird Faced Urn":[26],"Astrolabe":["Rip and Tear","Static Discharge","Defragment"],"Whetstone":["Cold Snap","Doom and Gloom"],"obtain_stats":[{"Centennial Puzzle":4,"Dream Catcher":8,"Pear":9,"NeowsBlessing":0,"Bird Faced Urn":6,"Astrolabe":17,"Whetstone":19,"Cracked Core":0},{"Centennial Puzzle":1,"Dream Catcher":4,"Pear":4,"NeowsBlessing":0,"Bird Faced Urn":2,"Astrolabe":9,"Whetstone":10,"Cracked Core":0},{"Centennial Puzzle":1,"Dream Catcher":12,"Pear":12,"NeowsBlessing":0,"Bird Faced Urn":2,"Astrolabe":38,"Whetstone":41,"Cracked Core":0}]},"card_choices":[{"not_picked":["Hologram","BootSequence"],"picked":"Conserve Battery","floor":1.0},{"not_picked":["Double Energy","Beam Cell"],"picked":"Leap","floor":6.0},{"not_picked":["Coolheaded","Double Energy"],"picked":"Leap","floor":7.0},{"not_picked":["Leap","Steam","Sweeping Beam"],"picked":"SKIP","floor":8.0},{"not_picked":["Redo","Undo","Stack"],"picked":"SKIP","floor":11.0},{"not_picked":["Hologram","Turbo"],"picked":"Doom and Gloom","floor":12.0},{"not_picked":["Beam Cell","Undo"],"picked":"Cold Snap","floor":13.0},{"not_picked":["Reprogram","Steam"],"picked":"Static Discharge","floor":14.0},{"not_picked":["Thunder Strike","Hyperbeam"],"picked":"Biased Cognition","floor":16.0},{"not_picked":["Conserve Battery","Hologram","Fusion"],"picked":"SKIP","floor":18.0},{"not_picked":["Skim","Hologram","Sweeping Beam"],"picked":"SKIP","floor":20.0},{"not_picked":["Compile Driver","Beam Cell","Auto Shields"],"picked":"SKIP","floor":22}],"player_experience":1070290,"relics_obtained":[{"floor":6.0,"key":"Bird Faced Urn"},{"floor":8.0,"key":"Dream Catcher"},{"floor":9.0,"key":"Pear"}],"event_choices":[{"damage_healed":0.0,"max_hp_gain":0.0,"max_hp_loss":0.0,"gold_gain":0.0,"event_name":"The Cleric","player_choice":"Leave","floor":2.0,"gold_loss":0.0,"damage_taken":0.0},{"damage_healed":0.0,"max_hp_gain":0.0,"max_hp_loss":0.0,"gold_gain":0.0,"event_name":"Shining Light","player_choice":"Entered Light","floor":3.0,"gold_loss":0.0,"damage_taken":21.0,"cards_upgraded":["Strike_B","Strike_B"]},{"damage_healed":0.0,"max_hp_gain":0.0,"max_hp_loss":0.0,"gold_gain":0.0,"event_name":"Scrap Ooze","player_choice":"Success","floor":4.0,"gold_loss":0.0,"damage_taken":18.0,"relics_obtained":["Centennial Puzzle"]},{"damage_healed":0.0,"max_hp_gain":0.0,"max_hp_loss":0.0,"gold_gain":0.0,"event_name":"The Mausoleum","player_choice":"Ignored","floor":21.0,"gold_loss":0.0,"damage_taken":0.0}],"is_beta":false,"boss_relics":[{"not_picked":["Black Star","Tiny House"],"picked":"Astrolabe"}],"items_purged_floors":[19],"is_endless":false,"potions_floor_spawned":[6,7,12,13,14,20],"killed_by":"Gremlin Leader","ascension_level":19}}