{"host":"drrjwv4o5ms3zsrm","time":1610089422,"event":{"mods":["100% Spire Juice","ATMod(阿瑾Mod)","Act Like it!","Aspiration","BaseMod","CapriCore","Colored Powertips","Conspire","Friendly Minions","Gensokyo","Jedi Mod","Lobotomy","LobotomyExtend","Minty Spire (QoL Compilation)","MostiFishMod","Replay The Spire","RumiaBox-露米娅的神秘盒子","StSLib","TestMod","The Alterego","The Immortal","Waifu the Spire","WarShipGirlsR/战舰少女R mod","[IsaacMod]以撒尖塔","vexMod","【遗物卡牌】REMEMod","残留之物","篝火指南"],"gold_per_floor":[212,230,90,90,102,137,162,162,187,206,247,267,267,283,283,383,383,398,408,408,427,171,197,208,208,234,269,288,68,101,112,112,217,217,232,232,232,266,276,302,312,312,312,341,341,341,666,679,329,329,329],"floor_reached":50,"playtime":1604,"items_purged":["Moonworks:Strike","Moonworks:Strike","Moonworks:Strike","Moonworks:Strike"],"score":1181,"play_id":"4f937221-5201-4e74-9f1a-a9afd38d3215","local_time":"20210108150342","is_ascension_mode":false,"campfire_choices":[{"data":"1","floor":8,"key":"LIFT"},{"data":"2","floor":13,"key":"LIFT"},{"data":"3","floor":15,"key":"LIFT"},{"data":"Thinking Ahead","floor":32,"key":"SMITH"},{"data":"Moonworks:StarBlastingFuse","floor":42,"key":"SMITH"},{"data":"Moonworks:Accelerator","floor":46,"key":"SMITH"}],"circlet_count":0,"master_deck":["Moonworks:Defend","Moonworks:Defend","Moonworks:Defend","Moonworks:Defend","Moonworks:Ambush","Moonworks:LongDistanceShot","BettingIsNotGood","AT_EssenceShift","Moonworks:BigBangBell","Moonworks:DeployBits","Moonworks:LuckyCharm","Moonworks:NicePresent","Moonworks:ForcedRevival","Moonworks:JonathanRush","Moonworks:LulusLuckyEgg","Moonworks:JonathanRush","Moonworks:WindyEnchantment","Moonworks:Assault","Moonworks:GoAway","Moonworks:NicePresent+1","Moonworks:WindyEnchantment","Moonworks:Dash+1","Thinking Ahead+1","Moonworks:Dash+1","Moonworks:GoAway","Moonworks:JonathanRush","Moonworks:RocketCannon","Moonworks:BeyondHell","Moonworks:HolyNight","Moonworks:Accelerator+1","Moonworks:StarBlastingFuse+1","Moonworks:WindyEnchantment+1","Moonworks:SubspaceTunnel","Pot Of Greed","Pot Of Greed","Pot Of Greed","Moonworks:WeAreWaruda+1","testmod-PainDetonator","Pot Of Greed+1"],"relics":["Moonworks:BrokenBomb","Moonworks:Homemark","testmod-TestBox","DaveBox","HushsDoor","AT_ATBox","REME_ComplimentaryCards","testmod-ArcanaOfDestiny","Membership Card","AnarchistCookbook","SynthV:TestCard","Girya","vexMod:BarristanHead","Replay:Wax Seal","Civilization","Black Star","BelialBook","Pantograph","testmod-Antiphasic","Replay:Bottled Steam","ReplayTheSpireMod:TigerMarble","Pen Nib","Centennial Puzzle","BargainBundle","TheBible","vexMod:InvisibilityCloak","aspiration:FetidBarrel","HereWithMe","GuppysHead","Ring of Misfortune","PureWater","UnicornStump","AT_RedTearstoneRing","Grinning Jar","Toxic Egg 2","Replay:Bottled Flurry","CombinedTypeHook","Old Coin","Blue Doll","ImprovedEquipment","Shuriken"],"acts_visited":["Gensokyo:Gensokyo","TheCity","Gensokyo:Gensokyoest"],"potions_floor_usage":[18],"damage_taken":[{"damage":9.0,"enemies":"Gensokyo:Python","floor":1.0,"turns":3.0},{"damage":6.0,"enemies":"Gensokyo:Gryphon","floor":2.0,"turns":3.0},{"damage":0.0,"enemies":"Gensokyo:3_Fairies","floor":5.0,"turns":4.0},{"damage":0.0,"enemies":"Gensokyo:Mamizou","floor":6.0,"turns":4.0},{"damage":0.0,"enemies":"Gensokyo:Python_and_Kodama","floor":7.0,"turns":4.0},{"damage":3,"enemies":"Gensokyo:VengefulSpirit","floor":10,"turns":2},{"damage":33,"enemies":"Gensokyo:Aya","floor":11,"turns":6},{"damage":16,"enemies":"Gensokyo:3_Kodama","floor":12,"turns":5},{"damage":0,"enemies":"Gensokyo:Python_and_Kodama","floor":14,"turns":2},{"damage":0,"enemies":"Gensokyo:Reimu","floor":16,"turns":5},{"damage":0,"enemies":"Shell Parasite","floor":18,"turns":1},{"damage":13,"enemies":"3 Byrds","floor":19,"turns":3},{"damage":13,"enemies":"Centurion and Healer","floor":21,"turns":4},{"damage":6,"enemies":"Book of Stabbing","floor":23,"turns":4},{"damage":0,"enemies":"Chosen and Byrds","floor":24,"turns":4},{"damage":10,"enemies":"Slavers","floor":27,"turns":3},{"damage":3,"enemies":"conspire:HollyBat","floor":28,"turns":7},{"damage":5,"enemies":"REME_1_Revenger","floor":30,"turns":1},{"damage":0,"enemies":"Shelled Parasite and Fungi","floor":31,"turns":1},{"damage":0,"enemies":"Collector","floor":33,"turns":2},{"damage":0,"enemies":"Gensokyo:AncientGuardian","floor":35,"turns":1},{"damage":0,"enemies":"Gensokyo:3_Bats","floor":38,"turns":2},{"damage":0,"enemies":"Gensokyo:Rafflesia","floor":39,"turns":2},{"damage":0,"enemies":"Gensokyo:Kasen","floor":40,"turns":1},{"damage":0,"enemies":"Gensokyo:4_Bats","floor":41,"turns":3},{"damage":0,"enemies":"Gensokyo:Marisa","floor":44,"turns":1},{"damage":0,"enemies":"Gensokyo:Kasen","floor":47,"turns":2},{"damage":0,"enemies":"Gensokyo:AtlasGolem","floor":48,"turns":1},{"damage":43,"enemies":"Gensokyo:Scarlet_Devils","floor":50,"turns":7}],"seed_played":"-7695115226002890073","potions_obtained":[{"floor":1.0,"key":"Venom Potion"},{"floor":5.0,"key":"FearPotion"},{"floor":12,"key":"BlessingOfTheForge"},{"floor":14,"key":"Strength Potion"},{"floor":16,"key":"Weak Potion"},{"floor":18,"key":"REME_GoldPotion"},{"floor":23,"key":"jedi:tentaclejuice"},{"floor":28,"key":"testmod-EscapePotion"},{"floor":33,"key":"LiquidMemories"},{"floor":44,"key":"PowerPotion"}],"is_trial":false,"path_per_floor":["M","M","?","?","M","E","M","R","T","M","E","M","R","M","R","B",null,"M","M","?","M","$","E","M","?","T","E","M","$","E","M","R","B",null,"M","?","?","M","M","E","M","R","T","E","?","R","E","M","R","B"],"character_chosen":"THE_STARBREAKER","items_purchased":["Thinking Ahead","Pantograph","BargainBundle","TheBible","Moonworks:RocketCannon","Moonworks:BeyondHell","jedi:StrikingPotion","GuppysHead","Moonworks:StarBlastingFuse","ImprovedEquipment","Shuriken","testmod-PainDetonator"],"campfire_rested":0,"item_purchase_floors":[22,22,29,29,29,29,29,34,34,49,49,49],"current_hp_per_floor":[51,50,50,50,50,55,60,60,60,57,29,21,21,31,31,42,74,81,78,63,67,67,84,109,109,109,117,138,138,153,175,175,225,216,242,242,242,271,301,334,371,371,371,409,246,246,287,329,329,316,316],"gold":329,"neow_bonus":"HUNDRED_GOLD","is_daily":false,"chose_seed":false,"campfire_upgraded":3,"win_rate":0.0,"timestamp":1610089422,"path_taken":["M","M","?","?","M","E","M","R","T","M","E","M","R","?","R","BOSS","M","M","?","M","$","E","M","?","T","E","M","$","E","M","R","BOSS","M","?","?","?","M","E","M","R","T","E","?","R","E","M","R","BOSS"],"items_purchased_type":["Card","Relic","Relic","Relic","Card","Card","Potion","Relic","Card","Relic","Relic","Card"],"build_version":"2020-12-22","purchased_purges":4,"victory":false,"max_hp_per_floor":[60,60,60,60,60,60,60,60,60,60,60,63,63,68,68,74,74,81,91,91,103,103,116,131,131,131,149,168,168,188,210,210,235,216,242,242,242,271,301,334,371,371,371,409,409,409,450,492,492,492,492],"card_choices":[{"not_picked":[],"picked":"BettingIsNotGood","floor":0.0},{"not_picked":["Moonworks:EvilSpyWorkPreparation","Moonworks:CloudOfSeagulls"],"picked":"Moonworks:DeployBits","floor":1.0},{"not_picked":["Moonworks:FinalSurgery","Moonworks:CloudOfSeagulls","Moonworks:BigMagnum","Moonworks:IndiscriminateFireSupport"],"picked":"Moonworks:LuckyCharm","floor":2.0},{"not_picked":["Moonworks:Assault","Moonworks:BackdoorTrade","Moonworks:ExtendedPhotonRifle","Moonworks:Flamethrower"],"picked":"Moonworks:NicePresent","floor":5.0},{"not_picked":["Moonworks:SinkOrSwim","Moonworks:MiracleRedBeanIceCream","Moonworks:Assault","Moonworks:AwakeningOfTalent"],"picked":"Moonworks:ForcedRevival","floor":6.0},{"not_picked":["Moonworks:WindyEnchantment","Moonworks:Assault","Moonworks:ForcedRevival","Moonworks:Flamethrower"],"picked":"Moonworks:JonathanRush","floor":7.0},{"not_picked":["Moonworks:CloudOfSeagulls","Moonworks:Assault","Moonworks:ImOnFire","Moonworks:EvilSpyWorkPreparation"],"picked":"Moonworks:LulusLuckyEgg","floor":10},{"not_picked":["Moonworks:ImOnFire","Moonworks:IntelligenceOfficer","Moonworks:WindyEnchantment","Moonworks:RedAndBlue"],"picked":"Moonworks:JonathanRush","floor":11},{"not_picked":["Moonworks:UnpaidWork","Moonworks:ImOnFire","Moonworks:LulusLuckyEgg","Moonworks:BigMagnum"],"picked":"Moonworks:WindyEnchantment","floor":12},{"not_picked":["Moonworks:DeployBits","Moonworks:ImOnFire","Moonworks:EvilSpyWorkPreparation","Moonworks:CloudOfSeagulls"],"picked":"Moonworks:Assault","floor":14},{"not_picked":["Moonworks:Gamble","Moonworks:ReflectiveShell","Moonworks:EvilMastermind","Moonworks:SinkOrSwim"],"picked":"Moonworks:GoAway","floor":16},{"not_picked":["Moonworks:BigMagnum+1","Moonworks:ImmovableObject","Moonworks:SakisCookie+1","Moonworks:DevilHand+1"],"picked":"Moonworks:NicePresent+1","floor":18},{"not_picked":["Moonworks:AnotherUltimateWeapon","Moonworks:NicePresent","Moonworks:BindingChains","Moonworks:RedAndBlue"],"picked":"Moonworks:WindyEnchantment","floor":19},{"not_picked":["Moonworks:Assault+1","Moonworks:CompletionReward","Moonworks:CookingTime+1","Moonworks:AngelHand+1"],"picked":"Moonworks:Dash+1","floor":21},{"not_picked":["Moonworks:SelfDestruct","Moonworks:TacticalRetreat","Moonworks:CloudOfSeagulls","Moonworks:Poppoformation+1"],"picked":"Moonworks:Dash+1","floor":23},{"not_picked":["Moonworks:LulusLuckyEgg","Moonworks:EvilSpyWorkPreparation","Moonworks:SakisCookie","Moonworks:JonathanRush+1"],"picked":"Moonworks:GoAway","floor":24},{"not_picked":["Moonworks:CompletionReward","Moonworks:Assault+1","Moonworks:IndiscriminateFireSupport+1","Moonworks:Bloodlust+1"],"picked":"Moonworks:JonathanRush","floor":27},{"not_picked":["Moonworks:DevilHand","Moonworks:BackdoorTrade","Moonworks:CloudOfSeagulls+1","Moonworks:BigMagnum","Moonworks:LulusLuckyEgg+1"],"picked":"SKIP","floor":28},{"not_picked":["Moonworks:Dinner+1","Moonworks:LulusLuckyEgg+1","Moonworks:JonathanRush","Moonworks:CrystalBarrier"],"picked":"Moonworks:HolyNight","floor":30},{"not_picked":["Moonworks:SakisCookie","Moonworks:Flamethrower","Moonworks:EvilSpyWorkPreparation","Moonworks:IndiscriminateFireSupport","Moonworks:FinalSurgery+1"],"picked":"SKIP","floor":31},{"not_picked":["Moonworks:EvilMastermind","Moonworks:PlushieMaster","Moonworks:Gamble","Moonworks:StarBlastingFuse"],"picked":"Moonworks:Accelerator","floor":33},{"not_picked":["Moonworks:MixPhenomenon","Moonworks:LulusLuckyEgg+1","Moonworks:CloudOfSeagulls+1","Moonworks:x16BigRocket"],"picked":"Moonworks:WindyEnchantment+1","floor":35},{"not_picked":["Moonworks:SakisCookie","Moonworks:AngelHand","Moonworks:NicePresent","Moonworks:BigMagnum+1"],"picked":"Moonworks:SubspaceTunnel","floor":38},{"not_picked":["Moonworks:ReproductionOfRecords","Moonworks:JonathanRush","Moonworks:LulusLuckyEgg+1","Moonworks:WindyEnchantment+1","Moonworks:UnpaidWork+1"],"picked":"SKIP","floor":39},{"not_picked":["Moonworks:MixPhenomenon+1","Moonworks:CloudOfSeagulls","Moonworks:SakisCookie+1","Moonworks:JonathanRush","Moonworks:BigMagnum"],"picked":"SKIP","floor":40},{"not_picked":["Moonworks:Dash","Moonworks:CompletionReward+1","Moonworks:JonathanRush+1","Moonworks:AwakeningOfTalent","Moonworks:MixPhenomenon+1"],"picked":"SKIP","floor":41},{"not_picked":["Moonworks:TacticalRetreat+1","Moonworks:Dinner+1","Moonworks:ReproductionOfRecords+1","Moonworks:LulusLuckyEgg+1","Moonworks:BigMagnum+1"],"picked":"SKIP","floor":44},{"not_picked":["Moonworks:IndiscriminateFireSupport","Moonworks:FinalSurgery+1","Moonworks:DeployBits+1","Moonworks:LuckyCharm+1"],"picked":"Moonworks:WeAreWaruda+1","floor":47},{"not_picked":["Moonworks:UnluckyCharm+1","Moonworks:BackdoorTrade+1","Moonworks:FullSpeedAlicianrone+1","Moonworks:Assault+1","Moonworks:WindyEnchantment+1"],"picked":"SKIP","floor":48}],"player_experience":225383,"relics_obtained":[{"floor":1.0,"key":"SynthV:TestCard"},{"floor":6.0,"key":"vexMod:BarristanHead"},{"floor":9,"key":"Replay:Wax Seal"},{"floor":11,"key":"Civilization"},{"floor":23,"key":"testmod-Antiphasic"},{"floor":23,"key":"Replay:Bottled Steam"},{"floor":26,"key":"ReplayTheSpireMod:TigerMarble"},{"floor":27,"key":"Pen Nib"},{"floor":27,"key":"Centennial Puzzle"},{"floor":30,"key":"vexMod:InvisibilityCloak"},{"floor":30,"key":"aspiration:FetidBarrel"},{"floor":36,"key":"Ring of Misfortune"},{"floor":40,"key":"UnicornStump"},{"floor":40,"key":"AT_RedTearstoneRing"},{"floor":43,"key":"Grinning Jar"},{"floor":44,"key":"Toxic Egg 2"},{"floor":44,"key":"Replay:Bottled Flurry"},{"floor":47,"key":"Old Coin"},{"floor":47,"key":"Blue Doll"}],"event_choices":[{"damage_healed":0,"gold_gain":0,"player_choice":"Swap Relic","damage_taken":0,"relics_obtained":["aspiration:Nostalgia"],"max_hp_gain":0,"max_hp_loss":0,"event_name":"给自己的盒子","floor":37,"relics_lost":["aspiration:Nostalgia"],"gold_loss":0}],"is_beta":false,"boss_relics":[{"not_picked":["Replay:Drink Me","TakeMeEscape"],"picked":"Black Star"},{"not_picked":[]},{"not_picked":["Cursed Key","HaiYi:Twilight"],"picked":"HereWithMe"},{"not_picked":[]}],"items_purged_floors":[22,29,34,49],"is_endless":false,"potions_floor_spawned":[1,5,12,14,16,18,23,28,31,33,40,41,44,47,48],"killed_by":"Gensokyo:Scarlet_Devils","ascension_level":0}}