{"host":"82mktlv603bf215z","time":1610101093,"event":{"mods":["BaseMod","Minty Spire (QoL Compilation)","Shop Mod","Spicy Shops","StSLib","TestMod","The Construct","The Hierophant","óô»ðÖ¸ÄÏ"],"gold_per_floor":[159,189,249,303,333,420,68,173,173,254,359,6,6,48,48,333,333,366,429,441,489,555,642,753,864,950,1040,1136,1253,1364,1418,1430,1730,1742,1799,1811,1871,1940,2003,2099,2210,2276,2315,2327,2438,2555,2628,2640,2453,2759,2771,2825,2399,2450,2024,1442,865,960,1060,1060,1155,1237,1325,1375,1470,1355,1660,1660,1716,1724,1329,842,880,978,1061,612,724,674,762,458,458,466,280,593,593,640,640,780,780],"floor_reached":88,"playtime":3868,"items_purged":["Pain"],"score":2582,"play_id":"820e1d35-4e39-461a-b056-c638a0f38a4e","local_time":"20210108181813","daily_mods":["SealedDeck","Vintage","Heirloom","Time Dilation","Flight","Elite Swarm","Midas"],"is_ascension_mode":false,"campfire_choices":[{"floor":13,"key":"REST"},{"floor":15,"key":"REST"},{"floor":44,"key":"REST"}],"circlet_count":0,"master_deck":["construct:HeavyBolt+2","construct:ShiftStrike+1","construct:Enhance+1","construct:Enhance+1","construct:QuickAttack+1","construct:SweepLaser+1","construct:Autoturret+1","construct:CriticalHit+1","construct:Autoturret+1","construct:MemoryTap+2","construct:MemoryTap+2","construct:MemoryTap+1","construct:LongRangeLance+1","construct:GatlingGun+1","construct:PanicFire+1","construct:Bunker+1","construct:Reserves+1","construct:ShieldGenerator+1","construct:SiegeForm+1","construct:BatteryCore+1","construct:GatlingGun+1","construct:GatlingGun+1","construct:GatlingGun+1","testmod-ChaoticCore+1","Electrodynamics+1","Echo Form+1","construct:Enhance+1","testmod-SelfRegulatingSystem+1","construct:Reserves+1","Necronomicurse","Echo Form+1"],"relics":["construct:Cogwheel","testmod-TestBox","testmod-IntensifyImprint","testmod-CasingShield","White Beast Statue","testmod-InjuryResistance","testmod-Justice","construct:MegaBattery","Kunai","testmod-BalancedPeriapt","Membership Card","Happy Flower","Dead Branch","Centennial Puzzle","testmod-InfectionSource","HornCleat","Orichalcum","testmod-ConstraintPeriapt","Blue Candle","testmod-MagicalMallet","testmod-AssaultLearning","testmod-TimeTraveler","MawBank","Strawberry","Enchiridion","PreservedInsect","testmod-BlackFramedGlasses","Dream Catcher","Bag of Preparation","Pear","Pen Nib","FossilizedHelix","testmod-OneHitWonder","Singing Bowl","Potion Belt","testmod-BloodSacrificeSpiritualization","MealTicket","Frozen Egg 2","Molten Egg 2","Toxic Egg 2","construct:ClockworkPhoenix","Eternal Feather","CeramicFish","Vajra","Mummified Hand","Akabeko","Nunchaku","Juzu Bracelet","Toy Ornithopter","testmod-CyclicPeriapt","Omamori","Question Card","PrismaticShard","Fusion Hammer","testmod-IndustrialRevolution","testmod-Register","testmod-DragonStarHat","construct:RocketBooster","Strange Spoon","testmod-Hope","Whetstone","Ice Cream","StoneCalendar","testmod-Faith","Toolbox","Art of War","Ornamental Fan","Blood Vial","testmod-IWantAll","construct:MasterCore","OrangePellets","Sundial","testmod-TheFather","testmod-TurbochargingSystem","Anchor","Incense Burner","TheAbacus","testmod-Charity","Bottled Lightning","Matryoshka","Regal Pillow","Boot","Lee\u0027s Waffle","Coffee Dripper","Pantograph","Tiny Chest","testmod-RealStoneCalender","ClockworkSouvenir","testmod-Acrobat","testmod-LifeArmor","War Paint","Bronze Scales","HandDrill","Oddly Smooth Stone","Medical Kit","Gambling Chip","Smiling Mask","Ginger","Chemical X","Lantern","Frozen Eye","Ancient Tea Set","CaptainsWheel","Turnip","testmod-ObsoleteBoomerang","Necronomicon","Mercury Hourglass","testmod-Muramasa","testmod-HeartOfDaVinci","SlaversCollar","DataDisk","testmod-EqualTreatment"],"acts_visited":["Exordium","TheCity","TheBeyond","Exordium","TheCity","TheBeyond"],"potions_floor_usage":[3,4,6,8,11,14,16,22,24,27,33,35,35,42,42,50,65,67,77],"damage_taken":[{"damage":11,"enemies":"Jaw Worm","floor":1,"turns":3},{"damage":15,"enemies":"Small Slimes","floor":2,"turns":3},{"damage":6,"enemies":"Cultist","floor":3,"turns":3},{"damage":0,"enemies":"Exordium Thugs","floor":4,"turns":1},{"damage":12,"enemies":"2 Fungi Beasts","floor":5,"turns":3},{"damage":18,"enemies":"3 Sentries","floor":6,"turns":3},{"damage":0,"enemies":"Lagavulin","floor":8,"turns":5},{"damage":0,"enemies":"Gremlin Nob","floor":10,"turns":2},{"damage":0,"enemies":"3 Sentries","floor":11,"turns":6},{"damage":0,"enemies":"Large Slime","floor":14,"turns":2},{"damage":0,"enemies":"Hexaghost","floor":16,"turns":2},{"damage":1,"enemies":"3 Byrds","floor":18,"turns":4},{"damage":0,"enemies":"2 Thieves","floor":19,"turns":2},{"damage":0,"enemies":"Snecko","floor":21,"turns":2},{"damage":0,"enemies":"Centurion and Healer","floor":22,"turns":3},{"damage":3,"enemies":"Book of Stabbing","floor":23,"turns":3},{"damage":19,"enemies":"Slavers","floor":24,"turns":2},{"damage":5,"enemies":"Gremlin Leader","floor":27,"turns":3},{"damage":0,"enemies":"Book of Stabbing","floor":28,"turns":3},{"damage":0,"enemies":"Slavers","floor":29,"turns":1},{"damage":0,"enemies":"Book of Stabbing","floor":30,"turns":3},{"damage":0,"enemies":"Shelled Parasite and Fungi","floor":31,"turns":2},{"damage":0,"enemies":"Champ","floor":33,"turns":4},{"damage":1,"enemies":"3 Darklings","floor":35,"turns":2},{"damage":7,"enemies":"Orb Walker","floor":37,"turns":2},{"damage":0,"enemies":"Sphere and 2 Shapes","floor":38,"turns":3},{"damage":0,"enemies":"Maw","floor":39,"turns":1},{"damage":0,"enemies":"Giant Head","floor":40,"turns":3},{"damage":0,"enemies":"Nemesis","floor":41,"turns":1},{"damage":0,"enemies":"Jaw Worm Horde","floor":42,"turns":1},{"damage":15,"enemies":"Giant Head","floor":45,"turns":2},{"damage":0,"enemies":"Reptomancer","floor":46,"turns":1},{"damage":0,"enemies":"Nemesis","floor":47,"turns":1},{"damage":0,"enemies":"Donu and Deca","floor":50,"turns":2},{"damage":0,"enemies":"Cultist","floor":52,"turns":1},{"damage":0,"enemies":"Lagavulin","floor":58,"turns":1},{"damage":0,"enemies":"Gremlin Nob","floor":59,"turns":1},{"damage":0,"enemies":"Lagavulin","floor":61,"turns":1},{"damage":0,"enemies":"3 Sentries","floor":62,"turns":1},{"damage":0,"enemies":"Lagavulin","floor":63,"turns":1},{"damage":0,"enemies":"Jaw Worm","floor":64,"turns":1},{"damage":0,"enemies":"3 Sentries","floor":65,"turns":1},{"damage":0,"enemies":"The Guardian","floor":67,"turns":2},{"damage":0,"enemies":"2 Thieves","floor":69,"turns":1},{"damage":0,"enemies":"Spheric Guardian","floor":73,"turns":1},{"damage":0,"enemies":"Slavers","floor":74,"turns":1},{"damage":0,"enemies":"Gremlin Leader","floor":75,"turns":1},{"damage":0,"enemies":"Slavers","floor":77,"turns":1},{"damage":0,"enemies":"Book of Stabbing","floor":79,"turns":1},{"damage":0,"enemies":"Automaton","floor":84,"turns":1},{"damage":0,"enemies":"3 Shapes","floor":86,"turns":1},{"damage":0,"enemies":"2 Orb Walkers","floor":88,"turns":2}],"seed_played":"2898854092820394193","potions_obtained":[{"floor":2,"key":"Ancient Potion"},{"floor":3,"key":"construct:MegaPotion"},{"floor":4,"key":"Block Potion"},{"floor":5,"key":"Strength Potion"},{"floor":6,"key":"Block Potion"},{"floor":8,"key":"construct:ShiftPotion"},{"floor":10,"key":"SkillPotion"},{"floor":11,"key":"Block Potion"},{"floor":14,"key":"Swift Potion"},{"floor":16,"key":"PowerPotion"},{"floor":22,"key":"SkillPotion"},{"floor":24,"key":"PowerPotion"},{"floor":27,"key":"EssenceOfSteel"},{"floor":31,"key":"SneckoOil"},{"floor":33,"key":"Swift Potion"},{"floor":35,"key":"testmod-SpacePotion"},{"floor":37,"key":"Fire Potion"},{"floor":38,"key":"SpeedPotion"},{"floor":39,"key":"AttackPotion"},{"floor":42,"key":"SpeedPotion"},{"floor":45,"key":"LiquidMemories"},{"floor":50,"key":"Strength Potion"},{"floor":58,"key":"Swift Potion"},{"floor":59,"key":"BlessingOfTheForge"},{"floor":61,"key":"Block Potion"},{"floor":62,"key":"Weak Potion"},{"floor":64,"key":"FairyPotion"},{"floor":65,"key":"Dexterity Potion"},{"floor":67,"key":"LiquidBronze"},{"floor":79,"key":"SneckoOil"}],"is_trial":true,"path_per_floor":["M","M","M","M","M","E","R","E","T","E","E","R","R","M","R","B",null,"M","M","?","M","M","E","E","?","T","E","E","E","E","M","R","B",null,"M","?","M","M","M","E","E","M","T","R","E","E","E","?","R","B",null,"M","$","?","$","$","R","E","E","T","E","E","E","M","E","R","B",null,"M","?","$","$","M","E","E","R","E","?","E","R","?","?","R","B",null,"M","?","?"],"character_chosen":"THE_CONSTRUCT_MOD","items_purchased":["Membership Card","Happy Flower","Dead Branch","testmod-ConstraintPeriapt","Blue Candle","testmod-MagicalMallet","Omamori","Question Card","PrismaticShard","testmod-Register","testmod-DragonStarHat","construct:RocketBooster","Strange Spoon","testmod-Hope","Whetstone","Ice Cream","StoneCalendar","testmod-Faith","Toolbox","Art of War","Ornamental Fan","Blood Vial","testmod-IWantAll","construct:MasterCore","OrangePellets","Sundial","testmod-TheFather","testmod-TurbochargingSystem","Anchor","Incense Burner","TheAbacus","testmod-Charity","Bottled Lightning","Boot","Lee\u0027s Waffle","Tiny Chest","testmod-RealStoneCalender","ClockworkSouvenir","testmod-Acrobat","testmod-LifeArmor","War Paint","Bronze Scales","HandDrill","Oddly Smooth Stone","Medical Kit","Gambling Chip","Ginger","Chemical X","Lantern","Frozen Eye","Ancient Tea Set","CaptainsWheel","Turnip","testmod-ObsoleteBoomerang","Mercury Hourglass","testmod-Muramasa","testmod-HeartOfDaVinci"],"campfire_rested":3,"item_purchase_floors":[7,7,7,12,12,12,49,49,49,53,53,53,53,53,53,55,55,55,55,55,55,56,56,56,56,56,56,57,57,57,57,57,57,66,66,71,71,71,71,71,72,72,72,72,72,72,76,76,76,76,76,76,80,80,83,83,83],"current_hp_per_floor":[74,59,53,53,41,23,23,23,23,23,23,23,48,50,75,76,85,85,85,73,75,76,78,61,61,85,82,85,85,85,85,85,85,85,84,84,79,84,85,85,85,85,85,85,71,73,80,80,85,85,85,85,85,85,85,85,85,85,85,85,85,85,85,85,85,85,85,85,85,85,85,85,85,85,85,85,85,85,85,85,85,76,85,85,85,85,85,85,85],"gold":780,"neow_bonus":"","is_daily":false,"chose_seed":false,"campfire_upgraded":0,"win_rate":0.0,"timestamp":1610101093,"path_taken":["M","M","M","M","M","E","R","E","T","E","E","R","R","M","R","BOSS","M","M","?","M","M","E","E","?","T","E","E","E","E","M","R","BOSS","M","?","M","M","M","E","E","M","T","R","E","E","E","?","R","BOSS","M","$","?","$","$","R","E","E","T","E","E","E","M","E","R","BOSS","M","?","$","$","M","E","E","R","E","?","E","R","?","?","R","BOSS","M","?","?"],"items_purchased_type":["Relic","Relic","Relic","Relic","Relic","Relic","Relic","Relic","Relic","Relic","Relic","Relic","Relic","Relic","Relic","Relic","Relic","Relic","Relic","Relic","Relic","Relic","Relic","Relic","Relic","Relic","Relic","Relic","Relic","Relic","Relic","Relic","Relic","Relic","Relic","Relic","Relic","Relic","Relic","Relic","Relic","Relic","Relic","Relic","Relic","Relic","Relic","Relic","Relic","Relic","Relic","Relic","Relic","Relic","Relic","Relic","Relic"],"build_version":"2020-12-22","purchased_purges":1,"victory":false,"max_hp_per_floor":[85,85,85,85,85,85,85,85,85,85,85,85,85,85,85,85,85,85,85,85,85,85,85,85,85,85,85,85,85,85,85,85,85,85,85,85,85,85,85,85,85,85,85,85,85,85,85,85,85,85,85,85,85,85,85,85,85,85,85,85,85,85,85,85,85,85,85,85,85,85,85,85,85,85,85,85,85,85,85,85,85,85,85,85,85,85,85,85,85],"card_choices":[{"not_picked":["construct:ShieldGenerator","construct:GatlingGun"],"picked":"construct:MemoryTap","floor":6},{"not_picked":["construct:ShieldGenerator","construct:HyperBeam"],"picked":"construct:MemoryTap","floor":8},{"not_picked":["construct:HammerDown","construct:HyperBeam"],"picked":"construct:MemoryTap","floor":10},{"not_picked":["construct:ShieldBurst","construct:HyperBeam"],"picked":"construct:LongRangeLance","floor":11},{"not_picked":["construct:Multistage","construct:HyperBeam"],"picked":"construct:GatlingGun","floor":16},{"not_picked":["construct:HammerDown","construct:GoldenBullet"],"picked":"construct:PanicFire","floor":23},{"not_picked":["construct:SpinDrive","construct:GatlingGun"],"picked":"construct:Bunker","floor":24},{"not_picked":["construct:Multistage","construct:ShiftingStance"],"picked":"construct:Reserves","floor":27},{"not_picked":["construct:PanicFire","construct:GatlingGun"],"picked":"construct:ShieldGenerator","floor":28},{"not_picked":["construct:ClockworkEgg","construct:ShieldBurst"],"picked":"construct:SiegeForm","floor":29},{"not_picked":["construct:SiegeForm","construct:GatlingGun"],"picked":"construct:ClockworkEgg","floor":30},{"not_picked":["construct:SiegeForm","construct:HastyRepair"],"picked":"construct:BatteryCore","floor":33},{"not_picked":["construct:HastyRepair+1","construct:Reserves+1"],"picked":"construct:GatlingGun+1","floor":40},{"not_picked":["construct:HyperBeam+1","construct:MemoryTap+1"],"picked":"construct:BatteryCore+1","floor":41},{"not_picked":["construct:Analyze+1","construct:SweepLaser+1","construct:Anticipate+1"],"picked":"Singing Bowl","floor":44},{"not_picked":["construct:ClockworkEgg+1","construct:ShiftingStance+1"],"picked":"construct:GatlingGun+1","floor":45},{"not_picked":["construct:HyperBeam+1","construct:SiegeForm+1"],"picked":"construct:GatlingGun+1","floor":46},{"not_picked":["construct:ShiftingStance+1","construct:MassProduction+1","construct:HastyRepair+1"],"picked":"Singing Bowl","floor":47},{"not_picked":["Wish+1","testmod-TreasureHunter+1","testmod-PowerStrike+1"],"picked":"testmod-ChaoticCore+1","floor":50},{"not_picked":["Adrenaline+1","Ragnarok+1","Master of Strategy+1","hierophant:Determination+1"],"picked":"Singing Bowl","floor":58},{"not_picked":["HandOfGreed+1","Magnetism+1","construct:SiegeForm+1"],"picked":"Electrodynamics+1","floor":59},{"not_picked":["hierophant:MintersHammer+1","Double Tap+1","construct:HastyRepair+1","Biased Cognition+1"],"picked":"Singing Bowl","floor":61},{"not_picked":["Machine Learning+1","Unload+1","Establishment+1"],"picked":"Echo Form+1","floor":62},{"not_picked":["testmod-Reverberation+1","Venomology+1","All For One+1"],"picked":"construct:ClockworkEgg+1","floor":63},{"not_picked":["Burst+1","Machine Learning+1","testmod-SelfRegulatingSystem+1","Hyperbeam+1"],"picked":"Singing Bowl","floor":65},{"not_picked":["Ragnarok+1","Limit Break+1","Thunder Strike+1","Unload+1"],"picked":"Singing Bowl","floor":67},{"not_picked":["testmod-TreasureHunter+1","hierophant:Anathema+1","SpiritShield+1","Devotion+1"],"picked":"Singing Bowl","floor":74},{"not_picked":["Feed+1","construct:PanicFire+1","testmod-Librarian+1","testmod-RepeatForm+1"],"picked":"Singing Bowl","floor":75},{"not_picked":["Limit Break+1","construct:Multistage+1","Double Tap+1"],"picked":"testmod-SelfRegulatingSystem+1","floor":77},{"not_picked":["construct:MassProduction+1","Adrenaline+1","Master of Strategy+1"],"picked":"construct:Reserves+1","floor":79},{"not_picked":["Bludgeon+1","Reaper+1","Venomology+1"],"picked":"Echo Form+1","floor":84},{"not_picked":["Sweeping Beam+1","Hologram+1","construct:VentSteam+1","hierophant:CursedGold+1"],"picked":"Singing Bowl","floor":88}],"player_experience":402463,"relics_obtained":[{"floor":1,"key":"White Beast Statue"},{"floor":2,"key":"testmod-InjuryResistance"},{"floor":3,"key":"testmod-Justice"},{"floor":4,"key":"construct:MegaBattery"},{"floor":5,"key":"Kunai"},{"floor":6,"key":"testmod-BalancedPeriapt"},{"floor":8,"key":"Centennial Puzzle"},{"floor":9,"key":"testmod-InfectionSource"},{"floor":10,"key":"HornCleat"},{"floor":11,"key":"Orichalcum"},{"floor":14,"key":"testmod-AssaultLearning"},{"floor":18,"key":"MawBank"},{"floor":19,"key":"Strawberry"},{"floor":20,"key":"Enchiridion"},{"floor":21,"key":"PreservedInsect"},{"floor":22,"key":"testmod-BlackFramedGlasses"},{"floor":23,"key":"Dream Catcher"},{"floor":24,"key":"Bag of Preparation"},{"floor":26,"key":"Pear"},{"floor":27,"key":"Pen Nib"},{"floor":28,"key":"FossilizedHelix"},{"floor":29,"key":"testmod-OneHitWonder"},{"floor":30,"key":"Singing Bowl"},{"floor":31,"key":"Potion Belt"},{"floor":35,"key":"MealTicket"},{"floor":37,"key":"Frozen Egg 2"},{"floor":38,"key":"Eternal Feather"},{"floor":39,"key":"CeramicFish"},{"floor":40,"key":"Vajra"},{"floor":41,"key":"Mummified Hand"},{"floor":42,"key":"Akabeko"},{"floor":43,"key":"Nunchaku"},{"floor":45,"key":"Juzu Bracelet"},{"floor":46,"key":"Toy Ornithopter"},{"floor":47,"key":"testmod-CyclicPeriapt"},{"floor":52,"key":"testmod-IndustrialRevolution"},{"floor":60,"key":"Matryoshka"},{"floor":64,"key":"Regal Pillow"},{"floor":69,"key":"Pantograph"},{"floor":73,"key":"Smiling Mask"},{"floor":82,"key":"Necronomicon"},{"floor":86,"key":"DataDisk"},{"floor":88,"key":"testmod-EqualTreatment"}],"event_choices":[{"damage_healed":0,"gold_gain":0,"player_choice":"Obtained Book","damage_taken":16,"max_hp_gain":0,"max_hp_loss":0,"event_name":"Cursed Tome","floor":20,"gold_loss":0},{"damage_healed":0,"gold_gain":99,"player_choice":"Stole From Cult","damage_taken":0,"max_hp_gain":0,"max_hp_loss":0,"event_name":"Nest","floor":25,"gold_loss":0},{"damage_healed":0,"gold_gain":0,"player_choice":"Ignored","damage_taken":0,"max_hp_gain":0,"max_hp_loss":0,"event_name":"NoteForYourself","floor":36,"gold_loss":0},{"cards_removed":["construct:SweepLaser"],"damage_healed":0,"gold_gain":0,"player_choice":"Removed Attack","damage_taken":0,"max_hp_gain":0,"max_hp_loss":0,"event_name":"Falling","floor":48,"gold_loss":0},{"damage_healed":0,"gold_gain":51,"player_choice":"Gained Gold","damage_taken":0,"max_hp_gain":0,"max_hp_loss":0,"event_name":"Golden Wing","floor":54,"gold_loss":0},{"damage_healed":0,"gold_gain":0,"player_choice":"Read","damage_taken":0,"max_hp_gain":0,"max_hp_loss":0,"event_name":"The Library","floor":70,"gold_loss":0,"cards_obtained":["construct:Enhance"]},{"damage_healed":0,"gold_gain":0,"player_choice":"Bet on Murderer","damage_taken":0,"max_hp_gain":0,"max_hp_loss":0,"event_name":"The Joust","floor":78,"gold_loss":50},{"damage_healed":0,"gold_gain":0,"player_choice":"Ignored","damage_taken":0,"max_hp_gain":0,"max_hp_loss":0,"event_name":"Vampires","floor":81,"gold_loss":0},{"damage_healed":0,"gold_gain":0,"player_choice":"Obtained Book","damage_taken":16,"max_hp_gain":0,"max_hp_loss":0,"event_name":"Cursed Tome","floor":82,"gold_loss":0},{"cards_removed":["construct:BatteryCore"],"damage_healed":0,"gold_gain":0,"player_choice":"Removed Skill","damage_taken":0,"max_hp_gain":0,"max_hp_loss":0,"event_name":"Falling","floor":87,"gold_loss":0},{"damage_healed":0,"gold_gain":0,"player_choice":"Fight","damage_taken":0,"max_hp_gain":0,"max_hp_loss":0,"event_name":"Mysterious Sphere","floor":88,"gold_loss":0}],"is_beta":false,"boss_relics":[{"not_picked":["SacredBark","Astrolabe"],"picked":"testmod-TimeTraveler"},{"not_picked":["construct:ClawGrip","Black Star"],"picked":"testmod-BloodSacrificeSpiritualization"},{"not_picked":["testmod-Prudence","Tiny House"],"picked":"Fusion Hammer"},{"not_picked":["Philosopher\u0027s Stone","Calling Bell"],"picked":"Coffee Dripper"},{"not_picked":["Busted Crown","testmod-Temperance"],"picked":"SlaversCollar"}],"items_purged_floors":[71],"is_endless":true,"potions_floor_spawned":[2,3,4,5,6,8,10,11,14,16,18,19,21,22,23,24,27,28,29,30,31,33,35,37,38,39,40,41,42,45,46,47,50,52,58,59,61,62,63,64,65,67,69,73,74,75,77,79,84,86,88],"killed_by":"2 Orb Walkers","ascension_level":0}}