{"host":"vumwfieg2b2mnrfl","time":1610066943,"event":{"mods":["AchievementEnabler","BaseMod","Minty Spire (QoL Compilation)","Rare Cards Sparkle","Relic Stats"],"gold_per_floor":[361,196,230,280,355,383,383,383,383,383,420,454,454,505,505,583,583,617,617,174,193,163,218,118,118,118,138,138],"floor_reached":27,"playtime":1043,"items_purged":["Strike_G","Defend_G"],"score":482,"play_id":"e1cd722d-3b3d-4f33-b418-8fffdc047d5c","local_time":"20210107184903","is_ascension_mode":true,"campfire_choices":[{"floor":7.0,"key":"REST"},{"data":"Glass Knife","floor":10.0,"key":"SMITH"},{"floor":15.0,"key":"REST"}],"circlet_count":0,"master_deck":["AscendersBane","Strike_G","Strike_G","Strike_G","Strike_G","Defend_G","Defend_G","Defend_G","Defend_G","Survivor","Neutralize","All Out Attack","HandOfGreed","Terror","Quick Slash","Poisoned Stab","Glass Knife+1","Deadly Poison","Noxious Fumes","Phantasmal Killer","Bane+1","Leg Sweep","Escape Plan","Glass Knife"],"relics":["Ring of the Snake","Thread and Needle","Darkstone Periapt","Mango","Prayer Wheel","Cursed Key","The Specimen","Omamori","Centennial Puzzle"],"acts_visited":["Exordium","TheCity"],"potions_floor_usage":[23,25],"damage_taken":[{"damage":2.0,"enemies":"Jaw Worm","floor":1.0,"turns":5.0},{"damage":0.0,"enemies":"2 Louse","floor":3.0,"turns":3.0},{"damage":4.0,"enemies":"Small Slimes","floor":4.0,"turns":4.0},{"damage":6.0,"enemies":"Gremlin Gang","floor":5.0,"turns":7.0},{"damage":17.0,"enemies":"Lagavulin","floor":6.0,"turns":7.0},{"damage":1.0,"enemies":"Exordium Wildlife","floor":11.0,"turns":6.0},{"damage":8.0,"enemies":"Lots of Slimes","floor":12.0,"turns":4.0},{"damage":12.0,"enemies":"3 Sentries","floor":14.0,"turns":8.0},{"damage":52.0,"enemies":"Slime Boss","floor":16.0,"turns":10.0},{"damage":20.0,"enemies":"3 Byrds","floor":18.0,"turns":7.0},{"damage":8,"enemies":"Chosen","floor":21,"turns":5},{"damage":17,"enemies":"Slavers","floor":23,"turns":6},{"damage":19,"enemies":"Gremlin Leader","floor":25,"turns":5},{"damage":3,"enemies":"Shelled Parasite and Fungi","floor":27,"turns":3}],"seed_played":"-4837138210134466971","potions_obtained":[{"floor":1.0,"key":"Poison Potion"},{"floor":4.0,"key":"SkillPotion"},{"floor":5.0,"key":"Fire Potion"},{"floor":22,"key":"GhostInAJar"},{"floor":22,"key":"SmokeBomb"},{"floor":23,"key":"LiquidBronze"}],"is_trial":false,"path_per_floor":["M","$","M","M","M","E","R","?","T","R","M","M","?","E","R","B",null,"M","?","$","M","?","E","$","E","T","M"],"character_chosen":"THE_SILENT","items_purchased":["HandOfGreed","The Specimen","Leg Sweep"],"campfire_rested":2,"item_purchase_floors":[2,20,20],"current_hp_per_floor":[42,42,42,38,32,15,34,40,54,54,53,45,45,33,58,6,66,46,46,46,38,38,21,21,2,2,0,0],"gold":138,"neow_bonus":"TWO_FIFTY_GOLD","is_daily":false,"chose_seed":false,"campfire_upgraded":1,"win_rate":0.0,"timestamp":1610066943,"path_taken":["M","$","M","M","M","E","R","?","T","R","M","M","?","E","R","BOSS","M","?","$","M","?","E","$","E","T","?"],"items_purchased_type":["Card","Relic","Card"],"build_version":"2020-12-22","purchased_purges":2,"victory":false,"max_hp_per_floor":[66,66,66,66,66,66,66,72,86,86,86,86,86,86,86,86,86,86,86,86,86,86,86,86,86,86,86,86],"relic_stats":{"Darkstone Periapt":6,"Centennial Puzzle":[0],"counters":[14,80],"Prayer Wheel":3,"Cursed Key":1,"obtain_stats":[{"Darkstone Periapt":8,"Centennial Puzzle":26,"The Specimen":20,"Thread and Needle":6,"Mango":9,"Prayer Wheel":14,"Omamori":23,"Cursed Key":17,"Ring of the Snake":0},{"Darkstone Periapt":5,"Centennial Puzzle":13,"The Specimen":10,"Thread and Needle":5,"Mango":5,"Prayer Wheel":8,"Omamori":12,"Cursed Key":9,"Ring of the Snake":0},{"Darkstone Periapt":26,"Centennial Puzzle":77,"The Specimen":61,"Thread and Needle":26,"Mango":26,"Prayer Wheel":44,"Omamori":72,"Cursed Key":54,"Ring of the Snake":0}],"Ring of the Snake":[28]},"card_choices":[{"not_picked":["Expertise","Masterful Stab"],"picked":"All Out Attack","floor":1.0},{"not_picked":["Masterful Stab","PiercingWail"],"picked":"Terror","floor":3.0},{"not_picked":["Slice","Dagger Spray"],"picked":"Quick Slash","floor":4.0},{"not_picked":["Slice","Reflex"],"picked":"Poisoned Stab","floor":5.0},{"not_picked":["Dodge and Roll","Choke"],"picked":"Glass Knife","floor":6.0},{"not_picked":["Blade Dance","Skewer"],"picked":"Deadly Poison","floor":11.0},{"not_picked":["Eviscerate","Dodge and Roll","Reflex"],"picked":"SKIP","floor":12.0},{"not_picked":["Flying Knee","Riddle With Holes"],"picked":"Noxious Fumes","floor":14.0},{"not_picked":["After Image","Die Die Die"],"picked":"Phantasmal Killer","floor":16.0},{"not_picked":["Flying Knee","Sucker Punch"],"picked":"Bane+1","floor":18},{"not_picked":["Dagger Throw","Dodge and Roll","Endless Agony"],"picked":"SKIP","floor":18},{"not_picked":["Dagger Spray","Dodge and Roll"],"picked":"Escape Plan","floor":21},{"not_picked":["Slice","Endless Agony"],"picked":"Glass Knife","floor":21},{"not_picked":["Masterful Stab","Expertise+1","Quick Slash"],"picked":"SKIP","floor":23}],"player_experience":382941,"relics_obtained":[{"floor":6.0,"key":"Thread and Needle"},{"floor":9.0,"key":"Mango"},{"floor":14.0,"key":"Prayer Wheel"},{"floor":23,"key":"Omamori"},{"floor":26,"key":"Centennial Puzzle"}],"event_choices":[{"damage_healed":0.0,"max_hp_gain":0.0,"max_hp_loss":0.0,"gold_gain":0.0,"event_name":"Big Fish","player_choice":"Box","floor":8.0,"gold_loss":0.0,"damage_taken":0.0,"relics_obtained":["Darkstone Periapt"],"cards_obtained":["Regret"]},{"damage_healed":0.0,"max_hp_gain":0.0,"max_hp_loss":0.0,"gold_gain":0.0,"event_name":"Shining Light","player_choice":"Ignored","floor":13.0,"gold_loss":0.0,"damage_taken":0.0},{"cards_removed":["Regret"],"damage_healed":0,"gold_gain":0,"player_choice":"Elegance","damage_taken":0,"max_hp_gain":0,"max_hp_loss":0,"event_name":"Back to Basics","floor":19,"gold_loss":0},{"damage_healed":0,"gold_gain":0,"player_choice":"Bought 2 Potions","damage_taken":0,"max_hp_gain":0,"max_hp_loss":0,"event_name":"The Woman in Blue","floor":22,"gold_loss":0}],"is_beta":false,"boss_relics":[{"not_picked":["Coffee Dripper","Runic Dome"],"picked":"Cursed Key"}],"items_purged_floors":[20,24],"is_endless":false,"potions_floor_spawned":[1,4,5,6,23,25],"killed_by":"Shelled Parasite and Fungi","ascension_level":15}}