{"host":"sabve5zmqufxyc5o","time":1610089142,"event":{"mods":["2.2 Compatiblity","AchievementEnabler","Act Like it!","BaseMod","Block Reminder","Colored Map","Colored Powertips","DeckTracker","KOR Keyword Fix","Keyboard Shortcuts","Minty Spire (QoL Compilation)","Quick Restart","Rare Cards Sparkle","Relic Stats","StSLib","SuperFastMode"],"gold_per_floor":[112,128,142,242,255,255,315,100,147,164,164,64,64,64,64,162,162,181,196,208,10,109,126,126,159,159,159,159,170,13,23,23,119,119,136,155,175,187,202,202,235,235,261,293,143,170,17,31,31,31],"floor_reached":51,"playtime":1637,"items_purged":["Defend_P","Defend_P","Strike_P+1","LessonLearned+1"],"score":1351,"play_id":"aa703cd9-ac28-4018-8df3-779ebbe55c20","local_time":"20210108155902","is_ascension_mode":true,"campfire_choices":[{"data":"Eruption","floor":6.0,"key":"SMITH"},{"floor":11.0,"key":"REST"},{"data":"Adaptation","floor":13.0,"key":"SMITH"},{"floor":15.0,"key":"REST"},{"data":"MentalFortress","floor":24.0,"key":"SMITH"},{"floor":28.0,"key":"REST"},{"floor":32.0,"key":"RECALL"},{"floor":40,"key":"REST"},{"floor":42,"key":"REST"},{"floor":49,"key":"REST"}],"circlet_count":0,"master_deck":["Eruption+1","Vigilance+1","EmptyFist+1","Adaptation+1","Protect+1","Scrawl+1","ClearTheMind+1","Evaluate+1","FearNoEvil+1","MentalFortress+1","TalkToTheHand+1"],"relics":["HolyWater","Oddly Smooth Stone","Art of War","Astrolabe","Bronze Scales","Gremlin Horn","TheAbacus","Sundial","Lizard Tail","Mummified Hand","Centennial Puzzle"],"acts_visited":["Exordium","TheCity","TheBeyond"],"potions_floor_usage":[50,50],"damage_taken":[{"damage":0.0,"enemies":"Cultist","floor":1.0,"turns":3.0},{"damage":0.0,"enemies":"Jaw Worm","floor":2.0,"turns":3.0},{"damage":1.0,"enemies":"2 Louse","floor":3.0,"turns":4.0},{"damage":9.0,"enemies":"Looter","floor":5.0,"turns":3.0},{"damage":29.0,"enemies":"3 Sentries","floor":7.0,"turns":6.0},{"damage":20.0,"enemies":"Exordium Thugs","floor":10.0,"turns":6.0},{"damage":41.0,"enemies":"Slime Boss","floor":16.0,"turns":10.0},{"damage":0.0,"enemies":"2 Thieves","floor":18.0,"turns":2.0},{"damage":0.0,"enemies":"Chosen","floor":19.0,"turns":1.0},{"damage":0.0,"enemies":"Centurion and Healer","floor":20.0,"turns":2.0},{"damage":0.0,"enemies":"Sentry and Sphere","floor":23.0,"turns":3.0},{"damage":0.0,"enemies":"Book of Stabbing","floor":25.0,"turns":1.0},{"damage":0.0,"enemies":"Cultist and Chosen","floor":29.0,"turns":1.0},{"damage":0.0,"enemies":"Centurion and Healer","floor":31.0,"turns":1.0},{"damage":0.0,"enemies":"Champ","floor":33.0,"turns":3.0},{"damage":0.0,"enemies":"3 Shapes","floor":35.0,"turns":1.0},{"damage":0,"enemies":"3 Darklings","floor":36,"turns":2},{"damage":0,"enemies":"Spire Growth","floor":37,"turns":2},{"damage":0,"enemies":"Jaw Worm Horde","floor":38,"turns":2},{"damage":12,"enemies":"Transient","floor":39,"turns":3},{"damage":0,"enemies":"Nemesis","floor":41,"turns":2},{"damage":0,"enemies":"Reptomancer","floor":44,"turns":2},{"damage":0,"enemies":"Nemesis","floor":46,"turns":5},{"damage":0,"enemies":"4 Shapes","floor":48,"turns":1},{"damage":0,"enemies":"Time Eater","floor":50,"turns":6}],"seed_played":"4684228993765333381","potions_obtained":[{"floor":1.0,"key":"Regen Potion"},{"floor":5.0,"key":"SkillPotion"},{"floor":10.0,"key":"Weak Potion"},{"floor":16.0,"key":"Ancient Potion"},{"floor":25.0,"key":"Strength Potion"},{"floor":29.0,"key":"Strength Potion"},{"floor":36,"key":"StancePotion"}],"is_trial":false,"path_per_floor":["M","M","M","?","M","R","?","$","T","M","R","$","R","?","R","B",null,"M","M","M","$","?","M","R","E","T","?","R","M","$","M","R","B",null,"M","M","M","M","M","R","E","R","T","E","$","E","$","M","R","B",null],"character_chosen":"WATCHER","items_purchased":["LessonLearned","MentalFortress","TheAbacus","Centennial Puzzle"],"campfire_rested":6,"item_purchase_floors":[8,21,30,47],"current_hp_per_floor":[65,65,64,64,55,55,40,40,40,20,41,41,41,34,55,14,58,58,58,58,58,58,58,58,58,58,58,72,72,72,72,72,72,72,72,72,72,72,60,72,72,72,72,72,72,72,72,72,72,72],"gold":31,"neow_bonus":"REMOVE_CARD","is_daily":false,"chose_seed":false,"campfire_upgraded":3,"win_rate":0.0,"timestamp":1610089142,"path_taken":["M","M","M","?","?","R","?","$","T","M","R","$","R","?","R","BOSS","M","M","M","$","?","M","R","E","T","?","R","M","$","M","R","BOSS","M","M","M","M","M","R","E","R","T","E","$","E","$","M","R","BOSS"],"items_purchased_type":["Card","Card","Relic","Relic"],"build_version":"2020-12-22","purchased_purges":4,"victory":true,"max_hp_per_floor":[72,72,72,72,72,72,72,72,72,72,72,72,72,72,72,72,72,72,72,72,72,72,72,72,72,72,72,72,72,72,72,72,72,72,72,72,72,72,72,72,72,72,72,72,72,72,72,72,72,72],"relic_stats":{"Lizard Tail":0,"Centennial Puzzle":[0],"TheAbacus":[1542],"Gremlin Horn":[14,14],"counters":[25,75],"Sundial":[56],"Mummified Hand":[6],"Astrolabe":["ClearTheMind","Evaluate","FearNoEvil"],"Bronze Scales":[55],"Art of War":[3],"obtain_stats":[{"Lizard Tail":44,"Centennial Puzzle":47,"TheAbacus":30,"Gremlin Horn":26,"Sundial":41,"Mummified Hand":46,"Astrolabe":17,"Bronze Scales":25,"Oddly Smooth Stone":7,"HolyWater":34,"Art of War":9,"PureWater":0},{"Lizard Tail":22,"Centennial Puzzle":23,"TheAbacus":13,"Gremlin Horn":12,"Sundial":21,"Mummified Hand":23,"Astrolabe":7,"Bronze Scales":12,"Oddly Smooth Stone":4,"HolyWater":15,"Art of War":5,"PureWater":0},{"Lizard Tail":63,"Centennial Puzzle":68,"TheAbacus":45,"Gremlin Horn":44,"Sundial":61,"Mummified Hand":68,"Astrolabe":35,"Bronze Scales":44,"Oddly Smooth Stone":13,"HolyWater":49,"Art of War":19,"PureWater":0}]},"card_choices":[{"not_picked":["Wireheading","FollowUp","ThirdEye"],"picked":"SKIP","floor":1.0},{"not_picked":["FlyingSleeves","SashWhip","Prostrate"],"picked":"SKIP","floor":2.0},{"not_picked":["CutThroughFate","EmptyBody"],"picked":"EmptyFist","floor":3.0},{"not_picked":["Worship","EmptyFist","Halt"],"picked":"SKIP","floor":5.0},{"not_picked":["CutThroughFate","FollowUp"],"picked":"Adaptation","floor":7.0},{"not_picked":["Adaptation","Wallop"],"picked":"Protect","floor":10.0},{"not_picked":["ConjureBlade","LessonLearned"],"picked":"Scrawl","floor":16.0},{"not_picked":["Consecrate+1","SignatureMove","PathToVictory+1"],"picked":"SKIP","floor":18.0},{"not_picked":["FollowUp","Protect","Consecrate"],"picked":"SKIP","floor":19.0},{"not_picked":["JustLucky","Protect","SpiritShield"],"picked":"SKIP","floor":20.0},{"not_picked":["ForeignInfluence+1","Sanctity","Conclude+1"],"picked":"SKIP","floor":23.0},{"not_picked":["Prostrate","FlyingSleeves"],"picked":"TalkToTheHand","floor":25.0},{"not_picked":["ReachHeaven","Protect","CarveReality+1"],"picked":"SKIP","floor":29.0},{"not_picked":["EmptyBody","SashWhip","Vault"],"picked":"SKIP","floor":31.0},{"not_picked":["CrushJoints+1","Weave+1","FollowUp"],"picked":"SKIP","floor":35.0},{"not_picked":["SignatureMove+1","Halt","Conclude"],"picked":"SKIP","floor":36},{"not_picked":["SashWhip","CutThroughFate","DeceiveReality+1"],"picked":"SKIP","floor":37},{"not_picked":["Vengeance+1","Wallop","WreathOfFlame+1"],"picked":"SKIP","floor":38},{"not_picked":["Halt+1","FlurryOfBlows+1","DeceiveReality+1"],"picked":"SKIP","floor":39},{"not_picked":["ForeignInfluence+1","ThirdEye","LikeWater+1"],"picked":"SKIP","floor":41},{"not_picked":["WreathOfFlame+1","CutThroughFate+1","SignatureMove+1"],"picked":"SKIP","floor":44},{"not_picked":["Halt+1","Conclude+1","Alpha"],"picked":"SKIP","floor":46},{"not_picked":["Halt+1","Conclude+1","Alpha"],"picked":"SKIP","floor":46},{"not_picked":["ThirdEye","EmptyFist+1","EmptyBody+1"],"picked":"SKIP","floor":48}],"player_experience":822145,"relics_obtained":[{"floor":9.0,"key":"Art of War"},{"floor":25.0,"key":"Bronze Scales"},{"floor":26.0,"key":"Gremlin Horn"},{"floor":41,"key":"Sundial"},{"floor":44,"key":"Lizard Tail"},{"floor":46,"key":"Mummified Hand"}],"event_choices":[{"damage_healed":0.0,"max_hp_gain":0.0,"max_hp_loss":0.0,"gold_gain":100.0,"event_name":"Golden Shrine","player_choice":"Pray","floor":4.0,"gold_loss":0.0,"damage_taken":0.0},{"damage_healed":0.0,"max_hp_gain":0.0,"max_hp_loss":0.0,"gold_gain":0.0,"event_name":"Dead Adventurer","player_choice":"Searched \u00272\u0027 times","floor":7.0,"gold_loss":0.0,"damage_taken":0.0,"relics_obtained":["Oddly Smooth Stone"]},{"cards_removed":["Strike_P"],"damage_healed":0.0,"max_hp_gain":0.0,"max_hp_loss":0.0,"gold_gain":0.0,"event_name":"Golden Wing","player_choice":"Card Removal","floor":14.0,"gold_loss":0.0,"damage_taken":7.0},{"damage_healed":0.0,"max_hp_gain":0.0,"max_hp_loss":0.0,"gold_gain":99.0,"event_name":"Nest","player_choice":"Stole From Cult","floor":22.0,"gold_loss":0.0,"damage_taken":0.0},{"damage_healed":0.0,"max_hp_gain":0.0,"max_hp_loss":0.0,"gold_gain":0.0,"event_name":"Accursed Blacksmith","player_choice":"Forge","floor":27.0,"gold_loss":0.0,"damage_taken":0.0,"cards_upgraded":["TalkToTheHand"]}],"is_beta":false,"boss_relics":[{"not_picked":["Velvet Choker","Coffee Dripper"],"picked":"Astrolabe"},{"not_picked":["SlaversCollar","Runic Dome"],"picked":"HolyWater"}],"items_purged_floors":[8,12,21,45],"is_endless":false,"potions_floor_spawned":[1,5,10,16,25,29,31,33,36,39,44],"ascension_level":6}}