{"host":"2e3z4r48quhw80cc","time":1610142361,"event":{"mods":["BaseMod","Minty Spire (QoL Compilation)","Quick Restart","StSLib","SuperFastMode"],"gold_per_floor":[118,193,193,205,123,123,53,53,80,107,177,177,177],"floor_reached":12,"playtime":198,"items_purged":[],"score":85,"play_id":"3a18a4b1-6fdd-4854-9c1a-7ce36d4e1268","local_time":"20210109064601","is_ascension_mode":true,"campfire_choices":[{"data":"Noxious Fumes","floor":6.0,"key":"SMITH"},{"data":"Catalyst","floor":8.0,"key":"SMITH"}],"circlet_count":0,"master_deck":["Strike_G","Strike_G","Strike_G","Strike_G","Strike_G","Defend_G","Defend_G","Defend_G","Defend_G","Defend_G","Survivor","Neutralize","Slice","Backflip","Noxious Fumes+1","Catalyst+1","Doppelganger"],"relics":["Ring of the Snake","Ice Cream","Juzu Bracelet","Dream Catcher","Molten Egg 2"],"acts_visited":["Exordium"],"potions_floor_usage":[],"damage_taken":[{"damage":0.0,"enemies":"2 Louse","floor":1.0,"turns":4.0},{"damage":0.0,"enemies":"Small Slimes","floor":4.0,"turns":3.0},{"damage":35.0,"enemies":"Gremlin Nob","floor":10.0,"turns":5.0},{"damage":0,"enemies":"3 Sentries","floor":12,"turns":2}],"seed_played":"5906851541039425754","potions_obtained":[],"is_trial":false,"path_per_floor":["M","?","?","M","$","R","$","R","T","E","T","E"],"character_chosen":"THE_SILENT","items_purchased":["Noxious Fumes","Catalyst"],"campfire_rested":0,"item_purchase_floors":[5,7],"current_hp_per_floor":[49,38,43,43,43,43,43,43,43,8,8,8,8],"gold":177,"neow_bonus":"ONE_RARE_RELIC","is_daily":false,"chose_seed":false,"campfire_upgraded":2,"win_rate":0.0,"timestamp":1610142361,"path_taken":["M","?","?","M","$","R","?","R","T","E","?","E"],"items_purchased_type":["Card","Card"],"build_version":"2020-12-22","purchased_purges":0,"victory":false,"max_hp_per_floor":[70,70,75,75,75,75,75,75,75,75,75,75,75],"card_choices":[{"not_picked":["Deadly Poison","Expertise"],"picked":"Slice","floor":1.0},{"not_picked":["Predator","Dagger Throw"],"picked":"Backflip","floor":4.0},{"not_picked":["Eviscerate","Backflip"],"picked":"Doppelganger","floor":10.0}],"player_experience":52154,"relics_obtained":[{"floor":9.0,"key":"Juzu Bracelet"},{"floor":10.0,"key":"Dream Catcher"},{"floor":11.0,"key":"Molten Egg 2"}],"event_choices":[{"damage_healed":0.0,"max_hp_gain":0.0,"max_hp_loss":0.0,"gold_gain":75.0,"event_name":"World of Goop","player_choice":"Gather Gold","floor":2.0,"gold_loss":0.0,"damage_taken":11.0},{"damage_healed":0.0,"max_hp_gain":5.0,"max_hp_loss":0.0,"gold_gain":0.0,"event_name":"Big Fish","player_choice":"Donut","floor":3.0,"gold_loss":0.0,"damage_taken":0.0}],"is_beta":false,"boss_relics":[],"items_purged_floors":[],"is_endless":false,"potions_floor_spawned":[],"killed_by":"3 Sentries","ascension_level":3}}