{"host":"xe18zxp7krnsfrwn","time":1610098696,"event":{"mods":["BaseMod","BetterRewards","Colored Map","Downfall","Hubris","Infinite Spire","Minty Spire (QoL Compilation)","Replay The Spire","StSLib","The Animator","The Elementalist","The Runesmith","The Saiyan"],"gold_per_floor":[114,114,129,129,161,161,87,87,87,87,87,119,136,161,161,262,262,280,312,312,329,329,362,362,52,76,96,116,133,153,170,170,270,270,286,286,286,0,12,12,12,12],"floor_reached":41,"playtime":3012,"items_purged":[],"score":457,"play_id":"d50014aa-1ff5-4448-99d1-c840946b1042","local_time":"20210108013816","is_ascension_mode":false,"campfire_choices":[{"data":"animator:Alexander","floor":6,"key":"SMITH"},{"data":"animator:Kaijin","floor":8,"key":"SMITH"},{"data":"infinitespire:UltimateForm","floor":11,"key":"SMITH"},{"floor":15,"key":"REST"},{"floor":24,"key":"REST"},{"floor":32,"key":"REST"},{"floor":40,"key":"REST"}],"circlet_count":0,"master_deck":["animator:Strike_Fate+1","animator:Defend_Fate","animator:Strike","animator:Strike","animator:Strike","animator:Defend","animator:Defend+1","animator:Defend","animator:Alexander+1","animator:Rider","animator:Benimaru+1","infinitespire:UltimateForm+1","animator:UneriGinkaku","animator:Kaijin+1","animator:EmiyaShirou+1","animator:Caster","animator:Lu","animator:Hans+1","animator:Aqua+1","infinitespire:Punishment","animator:NarberalGamma","animator:Kazuma","animator:Rimuru","animator:Cocytus+1","animator:EmiyaShirou","animator:Shuna+1","animator:HigakiRinne","animator:Kazuma","animator:Saber","animator:Veldora","infinitespire:Collect+1","animator:Ainz","animator:Berserker","ReplaySort+1"],"relics":["animator:TheMissingPiece","hubris:TerracottaHorce","Whetstone","Fusion Hammer","Guide Book","Turnip","Sling","Replay:Mystery Machine","ChewingGum","animator:CursedGlyph","hubris:MedicalManual","PrismaticShard"],"acts_visited":["Exordium","TheCity","TheBeyond"],"potions_floor_usage":[16,18,18,23,29,41,41],"damage_taken":[{"damage":2,"enemies":"Small Slimes","floor":1,"turns":4},{"damage":1,"enemies":"2 Louse","floor":3,"turns":2},{"damage":1,"enemies":"Cultist","floor":5,"turns":4},{"damage":0,"enemies":"Blue Slaver","floor":12,"turns":3},{"damage":10,"enemies":"Lots of Slimes","floor":13,"turns":4},{"damage":8,"enemies":"Exordium Thugs","floor":14,"turns":4},{"damage":13,"enemies":"The Guardian","floor":16,"turns":9},{"damage":9,"enemies":"Shell Parasite","floor":18,"turns":4},{"damage":33,"enemies":"2 Thieves","floor":19,"turns":4},{"damage":15,"enemies":"3 Cultists","floor":21,"turns":4},{"damage":31,"enemies":"Book of Stabbing","floor":23,"turns":5},{"damage":9,"enemies":"Centurion and Healer","floor":27,"turns":7},{"damage":3,"enemies":"Snake Plant","floor":28,"turns":4},{"damage":22,"enemies":"Chosen and Byrds","floor":29,"turns":6},{"damage":12,"enemies":"Centurion and Healer","floor":30,"turns":3},{"damage":11,"enemies":"Snecko","floor":31,"turns":5},{"damage":0,"enemies":"Collector","floor":33,"turns":8},{"damage":31,"enemies":"3 Shapes","floor":35,"turns":3},{"damage":14,"enemies":"Orb Walker","floor":39,"turns":2},{"damage":54,"enemies":"Jaw Worm Horde","floor":41,"turns":3}],"seed_played":"-6124643313138525839","potions_obtained":[{"floor":1,"key":"SkillPotion"},{"floor":3,"key":"PowerPotion"},{"floor":12,"key":"CultistPotion"},{"floor":18,"key":"Venom Potion"},{"floor":21,"key":"EssenceOfSteel"},{"floor":28,"key":"Death Potion"},{"floor":30,"key":"Explosive Potion"},{"floor":39,"key":"Regen Potion"}],"is_trial":false,"path_per_floor":["M","?","M","?","M","R","$","R","T","?","R","M","M","M","R","B",null,"M","M","AVR","M","?","E","R","$","T","M","M","M","M","M","R","B",null,"M","AVR","?","$","M","R","M"],"character_chosen":"THE_ANIMATOR","items_purchased":["animator:Kaijin","animator:Rimuru","Sling","PrismaticShard","animator:Ainz","animator:Berserker"],"campfire_rested":4,"item_purchase_floors":[7,25,25,38,38,38],"current_hp_per_floor":[64,47,46,46,45,45,45,45,45,45,45,45,36,28,48,35,59,50,20,20,8,67,39,59,59,59,53,53,34,26,18,38,42,62,34,34,34,34,20,39,0,0],"gold":12,"neow_bonus":"BOSS_RELIC","is_daily":false,"chose_seed":false,"campfire_upgraded":3,"win_rate":0.0,"timestamp":1610098696,"path_taken":["M","?","M","?","M","R","$","R","T","?","R","M","?","M","R","BOSS","M","M","AVR","M","?","E","R","$","T","M","M","M","?","M","R","BOSS","M","AVR","?","$","M","R","M"],"items_purchased_type":["Card","Card","Relic","Relic","Card","Card"],"build_version":"2020-12-22","purchased_purges":0,"victory":false,"max_hp_per_floor":[66,66,66,66,66,66,66,66,66,66,66,66,67,67,67,67,67,67,67,67,67,67,67,67,67,67,67,67,67,68,68,68,69,69,65,65,65,65,65,65,65,65],"card_choices":[{"not_picked":["animator:Entoma","animator:Ciel"],"picked":"animator:Benimaru","floor":1},{"not_picked":["hubris:Fate","infinitespire:Punishment"],"picked":"infinitespire:UltimateForm","floor":2},{"not_picked":["animator:Azekura","animator:Rena","animator:CowGirl"],"picked":"SKIP","floor":3},{"not_picked":["animator:GuildGirl","animator:Emonzaemon"],"picked":"animator:UneriGinkaku","floor":5},{"not_picked":["animator:Alexander","animator:Berserker"],"picked":"animator:EmiyaShirou","floor":12},{"not_picked":["animator:Demiurge","animator:Raven"],"picked":"animator:Caster","floor":13},{"not_picked":["animator:Entoma","animator:Sebas"],"picked":"animator:Lu","floor":14},{"not_picked":["animator:Shizu","animator:Elesis"],"picked":"animator:Hans","floor":16},{"not_picked":["animator:Demiurge","animator:Illya+1"],"picked":"animator:Aqua+1","floor":18},{"not_picked":["animator:Assassin","animator:Alexander"],"picked":"animator:Archer","floor":19},{"not_picked":["animator:Rider+1","animator:Caster+1"],"picked":"animator:NarberalGamma","floor":21},{"not_picked":["animator:Verdia","animator:Nanami"],"picked":"animator:Kazuma","floor":23},{"not_picked":["animator:GuildGirl","animator:YunYun"],"picked":"animator:Cocytus+1","floor":27},{"not_picked":["animator:Alexander","animator:Archer"],"picked":"animator:EmiyaShirou","floor":28},{"not_picked":["animator:NarberalGamma","animator:Verdia"],"picked":"animator:Shuna+1","floor":29},{"not_picked":["animator:Aqua","animator:ShinjiMatou"],"picked":"animator:HigakiRinne","floor":30},{"not_picked":["animator:Illya","animator:HighElfArcher+1"],"picked":"animator:Kazuma","floor":31},{"not_picked":["animator:Rimuru","animator:SwordMaiden"],"picked":"animator:Saber","floor":33},{"not_picked":["animator:Hakurou","animator:Shuna"],"picked":"animator:Veldora","floor":35},{"not_picked":["hexamod:HauntingEcho","Runesmith:LightningRod"],"picked":"ReplaySort+1","floor":39}],"player_experience":470682,"relics_obtained":[{"floor":9,"key":"Whetstone"},{"floor":23,"key":"Turnip"},{"floor":26,"key":"Replay:Mystery Machine"},{"floor":35,"key":"animator:CursedGlyph"}],"event_choices":[{"damage_healed":0,"gold_gain":0,"player_choice":"Ignored","damage_taken":0,"max_hp_gain":0,"max_hp_loss":0,"event_name":"Golden Wing","floor":4,"gold_loss":0},{"damage_healed":0,"gold_gain":0,"player_choice":"Bought 0 Potions","damage_taken":0,"max_hp_gain":0,"max_hp_loss":0,"event_name":"The Woman in Blue","floor":10,"gold_loss":0},{"cards_removed":["animator:Archer"],"damage_healed":59,"gold_gain":0,"player_choice":"Offered Uncommon","damage_taken":0,"max_hp_gain":0,"max_hp_loss":0,"event_name":"Bonfire Elementals","floor":22,"gold_loss":0}],"is_beta":false,"boss_relics":[{"not_picked":["hubris:GrandSneckoEye","hubris:Backtick"],"picked":"Fusion Hammer"},{"not_picked":["Cursed Key","Painkiller Herb"],"picked":"ChewingGum"}],"items_purged_floors":[],"is_endless":false,"potions_floor_spawned":[1,3,12,18,21,28,30,39],"killed_by":"Jaw Worm Horde","ascension_level":0}}