{"host":"y89x8uui45kcjy42","time":1610083800,"event":{"mods":["2.2 Compatiblity","BaseMod","CapriCore","Colored Map","Colored Powertips","Custom Start","Friendly Minions","Keyboard Shortcuts","Minty Spire (QoL Compilation)","Relic Stats","Slay the Relics Exporter","StSLib","SuperFastMode","Uncapped"],"gold_per_floor":[118,131,145,42,42,42,74,74,74,92,92,17,42,72,72,146,146,163,163,5,36,50,50,50,79,79,105,137,156,168,15,15,89,89,108,128,142,15,32,32,32,32,32,57,57,90,122,177,177,177,177,177,177,6,6,6],"floor_reached":55,"playtime":1593,"items_purged":["Strike_B","Defend_B","Defend_B","Strike_B+1","Strike_B+1"],"score":2013,"play_id":"40a74ece-b786-4c81-9f0a-96c2ea6bc69e","local_time":"20210108143000","is_ascension_mode":true,"campfire_choices":[{"data":"Reprogram","floor":6,"key":"SMITH"},{"data":"Reprogram","floor":8,"key":"SMITH"},{"data":"Gash","floor":11,"key":"SMITH"},{"data":"Machine Learning","floor":15,"key":"SMITH"},{"data":"FTL","floor":23,"key":"SMITH"},{"data":"Fusion","floor":32,"key":"SMITH"},{"data":"Seek","floor":40,"key":"SMITH"},{"data":"Buffer","floor":41,"key":"SMITH"},{"data":"Finesse","floor":42,"key":"SMITH"},{"data":"Hyperbeam","floor":45,"key":"SMITH"},{"floor":49,"key":"RECALL"},{"data":"Hologram","floor":53,"key":"SMITH"}],"circlet_count":0,"master_deck":["Defend_B+1","Reprogram+1","Reprogram+1","Gash+1","Machine Learning+1","Sweeping Beam","Hologram+1","Reinforced Body+1","Fission","Buffer+1","Hyperbeam+1","FTL+1","Fusion+1","Hyperbeam","Seek+1","Finesse+1","Buffer","Reprogram+1"],"relics":["Cracked Core","Nunchaku","Odd Mushroom","Unceasing Top","Cursed Key","Enchiridion","Red Mask","HornCleat","War Paint","Whetstone","Omamori","Blood Vial","Membership Card","Ancient Tea Set","Nuclear Battery","Eternal Feather","Peace Pipe","WingedGreaves","Mercury Hourglass","White Beast Statue","Prayer Wheel","DollysMirror"],"acts_visited":["Exordium","TheCity","TheBeyond","TheEnding"],"potions_floor_usage":[7,13,25,51],"damage_taken":[{"damage":0,"enemies":"Jaw Worm","floor":1,"turns":5},{"damage":18,"enemies":"2 Louse","floor":2,"turns":4},{"damage":2,"enemies":"Small Slimes","floor":3,"turns":4},{"damage":39,"enemies":"Gremlin Nob","floor":7,"turns":4},{"damage":11,"enemies":"Looter","floor":10,"turns":3},{"damage":0,"enemies":"The Mushroom Lair","floor":13,"turns":2},{"damage":20,"enemies":"Lagavulin","floor":14,"turns":5},{"damage":42,"enemies":"Hexaghost","floor":16,"turns":10},{"damage":4,"enemies":"Spheric Guardian","floor":18,"turns":4},{"damage":0,"enemies":"Masked Bandits","floor":21,"turns":3},{"damage":5,"enemies":"2 Thieves","floor":22,"turns":2},{"damage":15,"enemies":"Book of Stabbing","floor":25,"turns":6},{"damage":21,"enemies":"Slavers","floor":28,"turns":5},{"damage":4,"enemies":"3 Cultists","floor":29,"turns":3},{"damage":3,"enemies":"Centurion and Healer","floor":30,"turns":3},{"damage":0,"enemies":"Champ","floor":33,"turns":8},{"damage":13,"enemies":"3 Shapes","floor":35,"turns":2},{"damage":6,"enemies":"3 Darklings","floor":36,"turns":2},{"damage":14,"enemies":"4 Shapes","floor":37,"turns":2},{"damage":38,"enemies":"Sphere and 2 Shapes","floor":39,"turns":3},{"damage":0,"enemies":"Mind Bloom Boss Battle","floor":44,"turns":4},{"damage":45,"enemies":"Nemesis","floor":46,"turns":7},{"damage":0,"enemies":"Giant Head","floor":47,"turns":5},{"damage":16,"enemies":"2 Orb Walkers","floor":48,"turns":4},{"damage":65,"enemies":"Awakened One","floor":50,"turns":10},{"damage":138,"enemies":"Time Eater","floor":51,"turns":12},{"damage":83,"enemies":"Shield and Spear","floor":55,"turns":3}],"seed_played":"5835517825661588404","potions_obtained":[{"floor":2,"key":"BlessingOfTheForge"},{"floor":10,"key":"BlessingOfTheForge"},{"floor":21,"key":"Weak Potion"},{"floor":25,"key":"PotionOfCapacity"},{"floor":30,"key":"EssenceOfDarkness"},{"floor":35,"key":"Block Potion"},{"floor":44,"key":"Fire Potion"}],"is_trial":false,"path_per_floor":["M","M","M","$","?","R","E","R","T","M","R","?","?","E","R","B",null,"M","?","$","?","M","R","?","E","T","T","E","M","M","$","R","B",null,"M","M","M","$","M","R","R","R","T","?","R","E","E","?","R","B","B",null,"R","$","E"],"character_chosen":"DEFECT","items_purchased":["Hologram","Hyperbeam","Membership Card","Ancient Tea Set","Hyperbeam","Finesse","DollysMirror"],"campfire_rested":0,"item_purchase_floors":[4,20,31,31,31,38,54],"current_hp_per_floor":[71,53,51,51,44,44,5,5,5,67,67,67,67,47,47,5,60,56,35,35,35,30,30,30,78,78,78,57,55,54,54,54,56,73,62,58,46,46,78,78,78,78,78,78,78,33,35,78,78,78,12,62,71,71,0,0],"gold":6,"neow_bonus":"TEN_PERCENT_HP_BONUS","is_daily":false,"chose_seed":false,"campfire_upgraded":11,"win_rate":0.0,"timestamp":1610083800,"path_taken":["M","M","M","$","?","R","E","R","T","M","R","?","?","E","R","BOSS","M","?","$","?","M","R","?","E","T","?","E","M","M","$","R","BOSS","M","M","M","$","M","R","R","R","T","?","R","E","E","?","R","BOSS","BOSS","R","$","E"],"items_purchased_type":["Card","Card","Relic","Relic","Card","Card","Relic"],"build_version":"2020-12-22","purchased_purges":5,"victory":false,"max_hp_per_floor":[78,78,78,78,78,78,78,78,78,78,78,78,78,78,78,78,78,78,78,78,78,78,78,78,78,78,78,78,78,78,78,78,78,78,78,78,78,78,78,78,78,78,78,78,78,78,78,78,78,78,78,78,78,78,78,78],"relic_stats":{"Blood Vial":20,"Peace Pipe":0,"Nunchaku":[23],"counters":[27,124],"Eternal Feather":9,"Prayer Wheel":0,"Whetstone":["Strike_B","Strike_B"],"War Paint":["Reinforced Body","Defend_B"],"Cursed Key":3,"obtain_stats":[{"Enchiridion":19,"Eternal Feather":43,"Omamori":17,"Whetstone":27,"Odd Mushroom":13,"War Paint":26,"Cursed Key":17,"Ancient Tea Set":31,"White Beast Statue":47,"Nuclear Battery":34,"Mercury Hourglass":46,"Blood Vial":28,"Peace Pipe":44,"Nunchaku":7,"HornCleat":25,"DollysMirror":54,"Prayer Wheel":48,"WingedGreaves":40,"Red Mask":21,"Membership Card":31,"Cracked Core":0,"Unceasing Top":14},{"Enchiridion":9,"Eternal Feather":20,"Omamori":8,"Whetstone":12,"Odd Mushroom":6,"War Paint":12,"Cursed Key":8,"Ancient Tea Set":15,"White Beast Statue":23,"Nuclear Battery":16,"Mercury Hourglass":22,"Blood Vial":13,"Peace Pipe":21,"Nunchaku":4,"HornCleat":12,"DollysMirror":26,"Prayer Wheel":24,"WingedGreaves":20,"Red Mask":10,"Membership Card":15,"Cracked Core":0,"Unceasing Top":7},{"Enchiridion":41,"Eternal Feather":80,"Omamori":37,"Whetstone":52,"Odd Mushroom":22,"War Paint":52,"Cursed Key":37,"Ancient Tea Set":63,"White Beast Statue":96,"Nuclear Battery":71,"Mercury Hourglass":91,"Blood Vial":57,"Peace Pipe":84,"Nunchaku":17,"HornCleat":52,"DollysMirror":121,"Prayer Wheel":100,"WingedGreaves":80,"Red Mask":44,"Membership Card":63,"Cracked Core":0,"Unceasing Top":27}],"Unceasing Top":[10],"Mercury Hourglass":[117]},"card_choices":[{"not_picked":["Coolheaded","Redo"],"picked":"Gash","floor":1},{"not_picked":["Gash","Defragment"],"picked":"Machine Learning","floor":2},{"not_picked":["Leap","Storm"],"picked":"Sweeping Beam","floor":3},{"not_picked":["Barrage","Cold Snap"],"picked":"Reinforced Body","floor":7},{"not_picked":["Reinforced Body","Ball Lightning"],"picked":"Fission","floor":10},{"not_picked":["BootSequence","Barrage","Capacitor"],"picked":"SKIP","floor":14},{"not_picked":["Electrodynamics","Echo Form"],"picked":"Buffer","floor":16},{"not_picked":["Turbo","Hologram","Barrage+1"],"picked":"SKIP","floor":18},{"not_picked":["Rebound","Ball Lightning"],"picked":"FTL","floor":22},{"not_picked":["Capacitor","Amplify"],"picked":"Fusion","floor":25},{"not_picked":["Leap","Coolheaded","Genetic Algorithm"],"picked":"SKIP","floor":28},{"not_picked":["Go for the Eyes","Turbo","Steam"],"picked":"SKIP","floor":29},{"not_picked":["Cold Snap","Loop+1","Ball Lightning"],"picked":"SKIP","floor":30},{"not_picked":["All For One","Core Surge"],"picked":"Seek","floor":33},{"not_picked":["Genetic Algorithm","Redo","Aggregate"],"picked":"SKIP","floor":35},{"not_picked":["Conserve Battery","Go for the Eyes","Fusion"],"picked":"SKIP","floor":36},{"not_picked":["Streamline+1","Stack","Cold Snap+1"],"picked":"SKIP","floor":37},{"not_picked":["Barrage","Rebound+1","Steam+1"],"picked":"SKIP","floor":39},{"not_picked":["Lockon","Skim"],"picked":"Buffer","floor":44},{"not_picked":["Static Discharge","White Noise","BootSequence"],"picked":"SKIP","floor":46},{"not_picked":["Blizzard","Fusion","Barrage+1"],"picked":"SKIP","floor":47}],"player_experience":580087,"relics_obtained":[{"floor":7,"key":"Nunchaku"},{"floor":13,"key":"Odd Mushroom"},{"floor":14,"key":"Unceasing Top"},{"floor":19,"key":"Enchiridion"},{"floor":21,"key":"Red Mask"},{"floor":25,"key":"HornCleat"},{"floor":26,"key":"War Paint"},{"floor":27,"key":"Whetstone"},{"floor":28,"key":"Blood Vial"},{"floor":43,"key":"Eternal Feather"},{"floor":44,"key":"Peace Pipe"},{"floor":46,"key":"Mercury Hourglass"},{"floor":47,"key":"White Beast Statue"},{"floor":48,"key":"Prayer Wheel"}],"event_choices":[{"cards_removed":["Defend_B"],"damage_healed":0,"gold_gain":0,"player_choice":"Card Removal","damage_taken":7,"max_hp_gain":0,"max_hp_loss":0,"event_name":"Golden Wing","floor":5,"gold_loss":0},{"cards_removed":["Strike_B"],"damage_healed":0,"gold_gain":0,"player_choice":"Card Removal","damage_taken":0,"max_hp_gain":0,"max_hp_loss":0,"event_name":"The Cleric","floor":12,"gold_loss":75},{"damage_healed":0,"gold_gain":0,"player_choice":"Fought Mushrooms","damage_taken":0,"max_hp_gain":0,"max_hp_loss":0,"event_name":"Mushrooms","floor":13,"gold_loss":0},{"damage_healed":0,"gold_gain":0,"player_choice":"Obtained Book","damage_taken":21,"max_hp_gain":0,"max_hp_loss":0,"event_name":"Cursed Tome","floor":19,"gold_loss":0},{"damage_healed":0,"gold_gain":0,"player_choice":"Fought Bandits","damage_taken":0,"max_hp_gain":0,"max_hp_loss":0,"event_name":"Masked Bandits","floor":21,"gold_loss":0},{"damage_healed":0,"gold_gain":0,"player_choice":"Ignored","damage_taken":0,"max_hp_gain":0,"max_hp_loss":0,"event_name":"Vampires","floor":24,"gold_loss":0},{"damage_healed":0,"gold_gain":0,"player_choice":"Fight","damage_taken":0,"max_hp_gain":0,"max_hp_loss":0,"event_name":"MindBloom","floor":44,"gold_loss":0},{"damage_healed":0,"gold_gain":0,"player_choice":"Fight","damage_taken":0,"max_hp_gain":0,"max_hp_loss":0,"event_name":"Mysterious Sphere","floor":48,"gold_loss":0}],"is_beta":false,"boss_relics":[{"not_picked":["Philosopher\u0027s Stone","Pandora\u0027s Box"],"picked":"Cursed Key"},{"not_picked":["Runic Dome","Empty Cage"],"picked":"Nuclear Battery"}],"items_purged_floors":[4,20,31,38,54],"is_endless":false,"potions_floor_spawned":[2,10,21,25,30,35,44,46,47,48],"killed_by":"Shield and Spear","ascension_level":20}}