{"host":"126yiuos2nq86se7","time":1610073772,"event":{"mods":["AchievementEnabler","Act Like it!","BaseMod","Colored Map","Colored Powertips","Downfall","Friendly Minions","Halation","Highlight Path","Jorbs\u0027s Wanderer Trilogy","Minty Spire (QoL Compilation)","Replay The Spire","StSLib","SuperFastMode","The Animator"],"gold_per_floor":[112,164,181,181,181,181,215,229,283,283,299,299,299,314,314,409,409,428,442,442,442],"floor_reached":20,"playtime":777,"items_purged":[],"score":191,"play_id":"b904226d-97d7-423a-bcc0-c265d7b77bea","local_time":"20210108134252","is_ascension_mode":true,"campfire_choices":[{"floor":6,"key":"REST"},{"floor":10,"key":"REST"},{"floor":13,"key":"REST"},{"floor":15,"key":"REST"}],"circlet_count":0,"master_deck":["Strike_B","Strike_B","Strike_B","Defend_B","Defend_B","Defend_B","Defend_B","Zap","Dualcast","Beam Cell","BootSequence","Capacitor","ReplayGash","Compile Driver","FIFO Queue","White Noise","Static Discharge","Self Repair","Scrape","Seek","Redo","Steam"],"relics":["Cracked Core","ReplayTheSpireMod:Ninjato","Oddly Smooth Stone","StoneCalendar","Dream Catcher","halation:KoshaPiece"],"acts_visited":["Exordium","TheCity"],"potions_floor_usage":[16,16],"damage_taken":[{"damage":2,"enemies":"Jaw Worm","floor":1,"turns":4},{"damage":3,"enemies":"2 Louse","floor":3,"turns":3},{"damage":50,"enemies":"Gremlin Nob","floor":7,"turns":6},{"damage":0,"enemies":"Small Slimes","floor":8,"turns":4},{"damage":0,"enemies":"Looter","floor":11,"turns":4},{"damage":0,"enemies":"Red Slaver","floor":14,"turns":3},{"damage":44,"enemies":"The Guardian","floor":16,"turns":9},{"damage":44,"enemies":"Spheric Guardian","floor":18,"turns":6},{"damage":19,"enemies":"Shell Parasite","floor":19,"turns":7},{"damage":46,"enemies":"Snecko","floor":20,"turns":4}],"seed_played":"-2928629625035189388","potions_obtained":[{"floor":3,"key":"Energy Potion"},{"floor":7,"key":"Cursed Concoction"},{"floor":16,"key":"EssenceOfSteel"},{"floor":19,"key":"Block Potion"}],"is_trial":false,"path_per_floor":["M","?","M","?","?","R","E","M","T","R","M","?","R","M","R_BF","B",null,"M","M","M"],"character_chosen":"DEFECT","items_purchased":[],"campfire_rested":4,"item_purchase_floors":[],"current_hp_per_floor":[73,55,52,52,52,74,24,24,24,46,46,21,43,43,65,28,75,38,26,0,0],"gold":442,"neow_bonus":"RANDOM_EVENT","is_daily":false,"chose_seed":false,"campfire_upgraded":0,"win_rate":0.0,"timestamp":1610073772,"path_taken":["M","?","M","?","?","R","E","M","T","R","?","?","R","M","R_BF","BOSS","M","M","M"],"items_purchased_type":[],"build_version":"2020-12-22","purchased_purges":0,"victory":false,"max_hp_per_floor":[75,75,75,75,75,75,75,75,75,75,75,75,75,75,75,75,75,75,75,75,75],"card_choices":[{"not_picked":["Streamline","Hologram"],"picked":"Beam Cell","floor":1},{"not_picked":["Cold Snap","Steam"],"picked":"BootSequence","floor":2},{"not_picked":["Force Field","Reinforced Body"],"picked":"Capacitor","floor":2},{"not_picked":["Stack","Turbo"],"picked":"ReplaySort","floor":3},{"not_picked":["Cold Snap","Rip and Tear"],"picked":"ReplayGash","floor":7},{"not_picked":["BasicCrystalCard","Leap"],"picked":"Compile Driver","floor":8},{"not_picked":["Leap","ReplayRNGCard"],"picked":"FIFO Queue","floor":10},{"not_picked":["Cold Snap","Turbo"],"picked":"White Noise","floor":11},{"not_picked":["ReplaySolidLightProjector","Steam"],"picked":"Static Discharge","floor":13},{"not_picked":["Steam","Panic Button"],"picked":"Self Repair","floor":14},{"not_picked":["Coolheaded","Conserve Battery"],"picked":"Scrape","floor":15},{"not_picked":["Multi-Cast","ReplayTheSpireMod:Omega Cannon"],"picked":"Seek","floor":16},{"not_picked":["Crystallizer","Storm"],"picked":"Redo","floor":18},{"not_picked":["Rebound","Turbo+1"],"picked":"Steam","floor":19}],"player_experience":1618503,"relics_obtained":[{"floor":2,"key":"ReplayTheSpireMod:Ninjato"},{"floor":7,"key":"StoneCalendar"},{"floor":9,"key":"Dream Catcher"}],"event_choices":[{"cards_removed":["Strike_B"],"damage_healed":0,"gold_gain":0,"player_choice":"Forget","damage_taken":0,"max_hp_gain":0,"max_hp_loss":0,"event_name":"Living Wall","floor":0,"gold_loss":0},{"cards_removed":["Genetic Algorithm"],"damage_healed":0,"gold_gain":0,"player_choice":"Gave Card","damage_taken":0,"relics_obtained":["Oddly Smooth Stone"],"max_hp_gain":0,"max_hp_loss":0,"event_name":"WeMeetAgain","floor":5,"gold_loss":0},{"damage_healed":0,"gold_gain":0,"player_choice":"Success","damage_taken":25,"relics_obtained":["halation:KoshaPiece"],"max_hp_gain":0,"max_hp_loss":0,"event_name":"Scrap Ooze","floor":12,"gold_loss":0}],"is_beta":false,"boss_relics":[{"not_picked":["Runic Pyramid","Pandora\u0027s Box","halation:SmartPhone"]}],"items_purged_floors":[],"is_endless":false,"potions_floor_spawned":[3,7,16,19],"killed_by":"Snecko","ascension_level":2}}