{"host":"7c402rm0fqc13zvz","time":1610135242,"event":{"mods":["BaseMod","Marisa£®ÏF”Í°°ƒß¿Ì…≥£©","Minty Spire (QoL Compilation)","Reimu£®≤©¿ˆ¡È√Œ£©","StSLib","The Administrix","Youmu£®ªÍ∆«—˝√Œ£©","[π¶ƒ‹]π¶ƒ‹‘ˆ«ø∫Õ–ﬁ∏¥MOD"],"gold_per_floor":[118,78,153,153,328,328,360,373,373,363,378,378,403,403,403,505,505,517,517,514,514,531,531,530,530,555,555,568,558,590,620,620,634,634,644,619,614,0,0,0,46,62,62,89,104,104,104,133,133,133],"floor_reached":51,"playtime":3257,"items_purged":["Defend_Lin:ReiMu","Defend_Lin:ReiMu","Defend_Lin:ReiMu","Defend_Lin:ReiMu","Strike_Lin:ReiMu","Strike_Lin:ReiMu","Strike_Lin:ReiMu","Strike_Lin:ReiMu","Regret","Doubt","AlertArray:ReiMu","Gathering:ReiMu","OrbThrow:ReiMu+1","Shading:ReiMu+1"],"score":945,"play_id":"0a5c8bff-5ed6-4df8-b48c-beddd83dc3dd","local_time":"20210109034722","is_ascension_mode":false,"campfire_choices":[{"data":"CareerPray:ReiMu","floor":6.0,"key":"SMITH"},{"data":"Deep Breath","floor":15.0,"key":"SMITH"},{"data":"SubcavityFantasy:ReiMu","floor":23.0,"key":"SMITH"},{"data":"Authority:ReiMu","floor":27.0,"key":"SMITH"},{"data":"CleanRite:ReiMu","floor":32.0,"key":"SMITH"},{"data":"DependentForm:ReiMu","floor":40.0,"key":"SMITH"},{"data":"Free:ReiMu","floor":46.0,"key":"SMITH"},{"data":"Determination:ReiMu","floor":49,"key":"SMITH"}],"circlet_count":0,"master_deck":["NB:ReiMu+1","Gathering:ReiMu","OrbThrow:ReiMu+1","CareerPray:ReiMu+1","SubcavityFantasy:ReiMu+1","YinYangSange:ReiMu","SpiritualOutbreak2:ReiMu","CleanRite:ReiMu+1","Deep Breath+1","Amulet:ReiMu","EmergencyTakeOff:ReiMu+1","Authority:ReiMu+1","Finesse","SpreadBorder2:ReiMu","Meditation:ReiMu+1","Free:ReiMu+1","FantasyMoon:ReiMu+1","LovePray:ReiMu+1","KamiRite:ReiMu+1","MikOfLucky:ReiMu+1","Determination:ReiMu+1","DependentForm:ReiMu+1","Forethought","Finesse","Flash of Steel","SpringWay:ReiMu+1"],"relics":["FlyPower:ReiMu","NeowsBlessing","Mercury Hourglass","Oddly Smooth Stone","Lee\u0027s Waffle","Pen Nib","Shuriken","Question Card","Bag of Marbles","Whetstone","HandDrill","Centennial Puzzle","Darkstone Periapt","Juzu Bracelet","Orrery","RedLine:ReiMu","Membership Card","Happy Flower","War Paint","Toy Ornithopter","MutagenicStrength","Potion Belt","PreservedInsect","Salt:ReiMu","CheatingSign:ReiMu","Unceasing Top","Peace Pipe","Sundial","Astrolabe","SkyOrb:ReiMu","Eternal Feather","Frozen Eye","Red Mask","Ice Cream","Frozen Egg 2","Vajra","CrazyTorch:ReiMu"],"acts_visited":["Exordium","TheCity","TheBeyond"],"potions_floor_usage":[50,50,50],"damage_taken":[{"damage":0.0,"enemies":"2 Louse","floor":1.0,"turns":1.0},{"damage":2.0,"enemies":"Lagavulin","floor":7.0,"turns":2.0},{"damage":0.0,"enemies":"Small Slimes","floor":8.0,"turns":1.0},{"damage":0.0,"enemies":"Jaw Worm","floor":11.0,"turns":2.0},{"damage":8.0,"enemies":"Gremlin Nob","floor":13.0,"turns":3.0},{"damage":0.0,"enemies":"The Guardian","floor":16.0,"turns":8.0},{"damage":5.0,"enemies":"Spheric Guardian","floor":18.0,"turns":3.0},{"damage":1.0,"enemies":"Shell Parasite","floor":22.0,"turns":2.0},{"damage":19.0,"enemies":"Gremlin Leader","floor":24.0,"turns":4.0},{"damage":0.0,"enemies":"Snecko","floor":28.0,"turns":2.0},{"damage":19.0,"enemies":"Slavers","floor":30.0,"turns":3.0},{"damage":0.0,"enemies":"Colosseum Slavers","floor":31.0,"turns":2.0},{"damage":0.0,"enemies":"Colosseum Nobs","floor":31.0,"turns":3.0},{"damage":4.0,"enemies":"Automaton","floor":33.0,"turns":7.0},{"damage":0.0,"enemies":"3 Darklings","floor":35.0,"turns":2.0},{"damage":0.0,"enemies":"Orb Walker","floor":36.0,"turns":2.0},{"damage":25.0,"enemies":"2 Orb Walkers","floor":41.0,"turns":4.0},{"damage":3.0,"enemies":"Jaw Worm Horde","floor":42.0,"turns":3.0},{"damage":0.0,"enemies":"Giant Head","floor":44.0,"turns":4.0},{"damage":3.0,"enemies":"Writhing Mass","floor":45.0,"turns":3.0},{"damage":0,"enemies":"Reptomancer","floor":48,"turns":3},{"damage":77,"enemies":"Awakened One","floor":50,"turns":8}],"seed_played":"-8217772914630077055","potions_obtained":[{"floor":1.0,"key":"EssenceOfSteel"},{"floor":8.0,"key":"Regen Potion"},{"floor":13.0,"key":"Block Potion"},{"floor":18.0,"key":"FairyPotion"},{"floor":24.0,"key":"ColorlessPotion"},{"floor":28.0,"key":"MagicPotion:ReiMu"},{"floor":28.0,"key":"ZuzhouPotion:ReiMu"},{"floor":42.0,"key":"Strength Potion"}],"is_trial":false,"path_per_floor":["M","$","?","?","?","R","E","M","T","$","M","?","E","$","R","B",null,"M","?","$","?","M","R","E","?","T","R","M","$","E","?","R","B",null,"M","M","$","?","?","R","?","M","T","E","M","R","?","E","R","B",null],"character_chosen":"REIMU","items_purchased":["Mercury Hourglass","Oddly Smooth Stone","Lee\u0027s Waffle","Gathering:ReiMu","OrbThrow:ReiMu","CareerPray:ReiMu","LiquidFlight:ReiMu","Bag of Marbles","Whetstone","HandDrill","YinYangSange:ReiMu","SpiritualOutbreak2:ReiMu","AlertArray:ReiMu","Deep Breath","Amulet:ReiMu","Darkstone Periapt","Juzu Bracelet","Orrery","Finesse","Gathering:ReiMu","Membership Card","Happy Flower","SpreadBorder2:ReiMu","War Paint","PreservedInsect","Salt:ReiMu","CheatingSign:ReiMu","Fruit Juice","FearPotion","SkyOrb:ReiMu","Eternal Feather","Frozen Eye","Determination:ReiMu","DependentForm:ReiMu"],"campfire_rested":0,"item_purchase_floors":[2,2,2,2,2,2,2,10,10,10,10,10,10,14,14,14,14,14,20,20,20,20,20,20,29,29,29,29,29,37,37,37,37,37],"current_hp_per_floor":[65,72,61,61,61,61,59,59,59,59,64,64,56,56,56,56,72,67,67,67,54,53,53,34,34,34,34,34,44,25,25,25,21,82,82,82,82,82,82,82,57,54,54,54,51,63,53,53,68,41],"gold":133,"neow_bonus":"THREE_ENEMY_KILL","is_daily":false,"chose_seed":false,"campfire_upgraded":8,"win_rate":0.0,"timestamp":1610135242,"path_taken":["M","$","?","?","?","R","E","M","T","$","?","?","E","$","R","BOSS","M","?","$","?","M","R","E","?","T","R","M","$","E","?","R","BOSS","M","M","$","?","?","R","?","M","T","E","M","R","?","E","R","BOSS"],"items_purchased_type":["Relic","Relic","Relic","Card","Card","Card","Potion","Relic","Relic","Relic","Card","Card","Card","Card","Card","Relic","Relic","Relic","Card","Card","Relic","Relic","Card","Relic","Relic","Relic","Relic","Potion","Potion","Relic","Relic","Relic","Card","Card"],"build_version":"2020-12-22","purchased_purges":14,"victory":true,"max_hp_per_floor":[65,72,72,72,72,72,72,72,72,72,72,72,72,72,72,72,72,72,72,72,77,77,77,77,77,77,77,77,82,82,82,82,82,82,82,82,82,82,82,82,82,82,82,82,82,82,82,82,82,82],"card_choices":[{"not_picked":["Mountainwind:ReiMu","SubcavityInstant:ReiMu"],"picked":"Enchanting:ReiMu","floor":1.0},{"not_picked":["TightArray:ReiMu","TakeOff:ReiMu"],"picked":"SubcavityFantasy:ReiMu","floor":7.0},{"not_picked":["SpreadBorder2:ReiMu","FantasyBorder:ReiMu"],"picked":"OrbThrow:ReiMu","floor":8.0},{"not_picked":["UpKicking:ReiMu","AirStrike:ReiMu","OrbThrow:ReiMu","Meditation:ReiMu"],"picked":"SKIP","floor":11.0},{"not_picked":["UpKicking:ReiMu","AirStrike:ReiMu","OrbThrow:ReiMu","Meditation:ReiMu"],"picked":"SKIP","floor":11.0},{"not_picked":["YinYang:ReiMu","OctopathSalyBorderN:ReiMu","LearningPray:ReiMu"],"picked":"CleanRite:ReiMu","floor":13.0},{"not_picked":["SpringWay:ReiMu","Amulet:ReiMu","WonderfulDomain:ReiMu"],"picked":"Shading:ReiMu","floor":14.0},{"not_picked":["SubAcupoint:ReiMu","Crusade:ReiMu","UpKicking:ReiMu"],"picked":"EmergencyTakeOff:ReiMu","floor":14.0},{"not_picked":["HakureiPhantom:ReiMu","SubcavityFantasy:ReiMu","OctopathSalyBorderN:ReiMu"],"picked":"Authority:ReiMu","floor":16.0},{"not_picked":["TightArray:ReiMu+1","SubAcupoint:ReiMu","AirStrike:ReiMu","SubcavityInstant:ReiMu"],"picked":"SKIP","floor":18.0},{"not_picked":["Mountainwind:ReiMu","FantasyMoon:ReiMu","FoulBorder2:ReiMu+1"],"picked":"BarrageOfMoneybags:ReiMu","floor":22.0},{"not_picked":["Dreaming:ReiMu","KamiSacrifice:ReiMu+1","OrbThrow:ReiMu","AirStrike:ReiMu"],"picked":"SKIP","floor":24.0},{"not_picked":["Revelation:ReiMu","EmergencyTakeOff:ReiMu","AlertArray:ReiMu"],"picked":"Meditation:ReiMu+1","floor":28.0},{"not_picked":["NineCharacters:ReiMu","AlertArray:ReiMu","FantasyMoon:ReiMu","SpreadBorder2:ReiMu"],"picked":"SKIP","floor":30.0},{"not_picked":["NineCharacters:ReiMu","AlertArray:ReiMu","FantasyMoon:ReiMu","SpreadBorder2:ReiMu"],"picked":"SKIP","floor":30.0},{"not_picked":["AlertArray:ReiMu+1","LearningPray:ReiMu","YinYangSign:ReiMu"],"picked":"SafetyPray:ReiMu","floor":31.0},{"not_picked":["SubcavityFantasy:ReiMu","YinYang:ReiMu","Dreaming:ReiMu"],"picked":"Free:ReiMu","floor":33.0},{"not_picked":["CareerPray:ReiMu","Dreaming2:ReiMu+1","Conquer:ReiMu+1"],"picked":"MikOfLucky:ReiMu+1","floor":35.0},{"not_picked":["SpreadBorder2:ReiMu","SpringWay:ReiMu","OrbThrow:ReiMu","PrepareRite:ReiMu+1"],"picked":"SKIP","floor":36.0},{"not_picked":["CollectionFlower2:ReiMu","AirStrike:ReiMu+1","Intuition:ReiMu+1","MikOfLucky:ReiMu"],"picked":"SKIP","floor":42.0},{"not_picked":["CollectionFlower2:ReiMu","AirStrike:ReiMu+1","Intuition:ReiMu+1","MikOfLucky:ReiMu"],"picked":"SKIP","floor":42.0},{"not_picked":["YinYangSign:ReiMu+1","CollectionFlower2:ReiMu","AlertArray:ReiMu+1","SafetyPray:ReiMu+1"],"picked":"SKIP","floor":44.0},{"not_picked":["YinYangSign:ReiMu+1","CollectionFlower2:ReiMu","AlertArray:ReiMu+1","SafetyPray:ReiMu+1"],"picked":"SKIP","floor":44.0},{"not_picked":["Enchanting:ReiMu","YinYangSign:ReiMu+1","Conquer:ReiMu+1","MikOfLucky:ReiMu+1"],"picked":"SKIP","floor":45.0},{"not_picked":["HandOfGreed","PanicButton","Finesse"],"picked":"Forethought","floor":47},{"not_picked":["Jack Of All Trades","HandOfGreedSenior","Swift Strike"],"picked":"Finesse","floor":47},{"not_picked":["HandOfGreedSenior","Blind","Dramatic Entrance"],"picked":"Flash of Steel","floor":47},{"not_picked":["OrbThrow:ReiMu+1","SafetyPray:ReiMu+1","Dreaming2:ReiMu"],"picked":"SpringWay:ReiMu+1","floor":48}],"player_experience":41875,"relics_obtained":[{"floor":7.0,"key":"Shuriken"},{"floor":9.0,"key":"Question Card"},{"floor":13.0,"key":"Centennial Puzzle"},{"floor":24.0,"key":"Toy Ornithopter"},{"floor":26.0,"key":"Potion Belt"},{"floor":30.0,"key":"Unceasing Top"},{"floor":31.0,"key":"Peace Pipe"},{"floor":31.0,"key":"Sundial"},{"floor":41.0,"key":"Ice Cream"},{"floor":43.0,"key":"Frozen Egg 2"},{"floor":44.0,"key":"Vajra"},{"floor":48,"key":"CrazyTorch:ReiMu"}],"event_choices":[{"damage_healed":0.0,"max_hp_gain":0.0,"max_hp_loss":0.0,"gold_gain":75.0,"event_name":"World of Goop","player_choice":"Gather Gold","floor":3.0,"gold_loss":0.0,"damage_taken":11.0},{"damage_healed":0.0,"max_hp_gain":0.0,"max_hp_loss":0.0,"gold_gain":0.0,"event_name":"Big Fish","player_choice":"Box","floor":4.0,"gold_loss":0.0,"damage_taken":0.0,"relics_obtained":["Pen Nib"],"cards_obtained":["Regret"]},{"damage_healed":0.0,"max_hp_gain":0.0,"max_hp_loss":0.0,"gold_gain":175.0,"event_name":"Liars Game","player_choice":"AGREE","floor":5.0,"gold_loss":0.0,"damage_taken":0.0,"cards_obtained":["Doubt"]},{"damage_healed":0.0,"max_hp_gain":0.0,"max_hp_loss":0.0,"gold_gain":0.0,"event_name":"Living Wall","player_choice":"Grow","floor":12.0,"gold_loss":0.0,"damage_taken":0.0,"cards_upgraded":["NB:ReiMu"]},{"damage_healed":0.0,"max_hp_gain":0.0,"max_hp_loss":0.0,"gold_gain":0.0,"event_name":"Vampires","player_choice":"Ignored","floor":19.0,"gold_loss":0.0,"damage_taken":0.0},{"damage_healed":0.0,"max_hp_gain":5.0,"max_hp_loss":0.0,"gold_gain":0.0,"event_name":"Forgotten Altar","player_choice":"Shed Blood","floor":21.0,"gold_loss":0.0,"damage_taken":18.0},{"damage_healed":0.0,"max_hp_gain":0.0,"max_hp_loss":0.0,"gold_gain":0.0,"event_name":"Drug Dealer","player_choice":"Inject Mutagens","floor":25.0,"gold_loss":0.0,"damage_taken":0.0,"relics_obtained":["MutagenicStrength"]},{"damage_healed":0.0,"max_hp_gain":0.0,"max_hp_loss":0.0,"gold_gain":0.0,"event_name":"Colosseum","player_choice":"Fight","floor":31.0,"gold_loss":0.0,"damage_taken":0.0},{"damage_healed":0.0,"max_hp_gain":0.0,"max_hp_loss":0.0,"gold_gain":0.0,"event_name":"Colosseum","player_choice":"Fought Nobs","floor":31.0,"gold_loss":0.0,"damage_taken":0.0},{"damage_healed":0.0,"max_hp_gain":0.0,"max_hp_loss":0.0,"gold_gain":0.0,"event_name":"Tomb of Lord Red Mask","player_choice":"Paid","floor":38.0,"gold_loss":614.0,"damage_taken":0.0,"relics_obtained":["Red Mask"]},{"cards_removed":["BarrageOfMoneybags:ReiMu"],"damage_healed":0.0,"max_hp_gain":0.0,"max_hp_loss":0.0,"gold_gain":0.0,"event_name":"Bonfire Elementals","player_choice":"Offered Uncommon","floor":39.0,"gold_loss":0.0,"damage_taken":0.0},{"damage_healed":0.0,"max_hp_gain":0.0,"max_hp_loss":0.0,"gold_gain":0.0,"event_name":"Mysterious Sphere","player_choice":"Fight","floor":41.0,"gold_loss":0.0,"damage_taken":0.0},{"damage_healed":0,"gold_gain":0,"player_choice":"Memory 3","damage_taken":10,"max_hp_gain":0,"max_hp_loss":0,"event_name":"SensoryStone","floor":47,"gold_loss":0}],"is_beta":false,"boss_relics":[{"not_picked":["Sozu","Philosopher\u0027s Stone"],"picked":"RedLine:ReiMu"},{"not_picked":["Black Star","Busted Crown"],"picked":"Astrolabe"}],"items_purged_floors":[2,2,2,2,2,2,2,2,10,10,20,29,29,37],"is_endless":false,"potions_floor_spawned":[1,8,13,18,22,24,28,28,30,33,35,36,41,42,42,42],"ascension_level":0}}