{"host":"u4pncpybdtxxvw4r","time":1610070049,"event":{"mods":["AchievementEnabler","BaseMod","Block Reminder","Colored Powertips","Downfall","Marisa£®ÏF”Í°°ƒß¿Ì…≥£©","Minty Spire (QoL Compilation)","Permanent Neow","Potion Indicator Mod","Rare Cards Sparkle","StSLib","SuperFastMode"],"gold_per_floor":[99,114,114,129,129,144,144,163,177,47,147,97,97,116,126,223,223,23,42,42,42,42,42,113,130,130,80,106,10,22,41,52,52,52,52],"floor_reached":33,"playtime":1679,"items_purged":[],"score":264,"play_id":"b4f7f9a4-3e7c-4ee2-8c7b-24a68eaebf62","local_time":"20210108094049","is_ascension_mode":false,"campfire_choices":[{"data":"Slimebound:CorrosiveSpit","floor":1,"key":"SMITH"},{"floor":12,"key":"RECALL"},{"data":"Slimebound:LevelUp","floor":18,"key":"SMITH"},{"data":"expansioncontent:HyperBeam","floor":23,"key":"SMITH"},{"floor":27,"key":"REST"}],"circlet_count":0,"master_deck":["Slimebound:Tackle","Slimebound:Defend_Slimebound","Slimebound:Defend_Slimebound","Slimebound:Defend_Slimebound+1","Slimebound:Defend_Slimebound","Slimebound:Split+1","Slimebound:CorrosiveSpit+1","Slimebound:ServeAndProtect","Slimebound:Prepare","Slimebound:SplitMire","Slimebound:SplitLeeching","Slimebound:LivingWall","Slimebound:LevelUp+1","Slimebound:Schlurp","expansioncontent:HyperBeam+1","Slimebound:PressTheAttack","Slimebound:Repurpose","Slimebound:MassRepurpose+1","Slimebound:Repurpose","Slimebound:Tackle+1","Slimebound:Tackle+1","Slimebound:Tackle+1","Slimebound:SlimeSpikes","Bite","Bite","Bite","Bite","Bite","Slimebound:RejuvenatingLick","Slimebound:AcidTongue","Slimebound:SamplingLick","Slimebound:LevelUp","Slimebound:SlimeBrawl","Slimebound:Replication"],"relics":["Slimebound:AbsorbEndCombat","Slimebound:GreedOozeRelic","Black Star","downfall:HeartBlessingRed","downfall:HeartBlessingBlue","downfall:RedIOU","Pantograph","MawBank"],"acts_visited":["Exordium","TheCity"],"potions_floor_usage":[32,33,33],"damage_taken":[{"damage":14,"enemies":"Jaw Worm","floor":2,"turns":3},{"damage":8,"enemies":"2 Louse","floor":4,"turns":3},{"damage":8,"enemies":"Cultist","floor":6,"turns":3},{"damage":19,"enemies":"Lots of Slimes","floor":8,"turns":4},{"damage":12,"enemies":"3 Louse","floor":9,"turns":3},{"damage":13,"enemies":"downfall:FleeingMerchant","floor":10,"turns":4},{"damage":11,"enemies":"Exordium Wildlife","floor":14,"turns":3},{"damage":0,"enemies":"2 Fungi Beasts","floor":15,"turns":2},{"damage":52,"enemies":"downfall:Watcher","floor":16,"turns":9},{"damage":26,"enemies":"Spheric Guardian","floor":19,"turns":5},{"damage":46,"enemies":"3 Byrds","floor":25,"turns":5},{"damage":12,"enemies":"downfall:FleeingMerchant","floor":29,"turns":4},{"damage":28,"enemies":"Centurion and Healer","floor":30,"turns":6},{"damage":20,"enemies":"Snecko","floor":31,"turns":5},{"damage":35,"enemies":"3 Cultists","floor":32,"turns":6},{"damage":82,"enemies":"downfall:Silent","floor":33,"turns":8}],"seed_played":"2918781608382640614","potions_obtained":[{"floor":4,"key":"Weak Potion"},{"floor":6,"key":"AttackPotion"},{"floor":14,"key":"EssenceOfSteel"}],"is_trial":false,"path_per_floor":["R","M","?","M","?","M","T","M","M","$","?","R","?","M","M","B",null,"R","M","?","?","?","R","T","M","?","R","T","$","M","M","M","B"],"character_chosen":"SLIMEBOUND","items_purchased":["Slimebound:Schlurp","expansioncontent:HyperBeam","Slimebound:AcidTongue","Slimebound:SamplingLick"],"campfire_rested":1,"item_purchase_floors":[10,10,29,29],"current_hp_per_floor":[60,56,56,56,56,60,60,59,57,60,60,60,60,60,60,34,60,70,66,66,66,66,66,66,38,38,49,49,49,49,41,43,0,0,0],"gold":52,"neow_bonus":"UPGRADE_CARD","is_daily":false,"chose_seed":false,"campfire_upgraded":3,"win_rate":0.0,"timestamp":1610070049,"path_taken":["R","M","?","M","?","M","T","?","M","?","?","R","?","?","M","BOSS","R","M","?","?","?","R","T","M","?","R","?","$","?","M","M","BOSS"],"items_purchased_type":["Card","Card","Card","Card"],"build_version":"2020-12-22","purchased_purges":0,"victory":false,"max_hp_per_floor":[60,60,60,60,60,60,60,60,60,60,60,60,60,60,60,60,60,70,70,70,70,70,70,70,70,49,49,49,49,49,49,49,49,49,49],"card_choices":[{"not_picked":["Slimebound:GoopTackle","Slimebound:LeechEnergy"],"picked":"Slimebound:ServeAndProtect","floor":2},{"not_picked":["Slimebound:FinishingTackle","Slimebound:GoopSpray"],"picked":"Slimebound:Prepare","floor":4},{"not_picked":["Slimebound:SamplingLick","Slimebound:DivideAndConquer"],"picked":"Slimebound:SplitMire","floor":6},{"not_picked":["Slimebound:GrowthPunch","Slimebound:ComboTackle"],"picked":"Slimebound:SplitLeeching","floor":8},{"not_picked":["Slimebound:LeechEnergy","Slimebound:SlimeTap"],"picked":"Slimebound:LivingWall","floor":9},{"not_picked":["Slimebound:RallyTheTroops","Slimebound:FirmFortitude"],"picked":"Slimebound:LevelUp","floor":10},{"not_picked":["Slimebound:SplitLeeching","Slimebound:SplitBruiser"],"picked":"Slimebound:PressTheAttack","floor":14},{"not_picked":["Slimebound:SamplingLick","Slimebound:ComboTackle"],"picked":"Slimebound:Repurpose","floor":15},{"not_picked":["Slimebound:WasteNot","Slimebound:Teamwork"],"picked":"Slimebound:MassRepurpose","floor":16},{"not_picked":["Slimebound:Dissolve+1","Slimebound:SplitAcid+1"],"picked":"Slimebound:Repurpose","floor":19},{"not_picked":["Slimebound:FirmFortitude","Slimebound:SlimeBarrage"],"picked":"Slimebound:SlimeSpikes","floor":25},{"not_picked":["Slimebound:ServeAndProtect","Slimebound:Schlurp"],"picked":"Slimebound:RejuvenatingLick","floor":29},{"not_picked":["Slimebound:SplitBruiser","Slimebound:ServeAndProtect"],"picked":"Slimebound:LevelUp","floor":30},{"not_picked":["Slimebound:LivingWall","Slimebound:SplitBruiser+1"],"picked":"Slimebound:SlimeBrawl","floor":31},{"not_picked":["Slimebound:Schlurp","Slimebound:ProtectTheBoss"],"picked":"Slimebound:Replication","floor":32}],"player_experience":50527,"relics_obtained":[{"floor":24,"key":"Pantograph"},{"floor":28,"key":"MawBank"}],"event_choices":[{"damage_healed":0,"gold_gain":0,"player_choice":"Ignored","damage_taken":0,"max_hp_gain":0,"max_hp_loss":0,"event_name":"NoteForYourself","floor":5,"gold_loss":0},{"damage_healed":0,"gold_gain":0,"player_choice":"Became a vampire","damage_taken":0,"max_hp_gain":0,"max_hp_loss":21,"event_name":"Vampires","floor":26,"gold_loss":0,"cards_obtained":["Bite","Bite","Bite","Bite","Bite"]}],"is_beta":false,"boss_relics":[{"not_picked":["downfall:Hecktoplasm","SacredBark"],"picked":"Black Star"}],"items_purged_floors":[],"is_endless":false,"potions_floor_spawned":[4,6,14,15,25,31],"killed_by":"downfall:Silent","ascension_level":0}}