{"host":"e52c7hvho6xny3hd","time":1610104181,"event":{"mods":["AchievementEnabler","BaseMod","Colored Map","DeckTracker","Minty Spire (QoL Compilation)","Permanent Neow","StSLib"],"gold_per_floor":[117,117,127,145,155,155,175,175,220,220,232,251,251,95,95,169,169,179,47,58,78,96,96,96],"floor_reached":23,"playtime":1499,"items_purged":[],"score":413,"play_id":"4d622eff-120b-49c2-b28b-f6d1fb2b9a01","local_time":"20210108200941","is_ascension_mode":true,"campfire_choices":[{"data":"Metallicize","floor":6.0,"key":"SMITH"},{"data":"Wild Strike","floor":8.0,"key":"SMITH"},{"data":"Iron Wave","floor":10.0,"key":"SMITH"},{"data":"Body Slam","floor":13,"key":"SMITH"},{"data":"True Grit","floor":15,"key":"SMITH"}],"circlet_count":0,"master_deck":["AscendersBane","Strike_R","Strike_R","Strike_R","Strike_R","Defend_R","Defend_R","Defend_R","Defend_R","Bash","Clothesline","Cleave","Headbutt","Metallicize+1","Iron Wave+1","Wild Strike+1","True Grit+1","Body Slam+1","Barricade","Entrench","Exhume","Seeing Red+1","Dark Embrace","Havoc"],"relics":["Burning Blood","Bag of Preparation","Velvet Choker"],"acts_visited":["Exordium","TheCity"],"potions_floor_usage":[16,18],"damage_taken":[{"damage":5.0,"enemies":"Small Slimes","floor":1.0,"turns":4.0},{"damage":0.0,"enemies":"Cultist","floor":3.0,"turns":3.0},{"damage":2.0,"enemies":"Jaw Worm","floor":4.0,"turns":4.0},{"damage":20.0,"enemies":"Lots of Slimes","floor":5.0,"turns":4.0},{"damage":2.0,"enemies":"Blue Slaver","floor":7.0,"turns":5.0},{"damage":16,"enemies":"Large Slime","floor":11,"turns":6},{"damage":5,"enemies":"Gremlin Gang","floor":12,"turns":3},{"damage":33,"enemies":"The Guardian","floor":16,"turns":18},{"damage":6,"enemies":"3 Byrds","floor":18,"turns":5},{"damage":22,"enemies":"Shell Parasite","floor":20,"turns":9},{"damage":35,"enemies":"Shelled Parasite and Fungi","floor":21,"turns":9},{"damage":12,"enemies":"Snake Plant","floor":22,"turns":7},{"damage":9,"enemies":"Book of Stabbing","floor":23,"turns":2}],"seed_played":"-4354578903390167623","potions_obtained":[{"floor":1.0,"key":"LiquidBronze"},{"floor":2.0,"key":"Explosive Potion"},{"floor":7.0,"key":"Weak Potion"},{"floor":20,"key":"SteroidPotion"},{"floor":22,"key":"AttackPotion"}],"is_trial":false,"path_per_floor":["M","?","M","M","M","R","M","R","T","R","M","M","R","$","R","B",null,"M","$","M","M","M","E"],"character_chosen":"IRONCLAD","items_purchased":["Barricade","Entrench","Dark Embrace","Havoc"],"campfire_rested":0,"item_purchase_floors":[14,14,19,19],"current_hp_per_floor":[69,69,75,75,61,61,65,65,65,65,55,56,56,56,56,29,64,64,64,48,19,13,4,4],"gold":96,"neow_bonus":"TRANSFORM_CARD","is_daily":false,"chose_seed":false,"campfire_upgraded":5,"win_rate":0.0,"timestamp":1610104181,"path_taken":["M","?","M","M","M","R","M","R","T","R","M","M","R","$","R","BOSS","M","$","M","?","M","E"],"items_purchased_type":["Card","Card","Card","Card"],"build_version":"2020-12-22","purchased_purges":0,"victory":false,"max_hp_per_floor":[75,75,75,75,75,75,75,75,75,75,75,75,75,75,75,75,75,75,75,75,75,75,75,75],"card_choices":[{"not_picked":["Combust","Clothesline"],"picked":"Cleave","floor":1.0},{"not_picked":["Clothesline","Heavy Blade"],"picked":"Headbutt","floor":3.0},{"not_picked":["Armaments","Heavy Blade"],"picked":"Metallicize","floor":4.0},{"not_picked":["Cleave","Corruption"],"picked":"Iron Wave","floor":5.0},{"not_picked":["Cleave","Thunderclap"],"picked":"Wild Strike","floor":7.0},{"not_picked":["Seeing Red","Flame Barrier"],"picked":"True Grit","floor":11},{"not_picked":["Heavy Blade","Rupture"],"picked":"Body Slam","floor":12},{"not_picked":["Barricade","Bludgeon"],"picked":"Exhume","floor":16},{"not_picked":["Entrench","Headbutt"],"picked":"Seeing Red+1","floor":18},{"not_picked":["Perfected Strike+1","Thunderclap","Pommel Strike"],"picked":"SKIP","floor":20},{"not_picked":["Headbutt+1","Flex","Wild Strike"],"picked":"SKIP","floor":21},{"not_picked":["Thunderclap+1","Whirlwind","Wild Strike"],"picked":"SKIP","floor":22}],"player_experience":645705,"relics_obtained":[{"floor":9.0,"key":"Bag of Preparation"}],"event_choices":[{"damage_healed":0.0,"max_hp_gain":0.0,"max_hp_loss":0.0,"gold_gain":0.0,"event_name":"Lab","player_choice":"Got Potions","floor":2.0,"gold_loss":0.0,"damage_taken":0.0}],"is_beta":false,"boss_relics":[{"not_picked":["Runic Dome","Snecko Eye"],"picked":"Velvet Choker"}],"items_purged_floors":[],"is_endless":false,"potions_floor_spawned":[1,7,20,22],"killed_by":"Book of Stabbing","ascension_level":19}}