{"host":"a4s27ghlnr83kbqz","time":1610110895,"event":{"mods":["AchievementEnabler","BaseMod","Colored Map","Minty Spire (QoL Compilation)","Permanent Neow","SuperFastMode"],"gold_per_floor":[115,40,56,73,87,87,121,121,121,146,146,146,146,146],"floor_reached":13,"playtime":255,"items_purged":["Doubt"],"score":186,"play_id":"62b58c52-5046-43cc-92df-522d3e0ae665","local_time":"20210108210135","is_ascension_mode":true,"campfire_choices":[{"data":"Uppercut","floor":6,"key":"SMITH"},{"floor":8,"key":"REST"},{"floor":12,"key":"REST"}],"circlet_count":0,"master_deck":["AscendersBane","Strike_R","Strike_R","Strike_R","Strike_R","Defend_R","Defend_R","Defend_R","Defend_R+1","Bash","Reaper","Uppercut+1","Battle Trance+1","Seeing Red","Flex","Feel No Pain"],"relics":["Burning Blood","War Paint","Darkstone Periapt","Thread and Needle"],"acts_visited":["Exordium"],"potions_floor_usage":[7,10],"damage_taken":[{"damage":31,"enemies":"Jaw Worm","floor":1,"turns":5},{"damage":4,"enemies":"Small Slimes","floor":3,"turns":3},{"damage":17,"enemies":"2 Louse","floor":4,"turns":4},{"damage":16,"enemies":"2 Fungi Beasts","floor":5,"turns":4},{"damage":60,"enemies":"3 Sentries","floor":7,"turns":11},{"damage":35,"enemies":"Lagavulin","floor":10,"turns":6},{"damage":43,"enemies":"Gremlin Nob","floor":13,"turns":4}],"seed_played":"-7012006487880328331","potions_obtained":[{"floor":3,"key":"Fire Potion"},{"floor":4,"key":"Dexterity Potion"}],"is_trial":false,"path_per_floor":["M","$","M","M","M","R","E","R","T","E","?","R","E"],"character_chosen":"IRONCLAD","items_purchased":[],"campfire_rested":2,"item_purchase_floors":[],"current_hp_per_floor":[47,47,49,44,44,44,8,30,30,7,7,29,0,0],"gold":146,"neow_bonus":"THREE_RARE_CARDS","is_daily":false,"chose_seed":false,"campfire_upgraded":1,"win_rate":0.0,"timestamp":1610110895,"path_taken":["M","$","M","M","M","R","E","R","T","E","?","R","E"],"items_purchased_type":[],"build_version":"2020-12-22","purchased_purges":1,"victory":false,"max_hp_per_floor":[75,75,75,75,75,75,75,75,75,75,75,75,75,75],"card_choices":[{"not_picked":["Brutality","Demon Form"],"picked":"Reaper","floor":0},{"not_picked":["Sword Boomerang","Whirlwind"],"picked":"Uppercut","floor":1},{"not_picked":["Sword Boomerang","Heavy Blade"],"picked":"Battle Trance","floor":3},{"not_picked":["Pommel Strike","Uppercut"],"picked":"Seeing Red","floor":4},{"not_picked":["Dual Wield","Twin Strike"],"picked":"Flex","floor":5},{"not_picked":["Pommel Strike","Perfected Strike","Bloodletting"],"picked":"SKIP","floor":7},{"not_picked":["Bloodletting","Body Slam","Metallicize"],"picked":"SKIP","floor":10}],"player_experience":1090564,"relics_obtained":[{"floor":7,"key":"War Paint"},{"floor":9,"key":"Darkstone Periapt"},{"floor":10,"key":"Thread and Needle"}],"event_choices":[{"damage_healed":0,"gold_gain":0,"cards_transformed":["Strike_R"],"player_choice":"Change","damage_taken":0,"max_hp_gain":0,"max_hp_loss":0,"event_name":"Living Wall","floor":11,"gold_loss":0,"cards_obtained":["Feel No Pain"]}],"is_beta":false,"boss_relics":[],"items_purged_floors":[2],"is_endless":false,"potions_floor_spawned":[3,4],"killed_by":"Gremlin Nob","ascension_level":20}}