{"host":"ig7tc0uedzltt2sr","time":1610072401,"event":{"mods":["BaseMod","Better Twitch Integration","Block Reminder","Colored Map","Colored Powertips","Communication Mod","Current Relic Mod","GifTheSpireLib","HexUI Lib","Minty Spire (QoL Compilation)","Quick Restart","Random Character Button","Rare Cards Sparkle","Relic Sorter","Relic Stats","Slay the Relics Exporter","StSLib","SuperFastMode","Synergy Search","Twitch Decklist","Twitch Utils","everything is the same but u backflip on backflip","slay the spire mod where everything is the same but ironclad has a cowboy hat"],"gold_per_floor":[110,75,93,103,103,103,123,123,123,133,143,143,143],"floor_reached":12,"playtime":84,"items_purged":[],"score":72,"play_id":"92d632ec-9294-4ae9-9334-122c21e60fde","local_time":"20210107182001","is_ascension_mode":false,"campfire_choices":[{"floor":6,"key":"RECALL"}],"circlet_count":0,"master_deck":["Strike_R","Strike_R","Strike_R","Strike_R","Strike_R","Defend_R","Defend_R","Defend_R","Defend_R","Bash","Searing Blow","Sentinel","Immolate","Limit Break","Ghostly Armor"],"relics":["Coffee Dripper"],"acts_visited":["Exordium"],"potions_floor_usage":[],"damage_taken":[{"damage":5,"enemies":"Small Slimes","floor":1,"turns":5},{"damage":8,"enemies":"Cultist","floor":3,"turns":5},{"damage":1,"enemies":"2 Louse","floor":4,"turns":4},{"damage":0,"enemies":"Lots of Slimes","floor":7,"turns":3},{"damage":21,"enemies":"Blue Slaver","floor":10,"turns":6},{"damage":12,"enemies":"Looter","floor":11,"turns":4},{"damage":56,"enemies":"Lagavulin","floor":12,"turns":6}],"seed_played":"-6798794549520367971","potions_obtained":[{"floor":3,"key":"Swift Potion"},{"floor":5,"key":"GamblersBrew"},{"floor":5,"key":"BloodPotion"},{"floor":5,"key":"Explosive Potion"},{"floor":7,"key":"Strength Potion"},{"floor":11,"key":"SneckoOil"}],"is_trial":false,"path_per_floor":["M","?","M","M","?","R","M","?","T","M","M","E"],"character_chosen":"IRONCLAD","items_purchased":[],"campfire_rested":0,"item_purchase_floors":[],"current_hp_per_floor":[75,80,72,71,71,71,80,80,80,59,47,0,0],"gold":143,"neow_bonus":"BOSS_RELIC","is_daily":false,"chose_seed":false,"campfire_upgraded":0,"win_rate":0.0,"timestamp":1610072401,"path_taken":["M","?","M","M","?","R","?","?","T","M","M","E"],"items_purchased_type":[],"build_version":"2020-12-22","purchased_purges":0,"victory":false,"max_hp_per_floor":[80,80,80,80,80,80,80,80,80,80,80,80,80],"relic_stats":{"counters":[7,33],"obtain_stats":[{"Coffee Dripper":0,"Burning Blood":0},{"Coffee Dripper":0,"Burning Blood":0},{"Coffee Dripper":0,"Burning Blood":0}]},"card_choices":[{"not_picked":["Headbutt","Armaments"],"picked":"Pommel Strike","floor":1},{"not_picked":["Power Through","Armaments"],"picked":"Searing Blow","floor":3},{"not_picked":["Pommel Strike","Metallicize"],"picked":"Sentinel","floor":4},{"not_picked":["Uppercut","Anger","True Grit"],"picked":"SKIP","floor":7},{"not_picked":["Iron Wave","Anger"],"picked":"Limit Break","floor":10},{"not_picked":["Whirlwind","Anger"],"picked":"Ghostly Armor","floor":11}],"player_experience":1469028,"relics_obtained":[],"event_choices":[{"damage_healed":20,"gold_gain":0,"player_choice":"Healed","damage_taken":0,"max_hp_gain":0,"max_hp_loss":0,"event_name":"The Cleric","floor":2,"gold_loss":35},{"damage_healed":0,"gold_gain":0,"player_choice":"Got Potions","damage_taken":0,"max_hp_gain":0,"max_hp_loss":0,"event_name":"Lab","floor":5,"gold_loss":0},{"damage_healed":0,"gold_gain":0,"cards_transformed":["Pommel Strike"],"player_choice":"Transformed","damage_taken":0,"max_hp_gain":0,"max_hp_loss":0,"event_name":"Transmorgrifier","floor":8,"gold_loss":0,"cards_obtained":["Immolate"]}],"is_beta":false,"boss_relics":[],"items_purged_floors":[],"is_endless":false,"potions_floor_spawned":[3,7,11],"killed_by":"Lagavulin","ascension_level":0}}