{"host":"dwyzfvnzfcqffr30","time":1610095244,"event":{"mods":["2.2 Compatiblity","Act Like it!","BaseMod","Beaked The Cultist","Better Altar","Better Match","Better Note","Better Sensory Stone","Better Skull","Better Third Choice","Clockwork Mod","Colored Map","Colored Powertips","Conspire","Downfall","Elementarium","GifTheSpireLib","Halation","Hermit","Hubris","Infinite Spire","Ironclad Rager","Jedi Mod","Menagerie","Mimic Mod","Minty Spire (QoL Compilation)","Permanent Neow","Random Character Button","Replay The Spire","Spicy Shops","StSLib","Stuff the Spire","The Construct","The Disciple","The Druid","The Marked","TheFirefly","Trackpad","vexMod"],"gold_per_floor":[438,483,468,1,11,44,67,104,104,104,124,143,183,183,183,267,267,301,301,301,301,335,387,387,423,505,505,549,595,595,659,659,779,779,850,850,850],"floor_reached":36,"playtime":3861,"items_purged":["Strike_B+1","Strike_B+1","Strike_B+1"],"score":812,"play_id":"42524481-248d-4881-9708-8d15833bc22a","local_time":"20210108004044","is_ascension_mode":true,"campfire_choices":[{"floor":15,"key":"REST"},{"floor":24,"key":"REST"},{"floor":32,"key":"REST"}],"circlet_count":0,"master_deck":["AscendersBane","Strike_B+1","Defend_B+1","Defend_B+1","Defend_B+1","Defend_B+1","Zap+1","Dualcast+1","MasterReality+1","jedi:BurstLightning+1","BasicCrystalCard+1","Echo Form+1","Conserve Battery+1","jedi:markofdeath+1","BasicCrystalCard+1","Crystallizer+1","jedi:blockon+1","conspire:SharedLibrary+1","Consume+1","jedi:blockon+1","ReplayRNGCard+1","jedi:reiji+1","CurseOfTheBell"],"relics":["Cracked Core","trackpad:WritersBlock","infinitespire:EvilPickle","Bottled Tornado","Juzu Bracelet","hubris:EvacipatedBox","Quantum Egg","Frozen Egg 2","Molten Egg 2","Toxic Egg 2","SacredBark","Geode","Emotion Chip","Raider\u0027s Mask","Replay:Baseball","Prayer Wheel","Gremlin Horn","jedi:laserpointer","jedi:hotpepper","Elementarium:FlickeringLantern","Philosopher\u0027s Stone","BargainBundle","vexMod:MemoryStick","conspire:Dentures","Elementarium:ElementariumTrophy","Calling Bell","trackpad:HandOfMidas"],"acts_visited":["Menagerie:Menagerie","Elementarium:Elementarium","TheBeyond"],"potions_floor_usage":[4,8,16,18,31],"damage_taken":[{"damage":5,"enemies":"Menagerie:2_RABBITS","floor":1,"turns":2},{"damage":0,"enemies":"Menagerie:MonstrousExperiment","floor":2,"turns":3},{"damage":0,"enemies":"Menagerie:WhisperingWraith","floor":5,"turns":4},{"damage":22,"enemies":"Menagerie:MaskedSummoner","floor":6,"turns":12},{"damage":0,"enemies":"Menagerie:RedMage","floor":7,"turns":5},{"damage":0,"enemies":"Menagerie:VoidReaper","floor":8,"turns":5},{"damage":10,"enemies":"Menagerie:EntropyWarlock","floor":11,"turns":3},{"damage":4,"enemies":"Menagerie:MENAGERIE_WILDLIFE","floor":12,"turns":4},{"damage":10,"enemies":"Menagerie:MaskedSummoner","floor":13,"turns":11},{"damage":11,"enemies":"Menagerie:AVATARS","floor":16,"turns":7},{"damage":1,"enemies":"Elementarium:Cyclone","floor":18,"turns":5},{"damage":3,"enemies":"Elementarium:MUD_AND_TAR_GOLEMS","floor":22,"turns":3},{"damage":48,"enemies":"Elementarium:FIRE_NOBILITY","floor":23,"turns":8},{"damage":20,"enemies":"Elementarium:RubyGolem","floor":25,"turns":4},{"damage":27,"enemies":"Elementarium:STONE_GOLEMS","floor":28,"turns":5},{"damage":10,"enemies":"Elementarium:VOID_CORRUPTION_AND_ORB_OF_FIRE","floor":29,"turns":7},{"damage":13,"enemies":"Elementarium:WarGolem","floor":31,"turns":2},{"damage":1,"enemies":"Elementarium:GolemEmperor","floor":33,"turns":10},{"damage":6,"enemies":"3 Shapes","floor":35,"turns":5},{"damage":52,"enemies":"3 Darklings","floor":36,"turns":2}],"seed_played":"2387271527058493158","potions_obtained":[{"floor":2,"key":"SkillPotion"},{"floor":5,"key":"SpeedPotion"},{"floor":13,"key":"FocusPotion"},{"floor":16,"key":"AttackPotion"},{"floor":29,"key":"Toxic Potion"}],"is_trial":false,"path_per_floor":["M","M","?","$","M","E","M","E","T","$","M","M","E","?","R","B",null,"M","?","?","AVR","M","E","R","M","T","?","M","M","?","E","R","B",null,"M","M"],"character_chosen":"DEFECT","items_purchased":["Geode","Emotion Chip","Raider\u0027s Mask","Fruit Juice"],"campfire_rested":3,"item_purchase_floors":[4,4,4,4],"current_hp_per_floor":[63,63,63,73,73,51,51,51,51,51,41,37,27,27,52,41,58,57,57,57,57,54,6,24,4,4,4,36,26,26,13,31,30,55,49,0,0],"gold":850,"neow_bonus":"RANDOM_COMMON_RELIC","is_daily":false,"chose_seed":false,"campfire_upgraded":0,"win_rate":0.0,"timestamp":1610095244,"path_taken":["M","M","?","$","M","E","M","E","T","$","M","M","E","?","R","BOSS","M","?","?","AVR","M","E","R","M","T","?","M","M","?","E","R","BOSS","M","M"],"items_purchased_type":["Relic","Relic","Relic","Potion"],"build_version":"2020-12-22","purchased_purges":3,"victory":false,"max_hp_per_floor":[75,75,75,85,85,85,85,85,85,85,85,85,85,85,85,85,63,63,63,63,63,63,63,63,63,63,63,63,63,63,63,63,63,63,63,63,63],"card_choices":[{"not_picked":["FTL+1","Compile Driver+1"],"picked":"jedi:BurstLightning+1","floor":1},{"not_picked":["Static Discharge+1","Panic Button+1"],"picked":"BasicCrystalCard+1","floor":2},{"not_picked":["Streamline+1","Steam+1"],"picked":"Echo Form+1","floor":5},{"not_picked":["Go for the Eyes+1","Stack+1"],"picked":"Conserve Battery+1","floor":6},{"not_picked":["StuffTheSpire:SnapShoot+1","Coolheaded+1"],"picked":"jedi:markofdeath+1","floor":7},{"not_picked":["StuffTheSpire:Coldhearted+1","Turbo+1","Genetic Algorithm+1"],"picked":"SKIP","floor":8},{"not_picked":["Chill+1","Turbo+1"],"picked":"BasicCrystalCard+1","floor":11},{"not_picked":["Conserve Battery+1","Core Surge+1"],"picked":"Crystallizer+1","floor":11},{"not_picked":["hubris:Ukulele+1","Hologram+1"],"picked":"jedi:blockon+1","floor":12},{"not_picked":["StuffTheSpire:CleanHardDrive+1","Sweeping Beam+1","Reinforced Body+1"],"picked":"SKIP","floor":12},{"not_picked":["Auto Shields+1","jedi:bruteforce+1"],"picked":"conspire:SharedLibrary+1","floor":13},{"not_picked":["Steam+1","Lockon+1"],"picked":"Consume+1","floor":18},{"not_picked":["hubris:Ukulele+1","ReplaySolidLightProjector+1","Sunder+1"],"picked":"SKIP","floor":18},{"not_picked":["Gash+1","ReplayTheSpireMod:System Scan+1"],"picked":"jedi:blockon+1","floor":22},{"not_picked":["Streamline+1","Gash+1","Aggregate+1"],"picked":"SKIP","floor":22},{"not_picked":["jedi:gatheringstorm+1","StuffTheSpire:ShieldGenerator+1","Barrage+1"],"picked":"SKIP","floor":23},{"not_picked":["ReplaySolidLightProjector+1","jedi:blockon+1","Darkness+1"],"picked":"SKIP","floor":25},{"not_picked":["Go for the Eyes+1","Ball Lightning+1","Sweeping Beam+1"],"picked":"SKIP","floor":25},{"not_picked":["Compile Driver+1","Go for the Eyes+1"],"picked":"ReplayRNGCard+1","floor":28},{"not_picked":["Streamline+1","jedi:blockon+1","Compile Driver+1"],"picked":"SKIP","floor":28},{"not_picked":["Streamline+1","jedi:blockon+1","Compile Driver+1"],"picked":"SKIP","floor":28},{"not_picked":["Blizzard+1","Coolheaded+1"],"picked":"jedi:reiji+1","floor":29},{"not_picked":["StuffTheSpire:ShieldGenerator+1","Conserve Battery+1","StuffTheSpire:GlassShard+1"],"picked":"SKIP","floor":29},{"not_picked":["Barrage+1","ReplayGash+1","Ball Lightning+1"],"picked":"SKIP","floor":31},{"not_picked":["Go for the Eyes+1","Coolheaded+1","Beam Cell+1"],"picked":"SKIP","floor":35},{"not_picked":["Force Field+1","Gash+1","StuffTheSpire:LoadUp+1"],"picked":"SKIP","floor":35}],"player_experience":2641306,"relics_obtained":[{"floor":6,"key":"Replay:Baseball"},{"floor":8,"key":"Prayer Wheel"},{"floor":9,"key":"Gremlin Horn"},{"floor":13,"key":"jedi:laserpointer"},{"floor":23,"key":"vexMod:MemoryStick"},{"floor":26,"key":"conspire:Dentures"},{"floor":34,"key":"trackpad:HandOfMidas"}],"event_choices":[{"damage_healed":0,"gold_gain":0,"player_choice":"Simplicity","damage_taken":0,"max_hp_gain":0,"max_hp_loss":8,"event_name":"betterThird:BetterWriting","floor":0,"gold_loss":0},{"damage_healed":0,"gold_gain":0,"player_choice":"Potion","damage_taken":0,"relics_obtained":["construct:ShiftPotion"],"max_hp_gain":0,"max_hp_loss":0,"event_name":"Menagerie:MagicPeddler","floor":3,"gold_loss":15},{"damage_healed":0,"gold_gain":0,"player_choice":"Take","damage_taken":0,"relics_obtained":["Elementarium:FlickeringLantern"],"max_hp_gain":0,"max_hp_loss":0,"event_name":"Elementarium:HeartOfTheVoid","floor":19,"gold_loss":0},{"damage_healed":0,"gold_gain":0,"player_choice":"Leave","damage_taken":0,"max_hp_gain":0,"max_hp_loss":0,"event_name":"conspire:Investor","floor":20,"gold_loss":0},{"damage_healed":0,"gold_gain":0,"player_choice":"Ignored","damage_taken":0,"max_hp_gain":0,"max_hp_loss":0,"event_name":"Elementarium:ElementalBlades","floor":30,"gold_loss":0}],"is_beta":false,"boss_relics":[{"not_picked":["hubris:GrandSneckoEye","jedi:battlestandard","halation:MonkeysPaw"],"picked":"jedi:hotpepper"},{"not_picked":["Painkiller Herb","Coffee Dripper","halation:ForbiddenBikini"],"picked":"Calling Bell"}],"items_purged_floors":[4,4,21],"is_endless":false,"potions_floor_spawned":[2,5,13,16,28,29],"killed_by":"3 Darklings","ascension_level":13}}