{"host":"bfxt97i6dl81mvg3","time":1610093415,"event":{"mods":["BaseMod","Colored Map","Minty Spire (QoL Compilation)","Relic Stats","Slay the Relics Exporter","StSLib","everything is the same but u backflip on backflip"],"gold_per_floor":[111,36,36,53,71,106,106,169,169,169,219,119,134,149,149,279,279,303,317,120,138,158,158,172,222,245,95,116,129,150,168,168,294,294,319,343,168,281,297,297,347,347,401,451,451,474,524,120,120,120],"floor_reached":51,"playtime":791,"items_purged":["Defend_R","Defend_R","Strike_R","Strike_R","Strike_R","Immolate+1"],"score":803,"play_id":"ce300c74-4925-4a88-a145-96d07ac47342","local_time":"20210108021015","is_ascension_mode":false,"campfire_choices":[{"data":"Flex","floor":7,"key":"SMITH"},{"data":"Limit Break","floor":10,"key":"SMITH"},{"data":"Warcry","floor":15,"key":"SMITH"},{"data":"Whirlwind","floor":23,"key":"SMITH"},{"data":"Bash","floor":32,"key":"SMITH"},{"data":"Limit Break","floor":40,"key":"SMITH"},{"data":"Immolate","floor":42,"key":"SMITH"},{"data":"Strike_R","floor":45,"key":"SMITH"},{"floor":49,"key":"REST"}],"circlet_count":0,"master_deck":["Bash+1","Limit Break+1","Flex+1","Warcry+1","Flex+1","Bloodletting+1","Clash+1","Whirlwind+1","Necronomicurse","Limit Break+1","Battle Trance"],"relics":["Burning Blood","SsserpentHead","Blood Vial","Orichalcum","Golden Idol","Astrolabe","Necronomicon","Toy Ornithopter","Runic Dome","Thread and Needle","Smiling Mask","Bag of Preparation","Medical Kit"],"acts_visited":["Exordium","TheCity","TheBeyond"],"potions_floor_usage":[6,16,16,39,50,50,50],"damage_taken":[{"damage":7,"enemies":"Small Slimes","floor":1,"turns":4},{"damage":0,"enemies":"Cultist","floor":4,"turns":2},{"damage":11,"enemies":"Jaw Worm","floor":5,"turns":2},{"damage":31,"enemies":"3 Sentries","floor":6,"turns":6},{"damage":10,"enemies":"Looter","floor":8,"turns":3},{"damage":6,"enemies":"Exordium Wildlife","floor":13,"turns":3},{"damage":10,"enemies":"Large Slime","floor":14,"turns":3},{"damage":36,"enemies":"Slime Boss","floor":16,"turns":9},{"damage":3,"enemies":"Spheric Guardian","floor":18,"turns":2},{"damage":7,"enemies":"Chosen","floor":19,"turns":3},{"damage":3,"enemies":"Snake Plant","floor":21,"turns":2},{"damage":15,"enemies":"Shelled Parasite and Fungi","floor":22,"turns":2},{"damage":14,"enemies":"Centurion and Healer","floor":24,"turns":2},{"damage":0,"enemies":"3 Cultists","floor":28,"turns":2},{"damage":3,"enemies":"Shelled Parasite and Fungi","floor":29,"turns":1},{"damage":5,"enemies":"Centurion and Healer","floor":30,"turns":2},{"damage":18,"enemies":"Snake Plant","floor":31,"turns":2},{"damage":3,"enemies":"Collector","floor":33,"turns":3},{"damage":15,"enemies":"3 Shapes","floor":35,"turns":1},{"damage":3,"enemies":"3 Darklings","floor":36,"turns":2},{"damage":18,"enemies":"Mind Bloom Boss Battle","floor":38,"turns":3},{"damage":11,"enemies":"Writhing Mass","floor":39,"turns":2},{"damage":0,"enemies":"Jaw Worm Horde","floor":46,"turns":1},{"damage":0,"enemies":"Donu and Deca","floor":50,"turns":1}],"seed_played":"6498724431404351133","potions_obtained":[{"floor":1,"key":"Strength Potion"},{"floor":4,"key":"Ancient Potion"},{"floor":8,"key":"GamblersBrew"},{"floor":13,"key":"Dexterity Potion"},{"floor":16,"key":"SteroidPotion"},{"floor":21,"key":"Ancient Potion"},{"floor":46,"key":"Dexterity Potion"}],"is_trial":false,"path_per_floor":["M","$","?","M","M","E","R","M","T","R","?","$","M","M","R","B",null,"M","M","$","M","M","R","M","?","T","$","M","M","M","M","R","B",null,"M","M","$","?","M","R","?","R","T","?","R","M","?","$","R","B",null],"character_chosen":"IRONCLAD","items_purchased":["Whirlwind","Bag of Preparation","Medical Kit","Battle Trance","DistilledChaos"],"campfire_rested":1,"item_purchase_floors":[20,48,48,48,48],"current_hp_per_floor":[71,71,71,72,67,42,42,40,40,40,40,40,42,40,40,12,67,67,66,66,67,58,58,52,36,36,36,44,49,52,42,42,47,67,58,63,63,53,55,55,55,55,55,45,45,53,53,53,67,67],"gold":120,"neow_bonus":"THREE_RARE_CARDS","is_daily":false,"chose_seed":false,"campfire_upgraded":8,"win_rate":0.0,"timestamp":1610093415,"path_taken":["M","$","?","M","M","E","R","?","T","R","?","$","M","M","R","BOSS","M","M","$","M","M","R","M","?","T","$","M","M","M","M","R","BOSS","M","M","$","?","M","R","?","R","T","?","R","M","?","?","R","BOSS"],"items_purchased_type":["Card","Relic","Relic","Card","Potion"],"build_version":"2020-12-22","purchased_purges":6,"victory":true,"max_hp_per_floor":[72,72,72,72,72,72,72,72,72,72,67,67,67,67,67,67,67,67,67,67,67,67,67,67,67,67,67,67,67,67,67,67,67,67,67,67,67,67,67,67,67,67,67,67,67,67,67,67,67,67],"relic_stats":{"counters":[24,63],"Golden Idol":148,"Astrolabe":["Flex","Bloodletting","Clash"],"Bag of Preparation":[2],"Orichalcum":[150],"Smiling Mask":150,"Medical Kit":[0],"Burning Blood":127,"Blood Vial":29,"SsserpentHead":400,"Necronomicon":[19],"obtain_stats":[{"Golden Idol":11,"Astrolabe":17,"Thread and Needle":38,"Bag of Preparation":48,"Orichalcum":9,"Smiling Mask":43,"Medical Kit":48,"Burning Blood":0,"Blood Vial":6,"SsserpentHead":3,"Runic Dome":34,"Necronomicon":25,"Toy Ornithopter":26},{"Golden Idol":5,"Astrolabe":8,"Thread and Needle":21,"Bag of Preparation":23,"Orichalcum":5,"Smiling Mask":22,"Medical Kit":23,"Burning Blood":0,"Blood Vial":4,"SsserpentHead":1,"Runic Dome":18,"Necronomicon":13,"Toy Ornithopter":13},{"Golden Idol":17,"Astrolabe":32,"Thread and Needle":59,"Bag of Preparation":62,"Orichalcum":17,"Smiling Mask":61,"Medical Kit":62,"Burning Blood":0,"Blood Vial":14,"SsserpentHead":4,"Runic Dome":53,"Necronomicon":43,"Toy Ornithopter":43}],"Toy Ornithopter":5},"card_choices":[{"not_picked":["Offering","Barricade"],"picked":"Limit Break","floor":0},{"not_picked":["Spot Weakness","Ghostly Armor"],"picked":"Flex","floor":1},{"not_picked":["Combust","Power Through","Shockwave"],"picked":"SKIP","floor":4},{"not_picked":["Metallicize","Second Wind","Perfected Strike"],"picked":"SKIP","floor":5},{"not_picked":["Spot Weakness","Sentinel","Power Through"],"picked":"SKIP","floor":6},{"not_picked":["Sever Soul","True Grit","Body Slam"],"picked":"SKIP","floor":8},{"not_picked":["Entrench","Cleave","Sentinel"],"picked":"SKIP","floor":13},{"not_picked":["Twin Strike","Warcry","Havoc"],"picked":"SKIP","floor":14},{"not_picked":["Twin Strike","Havoc"],"picked":"Warcry","floor":14},{"not_picked":["Impervious","Reaper"],"picked":"Immolate","floor":16},{"not_picked":["Flex","Warcry","Clothesline+1"],"picked":"SKIP","floor":18},{"not_picked":["Clash","Blood for Blood+1","Cleave"],"picked":"SKIP","floor":19},{"not_picked":["Dark Embrace","Body Slam","Wild Strike"],"picked":"SKIP","floor":21},{"not_picked":["Second Wind","Rage","Warcry"],"picked":"SKIP","floor":22},{"not_picked":["Wild Strike","Perfected Strike+1","Heavy Blade"],"picked":"SKIP","floor":24},{"not_picked":["Disarm","Rage","Thunderclap"],"picked":"SKIP","floor":28},{"not_picked":["Fire Breathing","Burning Pact","Feel No Pain"],"picked":"SKIP","floor":29},{"not_picked":["Berserk","Whirlwind","Cleave"],"picked":"SKIP","floor":30},{"not_picked":["Armaments","Combust","Disarm"],"picked":"SKIP","floor":31},{"not_picked":["Immolate","Corruption"],"picked":"Limit Break","floor":33},{"not_picked":["Flex","Pommel Strike","Anger"],"picked":"SKIP","floor":35},{"not_picked":["Wild Strike","Dropkick","Body Slam"],"picked":"SKIP","floor":36},{"not_picked":["Anger","Havoc","Warcry+1"],"picked":"SKIP","floor":39},{"not_picked":["Body Slam+1","Pommel Strike","Ghostly Armor"],"picked":"SKIP","floor":46}],"player_experience":294411,"relics_obtained":[{"floor":6,"key":"Blood Vial"},{"floor":9,"key":"Orichalcum"},{"floor":25,"key":"Necronomicon"},{"floor":26,"key":"Toy Ornithopter"},{"floor":38,"key":"Thread and Needle"},{"floor":43,"key":"Smiling Mask"}],"event_choices":[{"damage_healed":0,"gold_gain":0,"player_choice":"Trade","damage_taken":0,"relics_obtained":["SsserpentHead"],"max_hp_gain":0,"max_hp_loss":0,"event_name":"FaceTrader","floor":3,"gold_loss":0},{"damage_healed":0,"gold_gain":0,"player_choice":"Lose Max HP","damage_taken":0,"relics_obtained":["Golden Idol"],"max_hp_gain":0,"max_hp_loss":5,"event_name":"Golden Idol","floor":11,"gold_loss":0},{"damage_healed":0,"gold_gain":0,"player_choice":"Obtained Book","damage_taken":16,"max_hp_gain":0,"max_hp_loss":0,"event_name":"Cursed Tome","floor":25,"gold_loss":0},{"damage_healed":0,"gold_gain":0,"player_choice":"Fight","damage_taken":0,"max_hp_gain":0,"max_hp_loss":0,"event_name":"MindBloom","floor":38,"gold_loss":0},{"damage_healed":0,"gold_gain":0,"player_choice":"Ignored","damage_taken":0,"max_hp_gain":0,"max_hp_loss":0,"event_name":"Tomb of Lord Red Mask","floor":41,"gold_loss":0},{"damage_healed":0,"gold_gain":0,"player_choice":"Memory 3","damage_taken":10,"max_hp_gain":0,"max_hp_loss":0,"event_name":"SensoryStone","floor":44,"gold_loss":0},{"cards_removed":["Strike_R"],"damage_healed":0,"gold_gain":0,"player_choice":"Removed Attack","damage_taken":0,"max_hp_gain":0,"max_hp_loss":0,"event_name":"Falling","floor":47,"gold_loss":0}],"is_beta":false,"boss_relics":[{"not_picked":["Black Blood","Calling Bell"],"picked":"Astrolabe"},{"not_picked":["Velvet Choker","Fusion Hammer"],"picked":"Runic Dome"}],"items_purged_floors":[2,12,20,27,37,48],"is_endless":false,"potions_floor_spawned":[1,4,8,13,16,21,24,28,30,33,46],"ascension_level":0}}