{"host":"vqs1j3qalc1cciyt","time":1610090591,"event":{"mods":["2.2 Compatiblity","AchievementEnabler","Aspiration","Bard","BaseMod","Beaked The Cultist","Better Altar","Better Match","Better Note","Better Sensory Stone","Better Skull","Better Third Choice","Clockwork Mod","Colored Map","Conspire","Downfall","Friendly Minions","GifTheSpireLib","Glutton Mod","Halation","Highlight Path","Hubris","Infinite Spire","Minty Spire (QoL Compilation)","READ ME - Snecko Mod","RRrroohrrRGHHhhh!!","Replay The Spire","Spicy Shops","StSLib","Stuff the Spire","The Bladedancer","The Construct","The Cursed","The Disciple","The Hierophant","The Jungle","vexMod"],"gold_per_floor":[115,128,128,128,138,170,95,109,109,109,109,139,152,181,181,280,280,294,304,320,333,333,358,381,395,467,501,512,512,536,572,572,682,682,704,704,51,51,88,88,88,134,152,192,234,281,354,354,390,390],"floor_reached":49,"playtime":4567,"items_purged":["TheCursedMod:Defend_TheCursed","TheCursedMod:Defend_TheCursed"],"score":1035,"play_id":"5d7ddd7a-2533-45f9-bc09-b23ac6f5f629","local_time":"20210107232311","is_ascension_mode":true,"campfire_choices":[{"data":"TheCursedMod:Evocation","floor":15.0,"key":"SMITH"},{"data":"TheCursedMod:CollectTribute","floor":29.0,"key":"SMITH"},{"floor":32.0,"key":"RECALL"},{"data":"TheCursedMod:HellfireBreathing","floor":40.0,"key":"SMITH"},{"floor":48,"key":"DIG"}],"circlet_count":0,"master_deck":["TheCursedMod:Strike_TheCursed","TheCursedMod:Strike_TheCursed","TheCursedMod:Defend_TheCursed","TheCursedMod:CursedWand+1","TheCursedMod:CleanUpWorkshop","TheCursedMod:Dregs","TheCursedMod:LuckyCharm","TheCursedMod:WearCloak+1","infinitespire:SevenWalls","TheCursedMod:CursedBlade","TheCursedMod:ReleasedStrength+1","StuffTheSpire:CuriosityCurse","TheCursedMod:RapidMovement","TheCursedMod:SurpriseAttack","TheCursedMod:Evocation+1","TheCursedMod:CollectTribute+1","TheCursedMod:TacticalStrike+1","TheCursedMod:LuckyCharm+1","TheCursedMod:CursedBoomerang","TheCursedMod:SpitefulPray+1","TheCursedMod:SpitefulPlan+1","TheCursedMod:SurpriseAttack+1","hubris:Greed","TheCursedMod:CursedStaff+1","Slimebound:Icky","CommonCold","ReplayTheSpireMod:Faulty Equipment","TheCursedMod:ManaBullet","TheCursedMod:HellfireBreathing+1","TheCursedMod:RapidMovement+1","TheCursedMod:ReleasedKnowledge+1","TheCursedMod:HellfireBreathing+1","TheCursedMod:SurpriseAttack+1","hubris:Greed"],"relics":["TheCursedMod:BlackMagic101","halation:PromiseList","Replay:Bottled Steam","hubris:Teleporter","infinitespire:ShieldingShard","rorgmod:The Boot","Astrolabe","StuffTheSpire:Tea","StuffTheSpire:ForceGauntlet","Replay:Ringing Soul","Shuriken","Replay:Ancient Bell","hubris:SlimyHat","ReplayTheSpireMod:Ninjato","hubris:Zylophone","hubris:BottledRain","Bottled Lightning","Toxic Egg 2","aspiration:Lifesprig","Replay:Bandana","hubris:TenFootPole","infinitespire:WardingShard"],"acts_visited":["Exordium","TheCity","TheBeyond"],"potions_floor_usage":[45,49,49],"damage_taken":[{"damage":0.0,"enemies":"Small Slimes","floor":1.0,"turns":4.0},{"damage":0.0,"enemies":"2 Louse","floor":2.0,"turns":3.0},{"damage":0.0,"enemies":"Jaw Worm","floor":5.0,"turns":4.0},{"damage":18.0,"enemies":"Gremlin Nob","floor":6.0,"turns":5.0},{"damage":4.0,"enemies":"Looter","floor":8.0,"turns":3.0},{"damage":3.0,"enemies":"Lagavulin","floor":12.0,"turns":8.0},{"damage":0.0,"enemies":"3 Louse","floor":13.0,"turns":3.0},{"damage":6.0,"enemies":"Gremlin Nob","floor":14.0,"turns":5.0},{"damage":0.0,"enemies":"Hexaghost","floor":16.0,"turns":11.0},{"damage":5.0,"enemies":"Shell Parasite","floor":18.0,"turns":4.0},{"damage":13.0,"enemies":"Chosen","floor":19.0,"turns":5.0},{"damage":0.0,"enemies":"Centurion and Healer","floor":20.0,"turns":5.0},{"damage":0.0,"enemies":"Snake Plant","floor":21.0,"turns":4.0},{"damage":29.0,"enemies":"conspire:SneckoGhost","floor":23.0,"turns":9.0},{"damage":0.0,"enemies":"Cultist and Chosen","floor":25.0,"turns":6.0},{"damage":0.0,"enemies":"conspire:Head Lice","floor":27.0,"turns":5.0},{"damage":12.0,"enemies":"Chosen and Byrds","floor":28.0,"turns":5.0},{"damage":0.0,"enemies":"Centurion and Healer","floor":30.0,"turns":3.0},{"damage":0.0,"enemies":"Slavers","floor":31.0,"turns":3.0},{"damage":7.0,"enemies":"conspire:MysteriousRune","floor":33.0,"turns":5.0},{"damage":10.0,"enemies":"3 Darklings","floor":35.0,"turns":4.0},{"damage":0.0,"enemies":"Nemesis","floor":39.0,"turns":3.0},{"damage":0,"enemies":"3 Shapes","floor":43,"turns":2},{"damage":0,"enemies":"Reptomancer","floor":44,"turns":4},{"damage":18,"enemies":"Writhing Mass","floor":45,"turns":2},{"damage":11,"enemies":"Sphere and 2 Shapes","floor":46,"turns":3},{"damage":0,"enemies":"R_Hoarder","floor":47,"turns":5},{"damage":69,"enemies":"conspire:OrnateMirror","floor":49,"turns":5}],"seed_played":"1013668598682830269","potions_obtained":[{"floor":1.0,"key":"Doom Potion"},{"floor":5.0,"key":"Ancient Potion"},{"floor":8.0,"key":"Adrenaline Potion"},{"floor":13.0,"key":"ColorlessPotion"},{"floor":14.0,"key":"Reflective Coating"},{"floor":18.0,"key":"Regen Potion"},{"floor":25.0,"key":"Dexterity Potion"},{"floor":27.0,"key":"PowerPotion"},{"floor":31.0,"key":"Reflective Coating"},{"floor":43,"key":"champ:CounterPotion"}],"is_trial":false,"path_per_floor":["M","M","?","?","M","E","$","M","T","?","?","E","M","E","R","B",null,"M","M","M","M","?","E","T","M","T","E","M","R","M","E","R","B",null,"M","?","$","?","E","R","?","T","M","E","M","M","E","R_BF","B"],"character_chosen":"THE_CURSED","items_purchased":["TheCursedMod:HellfireBreathing","hubris:BottledRain","Bottled Lightning"],"campfire_rested":0,"item_purchase_floors":[37,37,37],"current_hp_per_floor":[75,75,57,57,57,39,39,35,35,43,43,40,40,34,34,34,75,70,57,71,71,71,42,42,42,42,45,36,36,39,39,39,32,87,80,80,83,83,86,86,86,86,89,92,74,66,69,69,0,0],"gold":390,"neow_bonus":"UPGRADE_CARD","is_daily":false,"chose_seed":false,"campfire_upgraded":3,"win_rate":0.0,"timestamp":1610090591,"path_taken":["M","M","?","?","M","E","?","M","T","?","?","E","?","E","R","BOSS","M","?","M","M","?","E","?","M","T","E","M","R","M","E","R","BOSS","M","?","$","?","E","R","?","T","M","E","?","M","E","R_BF","BOSS"],"items_purchased_type":["Card","Relic","Relic"],"build_version":"2020-12-22","purchased_purges":2,"victory":false,"max_hp_per_floor":[75,75,75,75,75,75,75,75,75,75,75,75,75,75,75,75,75,75,75,75,75,75,75,75,75,75,78,81,81,84,84,84,84,87,90,90,93,93,96,96,96,96,99,102,102,105,108,108,108,108],"card_choices":[{"not_picked":["TheCursedMod:VitalStrike","TheCursedMod:SpitefulStrike"],"picked":"TheCursedMod:LuckyCharm","floor":1.0},{"not_picked":["TheCursedMod:DoubleShield","TheCursedMod:CircleOfAmplification"],"picked":"TheCursedMod:WearCloak","floor":2.0},{"not_picked":["infinitespire:Fortify","ReplayTheSpireMod:Haul"],"picked":"infinitespire:SevenWalls","floor":3.0},{"not_picked":["TheCursedMod:CursedAmulet","TheCursedMod:StunningStrike"],"picked":"TheCursedMod:CursedBlade","floor":5.0},{"not_picked":["TheCursedMod:SmokeScreen","TheCursedMod:TacticalStrike"],"picked":"TheCursedMod:ReleasedStrength","floor":6.0},{"not_picked":["TheCursedMod:CircleOfCorruption","TheCursedMod:SpitefulStrike"],"picked":"TheCursedMod:CursedAmulet","floor":8.0},{"not_picked":["TheCursedMod:CircleOfBlood","TheCursedMod:CursedSpellbook"],"picked":"TheCursedMod:RapidMovement","floor":12.0},{"not_picked":["TheCursedMod:WearCloak","TheCursedMod:SpitefulStrike"],"picked":"TheCursedMod:SurpriseAttack","floor":13.0},{"not_picked":["TheCursedMod:Stigma","TheCursedMod:ManaCirculation"],"picked":"TheCursedMod:Evocation","floor":14.0},{"not_picked":["TheCursedMod:VoidForm","TheCursedMod:OutForBlood"],"picked":"TheCursedMod:CollectTribute","floor":16.0},{"not_picked":["TheCursedMod:Obscuration+1","TheCursedMod:Stigma"],"picked":"TheCursedMod:CursedBoomerang","floor":18.0},{"not_picked":["TheCursedMod:ManaBullet+1","TheCursedMod:WearCloak","TheCursedMod:RapidMovement"],"picked":"SKIP","floor":19.0},{"not_picked":["TheCursedMod:Hemoplague","TheCursedMod:VitalStrike"],"picked":"TheCursedMod:SpitefulPray+1","floor":20.0},{"not_picked":["TheCursedMod:TacticalStrike","TheCursedMod:TroublousMinions","TheCursedMod:CursedAmulet+1"],"picked":"SKIP","floor":21.0},{"not_picked":["TheCursedMod:RavingStaff","TheCursedMod:CursedMace+1","TheCursedMod:Mangle"],"picked":"SKIP","floor":23.0},{"not_picked":["TheCursedMod:CursedSpellbook","TheCursedMod:CursedAmulet+1","TheCursedMod:TacticalStrike"],"picked":"SKIP","floor":25.0},{"not_picked":["TheCursedMod:Wield","TheCursedMod:BloodBarrier+1"],"picked":"TheCursedMod:SpitefulPlan+1","floor":27.0},{"not_picked":["TheCursedMod:CursedSpellbook","TheCursedMod:CircleOfBlood"],"picked":"TheCursedMod:SurpriseAttack+1","floor":28.0},{"not_picked":["TheCursedMod:FuryStrike","TheCursedMod:Obscuration"],"picked":"TheCursedMod:CursedStaff+1","floor":30.0},{"not_picked":["TheCursedMod:CursedBlade","TheCursedMod:CircleOfFlame","TheCursedMod:Wield"],"picked":"SKIP","floor":31.0},{"not_picked":["Writhe","Replay:UnknownCurse"],"picked":"Slimebound:Icky","floor":34.0},{"not_picked":["hubris:Compulsion","Decay"],"picked":"CommonCold","floor":34.0},{"not_picked":["conspire:Blindness","Parasite"],"picked":"ReplayTheSpireMod:Faulty Equipment","floor":34.0},{"not_picked":["TheCursedMod:SmokeScreen","TheCursedMod:WearCloak"],"picked":"TheCursedMod:ManaBullet","floor":35.0},{"not_picked":["TheCursedMod:CircleOfFocus+1","TheCursedMod:CursedBlade"],"picked":"TheCursedMod:RapidMovement+1","floor":39.0},{"not_picked":["TheCursedMod:Stretching+1","TheCursedMod:Stigma+1"],"picked":"TheCursedMod:ReleasedKnowledge+1","floor":43},{"not_picked":["TheCursedMod:DemonicPact","TheCursedMod:Torture+1"],"picked":"TheCursedMod:HellfireBreathing+1","floor":44},{"not_picked":["TheCursedMod:Stretching+1","TheCursedMod:PrepareRite+1","TheCursedMod:CursedMace+1"],"picked":"SKIP","floor":45},{"not_picked":["TheCursedMod:CircleOfFocus+1","TheCursedMod:SpreadPlague+1"],"picked":"TheCursedMod:SurpriseAttack+1","floor":46},{"not_picked":["TheCursedMod:DemonicPact","TheCursedMod:EmpowerCircles","TheCursedMod:Stretching+1"],"picked":"SKIP","floor":47}],"player_experience":868242,"relics_obtained":[{"floor":6.0,"key":"halation:PromiseList"},{"floor":9.0,"key":"Replay:Bottled Steam"},{"floor":12.0,"key":"infinitespire:ShieldingShard"},{"floor":14.0,"key":"rorgmod:The Boot"},{"floor":23.0,"key":"StuffTheSpire:Tea"},{"floor":26.0,"key":"StuffTheSpire:ForceGauntlet"},{"floor":27.0,"key":"Replay:Ringing Soul"},{"floor":31.0,"key":"Shuriken"},{"floor":39.0,"key":"Toxic Egg 2"},{"floor":42.0,"key":"aspiration:Lifesprig"},{"floor":44,"key":"Replay:Bandana"},{"floor":47,"key":"hubris:TenFootPole"},{"floor":48,"key":"infinitespire:WardingShard"}],"event_choices":[{"cards_removed":["TheCursedMod:UltimatePain"],"damage_healed":0.0,"max_hp_gain":0.0,"max_hp_loss":0.0,"gold_gain":0.0,"event_name":"betterThird:BetterWriting","player_choice":"Elegance","floor":22.0,"gold_loss":0.0,"damage_taken":0.0},{"cards_removed":["TheCursedMod:CursedAmulet"],"damage_healed":0.0,"max_hp_gain":0.0,"max_hp_loss":0.0,"gold_gain":0.0,"event_name":"Falling","player_choice":"Removed Skill","floor":41.0,"gold_loss":0.0,"damage_taken":0.0}],"is_beta":false,"boss_relics":[{"not_picked":["Ring of Chaos","vexMod:DeviousBotling"],"picked":"Astrolabe"},{"not_picked":["hubris:BlackHole","StuffTheSpire:ModemDavis"],"picked":"Replay:Ancient Bell"},{"not_picked":["Happy Flower","PreservedInsect"],"picked":"hubris:SlimyHat"},{"not_picked":["conspire:DecoderRing","Kunai"],"picked":"ReplayTheSpireMod:Ninjato"},{"not_picked":["conspire:GlowingRock","infinitespire:Lychee Nut"],"picked":"hubris:Zylophone"}],"items_purged_floors":[7,37],"is_endless":false,"potions_floor_spawned":[1,5,8,13,14,18,25,27,28,31,35,43],"killed_by":"conspire:OrnateMirror","ascension_level":2}}