{"host":"ydujlihd8f5px9gp","time":1610149204,"event":{"mods":["AchievementEnabler","BaseMod","Block Reminder","Colored Map","Minty Spire (QoL Compilation)","ojb\u0027s Info Mod"],"gold_per_floor":[165,165,181,56,76,101,101,435,435,452,487,505,530,580,592,707,719,742,804,866,889,779,779,798,832,857,857,875,384,138,167,167,263,263,276,326,426,0,17,17,46,46,120,147,97,107,121,138,138,138,138],"floor_reached":50,"playtime":2111,"items_purged":["Defend_R","Defend_R","Pommel Strike"],"score":805,"play_id":"d163d1a4-e2b0-4a17-a4f8-733cc44171da","local_time":"20210108214004","is_ascension_mode":true,"campfire_choices":[{"data":"Sever Soul","floor":7,"key":"SMITH"},{"floor":15,"key":"REST"},{"data":"Perfected Strike","floor":23,"key":"SMITH"},{"data":"Pommel Strike","floor":27,"key":"SMITH"},{"floor":32,"key":"REST"},{"data":"Pommel Strike","floor":40,"key":"SMITH"},{"data":"Battle Trance","floor":42,"key":"SMITH"},{"floor":49,"key":"REST"}],"circlet_count":0,"master_deck":["Strike_R","Strike_R","Strike_R","Strike_R","Strike_R","Defend_R","Defend_R+1","Bash","Sever Soul+1","Reckless Charge+1","Pommel Strike+1","Wild Strike","Battle Trance+1","Perfected Strike+1","Twin Strike","Pommel Strike+1","Wild Strike","Spot Weakness","Cleave+1","Necronomicurse","Decay","Fire Breathing","Wild Strike","Seeing Red","Demon Form","Immolate","Dropkick+1","Injury","Wild Strike+1"],"relics":["Tiny House","SsserpentHead","Bag of Marbles","Pear","Old Coin","Pocketwatch","Juzu Bracelet","Red Skull","MawBank","Cursed Key","Necronomicon","Sundial","Happy Flower","Oddly Smooth Stone","Vajra","Lee\u0027s Waffle","Nunchaku","Whetstone","Regal Pillow","SlaversCollar","WingedGreaves","Red Mask","Smiling Mask","Mercury Hourglass","Question Card"],"acts_visited":["Exordium","TheCity","TheBeyond"],"potions_floor_usage":[11,16,31,33,41,48,50,50,50,50,50],"damage_taken":[{"damage":6,"enemies":"Jaw Worm","floor":1,"turns":4},{"damage":1,"enemies":"Cultist","floor":3,"turns":3},{"damage":0,"enemies":"2 Louse","floor":5,"turns":1},{"damage":18,"enemies":"Lagavulin","floor":6,"turns":5},{"damage":18,"enemies":"3 Sentries","floor":8,"turns":5},{"damage":8,"enemies":"Blue Slaver","floor":10,"turns":2},{"damage":8,"enemies":"Gremlin Nob","floor":11,"turns":3},{"damage":0,"enemies":"2 Fungi Beasts","floor":12,"turns":2},{"damage":14,"enemies":"3 Sentries","floor":13,"turns":6},{"damage":37,"enemies":"The Guardian","floor":16,"turns":7},{"damage":7,"enemies":"Chosen","floor":18,"turns":3},{"damage":6,"enemies":"3 Byrds","floor":21,"turns":3},{"damage":6,"enemies":"Centurion and Healer","floor":24,"turns":2},{"damage":0,"enemies":"Gremlin Leader","floor":25,"turns":3},{"damage":6,"enemies":"Snecko","floor":28,"turns":3},{"damage":27,"enemies":"Slavers","floor":31,"turns":3},{"damage":76,"enemies":"Collector","floor":33,"turns":7},{"damage":8,"enemies":"3 Shapes","floor":35,"turns":1},{"damage":0,"enemies":"Mind Bloom Boss Battle","floor":37,"turns":3},{"damage":0,"enemies":"Orb Walker","floor":39,"turns":1},{"damage":0,"enemies":"Reptomancer","floor":41,"turns":1},{"damage":19,"enemies":"Giant Head","floor":44,"turns":5},{"damage":30,"enemies":"Maw","floor":46,"turns":3},{"damage":0,"enemies":"Spire Growth","floor":47,"turns":1},{"damage":23,"enemies":"Writhing Mass","floor":48,"turns":3},{"damage":91,"enemies":"Donu and Deca","floor":50,"turns":5}],"seed_played":"2051995011988458563","potions_obtained":[{"floor":0,"key":"EntropicBrew"},{"floor":6,"key":"Swift Potion"},{"floor":8,"key":"FearPotion"},{"floor":11,"key":"DuplicationPotion"},{"floor":13,"key":"DuplicationPotion"},{"floor":16,"key":"DistilledChaos"},{"floor":31,"key":"HeartOfIron"},{"floor":33,"key":"AttackPotion"},{"floor":35,"key":"Regen Potion"},{"floor":41,"key":"ElixirPotion"}],"is_trial":false,"path_per_floor":["M","?","M","$","M","E","R","E","T","M","E","M","E","?","R","B",null,"M","?","?","M","$","R","M","E","T","R","M","$","$","E","R","B",null,"M","?","?","?","M","R","E","R","T","E","$","M","M","M","R","B"],"character_chosen":"IRONCLAD","items_purchased":["Bag of Marbles","Wild Strike","Clash","Vajra","Wild Strike","Lee\u0027s Waffle","Nunchaku","Seeing Red","Whetstone"],"campfire_rested":3,"item_purchase_floors":[4,4,22,29,29,29,29,29,30],"current_hp_per_floor":[79,79,78,78,78,70,70,52,52,44,36,36,22,19,47,10,95,88,72,72,66,66,66,60,60,60,60,54,102,102,75,102,26,102,94,94,94,94,94,94,94,94,94,75,75,45,45,31,76,0,0],"gold":138,"neow_bonus":"BOSS_RELIC","is_daily":false,"chose_seed":false,"campfire_upgraded":5,"win_rate":0.0,"timestamp":1610149204,"path_taken":["M","?","M","?","M","E","R","E","T","M","E","M","E","?","R","BOSS","M","?","?","M","$","R","M","E","T","R","M","?","$","E","R","BOSS","M","?","?","?","M","R","E","R","T","E","$","M","M","M","R","BOSS"],"items_purchased_type":["Relic","Card","Card","Relic","Card","Relic","Relic","Card","Relic"],"build_version":"2020-12-22","purchased_purges":3,"victory":false,"max_hp_per_floor":[85,85,85,85,85,95,95,95,95,95,95,95,95,95,95,95,95,95,95,95,95,95,95,95,95,95,95,95,102,102,102,102,102,102,102,102,102,102,102,102,102,102,102,102,102,102,102,102,102,102,102],"card_choices":[{"not_picked":["Havoc","Body Slam"],"picked":"Sever Soul","floor":0},{"not_picked":["Entrench","Feel No Pain"],"picked":"Reckless Charge","floor":1},{"not_picked":["Warcry","True Grit"],"picked":"Pommel Strike","floor":3},{"not_picked":["Barricade","Warcry"],"picked":"Battle Trance","floor":5},{"not_picked":["Heavy Blade","Body Slam"],"picked":"Perfected Strike","floor":6},{"not_picked":["Infernal Blade","Anger"],"picked":"Twin Strike","floor":8},{"not_picked":["Armaments","Intimidate"],"picked":"Pommel Strike","floor":10},{"not_picked":["Perfected Strike","Heavy Blade"],"picked":"Wild Strike","floor":11},{"not_picked":["Warcry","Twin Strike","Carnage"],"picked":"SKIP","floor":12},{"not_picked":["Reaper","Combust"],"picked":"Spot Weakness","floor":13},{"not_picked":["Body Slam","Ghostly Armor"],"picked":"Cleave+1","floor":18},{"not_picked":["Combust","Twin Strike","Sever Soul"],"picked":"SKIP","floor":21},{"not_picked":["Ghostly Armor","Searing Blow","Whirlwind"],"picked":"SKIP","floor":24},{"not_picked":["Armaments","Shockwave+1","Body Slam"],"picked":"SKIP","floor":25},{"not_picked":["Havoc","Ghostly Armor+1"],"picked":"Fire Breathing","floor":28},{"not_picked":["Sever Soul","Infernal Blade"],"picked":"Demon Form","floor":31},{"not_picked":["Offering","Limit Break"],"picked":"Immolate","floor":33},{"not_picked":["Cleave","Perfected Strike+1"],"picked":"Dropkick+1","floor":35},{"not_picked":["Warcry+1","Second Wind+1","Thunderclap+1"],"picked":"SKIP","floor":39},{"not_picked":["True Grit","Heavy Blade","Fiend Fire"],"picked":"SKIP","floor":41},{"not_picked":["Anger","Heavy Blade"],"picked":"Pommel Strike","floor":44},{"not_picked":["Warcry","Cleave+1","Flex","Clothesline"],"picked":"SKIP","floor":46},{"not_picked":["Clothesline","Second Wind","Cleave+1","Shockwave"],"picked":"SKIP","floor":47},{"not_picked":["Entrench+1","True Grit","Disarm+1"],"picked":"Wild Strike+1","floor":48}],"player_experience":101746,"relics_obtained":[{"floor":6,"key":"Pear"},{"floor":8,"key":"Old Coin"},{"floor":9,"key":"Pocketwatch"},{"floor":11,"key":"Juzu Bracelet"},{"floor":13,"key":"Red Skull"},{"floor":19,"key":"Necronomicon"},{"floor":25,"key":"Happy Flower"},{"floor":26,"key":"Oddly Smooth Stone"},{"floor":31,"key":"Regal Pillow"},{"floor":37,"key":"WingedGreaves"},{"floor":41,"key":"Smiling Mask"},{"floor":43,"key":"Mercury Hourglass"},{"floor":44,"key":"Question Card"}],"event_choices":[{"damage_healed":0,"gold_gain":0,"player_choice":"Trade","damage_taken":0,"relics_obtained":["SsserpentHead"],"max_hp_gain":0,"max_hp_loss":0,"event_name":"FaceTrader","floor":2,"gold_loss":0},{"damage_healed":0,"gold_gain":0,"player_choice":"Success","damage_taken":3,"relics_obtained":["MawBank"],"max_hp_gain":0,"max_hp_loss":0,"event_name":"Scrap Ooze","floor":14,"gold_loss":0},{"damage_healed":0,"gold_gain":0,"player_choice":"Obtained Book","damage_taken":16,"max_hp_gain":0,"max_hp_loss":0,"event_name":"Cursed Tome","floor":19,"gold_loss":0},{"damage_healed":0,"gold_gain":0,"player_choice":"Opened","damage_taken":0,"relics_obtained":["Sundial"],"max_hp_gain":0,"max_hp_loss":0,"event_name":"The Mausoleum","floor":20,"gold_loss":0},{"cards_removed":["Clash"],"damage_healed":0,"gold_gain":0,"player_choice":"Purged","damage_taken":0,"max_hp_gain":0,"max_hp_loss":0,"event_name":"Purifier","floor":36,"gold_loss":0},{"damage_healed":0,"gold_gain":0,"player_choice":"Fight","damage_taken":0,"max_hp_gain":0,"max_hp_loss":0,"event_name":"MindBloom","floor":37,"gold_loss":0},{"damage_healed":0,"gold_gain":0,"player_choice":"Paid","damage_taken":0,"relics_obtained":["Red Mask"],"max_hp_gain":0,"max_hp_loss":0,"event_name":"Tomb of Lord Red Mask","floor":38,"gold_loss":476}],"is_beta":false,"boss_relics":[{"not_picked":["Philosopher\u0027s Stone","Coffee Dripper"],"picked":"Cursed Key"},{"not_picked":["SacredBark","Black Star"],"picked":"SlaversCollar"}],"items_purged_floors":[22,30,45],"is_endless":false,"potions_floor_spawned":[6,8,11,13,16,28,31,33,35,41,46],"killed_by":"Donu and Deca","ascension_level":2}}