{"host":"ylxam20yo7j5dy26","time":1610086394,"event":{"mods":["ATMod(°¢èªMod)","Act Like it!","BaseMod","Conspire","Defuse TimeMaze Blight","Downfall","Gensokyo","Hallownest","Hubris","Infinite Spire","Lobotomy","Minty Spire (QoL Compilation)","Quick Restart","Replay The Spire","Spicy Shops","StSLib","The Cursed","UnlockEverythingMod","vexMod","¡¾ÒÅÎï¿¨ÅÆ¡¿REMEMod"],"gold_per_floor":[99,99,99,99,199,234,279,393,243,263,282,297,297,77,138,267,267,267,303,339,435,435,482,553,653,713,713,638,708,778,864,927,1050,1050,1050,1090,1090,1243,413,341,341,341,459,550,707,707,751,778,871,902,902,962,120,120,470],"floor_reached":56,"playtime":5881,"items_purged":[],"score":1351,"play_id":"cb5b8b87-cace-4151-9348-c1a7c3ee44cc","local_time":"20210108141314","is_ascension_mode":false,"campfire_choices":[{"floor":1.0,"key":"RECALL"},{"data":"AT_FamilyPortrait","floor":9.0,"key":"SMITH"},{"data":"hexamod:RadiantFlame","floor":13.0,"key":"SMITH"},{"floor":28.0,"key":"REST"},{"floor":35.0,"key":"REST"},{"floor":54,"key":"REST"}],"circlet_count":0,"master_deck":["hexamod:Strike+1","hexamod:Strike+1","hexamod:Strike+1","hexamod:Strike","hexamod:Defend+1","hexamod:Defend+1","hexamod:Defend+1","hexamod:Defend+1","hexamod:Sear+1","hexamod:Float+1","AT_FamilyPortrait+1","ReplayTheSpireMod:Private Reserves+1","hexamod:ExtraCrispy+1","hexamod:ShieldOfDarkness+1","hexamod:RainOfEmbers+1","hexamod:RadiantFlame+1","hexamod:GhostOfSpirePresent+1","hexamod:InspiringFlames","hexamod:AdvancingGuard+1","hexamod:FastForward+1","hexamod:StepThrough+1","hexamod:EmpoweredFlame","hexamod:CatchUp+1","hexamod:FastForward+1","hexamod:StepThrough+1","hexamod:SixthSeal","hexamod:EmpoweredFlame+1","hexamod:ChargedBarrage+1","hexamod:TimeWarp+1","hexamod:FastForward+1","hexamod:ExtraCrispy","Replay:SS_forest_5"],"relics":["hexamod:SpiritBrand","AT_ATBox","REME_ComplimentaryCards","downfall:HeartsMalice","Potion Belt","Gambling Chip","downfall:HeartBlessingRed","downfall:HeartBlessingBlue","AT_MibuBalloonWealth","AT_TrinityForce","hubris:Towel","Singing Bowl","AT_DeathDance","downfall:RedIOU","downfall:HeartBlessingGreen","hexamod:TheBrokenSeal","Replay:Grab Bag","Fusion Hammer","hexamod:IceCube","Ring of Chaos","ClockworkSouvenir","ReplayTheSpireMod:Shallot","Vajra","Replay:Rubber Ducky","infinitespire:Midas Blood","hexamod:TheBrokenSeal","Whetstone","Incense Burner","hubris:BundleOfHerbs","Onion Ring","hubris:Icosahedron","AT_SunfireAegis","Boot","hubris:DisguiseKit","DollysMirror","Bag of Preparation","REME_ArchaeologicalTools","Orichalcum"],"acts_visited":["Exordium","TheCity","TheBeyond","TheEnding"],"potions_floor_usage":[],"damage_taken":[{"damage":0.0,"enemies":"Jaw Worm","floor":2.0,"turns":1.0},{"damage":0.0,"enemies":"Cultist","floor":4.0,"turns":1.0},{"damage":0.0,"enemies":"downfall:LadyInBlue","floor":5.0,"turns":1.0},{"damage":28.0,"enemies":"3 Sentries","floor":6.0,"turns":9.0},{"damage":11.0,"enemies":"conspire:MimicChest","floor":8.0,"turns":6.0},{"damage":0.0,"enemies":"Gremlin Gang","floor":10.0,"turns":5.0},{"damage":3.0,"enemies":"conspire:2 RoseBushes","floor":11.0,"turns":4.0},{"damage":9.0,"enemies":"Exordium Wildlife","floor":12.0,"turns":4.0},{"damage":0.0,"enemies":"downfall:FleeingMerchant","floor":14.0,"turns":4.0},{"damage":0.0,"enemies":"2 Fungi Beasts","floor":15.0,"turns":4.0},{"damage":24.0,"enemies":"downfall:Silent","floor":16.0,"turns":9.0},{"damage":0.0,"enemies":"Chosen","floor":19.0,"turns":4.0},{"damage":10.0,"enemies":"Spheric Guardian","floor":20.0,"turns":5.0},{"damage":18.0,"enemies":"3 Cultists","floor":21.0,"turns":5.0},{"damage":16.0,"enemies":"Snake Plant","floor":23.0,"turns":5.0},{"damage":30.0,"enemies":"REME_1_Revenger","floor":26.0,"turns":5.0},{"damage":28.0,"enemies":"Sentry and Sphere","floor":29.0,"turns":9.0},{"damage":34.0,"enemies":"Shelled Parasite and Fungi","floor":30.0,"turns":9.0},{"damage":3.0,"enemies":"3 Cultists","floor":31.0,"turns":4.0},{"damage":10.0,"enemies":"Chosen and Byrds","floor":32.0,"turns":5.0},{"damage":31.0,"enemies":"downfall:Ironclad","floor":33.0,"turns":6.0},{"damage":9,"enemies":"Orb Walker","floor":36,"turns":4},{"damage":18,"enemies":"3 Darklings","floor":38,"turns":8},{"damage":0,"enemies":"downfall:FleeingMerchant","floor":39,"turns":4},{"damage":2,"enemies":"downfall:FleeingMerchant","floor":40,"turns":4},{"damage":7,"enemies":"4 Shapes","floor":43,"turns":4},{"damage":0,"enemies":"Sphere and 2 Shapes","floor":44,"turns":5},{"damage":0,"enemies":"Reptomancer","floor":45,"turns":5},{"damage":0,"enemies":"Writhing Mass","floor":47,"turns":2},{"damage":0,"enemies":"Jaw Worm Horde","floor":49,"turns":3},{"damage":7,"enemies":"downfall:Defect","floor":50,"turns":4},{"damage":0,"enemies":"downfall:CharBossMerchant","floor":52,"turns":5},{"damage":49,"enemies":"downfall:NeowBoss","floor":55,"turns":24}],"seed_played":"2231855707935265412","potions_obtained":[{"floor":5.0,"key":"Dexterity Potion"},{"floor":5.0,"key":"SpeedPotion"},{"floor":5.0,"key":"PowerPotion"},{"floor":6.0,"key":"LiquidMemories"},{"floor":8.0,"key":"REME_GoldPotion"},{"floor":10.0,"key":"hexamod:EctoCoolerPotion"},{"floor":11.0,"key":"Toxic Potion"},{"floor":14.0,"key":"FairyPotion"},{"floor":16.0,"key":"Reflective Coating"},{"floor":16.0,"key":"LifebloodPotion"},{"floor":19.0,"key":"Swift Potion"},{"floor":23.0,"key":"FairyPotion"},{"floor":26.0,"key":"Explosive Potion"},{"floor":32.0,"key":"Dexterity Potion"},{"floor":33.0,"key":"Explosive Potion"},{"floor":38,"key":"LiquidBronze"},{"floor":40,"key":"Energy Potion"},{"floor":47,"key":"Block Potion"}],"is_trial":false,"path_per_floor":["R","M","?","M","?","E","T","?","R","M","M","M","R","$","M","B",null,"R","M","M","M","?","M","T","?","E","?","R","M","M","M","M","B",null,"R","M","?","M","$","$","T","?","M","M","E","?","M","T","M","B",null,"E","$","R","B",null],"character_chosen":"THE_SPIRIT","items_purchased":["AT_MibuBalloonWealth","hexamod:FastForward","ClockworkSouvenir","ReplayTheSpireMod:Shallot","Vajra","Replay:Rubber Ducky","infinitespire:Midas Blood","Whetstone","Incense Burner","DollysMirror","Bag of Preparation","REME_ArchaeologicalTools","Orichalcum","hexamod:ExtraCrispy","Replay:SS_forest_5"],"campfire_rested":3,"item_purchase_floors":[14,14,39,39,39,39,39,40,40,53,53,53,53,53,53],"current_hp_per_floor":[70,70,70,70,70,42,42,31,41,41,38,29,29,29,29,5,80,80,80,77,66,66,57,57,57,36,36,60,34,98,95,85,54,98,98,93,85,71,71,118,118,118,113,115,115,115,115,115,117,110,124,126,126,126,77],"gold":470,"neow_bonus":"THREE_ENEMY_KILL","is_daily":false,"chose_seed":false,"campfire_upgraded":2,"win_rate":0.0,"timestamp":1610086394,"path_taken":["R","M","?","?","?","E","T","?","R","M","M","M","R","$","M","BOSS","R","M","M","M","?","M","T","?","E","?","R","?","M","M","M","BOSS","R","M","?","M","?","$","T","?","M","M","E","?","M","?","M","BOSS","E","$","R","BOSS"],"items_purchased_type":["Relic","Card","Relic","Relic","Relic","Relic","Relic","Relic","Relic","Relic","Relic","Relic","Relic","Card","Card"],"build_version":"2020-12-22","purchased_purges":0,"victory":true,"max_hp_per_floor":[70,70,70,70,70,70,70,70,80,80,80,80,80,80,80,80,80,80,80,80,80,80,80,80,80,82,82,82,84,98,98,98,98,98,98,102,102,106,106,118,118,118,120,122,122,122,122,122,124,124,124,126,126,126,126],"card_choices":[{"not_picked":["hexamod:SkipABeat","hexamod:NightmareStrike"],"picked":"hexamod:ExtraCrispy","floor":2.0},{"not_picked":["hexamod:BurningTouch","hexamod:Firestarter"],"picked":"hexamod:FourthSeal","floor":4.0},{"not_picked":["hexamod:GhostLash","hexamod:HeatCrush"],"picked":"hexamod:ShieldOfDarkness","floor":5.0},{"not_picked":["hexamod:ParanormalForm","hexamod:GhostLash"],"picked":"hexamod:RainOfEmbers","floor":6.0},{"not_picked":["hexamod:GhostShield","hexamod:GhostLash"],"picked":"hexamod:RadiantFlame","floor":10.0},{"not_picked":["hexamod:RecurringNightmare","hexamod:ShieldOfDarkness"],"picked":"hexamod:GhostOfSpirePresent","floor":11.0},{"not_picked":["hexamod:SearingWound","hexamod:Hexaguard"],"picked":"hexamod:InspiringFlames","floor":12.0},{"not_picked":["hexamod:RecurringNightmare","hexamod:RainOfEmbers"],"picked":"hexamod:AdvancingGuard","floor":14.0},{"not_picked":["hexamod:GhostShield","hexamod:ShieldOfDarkness"],"picked":"hexamod:StepThrough","floor":15.0},{"not_picked":["hexamod:VolcanoVisage","hexamod:TimeWarp"],"picked":"hexamod:FifthSeal","floor":16.0},{"not_picked":["hexamod:ThirdSeal","hexamod:SecondSeal"],"picked":"hexamod:FirstSeal","floor":19.0},{"not_picked":["hexamod:Hexaguard+1","hexamod:BurningTouch","hexamod:SpectersWail"],"picked":"SKIP","floor":19.0},{"not_picked":["hexamod:FirstSeal","hexamod:ThirdSeal"],"picked":"hexamod:SecondSeal","floor":20.0},{"not_picked":["hexamod:FastForward","hexamod:FirstSeal"],"picked":"hexamod:CatchUp+1","floor":20.0},{"not_picked":["hexamod:ThirdSeal","hexamod:SecondSeal"],"picked":"hexamod:SixthSeal","floor":21.0},{"not_picked":["hexamod:NightmareStrike","hexamod:FirstSeal","hexamod:PhantomFireball"],"picked":"SKIP","floor":21.0},{"not_picked":["hexamod:AdvancingGuard","hexamod:SpectersWail"],"picked":"hexamod:FastForward","floor":23.0},{"not_picked":["hexamod:SecondSeal","hexamod:FourthSeal"],"picked":"hexamod:SixthSeal","floor":26.0},{"not_picked":["hexamod:RecurringNightmare","hexamod:AdvancingGuard+1","hexamod:GhostflameBarrier"],"picked":"Singing Bowl","floor":26.0},{"not_picked":["hexamod:FirstSeal","hexamod:FourthSeal"],"picked":"hexamod:ThirdSeal","floor":29.0},{"not_picked":["hexamod:InspiringFlames","hexamod:SpectersWail+1","hexamod:NightmareStrike"],"picked":"Singing Bowl","floor":29.0},{"not_picked":["hexamod:NightmareStrike","hexamod:SwordOfDarkness+1","hexamod:HeatMetal"],"picked":"Singing Bowl","floor":30.0},{"not_picked":["hexamod:InspiringFlames","hexamod:Firestarter+1","hexamod:BacktrackSmack"],"picked":"Singing Bowl","floor":30.0},{"not_picked":["hexamod:Incineration+1","hexamod:GhostOfSpirePast"],"picked":"hexamod:StepThrough+1","floor":31.0},{"not_picked":["hexamod:VolcanoVisage","hexamod:InspiringFlames+1"],"picked":"hexamod:ThirdSeal","floor":32.0},{"not_picked":["hexamod:WildfireWeapon","hexamod:CrushingStance"],"picked":"hexamod:SixthSeal","floor":33.0},{"not_picked":["hexamod:WildfireWeapon","hexamod:GhostflameInferno"],"picked":"hexamod:FifthSeal","floor":33.0},{"not_picked":["hexamod:SkipABeat","hexamod:GhostOfSpireFuture","hexamod:ThermalTransfer+1"],"picked":"Singing Bowl","floor":36},{"not_picked":["hexamod:ThirdSeal","hexamod:SixthSeal"],"picked":"hexamod:SecondSeal","floor":36},{"not_picked":["hexamod:ThirdSeal","hexamod:Hexaguard","hexamod:InspiringFlames+1"],"picked":"Singing Bowl","floor":36},{"not_picked":["hexamod:FastForward","hexamod:GhostLash","hexamod:EmpoweringStance"],"picked":"Singing Bowl","floor":38},{"not_picked":["hexamod:GhostflameBarrier+1","hexamod:SpectersWail+1","hexamod:ThirdSeal"],"picked":"Singing Bowl","floor":38},{"not_picked":["hexamod:ThirdSeal","hexamod:FourthSeal"],"picked":"hexamod:FirstSeal","floor":38},{"not_picked":["hexamod:ThermalTransfer+1","hexamod:NightmareStrike"],"picked":"hexamod:FourthSeal","floor":39},{"not_picked":["hexamod:HauntingEcho","hexamod:RadiantFlame+1"],"picked":"hexamod:EmpoweredFlame+1","floor":39},{"not_picked":["hexamod:InspiringFlames+1","hexamod:Firestarter+1","hexamod:FastForward"],"picked":"Singing Bowl","floor":40},{"not_picked":["hexamod:InspiringFlames+1","hexamod:HauntingEcho+1","hexamod:ParanormalForm"],"picked":"Singing Bowl","floor":43},{"not_picked":["hexamod:ExtraCrispy+1","hexamod:SpectersWail","hexamod:ThirdSeal"],"picked":"Singing Bowl","floor":44},{"not_picked":["hexamod:RetreatToShadows","hexamod:FastForward"],"picked":"hexamod:ChargedBarrage+1","floor":45},{"not_picked":["hexamod:Rewind","hexamod:NightmareStrike"],"picked":"hexamod:TimeWarp","floor":47},{"not_picked":["hexamod:NecessarySacrifice","hexamod:ThermalTransfer","hexamod:Haunt+1"],"picked":"Singing Bowl","floor":49},{"not_picked":["hexamod:NecessarySacrifice+1","hexamod:GhostLash+1","hexamod:InspiringFlames"],"picked":"Singing Bowl","floor":52}],"player_experience":89589,"relics_obtained":[{"floor":5.0,"key":"Potion Belt"},{"floor":6.0,"key":"Gambling Chip"},{"floor":8.0,"key":"Replay:Baseball"},{"floor":24.0,"key":"Singing Bowl"},{"floor":26.0,"key":"AT_DeathDance"},{"floor":41,"key":"hubris:BundleOfHerbs"},{"floor":45,"key":"Onion Ring"},{"floor":48,"key":"AT_SunfireAegis"},{"floor":52,"key":"hubris:DisguiseKit"}],"event_choices":[{"damage_healed":0.0,"max_hp_gain":0.0,"max_hp_loss":0.0,"gold_gain":0.0,"event_name":"Upgrade Shrine","player_choice":"Upgraded","floor":3.0,"gold_loss":0.0,"damage_taken":0.0,"cards_upgraded":["hexamod:Float"]},{"damage_healed":0.0,"max_hp_gain":0.0,"max_hp_loss":0.0,"gold_gain":0.0,"event_name":"The Library","player_choice":"Read","floor":18.0,"gold_loss":0.0,"damage_taken":0.0,"cards_obtained":["hexamod:EmpoweredFlame"]}],"is_beta":false,"boss_relics":[{"not_picked":["vexMod:BigBerry","AT_MortalBlade"],"picked":"AT_TrinityForce"},{"not_picked":["conspire:SeveredTorchhead","Replay:Bronze Core"],"picked":"Replay:Grab Bag"},{"not_picked":["ChewingGum","vexMod:DeviousBotling"],"picked":"Fusion Hammer"},{"not_picked":["vexMod:TanglingVine","vexMod:CursedCompass"],"picked":"hexamod:IceCube"},{"not_picked":["Pandora\u0027s Box","Empty Cage"],"picked":"Ring of Chaos"}],"items_purged_floors":[],"is_endless":false,"potions_floor_spawned":[8,11,15,16,19,20,26,32,33,38,47],"ascension_level":0}}