{"host":"d265sm4b0zub77qp","time":1610092458,"event":{"mods":["AchievementEnabler","BaseMod","BetterRewards","Colored Map","Downfall","GifTheSpireLib","Jorbs\u0027s Wanderer Trilogy","Minty Spire (QoL Compilation)","StSLib","Stuff the Spire","[IsaacMod]????"],"gold_per_floor":[119,129,143,162,162,162,162,194,194,223,32,32,49,68,68,170,170,186,186,202,202,152,152,181,195,272,283,298,298,329,341,341],"floor_reached":31,"playtime":2355,"items_purged":[],"score":483,"play_id":"3116b652-d72d-4ecc-8e41-027b804d64e5","local_time":"20210108005418","is_ascension_mode":true,"campfire_choices":[{"data":"StuffTheSpire:LoadUp","floor":6,"key":"SMITH"},{"floor":15,"key":"REST"},{"data":"Ghostly","floor":23,"key":"SMITH"},{"floor":29,"key":"DIG"}],"circlet_count":0,"master_deck":["Strike_B","Strike_B","Strike_B","Strike_B","Defend_B","Defend_B+1","Defend_B","Defend_B","Zap","Dualcast+1","Pulse","Machine Learning","StuffTheSpire:LoadUp+1","StuffTheSpire:CuriosityCurse","Thunder Strike","StuffTheSpire:Snapshot","Fusion","Static Discharge","Rainbow","Chaos+1","StuffTheSpire:Deluminance","StuffTheSpire:Deluminance","StuffTheSpire:Deluminance","StuffTheSpire:Deluminance","StuffTheSpire:Deluminance","Redo","Ghostly+1","Ghostly","Ghostly","Ghostly","Ghostly","Lockon","Storm"],"relics":["HushsDoor","D4","Cracked Core","StuffTheSpire:Nightcore","Ice Cream","GuppysPaw","StoneCalendar","GuppysTail","Shovel","Akabeko","Oddly Smooth Stone","BookOfRevelations","Lantern","StuffTheSpire:ModemDavis","StrikeDummy","MawBank"],"acts_visited":["Exordium","TheCity"],"potions_floor_usage":[3,10,14,16,17,27,27],"damage_taken":[{"damage":0,"enemies":"Cultist","floor":1,"turns":3},{"damage":0,"enemies":"Small Slimes","floor":2,"turns":3},{"damage":5,"enemies":"2 Louse","floor":3,"turns":3},{"damage":12,"enemies":"Looter","floor":4,"turns":3},{"damage":0,"enemies":"Gremlin Nob","floor":8,"turns":2},{"damage":17,"enemies":"3 Sentries","floor":10,"turns":6},{"damage":13,"enemies":"Blue Slaver","floor":13,"turns":4},{"damage":6,"enemies":"Exordium Thugs","floor":14,"turns":4},{"damage":30,"enemies":"Hexaghost","floor":16,"turns":8},{"damage":30,"enemies":"2 Thieves","floor":18,"turns":3},{"damage":0,"enemies":"3 Byrds","floor":20,"turns":3},{"damage":35,"enemies":"Gremlin Leader","floor":24,"turns":8},{"damage":0,"enemies":"Shelled Parasite and Fungi","floor":25,"turns":4},{"damage":0,"enemies":"Snecko","floor":27,"turns":3},{"damage":12,"enemies":"Cultist and Chosen","floor":28,"turns":3},{"damage":0,"enemies":"Snake Plant","floor":30,"turns":3}],"seed_played":"-442615615820875321","potions_obtained":[{"floor":3,"key":"SpeedPotion"},{"floor":8,"key":"SneckoOil"},{"floor":13,"key":"LiquidMemories"},{"floor":16,"key":"Fruit Juice"},{"floor":24,"key":"ColorlessPotion"},{"floor":25,"key":"GamblersBrew"},{"floor":30,"key":"Fire Potion"}],"is_trial":false,"path_per_floor":["M","M","M","M","?","R","?","E","T","E","$","?","M","M","R","B",null,"M","?","M","?","?","R","E","M","T","M","M","R","M","?"],"character_chosen":"DEFECT","items_purchased":["DataDisk","Fruit Juice","D6"],"campfire_rested":1,"item_purchase_floors":[0,0,11],"current_hp_per_floor":[55,75,75,63,63,63,47,47,47,30,45,36,29,29,53,29,85,61,61,67,42,42,42,13,13,13,13,1,1,1,0,0],"gold":341,"neow_bonus":"","is_daily":false,"chose_seed":false,"campfire_upgraded":2,"win_rate":0.0,"timestamp":1610092458,"path_taken":["M","M","?","M","?","R","?","E","T","E","$","?","M","?","R","BOSS","M","?","M","?","?","R","E","M","T","M","M","R","M","?"],"items_purchased_type":["Relic","Potion","Relic"],"build_version":"2020-12-22","purchased_purges":0,"victory":false,"max_hp_per_floor":[75,75,80,80,80,80,80,80,80,80,80,80,80,80,80,80,85,85,85,85,42,42,42,30,30,30,30,30,30,9,9,9],"card_choices":[{"not_picked":[],"picked":"Bomb","floor":0},{"not_picked":["Coolheaded","Stack"],"picked":"Pulse","floor":1},{"not_picked":["Leap","Ball Lightning"],"picked":"Machine Learning","floor":2},{"not_picked":["Go for the Eyes","Hologram"],"picked":"Bomb","floor":3},{"not_picked":["Ball Lightning","Compile Driver"],"picked":"StuffTheSpire:LoadUp","floor":4},{"not_picked":["Ball Lightning","Rebound"],"picked":"Thunder Strike","floor":8},{"not_picked":["Go for the Eyes","Hologram"],"picked":"StuffTheSpire:SnapShoot","floor":10},{"not_picked":["Stack","Steam"],"picked":"Fusion","floor":13},{"not_picked":["Skim","Barrage","Aggregate"],"picked":"SKIP","floor":13},{"not_picked":["Hologram","Auto Shields"],"picked":"Static Discharge","floor":14},{"not_picked":["Scrape","Beam Cell","Hologram"],"picked":"SKIP","floor":14},{"not_picked":["Biased Cognition","Meteor Strike"],"picked":"Rainbow","floor":16},{"not_picked":["Darkness","Undo+1"],"picked":"Chaos+1","floor":18},{"not_picked":["Ball Lightning","Hologram","Aggregate"],"picked":"SKIP","floor":18},{"not_picked":["Sweeping Beam+1","Streamline"],"picked":"Redo","floor":20},{"not_picked":["Ball Lightning","Sunder","FTL"],"picked":"SKIP","floor":20},{"not_picked":["Gash","Turbo","All For One"],"picked":"SKIP","floor":24},{"not_picked":["Gash","Beam Cell"],"picked":"Lockon","floor":25},{"not_picked":["Conserve Battery","Cold Snap","Redo"],"picked":"SKIP","floor":27},{"not_picked":["Go for the Eyes+1","Cold Snap+1","Stack"],"picked":"SKIP","floor":28},{"not_picked":["Cold Snap","Ball Lightning"],"picked":"Storm","floor":30}],"player_experience":263035,"relics_obtained":[{"floor":8,"key":"Girya"},{"floor":9,"key":"D4"},{"floor":10,"key":"Omamori"},{"floor":24,"key":"Dream Catcher"},{"floor":26,"key":"StrikeDummy"},{"floor":29,"key":"MawBank"}],"event_choices":[{"damage_healed":0,"gold_gain":0,"player_choice":"Entered Light","damage_taken":16,"max_hp_gain":0,"max_hp_loss":0,"event_name":"Shining Light","floor":7,"gold_loss":0,"cards_upgraded":["Dualcast","Defend_B"]},{"damage_healed":0,"gold_gain":0,"player_choice":"Success","damage_taken":12,"relics_obtained":["Prayer Wheel"],"max_hp_gain":0,"max_hp_loss":0,"event_name":"Scrap Ooze","floor":12,"gold_loss":0},{"damage_healed":0,"gold_gain":0,"player_choice":"Became a Ghost","damage_taken":0,"max_hp_gain":0,"max_hp_loss":43,"event_name":"Ghosts","floor":21,"gold_loss":0,"cards_obtained":["Ghostly","Ghostly","Ghostly","Ghostly","Ghostly"]},{"damage_healed":0,"gold_gain":0,"player_choice":"Bet on Murderer","damage_taken":0,"max_hp_gain":0,"max_hp_loss":0,"event_name":"The Joust","floor":22,"gold_loss":50}],"is_beta":false,"boss_relics":[{"not_picked":["Runic Dome","Sozu"],"picked":"Nuclear Battery"},{"not_picked":[]}],"items_purged_floors":[],"is_endless":false,"potions_floor_spawned":[3,8,13,16,24,25,30],"ascension_level":2}}