{"host":"qojc688juf5ijsln","time":1610122205,"event":{"mods":["AchievementEnabler","BaseMod","BetterRewards","Colored Powertips","Highlight Path","Minty Spire (QoL Compilation)","Quick Restart","Shop Mod","StSLib"],"gold_per_floor":[118,218,231,246,262,262,290,290,317,327,327,337,412,217,217,315,315,326,326,201,215,215,215,215,215],"floor_reached":24,"playtime":1204,"items_purged":["Bash","Defend_R","Strike_R"],"score":206,"play_id":"45b28526-be14-4312-a71d-2e6029c5d527","local_time":"20210109001005","is_ascension_mode":true,"campfire_choices":[{"data":"Whirlwind","floor":6.0,"key":"SMITH"},{"data":"Flex","floor":8.0,"key":"SMITH"},{"floor":11.0,"key":"REST"},{"floor":15.0,"key":"REST"},{"floor":23.0,"key":"REST"}],"circlet_count":0,"master_deck":["Strike_R","Strike_R","Defend_R","Defend_R","Defend_R","Whirlwind+1","Juggernaut","Flex+1","Good Instincts","Barricade"],"relics":["Burning Blood","Unceasing Top","StoneCalendar","Bag of Marbles","Ancient Tea Set","Empty Cage","Potion Belt"],"acts_visited":["Exordium","TheCity"],"potions_floor_usage":[24],"damage_taken":[{"damage":1.0,"enemies":"Jaw Worm","floor":1.0,"turns":6.0},{"damage":6.0,"enemies":"Cultist","floor":3.0,"turns":3.0},{"damage":4.0,"enemies":"Small Slimes","floor":4.0,"turns":4.0},{"damage":20.0,"enemies":"Exordium Thugs","floor":5.0,"turns":4.0},{"damage":43.0,"enemies":"Gremlin Nob","floor":7.0,"turns":6.0},{"damage":0.0,"enemies":"2 Fungi Beasts","floor":10.0,"turns":2.0},{"damage":0.0,"enemies":"Large Slime","floor":12.0,"turns":1.0},{"damage":36.0,"enemies":"The Guardian","floor":16.0,"turns":9.0},{"damage":21.0,"enemies":"Shell Parasite","floor":18.0,"turns":7.0},{"damage":19.0,"enemies":"2 Thieves","floor":21.0,"turns":3.0},{"damage":0,"enemies":"Book of Stabbing","floor":24,"turns":1}],"seed_played":"-6855933954913777670","potions_obtained":[{"floor":3.0,"key":"Energy Potion"},{"floor":7.0,"key":"Dexterity Potion"},{"floor":10.0,"key":"Explosive Potion"},{"floor":16.0,"key":"Swift Potion"}],"is_trial":false,"path_per_floor":["M","?","M","M","M","R","E","R","T","M","R","M","?","$","R","B",null,"M","?","$","M","?","R","E"],"character_chosen":"IRONCLAD","items_purchased":["Bag of Marbles","Good Instincts"],"campfire_rested":3,"item_purchase_floors":[0,14],"current_hp_per_floor":[80,80,80,80,66,66,29,29,29,35,59,65,54,54,78,48,80,65,50,50,37,37,62,62,62],"gold":215,"neow_bonus":"","is_daily":false,"chose_seed":false,"campfire_upgraded":2,"win_rate":0.0,"timestamp":1610122205,"path_taken":["M","?","M","?","M","R","E","R","T","?","R","M","?","$","R","BOSS","M","?","$","M","?","R","E"],"items_purchased_type":["Relic","Card"],"build_version":"2020-12-22","purchased_purges":3,"victory":false,"max_hp_per_floor":[80,80,80,80,80,80,80,80,80,80,80,80,80,80,80,80,80,80,85,85,85,85,85,85,85],"card_choices":[{"not_picked":["Armaments","Pommel Strike"],"picked":"Whirlwind","floor":1.0},{"not_picked":["Dark Embrace","Twin Strike","Dual Wield"],"picked":"SKIP","floor":3.0},{"not_picked":["Thunderclap","Wild Strike","Sword Boomerang"],"picked":"SKIP","floor":4.0},{"not_picked":["Body Slam","Second Wind"],"picked":"Juggernaut","floor":5.0},{"not_picked":["Warcry","Whirlwind"],"picked":"Flex","floor":7.0},{"not_picked":["Sword Boomerang","Hemokinesis","Flex"],"picked":"SKIP","floor":10.0},{"not_picked":["Wild Strike","Anger","Thunderclap"],"picked":"SKIP","floor":12.0},{"not_picked":["Fiend Fire","Brutality"],"picked":"Barricade","floor":16.0},{"not_picked":["Sword Boomerang","Cleave","Iron Wave"],"picked":"SKIP","floor":18.0},{"not_picked":["Clothesline+1","Wild Strike","Clash+1"],"picked":"SKIP","floor":21.0}],"player_experience":110288,"relics_obtained":[{"floor":7.0,"key":"Ancient Tea Set"}],"event_choices":[{"damage_healed":0.0,"max_hp_gain":0.0,"max_hp_loss":0.0,"gold_gain":100.0,"event_name":"Wheel of Change","player_choice":"Gold","floor":2.0,"gold_loss":0.0,"damage_taken":0.0},{"damage_healed":0.0,"max_hp_gain":0.0,"max_hp_loss":0.0,"gold_gain":75.0,"event_name":"World of Goop","player_choice":"Gather Gold","floor":13.0,"gold_loss":0.0,"damage_taken":11.0},{"damage_healed":0.0,"max_hp_gain":5.0,"max_hp_loss":0.0,"gold_gain":0.0,"event_name":"Forgotten Altar","player_choice":"Shed Blood","floor":19.0,"gold_loss":0.0,"damage_taken":20.0},{"damage_healed":0.0,"max_hp_gain":0.0,"max_hp_loss":0.0,"gold_gain":0.0,"event_name":"The Mausoleum","player_choice":"Opened","floor":22.0,"gold_loss":0.0,"damage_taken":0.0,"relics_obtained":["Potion Belt"]}],"is_beta":false,"boss_relics":[{"not_picked":["Mark of Pain","Cursed Key"],"picked":"Empty Cage"}],"items_purged_floors":[0,14,20],"is_endless":false,"potions_floor_spawned":[3,7,10,16],"killed_by":"Book of Stabbing","ascension_level":1}}