{"host":"dowi7cgbhepuzvpj","time":1610115845,"event":{"mods":["AchievementEnabler","BaseMod","Colored Map","Highlight Path","Keyboard Shortcuts","Minty Spire (QoL Compilation)","Permanent Neow","Quick Restart","StSLib","SuperFastMode"],"gold_per_floor":[20,39,39,39,49,49,83,101,101,101,115,130,130,157,157,235,235,247,264,179,18,18,18,18,18,45,63,89,39,39,39,39,39,39],"floor_reached":33,"playtime":791,"items_purged":["Strike_B"],"score":532,"play_id":"543f1e21-800a-4f81-81f4-14961a20e637","local_time":"20210108232405","is_ascension_mode":true,"campfire_choices":[{"data":"Apotheosis","floor":6,"key":"SMITH"},{"data":"White Noise","floor":10,"key":"SMITH"},{"floor":13,"key":"REST"},{"data":"Auto Shields","floor":15,"key":"SMITH"},{"data":"Seek","floor":23,"key":"SMITH"},{"floor":30,"key":"REST"},{"floor":32,"key":"REST"}],"circlet_count":0,"master_deck":["AscendersBane","Strike_B","Defend_B","Defend_B","Defend_B","Defend_B+1","Zap+1","Dualcast","Apotheosis+1","Auto Shields+1","Melter","Electrodynamics","White Noise+1","Cold Snap","Sunder","Self Repair","Seek+1","Storm","Loop","Double Energy","Chaos","Chaos"],"relics":["Cracked Core","Smiling Mask","Symbiotic Virus","Torii","Empty Cage","Omamori","Runic Capacitor","Letter Opener","War Paint","Dream Catcher"],"acts_visited":["Exordium","TheCity"],"potions_floor_usage":[14,16,28,33],"damage_taken":[{"damage":0,"enemies":"2 Louse","floor":1,"turns":2},{"damage":0,"enemies":"Small Slimes","floor":2,"turns":3},{"damage":6,"enemies":"Cultist","floor":5,"turns":3},{"damage":33,"enemies":"Gremlin Nob","floor":7,"turns":4},{"damage":0,"enemies":"Exordium Wildlife","floor":8,"turns":3},{"damage":11,"enemies":"2 Fungi Beasts","floor":11,"turns":3},{"damage":2,"enemies":"Large Slime","floor":12,"turns":3},{"damage":9,"enemies":"3 Sentries","floor":14,"turns":5},{"damage":8,"enemies":"Slime Boss","floor":16,"turns":7},{"damage":0,"enemies":"Chosen","floor":18,"turns":3},{"damage":26,"enemies":"2 Thieves","floor":19,"turns":5},{"damage":24,"enemies":"Snake Plant","floor":27,"turns":4},{"damage":54,"enemies":"Book of Stabbing","floor":28,"turns":5},{"damage":61,"enemies":"Collector","floor":33,"turns":6}],"seed_played":"-8844723969438845088","potions_obtained":[{"floor":2,"key":"Swift Potion"},{"floor":4,"key":"FairyPotion"},{"floor":14,"key":"FocusPotion"},{"floor":16,"key":"Energy Potion"},{"floor":28,"key":"Energy Potion"}],"is_trial":false,"path_per_floor":["M","M","?","?","M","R","E","M","T","R","M","M","R","E","R","B",null,"M","M","?","$","?","R","?","?","T","M","E","$","R","$","R","B"],"character_chosen":"DEFECT","items_purchased":["Runic Capacitor"],"campfire_rested":3,"item_purchase_floors":[21],"current_hp_per_floor":[64,64,64,64,58,58,25,25,25,25,14,12,33,24,24,26,60,70,64,64,64,64,64,64,64,64,40,17,17,38,38,59,0,0],"gold":39,"neow_bonus":"RANDOM_COLORLESS_2","is_daily":false,"chose_seed":false,"campfire_upgraded":4,"win_rate":0.0,"timestamp":1610115845,"path_taken":["M","M","?","?","?","R","E","M","T","R","M","M","R","E","R","BOSS","M","M","?","$","?","R","?","?","T","M","E","$","R","?","R","BOSS"],"items_purchased_type":["Relic"],"build_version":"2020-12-22","purchased_purges":1,"victory":false,"max_hp_per_floor":[71,71,71,71,71,71,71,71,71,71,71,71,71,71,71,71,71,71,71,71,71,71,71,71,71,71,71,71,71,71,71,71,71,71],"card_choices":[{"not_picked":["Mayhem","Panache"],"picked":"Apotheosis","floor":0},{"not_picked":["Beam Cell","Hello World"],"picked":"Auto Shields","floor":1},{"not_picked":["Chill","Storm"],"picked":"Melter","floor":2},{"not_picked":["Beam Cell","Darkness","Tempest"],"picked":"SKIP","floor":5},{"not_picked":["Cold Snap","Steam Power"],"picked":"Electrodynamics","floor":7},{"not_picked":["Cold Snap","Leap"],"picked":"White Noise","floor":8},{"not_picked":["Tempest","Steam"],"picked":"Cold Snap","floor":11},{"not_picked":["Cold Snap","Compile Driver"],"picked":"Sunder","floor":12},{"not_picked":["Hologram","Stack"],"picked":"Self Repair","floor":14},{"not_picked":["Amplify","Fission"],"picked":"Seek","floor":16},{"not_picked":["Compile Driver","Aggregate","Cold Snap"],"picked":"SKIP","floor":18},{"not_picked":["Leap","Blizzard","Steam"],"picked":"SKIP","floor":19},{"not_picked":["Scrape+1","Skim"],"picked":"Loop","floor":27},{"not_picked":["Fusion","Self Repair"],"picked":"Double Energy","floor":28},{"not_picked":["Chill","Streamline"],"picked":"Chaos","floor":30},{"not_picked":["Barrage","Stack"],"picked":"Chaos","floor":32}],"player_experience":776809,"relics_obtained":[{"floor":7,"key":"Smiling Mask"},{"floor":9,"key":"Symbiotic Virus"},{"floor":14,"key":"Torii"},{"floor":26,"key":"War Paint"},{"floor":28,"key":"Dream Catcher"}],"event_choices":[{"damage_healed":0,"gold_gain":0,"player_choice":"Leave","damage_taken":0,"max_hp_gain":0,"max_hp_loss":0,"event_name":"The Cleric","floor":3,"gold_loss":0},{"damage_healed":0,"gold_gain":0,"player_choice":"Got Potions","damage_taken":0,"max_hp_gain":0,"max_hp_loss":0,"event_name":"Lab","floor":4,"gold_loss":0},{"damage_healed":0,"gold_gain":0,"player_choice":"Obtained Relic","damage_taken":0,"relics_obtained":["Omamori"],"max_hp_gain":0,"max_hp_loss":0,"event_name":"Addict","floor":20,"gold_loss":85},{"damage_healed":0,"gold_gain":0,"player_choice":"Opened","damage_taken":0,"relics_obtained":["Letter Opener"],"max_hp_gain":0,"max_hp_loss":0,"event_name":"The Mausoleum","floor":22,"gold_loss":0,"cards_obtained":["Writhe"]},{"damage_healed":0,"gold_gain":0,"player_choice":"Read","damage_taken":0,"max_hp_gain":0,"max_hp_loss":0,"event_name":"The Library","floor":24,"gold_loss":0,"cards_obtained":["Storm"]},{"damage_healed":0,"gold_gain":0,"player_choice":"Ignored","damage_taken":0,"max_hp_gain":0,"max_hp_loss":0,"event_name":"Vampires","floor":25,"gold_loss":0}],"is_beta":false,"boss_relics":[{"not_picked":["Snecko Eye","Busted Crown"],"picked":"Empty Cage"}],"items_purged_floors":[29],"is_endless":false,"potions_floor_spawned":[2,7,11,14,16,27,28],"killed_by":"Collector","ascension_level":19}}