{"host":"h2zaclyrd1q1i31f","time":1610081753,"event":{"mods":["BaseMod","Colored Map","Downfall","Hermit","Minty Spire (QoL Compilation)","Permanent Neow","Replay The Spire","StSLib","SuperFastMode","The Hierophant","The Mystic"],"gold_per_floor":[116,41,52,52,65,65,82,82,82,32,44,44,44,55,55,155,155,170,270,281,181,181,181,195,195,70,88,88,88,118,118,130,143,143,143,143],"floor_reached":35,"playtime":1427,"items_purged":["Strike_G","Strike_G","Strike_G"],"score":294,"play_id":"4969c2fe-5853-4e40-a44b-8e8c23f84104","local_time":"20210107225553","is_ascension_mode":false,"campfire_choices":[{"data":"Toxin Wave","floor":6,"key":"SMITH"},{"data":"Neutralize","floor":8,"key":"SMITH"},{"data":"Deadly Poison","floor":12,"key":"SMITH"},{"floor":25,"key":"REST"},{"floor":29,"key":"REST"},{"floor":31,"key":"REST"},{"floor":34,"key":"REST"}],"circlet_count":0,"master_deck":["Strike_G+1","Strike_G","Defend_G","Defend_G","Defend_G","Defend_G","Defend_G","Survivor","Neutralize+1","Corpse Explosion","PiercingWail","Toxin Wave+1","Deadly Poison+1","Flying Knee+1","Bouncing Flask","Envenom","Blur","Distraction+1","Calculated Gamble","Burst","Replay:Poison Smokescreen"],"relics":["Ring of the Snake","Replay:Bottled Flurry","Fusion Hammer","White Beast Statue","Whetstone"],"acts_visited":["Exordium","TheCity"],"potions_floor_usage":[16,24,24,32,35,35],"damage_taken":[{"damage":3,"enemies":"Small Slimes","floor":1,"turns":3},{"damage":5,"enemies":"Cultist","floor":3,"turns":4},{"damage":3,"enemies":"Jaw Worm","floor":5,"turns":4},{"damage":2,"enemies":"Blue Slaver","floor":7,"turns":3},{"damage":6,"enemies":"2 Fungi Beasts","floor":11,"turns":2},{"damage":4,"enemies":"Looter","floor":14,"turns":3},{"damage":6,"enemies":"Hexaghost","floor":16,"turns":8},{"damage":22,"enemies":"2 Thieves","floor":18,"turns":3},{"damage":12,"enemies":"Shell Parasite","floor":20,"turns":5},{"damage":18,"enemies":"Centurion and Healer","floor":24,"turns":4},{"damage":11,"enemies":"Snecko","floor":27,"turns":5},{"damage":21,"enemies":"Replay:Snechameleon","floor":30,"turns":6},{"damage":14,"enemies":"Snake Plant","floor":32,"turns":4},{"damage":1,"enemies":"Cultist and Chosen","floor":33,"turns":3},{"damage":71,"enemies":"Champ","floor":35,"turns":11}],"seed_played":"-1931211077608149728","potions_obtained":[{"floor":3,"key":"PowerPotion"},{"floor":5,"key":"Venom Potion"},{"floor":11,"key":"ColorlessPotion"},{"floor":18,"key":"DuplicationPotion"},{"floor":27,"key":"PowerPotion"},{"floor":30,"key":"SteroidPotion"},{"floor":32,"key":"sneckomod:MuddlingPotion"},{"floor":33,"key":"Block Potion"}],"is_trial":false,"path_per_floor":["M","$","M","?","M","R","M","R","T","$","M","R","?","M","R_BF","B",null,"M","?","M","$","PTL","PTL","M","R","$","M","T","R","E","R","M","M","R","B"],"character_chosen":"THE_SILENT","items_purchased":["Deadly Poison"],"campfire_rested":4,"item_purchase_floors":[10],"current_hp_per_floor":[67,67,62,62,59,59,57,57,57,57,51,51,51,47,47,41,70,48,48,36,36,36,36,18,39,39,28,28,49,28,49,35,34,55,0,0],"gold":143,"neow_bonus":"ONE_RANDOM_RARE_CARD","is_daily":false,"chose_seed":false,"campfire_upgraded":3,"win_rate":0.0,"timestamp":1610081753,"path_taken":["M","$","M","?","M","R","M","R","T","$","?","R","?","M","R_BF","BOSS","M","?","M","$","PTL","PTL","M","R","$","M","T","R","E","R","M","?","R","BOSS"],"items_purchased_type":["Card"],"build_version":"2020-12-22","purchased_purges":3,"victory":false,"max_hp_per_floor":[70,70,70,70,70,70,70,70,70,70,70,70,70,70,70,70,70,70,70,70,70,70,70,70,70,70,70,70,70,70,70,70,70,70,70,70],"card_choices":[{"not_picked":["Underhanded Strike","Hidden Blade","Choke"],"picked":"SKIP","floor":1},{"not_picked":["Backflip","Prepared"],"picked":"PiercingWail","floor":3},{"not_picked":["Tactician","Infinite Blades"],"picked":"Toxin Wave","floor":5},{"not_picked":["Deflect","Underhanded Strike","A Thousand Cuts"],"picked":"SKIP","floor":7},{"not_picked":["Poisoned Stab","Underhanded Strike"],"picked":"Flying Knee","floor":11},{"not_picked":["Crippling Poison","Dodge and Roll"],"picked":"Bouncing Flask","floor":14},{"not_picked":["Grand Finale","Unload"],"picked":"Envenom","floor":16},{"not_picked":["Infinite Blades+1","Eviscerate","Backflip"],"picked":"SKIP","floor":18},{"not_picked":["Prepared","Flying Knee+1"],"picked":"Blur","floor":20},{"not_picked":["Footwork","Flying Knee+1"],"picked":"Distraction+1","floor":24},{"not_picked":["ReplayTheSpireMod:Scrap Shanks","Reflex"],"picked":"Calculated Gamble","floor":27},{"not_picked":["Poisoned Stab+1","Underhanded Strike+1","All Out Attack"],"picked":"SKIP","floor":30},{"not_picked":["Draining Mist","Underhanded Strike"],"picked":"Burst","floor":32},{"not_picked":["Underhanded Strike","Quick Slash"],"picked":"Replay:Poison Smokescreen","floor":33}],"player_experience":150290,"relics_obtained":[{"floor":9,"key":"Replay:Bottled Flurry"},{"floor":28,"key":"White Beast Statue"},{"floor":30,"key":"Whetstone"}],"event_choices":[{"damage_healed":0,"gold_gain":0,"player_choice":"0 cards matched","damage_taken":0,"max_hp_gain":0,"max_hp_loss":0,"event_name":"Match and Keep!","floor":4,"gold_loss":0,"cards_obtained":[]},{"damage_healed":0,"gold_gain":0,"player_choice":"Ignored","damage_taken":0,"max_hp_gain":0,"max_hp_loss":0,"event_name":"Liars Game","floor":13,"gold_loss":0},{"damage_healed":0,"gold_gain":100,"player_choice":"Pray","damage_taken":0,"max_hp_gain":0,"max_hp_loss":0,"event_name":"Golden Shrine","floor":19,"gold_loss":0}],"is_beta":false,"boss_relics":[{"not_picked":["Replay:Drink Me","ReplayTheSpireMod:DimensionalGlitch"],"picked":"Fusion Hammer"}],"items_purged_floors":[2,21,26],"is_endless":false,"potions_floor_spawned":[3,5,11,18,27,30,32,33],"killed_by":"Champ","ascension_level":0}}