{"host":"19t2eyow02s954g8","time":1610095857,"event":{"mods":["BaseMod","Colored Map","DeckTracker","Minty Spire (QoL Compilation)","StSLib","SuperFastMode"],"gold_per_floor":[109,109,109,121,134,162,162,162,162],"floor_reached":8,"playtime":176,"items_purged":[],"score":112,"play_id":"53bad08f-5193-467b-8cb2-24b6ef2f5ae6","local_time":"20210108175057","is_ascension_mode":true,"campfire_choices":[{"floor":7,"key":"REST"}],"circlet_count":0,"master_deck":["AscendersBane","Strike_G","Strike_G","Strike_G","Strike_G","Strike_G","Defend_G","Defend_G","Defend_G","Defend_G","Defend_G","Survivor","Neutralize","Bouncing Flask","Tactician","Acrobatics","Backstab"],"relics":["Ring of the Snake","NeowsBlessing","The Specimen"],"acts_visited":["Exordium"],"potions_floor_usage":[6,6],"damage_taken":[{"damage":0,"enemies":"Small Slimes","floor":1,"turns":1},{"damage":0,"enemies":"Cultist","floor":4,"turns":1},{"damage":0,"enemies":"Jaw Worm","floor":5,"turns":1},{"damage":75,"enemies":"3 Sentries","floor":6,"turns":15},{"damage":0,"enemies":"Gremlin Nob","floor":8,"turns":1}],"seed_played":"-7641391878540452294","potions_obtained":[{"floor":1,"key":"EssenceOfSteel"},{"floor":3,"key":"Regen Potion"}],"is_trial":false,"path_per_floor":["M","?","?","M","M","E","R","E"],"character_chosen":"THE_SILENT","items_purchased":[],"campfire_rested":1,"item_purchase_floors":[],"current_hp_per_floor":[59,64,64,64,64,4,25,25,25],"gold":162,"neow_bonus":"THREE_ENEMY_KILL","is_daily":false,"chose_seed":false,"campfire_upgraded":0,"win_rate":0.0,"timestamp":1610095857,"path_taken":["M","?","?","M","?","E","R","E"],"items_purchased_type":[],"build_version":"2020-12-22","purchased_purges":0,"victory":false,"max_hp_per_floor":[66,71,71,71,71,71,71,71,71],"card_choices":[{"not_picked":["Tactician","Infinite Blades"],"picked":"Bouncing Flask","floor":1},{"not_picked":["Reflex","Caltrops"],"picked":"Tactician","floor":4},{"not_picked":["Accuracy","Prepared"],"picked":"Acrobatics","floor":5},{"not_picked":["All Out Attack","Predator"],"picked":"Backstab","floor":6}],"player_experience":4199558,"relics_obtained":[{"floor":6,"key":"The Specimen"}],"event_choices":[{"damage_healed":0,"gold_gain":0,"player_choice":"Donut","damage_taken":0,"max_hp_gain":5,"max_hp_loss":0,"event_name":"Big Fish","floor":2,"gold_loss":0},{"damage_healed":0,"gold_gain":0,"player_choice":"Got Potions","damage_taken":0,"max_hp_gain":0,"max_hp_loss":0,"event_name":"Lab","floor":3,"gold_loss":0}],"is_beta":false,"boss_relics":[],"items_purged_floors":[],"is_endless":false,"potions_floor_spawned":[1,5],"killed_by":"Gremlin Nob","ascension_level":20}}