{"host":"iy58fyt9wsbv4cf1","time":1610080857,"event":{"mods":["BaseMod","Better Altar","Better Match","Better Skull","Better Third Choice","BetterRewards","Conspire","Custom Start","Defuse TimeMaze Blight","Hubris","Infinite Spire","Minty Spire (QoL Compilation)","Permanent Neow","Quick Restart","Spicy Shops","StSLib"],"gold_per_floor":[117,1,1,14,14,14,44,44,69,85,112,112,128,160,172,284,296,319,344,275,275,275,310,329,329,411,424,442,442,467,479,479,574,574,591,591,591,591,605,618,618,633,657,519,531,562,574,591,591,591,591,591,325,353,353],"floor_reached":56,"playtime":1294,"items_purged":["Defend_R","Doubt","Strike_R","Parasite","Strike_R","Strike_R"],"score":1739,"play_id":"b5da40fd-4d36-472d-be2e-77e1b55bb69d","local_time":"20210107234057","is_ascension_mode":false,"campfire_choices":[{"data":"Flex","floor":6.0,"key":"SMITH"},{"data":"Whirlwind","floor":8.0,"key":"SMITH"},{"data":"Offering","floor":12.0,"key":"SMITH"},{"floor":15.0,"key":"REST"},{"data":"Heavy Blade","floor":25.0,"key":"SMITH"},{"data":"Double Tap","floor":29.0,"key":"SMITH"},{"data":"Bash","floor":32.0,"key":"SMITH"},{"data":"1","floor":41.0,"key":"LIFT"},{"floor":49.0,"key":"RECALL"},{"data":"2","floor":52.0,"key":"LIFT"}],"circlet_count":0,"master_deck":["Strike_R","Defend_R+1","Defend_R+1","Bash+1","Shrug It Off+1","Flex+1","Whirlwind+1","Offering+1","Thunderclap","Double Tap+1","Heavy Blade+1"],"relics":["Burning Blood","Vajra","hubris:IronBody","Red Skull","Mango","Membership Card","infinitespire:Eraser","War Paint","Potion Belt","MawBank","Busted Crown","Lee\u0027s Waffle","Champion Belt","hubris:CrystalStatue","Bronze Scales","hubris:Backtick","Girya","Toy Ornithopter","Bag of Preparation","Happy Flower"],"acts_visited":["Exordium","TheCity","TheBeyond","TheEnding"],"potions_floor_usage":[55,55,55,55],"damage_taken":[{"damage":0.0,"enemies":"conspire:RoseBush","floor":1.0,"turns":1.0},{"damage":0.0,"enemies":"2 Louse","floor":4.0,"turns":2.0},{"damage":6.0,"enemies":"3 Sentries","floor":7.0,"turns":4.0},{"damage":0.0,"enemies":"Cultist","floor":10.0,"turns":2.0},{"damage":21.0,"enemies":"Gremlin Nob","floor":11.0,"turns":3.0},{"damage":6.0,"enemies":"Exordium Wildlife","floor":13.0,"turns":1.0},{"damage":6.0,"enemies":"3 Sentries","floor":14.0,"turns":1.0},{"damage":35.0,"enemies":"The Guardian","floor":16.0,"turns":7.0},{"damage":0.0,"enemies":"2 Thieves","floor":18.0,"turns":2.0},{"damage":6.0,"enemies":"Chosen","floor":19.0,"turns":2.0},{"damage":15.0,"enemies":"conspire:SneckoGhost","floor":23.0,"turns":3.0},{"damage":2.0,"enemies":"Shelled Parasite and Fungi","floor":24.0,"turns":2.0},{"damage":6.0,"enemies":"Centurion and Healer","floor":27.0,"turns":3.0},{"damage":14.0,"enemies":"conspire:HollyBat","floor":28.0,"turns":4.0},{"damage":6.0,"enemies":"Gremlin Leader","floor":30.0,"turns":2.0},{"damage":6.0,"enemies":"Snake Plant","floor":31.0,"turns":1.0},{"damage":6.0,"enemies":"Collector","floor":33.0,"turns":3.0},{"damage":6.0,"enemies":"3 Darklings","floor":35.0,"turns":1.0},{"damage":0.0,"enemies":"Orb Walker","floor":39.0,"turns":2.0},{"damage":6.0,"enemies":"4 Shapes","floor":40.0,"turns":2.0},{"damage":6.0,"enemies":"Writhing Mass","floor":42.0,"turns":2.0},{"damage":6.0,"enemies":"Spire Growth","floor":45.0,"turns":2.0},{"damage":6.0,"enemies":"Giant Head","floor":46.0,"turns":3.0},{"damage":6.0,"enemies":"Sphere and 2 Shapes","floor":47.0,"turns":1.0},{"damage":6.0,"enemies":"Maw","floor":48.0,"turns":3.0},{"damage":9.0,"enemies":"Donu and Deca","floor":50.0,"turns":5.0},{"damage":6.0,"enemies":"Shield and Spear","floor":54.0,"turns":1.0},{"damage":89,"enemies":"The Heart","floor":55,"turns":6}],"seed_played":"5535297767709309107","potions_obtained":[{"floor":1.0,"key":"Strength Potion"},{"floor":7.0,"key":"Swift Potion"},{"floor":13.0,"key":"LiquidBronze"},{"floor":19.0,"key":"Fruit Juice"},{"floor":27.0,"key":"BlessingOfTheForge"},{"floor":30.0,"key":"Explosive Potion"},{"floor":33.0,"key":"DuplicationPotion"},{"floor":40.0,"key":"HeartOfIron"}],"is_trial":false,"path_per_floor":["M","$","?","M","?","R","E","R","T","M","E","R","M","E","R","B",null,"M","M","$","?","?","E","M","R","T","M","M","R","E","M","R","B",null,"M","AVR","?","?","M","M","R","M","T","$","M","E","M","M","R","B",null,"R","$","E","B",null],"character_chosen":"IRONCLAD","items_purchased":["Shrug It Off","Vajra","hubris:IronBody","Flex","Red Skull","Mango","Membership Card","Lee\u0027s Waffle","Bag of Preparation"],"campfire_rested":1,"item_purchase_floors":[0,0,0,0,0,0,2,20,53],"current_hp_per_floor":[52,52,52,58,58,58,58,58,58,64,49,49,49,49,77,48,94,94,99,106,106,106,97,101,101,101,101,93,93,93,93,93,93,106,106,106,106,106,106,106,106,106,106,103,103,103,103,103,103,100,103,103,103,103,40],"gold":353,"neow_bonus":"","is_daily":false,"chose_seed":false,"campfire_upgraded":6,"win_rate":0.0,"timestamp":1610080857,"path_taken":["M","$","?","M","?","R","E","R","T","M","E","R","M","E","R","BOSS","M","M","$","?","?","E","M","R","T","M","?","R","E","M","R","BOSS","M","AVR","?","?","M","?","R","M","T","$","M","E","M","M","R","BOSS","R","$","E","BOSS"],"items_purchased_type":["Card","Relic","Relic","Card","Relic","Relic","Relic","Relic","Relic"],"build_version":"2020-12-22","purchased_purges":6,"victory":true,"max_hp_per_floor":[94,94,94,94,94,94,94,94,94,94,94,94,94,94,94,94,94,94,99,106,106,106,106,106,106,106,106,106,106,106,106,106,106,106,106,106,106,106,106,106,106,106,106,103,103,103,103,103,103,103,103,103,103,103,103],"card_choices":[{"not_picked":["hubris:ReadiedAction","Rage","Iron Wave"],"picked":"SKIP","floor":1.0},{"not_picked":["Clash","Anger","Perfected Strike"],"picked":"SKIP","floor":4.0},{"not_picked":["Spot Weakness","Clash","Twin Strike"],"picked":"SKIP","floor":7.0},{"not_picked":["Havoc","Clothesline"],"picked":"Offering","floor":10.0},{"not_picked":["Bloodletting","Cleave","Ghostly Armor"],"picked":"SKIP","floor":11.0},{"not_picked":["Clash","hubris:ReadiedAction","Sentinel"],"picked":"SKIP","floor":13.0},{"not_picked":["Shrug It Off","Headbutt"],"picked":"Thunderclap","floor":14.0},{"not_picked":["Barricade","Offering"],"picked":"Double Tap","floor":16.0},{"not_picked":["Anger"],"picked":"SKIP","floor":18.0},{"not_picked":["Anger"],"picked":"SKIP","floor":19.0},{"not_picked":[],"picked":"Heavy Blade","floor":23.0},{"not_picked":["Havoc"],"picked":"SKIP","floor":24.0},{"not_picked":["Uppercut"],"picked":"SKIP","floor":27.0},{"not_picked":["Body Slam+1"],"picked":"SKIP","floor":28.0},{"not_picked":["infinitespire:OneForAll"],"picked":"SKIP","floor":30.0},{"not_picked":["Heavy Blade"],"picked":"SKIP","floor":31.0},{"not_picked":["Perfected Strike+1"],"picked":"SKIP","floor":35.0},{"not_picked":["Thunderclap"],"picked":"SKIP","floor":39.0},{"not_picked":["Armaments+1"],"picked":"SKIP","floor":40.0},{"not_picked":["Dual Wield+1"],"picked":"SKIP","floor":42.0},{"not_picked":["hubris:CleavingFinish"],"picked":"SKIP","floor":45.0},{"not_picked":["Entrench+1"],"picked":"SKIP","floor":46.0},{"not_picked":["Wild Strike"],"picked":"SKIP","floor":47.0},{"not_picked":["Reckless Charge+1"],"picked":"SKIP","floor":48.0},{"not_picked":["infinitespire:OneForAll"],"picked":"SKIP","floor":54.0}],"player_experience":41370,"relics_obtained":[{"floor":7.0,"key":"infinitespire:Eraser"},{"floor":9.0,"key":"War Paint"},{"floor":11.0,"key":"Potion Belt"},{"floor":14.0,"key":"MawBank"},{"floor":23.0,"key":"Champion Belt"},{"floor":26.0,"key":"hubris:CrystalStatue"},{"floor":30.0,"key":"Bronze Scales"},{"floor":46.0,"key":"Toy Ornithopter"},{"floor":54.0,"key":"Happy Flower"}],"event_choices":[{"cards_removed":["Defend_R"],"damage_healed":0.0,"max_hp_gain":0.0,"max_hp_loss":0.0,"gold_gain":0.0,"event_name":"Living Wall","player_choice":"Forget","floor":3.0,"gold_loss":0.0,"damage_taken":0.0},{"damage_healed":0.0,"max_hp_gain":0.0,"max_hp_loss":0.0,"gold_gain":0.0,"cards_transformed":["Strike_R"],"event_name":"Transmorgrifier","player_choice":"Transformed","floor":5.0,"gold_loss":0.0,"damage_taken":0.0,"cards_obtained":["Whirlwind"]},{"damage_healed":0.0,"max_hp_gain":0.0,"max_hp_loss":0.0,"gold_gain":0.0,"event_name":"Vampires","player_choice":"Ignored","floor":21.0,"gold_loss":0.0,"damage_taken":0.0},{"damage_healed":0.0,"max_hp_gain":0.0,"max_hp_loss":0.0,"gold_gain":0.0,"event_name":"The Woman in Blue","player_choice":"Bought 0 Potions","floor":22.0,"gold_loss":0.0,"damage_taken":0.0},{"damage_healed":0.0,"max_hp_gain":0.0,"max_hp_loss":0.0,"gold_gain":0.0,"event_name":"Tomb of Lord Red Mask","player_choice":"Ignored","floor":37.0,"gold_loss":0.0,"damage_taken":0.0}],"is_beta":false,"boss_relics":[{"not_picked":["conspire:SeveredTorchhead","Snecko Eye"],"picked":"Busted Crown"},{"not_picked":["hubris:HollowSoul","Philosopher\u0027s Stone"],"picked":"hubris:Backtick"}],"items_purged_floors":[2,20,44,44,53,53],"is_endless":false,"potions_floor_spawned":[1,7,13,19,27,30,33,35,39,40,46,54],"ascension_level":0}}