{"host":"os7ajuuouznx3pj7","time":1610074854,"event":{"mods":["AchievementEnabler","BaseMod","Bestiary","Block Reminder","Colored Map","Colored Powertips","Keyboard Shortcuts","Minty Spire (QoL Compilation)","Quick Restart","Relic Sorter","Relic Stats","SuperFastMode"],"gold_per_floor":[116,116,131,147,166,166,194,164,164,195,195,225,225,268,268,394,394,413,426,449,469,469,505,505,544,544,544,569,569,243,56,56,182,182,225,275,215,263,182,240,292,20,20,64,115,180,180,248,248,278,278,278,30,71,71],"floor_reached":56,"playtime":8682,"items_purged":["Strike_P","Strike_P"],"score":1769,"play_id":"05f89613-d66c-4a95-9f32-d3730d8dfbcb","local_time":"20210108010054","is_ascension_mode":true,"campfire_choices":[{"data":"Eruption","floor":6.0,"key":"SMITH"},{"data":"Vault","floor":11.0,"key":"SMITH"},{"data":"Vengeance","floor":15.0,"key":"SMITH"},{"data":"Wallop","floor":24.0,"key":"SMITH"},{"data":"Vault","floor":27.0,"key":"SMITH"},{"data":"Apotheosis","floor":32.0,"key":"SMITH"},{"data":"Study","floor":47.0,"key":"SMITH"},{"floor":49.0,"key":"RECALL"},{"data":"MasterReality","floor":52.0,"key":"SMITH"}],"circlet_count":0,"master_deck":["Strike_P","Strike_P","Defend_P","Defend_P","Defend_P","Defend_P","Eruption+1","Vigilance","Indignation","Finesse","DevaForm","Sanctity","Vault+1","EmptyFist","Protect","SashWhip","WheelKick","Wallop+1","Vengeance+1","ConjureBlade","EmptyFist","InnerPeace+1","ForeignInfluence","WaveOfTheHand+1","Vault+1","Apotheosis+1","WheelKick","WheelKick","Wish","EmptyMind","Evaluate","BattleHymn+1","Study+1","Tantrum","Wish","WheelKick","Wireheading","Protect+1","MasterReality+1"],"relics":["VioletLotus","Yang","Bird Faced Urn","Ginger","TeardropLocket","Golden Idol","PreservedInsect","Coffee Dripper","Meat on the Bone","InkBottle","Dream Catcher","Pen Nib","Nunchaku","Strange Spoon","Sozu","MawBank","Bottled Tornado","Pocketwatch","TungstenRod","Chemical X","Anchor"],"acts_visited":["Exordium","TheCity","TheBeyond","TheEnding"],"potions_floor_usage":[55],"damage_taken":[{"damage":2.0,"enemies":"Small Slimes","floor":1.0,"turns":4.0},{"damage":0.0,"enemies":"Cultist","floor":3.0,"turns":3.0},{"damage":4.0,"enemies":"2 Louse","floor":4.0,"turns":4.0},{"damage":0.0,"enemies":"Exordium Wildlife","floor":5.0,"turns":3.0},{"damage":18.0,"enemies":"3 Sentries","floor":7.0,"turns":9.0},{"damage":2.0,"enemies":"Looter","floor":8.0,"turns":5.0},{"damage":3.0,"enemies":"Lagavulin","floor":10.0,"turns":8.0},{"damage":10.0,"enemies":"3 Sentries","floor":12.0,"turns":7.0},{"damage":0.0,"enemies":"Lagavulin","floor":14.0,"turns":3.0},{"damage":12.0,"enemies":"Hexaghost","floor":16.0,"turns":9.0},{"damage":5.0,"enemies":"3 Byrds","floor":18.0,"turns":4.0},{"damage":1.0,"enemies":"Shell Parasite","floor":19.0,"turns":3.0},{"damage":0.0,"enemies":"Centurion and Healer","floor":20.0,"turns":7.0},{"damage":2.0,"enemies":"Snecko","floor":21.0,"turns":4.0},{"damage":0.0,"enemies":"Gremlin Leader","floor":23.0,"turns":4.0},{"damage":9.0,"enemies":"Slavers","floor":25.0,"turns":3.0},{"damage":9.0,"enemies":"Snake Plant","floor":28.0,"turns":4.0},{"damage":0.0,"enemies":"Champ","floor":33.0,"turns":7.0},{"damage":0.0,"enemies":"3 Darklings","floor":35.0,"turns":4.0},{"damage":2.0,"enemies":"Orb Walker","floor":36.0,"turns":5.0},{"damage":0.0,"enemies":"Maw","floor":38.0,"turns":4.0},{"damage":0.0,"enemies":"Reptomancer","floor":40.0,"turns":5.0},{"damage":7.0,"enemies":"Sphere and 2 Shapes","floor":41.0,"turns":5.0},{"damage":10.0,"enemies":"Writhing Mass","floor":44.0,"turns":5.0},{"damage":40.0,"enemies":"Transient","floor":45.0,"turns":7.0},{"damage":0.0,"enemies":"Giant Head","floor":46.0,"turns":6.0},{"damage":24.0,"enemies":"Nemesis","floor":48.0,"turns":5.0},{"damage":19.0,"enemies":"Time Eater","floor":50.0,"turns":6.0},{"damage":10.0,"enemies":"Shield and Spear","floor":54.0,"turns":4.0},{"damage":61,"enemies":"The Heart","floor":55,"turns":7}],"seed_played":"-8676663380861474173","potions_obtained":[{"floor":1.0,"key":"Explosive Potion"},{"floor":10.0,"key":"FearPotion"},{"floor":12.0,"key":"SmokeBomb"},{"floor":14.0,"key":"SpeedPotion"},{"floor":16.0,"key":"SkillPotion"},{"floor":18.0,"key":"BlessingOfTheForge"},{"floor":20.0,"key":"SteroidPotion"},{"floor":23.0,"key":"FearPotion"},{"floor":28.0,"key":"Strength Potion"},{"floor":33.0,"key":"LiquidMemories"}],"is_trial":false,"path_per_floor":["M","?","M","M","M","R","E","M","T","E","R","E","?","E","R","B",null,"M","M","M","M","?","E","R","E","T","R","M","T","$","$","R","B",null,"M","M","?","M","$","E","M","$","T","M","M","E","R","E","R","B",null,"R","$","E","B",null],"character_chosen":"WATCHER","items_purchased":["Apotheosis","WheelKick","Strange Spoon","WheelKick","Study","Bottled Tornado","WheelKick","Chemical X"],"campfire_rested":0,"item_purchase_floors":[30,30,31,31,39,42,42,53],"current_hp_per_floor":[70,70,70,66,66,66,48,46,46,45,45,37,37,37,37,25,57,52,51,53,53,53,55,55,48,48,48,41,41,41,41,41,43,61,61,61,61,63,63,67,60,60,60,52,30,38,38,32,32,31,58,58,58,56,17],"gold":71,"neow_bonus":"BOSS_RELIC","is_daily":false,"chose_seed":false,"campfire_upgraded":8,"win_rate":0.0,"timestamp":1610074854,"path_taken":["M","?","M","?","M","R","E","M","T","E","R","E","?","E","R","BOSS","M","M","M","M","?","E","R","E","T","R","M","?","?","$","R","BOSS","M","M","?","?","$","E","M","$","T","M","M","E","R","E","R","BOSS","R","$","E","BOSS"],"items_purchased_type":["Card","Card","Relic","Card","Card","Relic","Card","Relic"],"build_version":"2020-12-22","purchased_purges":2,"victory":true,"max_hp_per_floor":[72,72,72,72,72,72,72,72,72,72,72,72,67,67,67,67,67,67,67,67,67,67,67,67,67,67,67,67,67,67,67,67,67,67,67,67,67,67,67,67,67,67,67,67,67,67,67,67,67,67,67,67,67,67,67],"relic_stats":{"counters":[30,154],"Golden Idol":198,"Yang":[252],"PreservedInsect":382,"Pen Nib":[15],"Ginger":[13],"MawBank":24,"Sozu":3,"Strange Spoon":[48],"Dream Catcher":0,"Nunchaku":[14],"Bird Faced Urn":[70],"VioletLotus":[44],"Chemical X":[1],"obtain_stats":[{"Golden Idol":13,"Yang":7,"PreservedInsect":14,"Pen Nib":26,"Ginger":10,"TeardropLocket":12,"Bottled Tornado":42,"MawBank":40,"Sozu":34,"Strange Spoon":31,"Dream Catcher":25,"Nunchaku":29,"Anchor":54,"Bird Faced Urn":9,"VioletLotus":0,"Coffee Dripper":17,"Chemical X":53,"PureWater":0,"InkBottle":23,"TungstenRod":48,"Meat on the Bone":22,"Pocketwatch":46},{"Golden Idol":8,"Yang":5,"PreservedInsect":9,"Pen Nib":16,"Ginger":7,"TeardropLocket":8,"Bottled Tornado":23,"MawBank":22,"Sozu":18,"Strange Spoon":17,"Dream Catcher":16,"Nunchaku":17,"Anchor":29,"Bird Faced Urn":6,"VioletLotus":0,"Coffee Dripper":10,"Chemical X":28,"PureWater":0,"InkBottle":15,"TungstenRod":27,"Meat on the Bone":14,"Pocketwatch":26},{"Golden Idol":43,"Yang":23,"PreservedInsect":46,"Pen Nib":80,"Ginger":36,"TeardropLocket":43,"Bottled Tornado":114,"MawBank":109,"Sozu":91,"Strange Spoon":84,"Dream Catcher":80,"Nunchaku":84,"Anchor":147,"Bird Faced Urn":28,"VioletLotus":0,"Coffee Dripper":55,"Chemical X":143,"PureWater":0,"InkBottle":77,"TungstenRod":137,"Meat on the Bone":73,"Pocketwatch":132}],"InkBottle":[34],"TungstenRod":44,"Meat on the Bone":48,"Pocketwatch":[15]},"card_choices":[{"not_picked":["Consecrate","FollowUp"],"picked":"Indignation","floor":1.0},{"not_picked":["CrushJoints","Prostrate"],"picked":"Sanctity","floor":3.0},{"not_picked":["InnerPeace","SandsOfTime"],"picked":"Vault","floor":4.0},{"not_picked":["Evaluate","JustLucky"],"picked":"EmptyFist","floor":5.0},{"not_picked":["Pray","EmptyFist"],"picked":"Protect","floor":7.0},{"not_picked":["FlurryOfBlows","ClearTheMind"],"picked":"SashWhip","floor":8.0},{"not_picked":["WreathOfFlame","Conclude"],"picked":"WheelKick","floor":10.0},{"not_picked":["Evaluate","ForeignInfluence"],"picked":"Wallop","floor":12.0},{"not_picked":["Crescendo","Collect"],"picked":"Vengeance","floor":14.0},{"not_picked":["Brilliance","Vault"],"picked":"ConjureBlade","floor":16.0},{"not_picked":["Vengeance","PathToVictory"],"picked":"EmptyFist","floor":18.0},{"not_picked":["Collect","CrushJoints+1","FlyingSleeves"],"picked":"SKIP","floor":19.0},{"not_picked":["FlyingSleeves+1","Perseverance+1"],"picked":"InnerPeace+1","floor":20.0},{"not_picked":["ClearTheMind","SashWhip"],"picked":"ForeignInfluence","floor":21.0},{"not_picked":["ClearTheMind","CutThroughFate"],"picked":"WaveOfTheHand+1","floor":23.0},{"not_picked":["PathToVictory","Consecrate"],"picked":"Vault","floor":25.0},{"not_picked":["WaveOfTheHand","Crescendo","Conclude"],"picked":"SKIP","floor":28.0},{"not_picked":["SpiritShield","Blasphemy"],"picked":"Wish","floor":33.0},{"not_picked":["SashWhip+1","SignatureMove"],"picked":"EmptyMind","floor":35.0},{"not_picked":["LikeWater","Crescendo+1"],"picked":"Evaluate","floor":36.0},{"not_picked":["BowlingBash+1","WaveOfTheHand"],"picked":"BattleHymn+1","floor":38.0},{"not_picked":["Collect+1","FlyingSleeves"],"picked":"Tantrum","floor":40.0},{"not_picked":["BowlingBash","ThirdEye"],"picked":"Wish","floor":41.0},{"not_picked":["JustLucky","DeceiveReality"],"picked":"Wireheading","floor":44.0},{"not_picked":["WreathOfFlame+1","Vengeance"],"picked":"Protect+1","floor":45.0},{"not_picked":["Weave+1","BowlingBash","Judgement"],"picked":"SKIP","floor":46.0},{"not_picked":["Indignation","ThirdEye"],"picked":"MasterReality","floor":48.0},{"not_picked":["Vengeance","Consecrate+1","Study+1"],"picked":"SKIP","floor":54.0}],"player_experience":855395,"relics_obtained":[{"floor":7.0,"key":"Yang"},{"floor":9.0,"key":"Bird Faced Urn"},{"floor":10.0,"key":"Ginger"},{"floor":12.0,"key":"TeardropLocket"},{"floor":14.0,"key":"PreservedInsect"},{"floor":23.0,"key":"InkBottle"},{"floor":25.0,"key":"Dream Catcher"},{"floor":26.0,"key":"Pen Nib"},{"floor":29.0,"key":"Nunchaku"},{"floor":40.0,"key":"MawBank"},{"floor":46.0,"key":"Pocketwatch"},{"floor":48.0,"key":"TungstenRod"},{"floor":54.0,"key":"Anchor"}],"event_choices":[{"damage_healed":0.0,"max_hp_gain":0.0,"max_hp_loss":0.0,"gold_gain":0.0,"event_name":"Match and Keep!","player_choice":"2 cards matched","floor":2.0,"gold_loss":0.0,"damage_taken":0.0,"cards_obtained":["Finesse","DevaForm"]},{"damage_healed":0.0,"max_hp_gain":0.0,"max_hp_loss":0.0,"gold_gain":0.0,"event_name":"Match and Keep!","player_choice":"2 cards matched","floor":2.0,"gold_loss":0.0,"damage_taken":0.0,"cards_obtained":["Finesse","DevaForm"]},{"damage_healed":0.0,"max_hp_gain":0.0,"max_hp_loss":5.0,"gold_gain":0.0,"event_name":"Golden Idol","player_choice":"Lose Max HP","floor":13.0,"gold_loss":0.0,"damage_taken":0.0,"relics_obtained":["Golden Idol"]},{"damage_healed":0.0,"max_hp_gain":0.0,"max_hp_loss":0.0,"gold_gain":0.0,"event_name":"The Mausoleum","player_choice":"Opened","floor":22.0,"gold_loss":0.0,"damage_taken":0.0,"relics_obtained":["Meat on the Bone"],"cards_obtained":["Writhe"]},{"cards_removed":["Writhe"],"damage_healed":0.0,"max_hp_gain":0.0,"max_hp_loss":0.0,"gold_gain":0.0,"event_name":"Designer","player_choice":"Single Remove","floor":37.0,"gold_loss":60.0,"damage_taken":0.0}],"is_beta":false,"boss_relics":[{"not_picked":["Empty Cage","Philosopher\u0027s Stone"],"picked":"Coffee Dripper"},{"not_picked":["Snecko Eye","Pandora\u0027s Box"],"picked":"Sozu"}],"items_purged_floors":[30,53],"is_endless":false,"potions_floor_spawned":[1,10,12,14,16,18,20,23,28,33,40,41,44],"ascension_level":5}}