{"host":"2se5dq1do2gp0x9k","time":1610073189,"event":{"mods":["AchievementEnabler","BaseMod","Block Reminder","Colored Map","Colored Powertips","Minty Spire (QoL Compilation)","Relic Stats","StSLib","SuperFastMode"],"gold_per_floor":[162,162,189,189,114,149,149,187,210,210,226,260,66,100,100,190,190,209,209,222,222,237,272,272,129,129,129,143,179,179,212,212,212,212],"floor_reached":33,"playtime":1636,"items_purged":["Defend_P"],"score":641,"play_id":"e33b62dd-fc3a-4267-bf27-ff0bcf1b1573","local_time":"20210107183309","is_ascension_mode":true,"campfire_choices":[{"data":"SandsOfTime","floor":7.0,"key":"SMITH"},{"data":"Wallop","floor":10.0,"key":"SMITH"},{"floor":15.0,"key":"REST"},{"data":"Tantrum","floor":24.0,"key":"SMITH"},{"data":"Adaptation","floor":27.0,"key":"SMITH"},{"floor":30,"key":"REST"},{"floor":32,"key":"REST"}],"circlet_count":0,"master_deck":["AscendersBane","Strike_P","Defend_P+1","Defend_P+1","Eruption","Vigilance+1","FlyingSleeves","Wallop+1","SandsOfTime+1","TalkToTheHand+1","Crescendo","TalkToTheHand+1","TalkToTheHand+1","WaveOfTheHand","Tantrum+1","DeusExMachina","FlyingSleeves","TalkToTheHand+1","Adaptation+1","Omniscience"],"relics":["Tiny House","Golden Idol","War Paint","Bronze Scales","Strawberry","Potion Belt","DollysMirror","Matryoshka","Empty Cage","Nloth\u0027s Gift","Tiny Chest","Oddly Smooth Stone","Vajra","Mercury Hourglass"],"acts_visited":["Exordium","TheCity"],"potions_floor_usage":[28,28,31,33],"damage_taken":[{"damage":7.0,"enemies":"Jaw Worm","floor":1.0,"turns":4.0},{"damage":0.0,"enemies":"Lagavulin","floor":6.0,"turns":7.0},{"damage":16.0,"enemies":"Gremlin Nob","floor":8.0,"turns":4.0},{"damage":7.0,"enemies":"2 Louse","floor":11.0,"turns":3.0},{"damage":4.0,"enemies":"Lagavulin","floor":12.0,"turns":6.0},{"damage":13.0,"enemies":"3 Sentries","floor":14.0,"turns":6.0},{"damage":15.0,"enemies":"The Guardian","floor":16.0,"turns":9.0},{"damage":0.0,"enemies":"3 Byrds","floor":18.0,"turns":4.0},{"damage":0.0,"enemies":"Chosen","floor":20.0,"turns":4.0},{"damage":0.0,"enemies":"Snecko","floor":22.0,"turns":4.0},{"damage":4.0,"enemies":"Book of Stabbing","floor":23.0,"turns":4.0},{"damage":10,"enemies":"Sentry and Sphere","floor":28,"turns":5},{"damage":25,"enemies":"Slavers","floor":29,"turns":6},{"damage":18,"enemies":"Gremlin Leader","floor":31,"turns":5},{"damage":148,"enemies":"Automaton","floor":33,"turns":6}],"seed_played":"-3370679732549911024","potions_obtained":[{"floor":0.0,"key":"PowerPotion"},{"floor":1.0,"key":"PowerPotion"},{"floor":11.0,"key":"Weak Potion"},{"floor":16.0,"key":"Block Potion"},{"floor":20.0,"key":"SpeedPotion"},{"floor":28,"key":"PowerPotion"},{"floor":31,"key":"Swift Potion"}],"is_trial":false,"path_per_floor":["M","?","T","?","?","E","R","E","T","R","M","E","$","E","R","B",null,"M","?","M","?","M","E","R","$","T","R","M","E","R","E","R","B"],"character_chosen":"WATCHER","items_purchased":["DollysMirror","WaveOfTheHand","Adaptation"],"campfire_rested":3,"item_purchase_floors":[13,13,25],"current_hp_per_floor":[59,59,59,52,52,52,52,43,43,43,36,32,32,19,40,25,61,61,61,61,61,61,57,57,57,57,57,47,22,43,25,46,0,0],"gold":212,"neow_bonus":"BOSS_RELIC","is_daily":false,"chose_seed":false,"campfire_upgraded":4,"win_rate":0.0,"timestamp":1610073189,"path_taken":["M","?","?","?","?","E","R","E","T","R","?","E","$","E","R","BOSS","M","?","?","?","?","E","R","?","T","R","M","E","R","E","R","BOSS"],"items_purchased_type":["Relic","Card","Card"],"build_version":"2020-12-22","purchased_purges":1,"victory":false,"max_hp_per_floor":[73,66,66,66,66,66,66,73,73,73,73,73,73,73,73,73,73,73,73,73,73,73,73,73,73,73,73,73,73,73,73,73,73,73],"relic_stats":{"counters":[15,77],"Golden Idol":84,"Bronze Scales":[263],"Tiny Chest":0,"Nloth\u0027s Gift":5,"War Paint":["Defend_P","Defend_P"],"obtain_stats":[{"Potion Belt":9,"Tiny House":0,"Golden Idol":2,"Oddly Smooth Stone":26,"Vajra":29,"Whetstone":12,"War Paint":3,"Empty Cage":17,"Mercury Hourglass":31,"Matryoshka":14,"DollysMirror":13,"Bronze Scales":6,"Strawberry":8,"Tiny Chest":23,"Nloth\u0027s Gift":21,"PureWater":0},{"Potion Belt":3,"Tiny House":0,"Golden Idol":1,"Oddly Smooth Stone":11,"Vajra":13,"Whetstone":5,"War Paint":1,"Empty Cage":7,"Mercury Hourglass":14,"Matryoshka":6,"DollysMirror":5,"Bronze Scales":2,"Strawberry":3,"Tiny Chest":11,"Nloth\u0027s Gift":9,"PureWater":0},{"Potion Belt":15,"Tiny House":0,"Golden Idol":4,"Oddly Smooth Stone":55,"Vajra":66,"Whetstone":24,"War Paint":4,"Empty Cage":39,"Mercury Hourglass":71,"Matryoshka":30,"DollysMirror":24,"Bronze Scales":11,"Strawberry":15,"Tiny Chest":55,"Nloth\u0027s Gift":47,"PureWater":0}],"Mercury Hourglass":[30]},"card_choices":[{"not_picked":["Indignation","Protect"],"picked":"FlyingSleeves","floor":0.0},{"not_picked":["BattleHymn","PathToVictory"],"picked":"Wallop","floor":1.0},{"not_picked":["InnerPeace","WindmillStrike"],"picked":"SandsOfTime","floor":6.0},{"not_picked":["JustLucky","WindmillStrike"],"picked":"TalkToTheHand","floor":8.0},{"not_picked":["ClearTheMind","FollowUp"],"picked":"Crescendo","floor":11.0},{"not_picked":["BowlingBash","ThirdEye"],"picked":"TalkToTheHand","floor":12.0},{"not_picked":["ThirdEye","Sanctity"],"picked":"Tantrum","floor":14.0},{"not_picked":["Omniscience","Brilliance"],"picked":"DeusExMachina","floor":16.0},{"not_picked":["SandsOfTime","PathToVictory"],"picked":"FlyingSleeves","floor":18.0},{"not_picked":["BattleHymn","WindmillStrike+1","JustLucky"],"picked":"SKIP","floor":20.0},{"not_picked":["FollowUp","CutThroughFate","EmptyBody"],"picked":"SKIP","floor":22.0},{"not_picked":["Consecrate","DeusExMachina","CutThroughFate"],"picked":"SKIP","floor":23.0},{"not_picked":["Ragnarok","WreathOfFlame","EmptyBody"],"picked":"SKIP","floor":28},{"not_picked":["DeusExMachina","ThirdEye","Fasting2"],"picked":"SKIP","floor":29},{"not_picked":["Vengeance","Brilliance"],"picked":"Omniscience","floor":31}],"player_experience":3795537,"relics_obtained":[{"floor":3.0,"key":"War Paint"},{"floor":6.0,"key":"Bronze Scales"},{"floor":8.0,"key":"Strawberry"},{"floor":9.0,"key":"Potion Belt"},{"floor":12.0,"key":"Whetstone"},{"floor":14.0,"key":"Matryoshka"},{"floor":23.0,"key":"Tiny Chest"},{"floor":26.0,"key":"Oddly Smooth Stone"},{"floor":29,"key":"Vajra"},{"floor":31,"key":"Mercury Hourglass"}],"event_choices":[{"damage_healed":0.0,"max_hp_gain":0.0,"max_hp_loss":7.0,"gold_gain":0.0,"event_name":"Golden Idol","player_choice":"Lose Max HP","floor":2.0,"gold_loss":0.0,"damage_taken":0.0,"relics_obtained":["Golden Idol"]},{"cards_removed":["Defend_P"],"damage_healed":0.0,"max_hp_gain":0.0,"max_hp_loss":0.0,"gold_gain":0.0,"event_name":"Golden Wing","player_choice":"Card Removal","floor":4.0,"gold_loss":0.0,"damage_taken":7.0},{"cards_removed":["Strike_P"],"damage_healed":0.0,"max_hp_gain":0.0,"max_hp_loss":0.0,"gold_gain":0.0,"event_name":"The Cleric","player_choice":"Card Removal","floor":5.0,"gold_loss":75.0,"damage_taken":0.0},{"damage_healed":0.0,"max_hp_gain":0.0,"max_hp_loss":0.0,"gold_gain":0.0,"event_name":"Duplicator","player_choice":"Copied","floor":19.0,"gold_loss":0.0,"damage_taken":0.0,"cards_obtained":["TalkToTheHand"]},{"damage_healed":0.0,"max_hp_gain":0.0,"max_hp_loss":0.0,"gold_gain":0.0,"event_name":"N\u0027loth","player_choice":"Traded Relic","floor":21.0,"relics_lost":["Whetstone"],"gold_loss":0.0,"damage_taken":0.0,"relics_obtained":["Nloth\u0027s Gift"]}],"is_beta":false,"boss_relics":[{"not_picked":["Runic Pyramid","VioletLotus"],"picked":"Empty Cage"}],"items_purged_floors":[25],"is_endless":false,"potions_floor_spawned":[1,11,16,20,28,31],"killed_by":"Automaton","ascension_level":15}}