{"host":"1stlzvh7atuy33yh","time":1610086340,"event":{"mods":["BaseMod","Colored Map","Colored Powertips","Downfall","Hermit","Minty Spire (QoL Compilation)","StSLib","The Disciple","The Hierophant"],"gold_per_floor":[112,112,132,142,122,122,122,122],"floor_reached":7,"playtime":961,"items_purged":[],"score":41,"play_id":"0f64dc64-c636-4531-b8c3-f484fa3e0529","local_time":"20210108011220","is_ascension_mode":false,"campfire_choices":[{"data":"VestedLegacy","floor":6,"key":"SMITH"}],"circlet_count":0,"master_deck":["Strike_Br","Strike_Br","Strike_Br","Strike_Br","Defend_Br","Defend_Br","Defend_Br","Defend_Br","SecondHand","PatternShift","VestedLegacy+1","Accelerando","LockedBlood"],"relics":["Chronometer","NeowsBlessing"],"acts_visited":["Exordium"],"potions_floor_usage":[7,7,7],"damage_taken":[{"damage":0,"enemies":"Small Slimes","floor":1,"turns":1},{"damage":0,"enemies":"Jaw Worm","floor":3,"turns":1},{"damage":0,"enemies":"Cultist","floor":4,"turns":2},{"damage":83,"enemies":"Lagavulin","floor":7,"turns":32}],"seed_played":"-8693555448357545544","potions_obtained":[{"floor":1,"key":"EssenceOfSteel"},{"floor":4,"key":"Swift Potion"},{"floor":5,"key":"GamblersBrew"}],"is_trial":false,"path_per_floor":["M","?","M","M","?","R","E"],"character_chosen":"CHRONO_CLASS","items_purchased":[],"campfire_rested":0,"item_purchase_floors":[],"current_hp_per_floor":[65,70,70,70,70,70,0,0],"gold":122,"neow_bonus":"THREE_ENEMY_KILL","is_daily":false,"chose_seed":false,"campfire_upgraded":1,"win_rate":0.0,"timestamp":1610086340,"path_taken":["M","?","M","M","?","R","E"],"items_purchased_type":[],"build_version":"2020-12-22","purchased_purges":0,"victory":false,"max_hp_per_floor":[65,70,70,70,70,70,70,70],"card_choices":[{"not_picked":["Recurrance","Facsimile"],"picked":"VestedLegacy","floor":1},{"not_picked":["TiringSlam","ExoVibe"],"picked":"Tempo","floor":3},{"not_picked":["LockedScales","BeatsPerMinute"],"picked":"LockedBlood","floor":4}],"player_experience":100968,"relics_obtained":[],"event_choices":[{"damage_healed":0,"gold_gain":0,"player_choice":"Donut","damage_taken":0,"max_hp_gain":5,"max_hp_loss":0,"event_name":"Big Fish","floor":2,"gold_loss":0},{"damage_healed":0,"gold_gain":0,"player_choice":"Bought 1 Potion","damage_taken":0,"max_hp_gain":0,"max_hp_loss":0,"event_name":"The Woman in Blue","floor":5,"gold_loss":0}],"is_beta":false,"boss_relics":[],"items_purged_floors":[],"is_endless":false,"potions_floor_spawned":[1,4],"killed_by":"Lagavulin","ascension_level":0}}