{"host":"qjv9b7mze4c73keh","time":1610124068,"event":{"mods":["BaseMod","Minty Spire (QoL Compilation)"],"gold_per_floor":[118,118,193,193,213,213,231,231,231,231,231,0,23,36,36,166,166,186,186,111,111,126,26,49,49,49,49,70,70,70,70,70],"floor_reached":31,"playtime":10991,"items_purged":["Regret","Strike_R"],"score":223,"play_id":"0698e43b-cc3b-49ee-8bd4-18fc1c3bf794","local_time":"20210108214108","is_ascension_mode":false,"campfire_choices":[{"floor":6,"key":"REST"},{"data":"Thunderclap","floor":8,"key":"SMITH"},{"data":"Strike_R","floor":11,"key":"SMITH"},{"data":"Bash","floor":15,"key":"SMITH"},{"floor":25,"key":"REST"},{"floor":27,"key":"REST"},{"floor":30,"key":"REST"}],"circlet_count":0,"master_deck":["Strike_R","Strike_R","Strike_R","Strike_R+1","Defend_R","Defend_R","Defend_R","Bash+1","Thunderclap+1","Anger","Sword Boomerang","Intimidate","Impervious","Perfected Strike","Flex","Double Tap","Sword Boomerang+1","Anger","Searing Blow","Anger","Clothesline+1"],"relics":["Burning Blood","Golden Idol","Question Card","Sundial","Gremlin Horn","Darkstone Periapt","Nilry\u0027s Codex"],"acts_visited":["Exordium","TheCity"],"potions_floor_usage":[16,22,24],"damage_taken":[{"damage":11,"enemies":"Jaw Worm","floor":1,"turns":2},{"damage":14,"enemies":"2 Louse","floor":5,"turns":2},{"damage":7,"enemies":"Cultist","floor":7,"turns":4},{"damage":5,"enemies":"Exordium Thugs","floor":13,"turns":3},{"damage":8,"enemies":"Large Slime","floor":14,"turns":3},{"damage":55,"enemies":"Hexaghost","floor":16,"turns":8},{"damage":10,"enemies":"Spheric Guardian","floor":18,"turns":4},{"damage":17,"enemies":"3 Byrds","floor":22,"turns":5},{"damage":54,"enemies":"Sentry and Sphere","floor":24,"turns":6},{"damage":30,"enemies":"Shelled Parasite and Fungi","floor":28,"turns":5},{"damage":52,"enemies":"Centurion and Healer","floor":31,"turns":7}],"seed_played":"-1054150328946616269","potions_obtained":[{"floor":5,"key":"BloodPotion"},{"floor":18,"key":"ColorlessPotion"},{"floor":22,"key":"EssenceOfSteel"}],"is_trial":false,"path_per_floor":["M","?","?","?","M","R","M","R","T","?","R","$","M","M","R","B",null,"M","?","?","?","M","$","M","R","T","R","M","?","R","M"],"character_chosen":"IRONCLAD","items_purchased":["Impervious"],"campfire_rested":4,"item_purchase_floors":[12],"current_hp_per_floor":[83,81,70,70,62,81,80,80,80,80,80,80,81,79,79,46,81,77,77,77,77,66,66,18,42,42,66,42,26,50,0,0],"gold":70,"neow_bonus":"TEN_PERCENT_HP_BONUS","is_daily":false,"chose_seed":false,"campfire_upgraded":3,"win_rate":0.0,"timestamp":1610124068,"path_taken":["M","?","?","?","M","R","M","R","T","?","R","$","M","?","R","BOSS","M","?","?","?","M","$","M","R","T","R","?","?","R","M"],"items_purchased_type":["Card"],"build_version":"2020-12-22","purchased_purges":2,"victory":false,"max_hp_per_floor":[88,81,81,81,81,81,81,81,81,81,81,81,81,81,81,81,81,81,81,81,81,81,81,81,81,81,81,81,81,81,81,81],"card_choices":[{"not_picked":["Warcry","True Grit"],"picked":"Thunderclap","floor":1},{"not_picked":["Second Wind","Perfected Strike","Iron Wave"],"picked":"Anger","floor":5},{"not_picked":["Reckless Charge","Body Slam","Wild Strike"],"picked":"Sword Boomerang","floor":7},{"not_picked":["Thunderclap","Inflame","Body Slam"],"picked":"Perfected Strike","floor":13},{"not_picked":["Thunderclap","Sword Boomerang","Rupture"],"picked":"Flex","floor":14},{"not_picked":["Barricade","Berserk","Offering"],"picked":"Double Tap","floor":16},{"not_picked":["Armaments","Warcry","Spot Weakness"],"picked":"Sword Boomerang+1","floor":18},{"not_picked":["Body Slam","Wild Strike","Headbutt"],"picked":"Searing Blow","floor":22},{"not_picked":["Offering","Entrench+1","Shrug It Off+1"],"picked":"Anger","floor":24},{"not_picked":["Warcry","Armaments","True Grit+1"],"picked":"Clothesline+1","floor":28}],"player_experience":36158,"relics_obtained":[{"floor":9,"key":"Sundial"},{"floor":26,"key":"Darkstone Periapt"},{"floor":29,"key":"Nilry\u0027s Codex"}],"event_choices":[{"damage_healed":0,"gold_gain":0,"player_choice":"Lose Max HP","damage_taken":0,"relics_obtained":["Golden Idol"],"max_hp_gain":0,"max_hp_loss":7,"event_name":"Golden Idol","floor":2,"gold_loss":0},{"damage_healed":0,"gold_gain":75,"player_choice":"Gather Gold","damage_taken":11,"max_hp_gain":0,"max_hp_loss":0,"event_name":"World of Goop","floor":3,"gold_loss":0},{"damage_healed":0,"gold_gain":0,"player_choice":"Box","damage_taken":0,"relics_obtained":["Question Card"],"max_hp_gain":0,"max_hp_loss":0,"event_name":"Big Fish","floor":4,"gold_loss":0,"cards_obtained":["Regret"]},{"damage_healed":0,"gold_gain":0,"cards_transformed":["Defend_R"],"player_choice":"Transformed","damage_taken":0,"max_hp_gain":0,"max_hp_loss":0,"event_name":"Transmorgrifier","floor":10,"gold_loss":0,"cards_obtained":["Intimidate"]},{"damage_healed":0,"gold_gain":0,"player_choice":"Opened","damage_taken":0,"relics_obtained":["Gremlin Horn"],"max_hp_gain":0,"max_hp_loss":0,"event_name":"The Mausoleum","floor":19,"gold_loss":0,"cards_obtained":["Writhe"]},{"cards_removed":["Writhe"],"damage_healed":0,"gold_gain":0,"player_choice":"Gave Gold","damage_taken":0,"max_hp_gain":0,"max_hp_loss":0,"event_name":"Beggar","floor":20,"gold_loss":75},{"damage_healed":0,"gold_gain":0,"player_choice":"Copied","damage_taken":0,"max_hp_gain":0,"max_hp_loss":0,"event_name":"Duplicator","floor":21,"gold_loss":0,"cards_obtained":["Anger"]},{"damage_healed":0,"gold_gain":0,"player_choice":"Obtained Book","damage_taken":16,"max_hp_gain":0,"max_hp_loss":0,"event_name":"Cursed Tome","floor":29,"gold_loss":0}],"is_beta":false,"boss_relics":[{"not_picked":["Snecko Eye","Cursed Key","Runic Dome"]}],"items_purged_floors":[12,23],"is_endless":false,"potions_floor_spawned":[5,18,22],"killed_by":"Centurion and Healer","ascension_level":0}}