{"host":"da4a6z8aof69aasy","time":1610135587,"event":{"mods":["AchievementEnabler","BaseMod","Block Reminder","Colored Powertips","DeckTracker","Highlight Path","Minty Spire (QoL Compilation)","Permanent Neow","Relic Stats","StSLib"],"gold_per_floor":[116,128,145,145,158,158,193,205,232,259,278,296,8,39,39,118,118,43,43,43,43,43,43,43,43,43,43,43,43,43,43,43,43,43],"floor_reached":33,"playtime":4325,"items_purged":[],"score":579,"play_id":"0b57e1e0-9197-4e23-8787-a33844732a91","local_time":"20210108215307","is_ascension_mode":true,"campfire_choices":[{"data":"Bash","floor":6.0,"key":"SMITH"},{"data":"True Grit","floor":15.0,"key":"SMITH"},{"floor":29,"key":"REST"},{"data":"Uppercut","floor":32,"key":"SMITH"}],"circlet_count":0,"master_deck":["AscendersBane","Strike_R","Strike_R+1","Strike_R","Strike_R","Strike_R","Defend_R","Defend_R","Defend_R","Defend_R","Bash+1","Thunderclap","True Grit+1","Clothesline+1","Pommel Strike","Dropkick","Reaper","Feed","Disarm","Uppercut+1","Battle Trance","Perfected Strike+1"],"relics":["Burning Blood","Bronze Scales","Whetstone","Oddly Smooth Stone","Sling","PreservedInsect","Ectoplasm","Question Card","HornCleat","Dead Branch","Mercury Hourglass","Nunchaku"],"acts_visited":["Exordium","TheCity"],"potions_floor_usage":[23,25],"damage_taken":[{"damage":0.0,"enemies":"Cultist","floor":1.0,"turns":4.0},{"damage":0.0,"enemies":"2 Louse","floor":2.0,"turns":2.0},{"damage":2.0,"enemies":"Jaw Worm","floor":3.0,"turns":4.0},{"damage":1.0,"enemies":"Blue Slaver","floor":5.0,"turns":3.0},{"damage":30.0,"enemies":"Lagavulin","floor":7.0,"turns":7.0},{"damage":4.0,"enemies":"Looter","floor":8.0,"turns":3.0},{"damage":6.0,"enemies":"Gremlin Nob","floor":10.0,"turns":3.0},{"damage":2.0,"enemies":"2 Fungi Beasts","floor":11.0,"turns":3.0},{"damage":14.0,"enemies":"Red Slaver","floor":12.0,"turns":2.0},{"damage":10.0,"enemies":"3 Sentries","floor":14.0,"turns":5.0},{"damage":44.0,"enemies":"Hexaghost","floor":16.0,"turns":11.0},{"damage":25.0,"enemies":"2 Thieves","floor":18.0,"turns":5.0},{"damage":3.0,"enemies":"Chosen","floor":19.0,"turns":4.0},{"damage":30.0,"enemies":"Centurion and Healer","floor":21.0,"turns":9.0},{"damage":24.0,"enemies":"Cultist and Chosen","floor":22.0,"turns":8.0},{"damage":29,"enemies":"Book of Stabbing","floor":23,"turns":4},{"damage":33,"enemies":"Slavers","floor":25,"turns":4},{"damage":23,"enemies":"Shelled Parasite and Fungi","floor":27,"turns":4},{"damage":9,"enemies":"Book of Stabbing","floor":28,"turns":4},{"damage":7,"enemies":"Snake Plant","floor":31,"turns":5},{"damage":57,"enemies":"Champ","floor":33,"turns":9}],"seed_played":"3963463247593791582","potions_obtained":[{"floor":1.0,"key":"PowerPotion"},{"floor":3.0,"key":"Fire Potion"},{"floor":8.0,"key":"SpeedPotion"},{"floor":10.0,"key":"Explosive Potion"},{"floor":14.0,"key":"GamblersBrew"},{"floor":19.0,"key":"BloodPotion"},{"floor":22.0,"key":"Dexterity Potion"}],"is_trial":false,"path_per_floor":["M","M","M","?","M","R","E","M","T","E","M","M","$","E","R","B",null,"M","M","T","M","M","E","?","E","T","M","E","R","?","M","R","B"],"character_chosen":"IRONCLAD","items_purchased":["Reaper","Sling"],"campfire_rested":1,"item_purchase_floors":[13,13],"current_hp_per_floor":[74,75,75,71,75,75,51,53,53,53,57,49,49,57,57,25,63,47,54,54,39,27,16,16,20,20,14,20,47,47,49,49,0,0],"gold":43,"neow_bonus":"RANDOM_COMMON_RELIC","is_daily":false,"chose_seed":false,"campfire_upgraded":3,"win_rate":0.0,"timestamp":1610135587,"path_taken":["M","M","M","?","M","R","E","M","T","E","M","M","$","E","R","BOSS","M","?","?","M","M","E","?","E","T","?","E","R","?","M","R","BOSS"],"items_purchased_type":["Card","Relic"],"build_version":"2020-12-22","purchased_purges":0,"victory":false,"max_hp_per_floor":[75,75,75,75,75,75,75,75,75,75,75,75,75,75,75,75,75,78,78,78,81,81,84,84,87,87,90,90,90,90,90,90,90,90],"relic_stats":{"Nunchaku":[3],"counters":[21,102],"Bronze Scales":[285],"Dead Branch":[24],"PreservedInsect":128,"Ectoplasm":307,"Whetstone":["Clothesline","Strike_R"],"Question Card":7,"obtain_stats":[{"Nunchaku":28,"HornCleat":23,"Bronze Scales":0,"Dead Branch":25,"Oddly Smooth Stone":10,"PreservedInsect":14,"Ectoplasm":17,"Whetstone":7,"Sling":13,"Question Card":20,"Burning Blood":0,"Mercury Hourglass":26},{"Nunchaku":19,"HornCleat":16,"Bronze Scales":0,"Dead Branch":17,"Oddly Smooth Stone":7,"PreservedInsect":10,"Ectoplasm":11,"Whetstone":5,"Sling":9,"Question Card":13,"Burning Blood":0,"Mercury Hourglass":17},{"Nunchaku":89,"HornCleat":77,"Bronze Scales":0,"Dead Branch":81,"Oddly Smooth Stone":26,"PreservedInsect":36,"Ectoplasm":47,"Whetstone":20,"Sling":31,"Question Card":56,"Burning Blood":0,"Mercury Hourglass":81}],"Burning Blood":110,"Mercury Hourglass":[60]},"card_choices":[{"not_picked":["Cleave","Havoc"],"picked":"Thunderclap","floor":1.0},{"not_picked":["Ghostly Armor","Dual Wield","Thunderclap"],"picked":"SKIP","floor":2.0},{"not_picked":["Body Slam","Flex"],"picked":"True Grit","floor":3.0},{"not_picked":["Pommel Strike","Fire Breathing"],"picked":"Clothesline","floor":5.0},{"not_picked":["Dual Wield","Body Slam","Sword Boomerang"],"picked":"SKIP","floor":7.0},{"not_picked":["Dual Wield","Body Slam","Sword Boomerang"],"picked":"SKIP","floor":7.0},{"not_picked":["Dual Wield","Body Slam","Sword Boomerang"],"picked":"SKIP","floor":7.0},{"not_picked":["Wild Strike","True Grit"],"picked":"Pommel Strike","floor":8.0},{"not_picked":["Limit Break","Headbutt"],"picked":"Dropkick","floor":10.0},{"not_picked":["Pommel Strike","Dual Wield","Body Slam"],"picked":"SKIP","floor":11.0},{"not_picked":["Pummel","Clothesline","Perfected Strike"],"picked":"SKIP","floor":12.0},{"not_picked":["Headbutt","Thunderclap","Warcry"],"picked":"SKIP","floor":14.0},{"not_picked":["Double Tap","Bludgeon"],"picked":"Feed","floor":16.0},{"not_picked":["Warcry","Wild Strike","Clash"],"picked":"SKIP","floor":18.0},{"not_picked":["Evolve","Anger","Infernal Blade"],"picked":"SKIP","floor":19.0},{"not_picked":["Entrench","Seeing Red","Sword Boomerang","Sentinel"],"picked":"SKIP","floor":21.0},{"not_picked":["Dropkick","Berserk","Wild Strike"],"picked":"Disarm","floor":22.0},{"not_picked":["Wild Strike+1","Body Slam","Perfected Strike","Warcry"],"picked":"SKIP","floor":23},{"not_picked":["Berserk","Clash","Searing Blow"],"picked":"Uppercut","floor":25},{"not_picked":["Rampage","Whirlwind+1","Uppercut"],"picked":"Battle Trance","floor":27},{"not_picked":["Entrench","Metallicize","Intimidate","Body Slam"],"picked":"SKIP","floor":28},{"not_picked":["Entrench","Metallicize","Intimidate","Body Slam"],"picked":"SKIP","floor":28},{"not_picked":["Clothesline","Heavy Blade","Cleave+1"],"picked":"Perfected Strike+1","floor":31}],"player_experience":2035031,"relics_obtained":[{"floor":7.0,"key":"Whetstone"},{"floor":10.0,"key":"Oddly Smooth Stone"},{"floor":14.0,"key":"PreservedInsect"},{"floor":20.0,"key":"Question Card"},{"floor":23,"key":"HornCleat"},{"floor":25,"key":"Dead Branch"},{"floor":26,"key":"Mercury Hourglass"},{"floor":28,"key":"Nunchaku"}],"event_choices":[{"damage_healed":0.0,"max_hp_gain":0.0,"max_hp_loss":0.0,"gold_gain":0.0,"event_name":"The Woman in Blue","player_choice":"Bought 0 Potions","floor":4.0,"gold_loss":0.0,"damage_taken":0.0},{"damage_healed":0,"gold_gain":50,"player_choice":"Pray","damage_taken":0,"max_hp_gain":0,"max_hp_loss":0,"event_name":"Golden Shrine","floor":24,"gold_loss":0},{"damage_healed":0,"gold_gain":0,"player_choice":"Ignored","damage_taken":0,"max_hp_gain":0,"max_hp_loss":0,"event_name":"The Mausoleum","floor":30,"gold_loss":0}],"is_beta":false,"boss_relics":[{"not_picked":["Runic Dome","SacredBark"],"picked":"Ectoplasm"}],"items_purged_floors":[],"is_endless":false,"potions_floor_spawned":[1,3,8,10,14,19,22],"killed_by":"Champ","ascension_level":15}}