{"host":"i2dzm7mf0pic4rds","time":1610140479,"event":{"mods":["BaseMod","Minty Spire (QoL Compilation)","Permanent Neow","Quick Restart","StSLib"],"gold_per_floor":[111,126,146,160,15,15,27,45,94,94,94,113,125,138,138,233,233,252,74,89,108,108,108,121,121,145,164,178,28,57,77,77,181,181,197,197,247,247,264,264,277,277,304,55,86,86,106,137,137,137],"floor_reached":51,"playtime":3371,"items_purged":[],"score":875,"play_id":"9254dd3e-6212-4ef9-8459-2d6f90a9b136","local_time":"20210108221439","daily_mods":["Heirloom"],"is_ascension_mode":false,"campfire_choices":[{"data":"Wraith Form v2","floor":6,"key":"SMITH"},{"floor":15,"key":"REST"},{"data":"Apotheosis","floor":23,"key":"SMITH"},{"data":"Wraith Form v2","floor":25,"key":"SMITH"},{"floor":32,"key":"REST"},{"floor":40,"key":"DIG"},{"floor":42,"key":"DIG"},{"floor":49,"key":"DIG"}],"circlet_count":0,"master_deck":["Strike_G","Strike_G+1","Strike_G+1","Strike_G","Defend_G","Defend_G","Defend_G","Defend_G","Defend_G","Survivor+1","Neutralize","Cloak And Dagger","Wraith Form v2+1","Deflect","Catalyst","Noxious Fumes+1","Deadly Poison","Footwork","Backflip","Wraith Form v2+1","Caltrops","Apotheosis+1","Noxious Fumes","Poisoned Stab+1","Backflip+1","Wraith Form v2+1","After Image","After Image","Backflip+1","Deflect+1","Well Laid Plans","Crippling Poison","Noxious Fumes"],"relics":["Ring of the Snake","Incense Burner","OrangePellets","Whetstone","Shuriken","Velvet Choker","Toy Ornithopter","DollysMirror","Bottled Flame","Sozu","Shovel","Akabeko","Ginger","Potion Belt","Bottled Tornado","Ice Cream","MealTicket","TungstenRod"],"acts_visited":["Exordium","TheCity","TheBeyond"],"potions_floor_usage":[12,18,18,24,35,50],"damage_taken":[{"damage":1,"enemies":"Cultist","floor":1,"turns":4},{"damage":0,"enemies":"Small Slimes","floor":2,"turns":4},{"damage":1,"enemies":"Jaw Worm","floor":3,"turns":4},{"damage":3,"enemies":"2 Fungi Beasts","floor":4,"turns":6},{"damage":1,"enemies":"Blue Slaver","floor":7,"turns":7},{"damage":1,"enemies":"Large Slime","floor":8,"turns":9},{"damage":0,"enemies":"3 Louse","floor":12,"turns":1},{"damage":3,"enemies":"Exordium Wildlife","floor":13,"turns":4},{"damage":0,"enemies":"Blue Slaver","floor":14,"turns":4},{"damage":10,"enemies":"Slime Boss","floor":16,"turns":12},{"damage":0,"enemies":"2 Thieves","floor":18,"turns":5},{"damage":11,"enemies":"Chosen","floor":20,"turns":5},{"damage":0,"enemies":"Snake Plant","floor":21,"turns":5},{"damage":16,"enemies":"Sentry and Sphere","floor":24,"turns":5},{"damage":6,"enemies":"3 Cultists","floor":27,"turns":5},{"damage":0,"enemies":"Snecko","floor":28,"turns":5},{"damage":3,"enemies":"Gremlin Leader","floor":30,"turns":5},{"damage":1,"enemies":"Cultist and Chosen","floor":31,"turns":8},{"damage":0,"enemies":"Collector","floor":33,"turns":8},{"damage":0,"enemies":"3 Darklings","floor":35,"turns":8},{"damage":0,"enemies":"Mind Bloom Boss Battle","floor":37,"turns":7},{"damage":0,"enemies":"3 Shapes","floor":39,"turns":8},{"damage":0,"enemies":"Sphere and 2 Shapes","floor":41,"turns":6},{"damage":0,"enemies":"Reptomancer","floor":45,"turns":7},{"damage":0,"enemies":"Transient","floor":47,"turns":5},{"damage":0,"enemies":"Nemesis","floor":48,"turns":7},{"damage":0,"enemies":"Donu and Deca","floor":50,"turns":11}],"seed_played":"1142936398513578468","potions_obtained":[{"floor":1,"key":"ColorlessPotion"},{"floor":8,"key":"Explosive Potion"},{"floor":13,"key":"Fire Potion"},{"floor":14,"key":"Explosive Potion"},{"floor":24,"key":"BlessingOfTheForge"},{"floor":27,"key":"Fire Potion"},{"floor":30,"key":"Swift Potion"},{"floor":33,"key":"LiquidMemories"}],"is_trial":true,"path_per_floor":["M","M","M","M","$","R","M","M","T","?","?","M","M","M","R","B",null,"M","$","M","M","?","R","M","R","T","M","M","$","E","M","R","B",null,"M","?","?","$","M","R","M","R","T","$","E","?","M","E","R","B",null],"character_chosen":"THE_SILENT","items_purchased":["OrangePellets","Apotheosis","DollysMirror","Bottled Tornado"],"campfire_rested":2,"item_purchase_floors":[5,19,29,44],"current_hp_per_floor":[69,69,68,65,65,65,64,63,63,49,31,31,28,28,49,39,70,70,70,59,59,59,59,43,43,43,37,37,37,34,33,54,54,70,70,70,70,70,70,70,70,70,70,70,70,70,70,70,70,70],"gold":137,"neow_bonus":"","is_daily":false,"chose_seed":false,"campfire_upgraded":3,"win_rate":0.0,"timestamp":1610140479,"path_taken":["M","M","M","M","$","R","M","M","T","?","?","M","?","M","R","BOSS","M","$","M","M","?","R","M","R","T","M","M","$","E","M","R","BOSS","M","?","?","$","M","R","M","R","T","$","E","?","M","E","R","BOSS"],"items_purchased_type":["Relic","Card","Relic","Relic"],"build_version":"2020-12-22","purchased_purges":0,"victory":true,"max_hp_per_floor":[70,70,70,70,70,70,70,70,70,70,70,70,70,70,70,70,70,70,70,70,70,70,70,70,70,70,70,70,70,70,70,70,70,70,70,70,70,70,70,70,70,70,70,70,70,70,70,70,70,70],"card_choices":[{"not_picked":["Terror","Dagger Spray"],"picked":"Cloak And Dagger","floor":1},{"not_picked":["PiercingWail","Flying Knee"],"picked":"Wraith Form v2","floor":2},{"not_picked":["Blade Dance","Caltrops"],"picked":"Deflect","floor":3},{"not_picked":["Escape Plan","Predator"],"picked":"Catalyst","floor":4},{"not_picked":["Cloak And Dagger","Quick Slash"],"picked":"Noxious Fumes","floor":7},{"not_picked":["Setup","Dash","Dagger Throw"],"picked":"SKIP","floor":8},{"not_picked":["Predator","Tools of the Trade"],"picked":"Deadly Poison","floor":12},{"not_picked":["PiercingWail","Sucker Punch"],"picked":"Footwork","floor":13},{"not_picked":["Prepared","Outmaneuver"],"picked":"Backflip","floor":14},{"not_picked":["Tools of the Trade","Burst"],"picked":"Wraith Form v2","floor":16},{"not_picked":["Heel Hook","Predator+1"],"picked":"Caltrops","floor":18},{"not_picked":["Acrobatics","Eviscerate+1","Dash"],"picked":"SKIP","floor":20},{"not_picked":["PiercingWail","Slice","Choke+1"],"picked":"SKIP","floor":21},{"not_picked":["Prepared","Blade Dance+1"],"picked":"Poisoned Stab+1","floor":24},{"not_picked":["Outmaneuver","Bane"],"picked":"Backflip+1","floor":27},{"not_picked":["Deadly Poison","Underhanded Strike","Dagger Spray+1"],"picked":"SKIP","floor":28},{"not_picked":["Endless Agony","Escape Plan+1","All Out Attack"],"picked":"SKIP","floor":30},{"not_picked":["Outmaneuver","PiercingWail"],"picked":"After Image","floor":31},{"not_picked":["Tools of the Trade","Bullet Time"],"picked":"After Image","floor":33},{"not_picked":["Dodge and Roll","PiercingWail"],"picked":"Backflip+1","floor":35},{"not_picked":["Heel Hook","Dagger Throw+1"],"picked":"Deflect+1","floor":37},{"not_picked":["Acrobatics","Dagger Throw+1","Sucker Punch+1"],"picked":"SKIP","floor":39},{"not_picked":["Blade Dance","Bane+1"],"picked":"Well Laid Plans","floor":41},{"not_picked":["Prepared","Glass Knife"],"picked":"Crippling Poison","floor":45},{"not_picked":["Distraction","Bane"],"picked":"Noxious Fumes","floor":47},{"not_picked":["PiercingWail+1","Reflex","Flying Knee"],"picked":"SKIP","floor":48}],"player_experience":134716,"relics_obtained":[{"floor":9,"key":"Whetstone"},{"floor":26,"key":"Toy Ornithopter"},{"floor":30,"key":"Bottled Flame"},{"floor":37,"key":"Shovel"},{"floor":40,"key":"Akabeko"},{"floor":42,"key":"Ginger"},{"floor":43,"key":"Potion Belt"},{"floor":45,"key":"Ice Cream"},{"floor":48,"key":"MealTicket"},{"floor":49,"key":"TungstenRod"}],"event_choices":[{"damage_healed":0,"gold_gain":0,"player_choice":"Entered Light","damage_taken":14,"max_hp_gain":0,"max_hp_loss":0,"event_name":"Shining Light","floor":10,"gold_loss":0,"cards_upgraded":["Noxious Fumes","Survivor"]},{"damage_healed":0,"gold_gain":0,"player_choice":"Success","damage_taken":18,"relics_obtained":["Shuriken"],"max_hp_gain":0,"max_hp_loss":0,"event_name":"Scrap Ooze","floor":11,"gold_loss":0},{"damage_healed":0,"gold_gain":0,"player_choice":"Read","damage_taken":0,"max_hp_gain":0,"max_hp_loss":0,"event_name":"The Library","floor":22,"gold_loss":0,"cards_obtained":["Noxious Fumes"]},{"cards_removed":["Strike_G"],"damage_healed":0,"gold_gain":0,"player_choice":"Removed Attack","damage_taken":0,"max_hp_gain":0,"max_hp_loss":0,"event_name":"Falling","floor":36,"gold_loss":0},{"damage_healed":0,"gold_gain":0,"player_choice":"Fight","damage_taken":0,"max_hp_gain":0,"max_hp_loss":0,"event_name":"MindBloom","floor":37,"gold_loss":0},{"damage_healed":0,"gold_gain":0,"player_choice":"Ignored","damage_taken":0,"max_hp_gain":0,"max_hp_loss":0,"event_name":"Mysterious Sphere","floor":46,"gold_loss":0}],"is_beta":false,"boss_relics":[{"not_picked":["Tiny House","Calling Bell"],"picked":"Velvet Choker"},{"not_picked":["Empty Cage","Fusion Hammer"],"picked":"Sozu"}],"items_purged_floors":[],"is_endless":false,"potions_floor_spawned":[1,8,13,14,24,27,30,33,39,41,48],"ascension_level":0}}