{"host":"aygt75jb8cs7sa4f","time":1610090468,"event":{"mods":["Act Like it!","BaseMod","Better Third Choice","BetterRewards","Colored Map","Conspire","GifTheSpireLib","Halation","Hallownest","Hermit","Marisa????????","Minty Spire (QoL Compilation)","Permanent Neow","Replay The Spire","Spikes Relics","StSLib","The Animator","The Bug Knight","The Cursed","The Servant 0.9.4"],"gold_per_floor":[118,136,136,152,163,163,163,163,218,218,218,218,251,266,266,363,363,382,103,103,116,132,132,132,159,159,159,159,187,187,220,220,324,324,335,346,358,378,207,207,207,239,263,293,293,323,355,515,515,618,618,629,646,492,510,526,526,557,266,292,323,332,362,373,405,405,501,501,514,534,534,342,220,220,220,220,248,203,229,259,294,63,324,423,432,457,466,403,431,442,442,442,442,467,292,328,338,262,276,332,429,429,429],"floor_reached":102,"playtime":8302,"items_purged":["Streamline","Hallownest:curseDreamersLament","Hallownest:curseDreamersLament"],"score":2503,"play_id":"eb5dcfcf-f34d-40b4-b29e-09cf72635299","local_time":"20210108022108","daily_mods":["SealedDeck","Flight","Elite Swarm"],"is_ascension_mode":false,"campfire_choices":[{"data":"Blizzard","floor":6.0,"key":"SMITH"},{"data":"Redo","floor":7.0,"key":"SMITH"},{"data":"Redo","floor":8.0,"key":"SMITH"},{"data":"Genetic Algorithm","floor":10.0,"key":"SMITH"},{"data":"Redo","floor":11.0,"key":"SMITH"},{"data":"Glacier","floor":12.0,"key":"SMITH"},{"data":"Barrage","floor":15.0,"key":"SMITH"},{"data":"Chill","floor":23.0,"key":"SMITH"},{"data":"Coolheaded","floor":24.0,"key":"SMITH"},{"data":"Echo Form","floor":27.0,"key":"SMITH"},{"data":"Cold Snap","floor":28.0,"key":"SMITH"},{"data":"Coolheaded","floor":32.0,"key":"SMITH"},{"data":"Capacitor","floor":40.0,"key":"SMITH"},{"data":"ReplayTheSpireMod:Calculation Training","floor":41.0,"key":"SMITH"},{"floor":45.0,"key":"REST"},{"data":"Capacitor","floor":49.0,"key":"SMITH"},{"data":"Barrage","floor":57.0,"key":"SMITH"},{"data":"Echo Form","floor":62.0,"key":"SMITH"},{"data":"Double Energy","floor":66.0,"key":"SMITH"},{"data":"Cold Snap","floor":74.0,"key":"SMITH"},{"data":"Cold Snap","floor":75.0,"key":"SMITH"},{"data":"Gash","floor":76.0,"key":"SMITH"},{"data":"Defragment","floor":91,"key":"SMITH"},{"data":"Blizzard","floor":92,"key":"SMITH"}],"circlet_count":0,"master_deck":["Gash+1","Barrage+1","Redo+1","Redo+1","Redo+1","Cold Snap+1","Glacier+1","Cold Snap+1","Blizzard+1","Gash+1","Genetic Algorithm+1","Chill+1","Coolheaded+1","Cold Snap+1","Echo Form+1","Coolheaded+1","CurseOfTheBell","ReplayTheSpireMod:Calculation Training+1","Capacitor+1","Capacitor+1","Barrage+1","Echo Form+1","Double Energy+1","Blizzard+1","AbeCurse","Defragment+1","ReplayTheSpireMod:Calculation Training+1"],"relics":["FrozenCore","replay:Trail_Library","Bag of Marbles","Orichalcum","DataDisk","Hallownest:WatcherSealRelic","InkBottle","Rawhide","HornCleat","Blood Vial","StrikeDummy","Calling Bell","Gremlin Food","Eternal Feather","Turnip","Pen Nib","halation:TwoAmDonut","Bronze Scales","Torii","Hallownest:GodTamersBeastRelic","Replay:Bronze Core","Lantern","Membership Card","Ginger","CeramicFish","Ring of Chaos","Oddly Smooth Stone","Garlic","Bottled Lightning","Art of War","Snack Pack","Abe\u0027s Treasure","Hallownest:BeastSealRelic","ReplayTheSpireMod:Lightbulb","ClockworkSouvenir","Prayer Wheel","Bag of Preparation","Busted Crown"],"acts_visited":["Hallownest:Greenpath","Hallownest:CityofTears","Hallownest:KingdomsEdge","Hallownest:Greenpath","Hallownest:CityofTears","Hallownest:KingdomsEdge","Hallownest:Greenpath"],"potions_floor_usage":[84,101,101],"damage_taken":[{"damage":0.0,"enemies":"Hallownest:monsterHuskWarrior","floor":1.0,"turns":2.0},{"damage":0.0,"enemies":"Hallownest:2_Baldur","floor":2.0,"turns":3.0},{"damage":3.0,"enemies":"Hallownest:monsterHuskGuard","floor":4.0,"turns":3.0},{"damage":0.0,"enemies":"Hallownest:Guard_and_Warrior","floor":5.0,"turns":5.0},{"damage":14.0,"enemies":"Hallownest:eliteMossKnight","floor":13.0,"turns":7.0},{"damage":2.0,"enemies":"Hallownest:MossCreep_and_Mosskin","floor":14.0,"turns":4.0},{"damage":0.0,"enemies":"Hallownest:BossBrokenVessel","floor":16.0,"turns":6.0},{"damage":9.0,"enemies":"Hallownest:2_Mistakes","floor":18.0,"turns":5.0},{"damage":0.0,"enemies":"Hallownest:Flukemon_and_Top","floor":21.0,"turns":5.0},{"damage":1.0,"enemies":"Hallownest:monsterShrumalOgre","floor":22.0,"turns":5.0},{"damage":0.0,"enemies":"Hallownest:eliteSoulWarrior","floor":25.0,"turns":7.0},{"damage":0.0,"enemies":"Hallownest:Nosk","floor":29.0,"turns":6.0},{"damage":0.0,"enemies":"Hallownest:eliteWatcherKnight","floor":31.0,"turns":16.0},{"damage":1.0,"enemies":"Hallownest:BossMantisLord","floor":33.0,"turns":7.0},{"damage":1.0,"enemies":"Hallownest:2_Littles","floor":35.0,"turns":5.0},{"damage":1.0,"enemies":"Hallownest:3_Siblings","floor":36.0,"turns":6.0},{"damage":3.0,"enemies":"Hallownest:2_Wing_and_1_Kings","floor":37.0,"turns":6.0},{"damage":1.0,"enemies":"Hallownest:Slobbering_and_Violent","floor":38.0,"turns":8.0},{"damage":11.0,"enemies":"Hallownest:eliteHiveKnight","floor":42.0,"turns":7.0},{"damage":38.0,"enemies":"Hallownest:StalkingDevout","floor":44.0,"turns":8.0},{"damage":0.0,"enemies":"Hallownest:eliteCollector","floor":46.0,"turns":7.0},{"damage":25.0,"enemies":"Hallownest:StalkingDevout","floor":47.0,"turns":5.0},{"damage":0.0,"enemies":"Hallownest:StalkingDevout","floor":48.0,"turns":4.0},{"damage":0.0,"enemies":"Hallownest:StalkingDevout","floor":48.0,"turns":5.0},{"damage":1.0,"enemies":"Hallownest:StalkingDevout","floor":48.0,"turns":7.0},{"damage":0.0,"enemies":"Hallownest:StalkingDevout","floor":48.0,"turns":2.0},{"damage":3.0,"enemies":"Hallownest:Radiance","floor":50.0,"turns":8.0},{"damage":0.0,"enemies":"Hallownest:monsterHuskWarrior","floor":52.0,"turns":2.0},{"damage":0.0,"enemies":"Hallownest:2_Baldur","floor":53.0,"turns":2.0},{"damage":0.0,"enemies":"Hallownest:monsterHuskGuard","floor":55.0,"turns":4.0},{"damage":0.0,"enemies":"Hallownest:monsterMossCharger","floor":56.0,"turns":3.0},{"damage":0.0,"enemies":"Hallownest:eliteCrystalGuardian","floor":58.0,"turns":5.0},{"damage":0.0,"enemies":"Hallownest:eliteMossKnight","floor":61.0,"turns":4.0},{"damage":0.0,"enemies":"Hallownest:eliteVengeflyKing","floor":63.0,"turns":3.0},{"damage":4.0,"enemies":"Hallownest:2_Tiktiks_1_Baldur_1_Crawlid","floor":64.0,"turns":4.0},{"damage":0.0,"enemies":"Hallownest:eliteMossKnight","floor":65.0,"turns":4.0},{"damage":4.0,"enemies":"Hallownest:BossHornet","floor":67.0,"turns":6.0},{"damage":7.0,"enemies":"Hallownest:Guard_and_Sentry","floor":69.0,"turns":5.0},{"damage":0.0,"enemies":"Hallownest:Flukemon_and_Top","floor":70.0,"turns":4.0},{"damage":8.0,"enemies":"Hallownest:eliteSoulWarrior","floor":77.0,"turns":5.0},{"damage":6.0,"enemies":"Hallownest:eliteWatcherKnight","floor":79.0,"turns":6.0},{"damage":0,"enemies":"Hallownest:eliteSoulWarrior","floor":80,"turns":6},{"damage":0,"enemies":"Hallownest:Nosk","floor":81,"turns":7},{"damage":32,"enemies":"Hallownest:BossMantisLord","floor":84,"turns":6},{"damage":0,"enemies":"Hallownest:Shield_Heavy","floor":86,"turns":4},{"damage":0,"enemies":"Hallownest:2_Littles","floor":89,"turns":3},{"damage":0,"enemies":"Hallownest:2_Wandering_and_1_Horned","floor":90,"turns":4},{"damage":0,"enemies":"Hallownest:StalkingDevout","floor":94,"turns":6},{"damage":0,"enemies":"Hallownest:eliteCollector","floor":96,"turns":7},{"damage":0,"enemies":"Hallownest:Xero_Hu_Marmu","floor":97,"turns":5},{"damage":0,"enemies":"Hallownest:Shield_Sturdy","floor":99,"turns":4},{"damage":16,"enemies":"Hallownest:BossGreyPrinceZote","floor":101,"turns":8}],"seed_played":"8484104654726737565","potions_obtained":[{"floor":4.0,"key":"LifebloodPotion"},{"floor":13.0,"key":"SkillPotion"},{"floor":14.0,"key":"Venom Potion"},{"floor":16.0,"key":"FocusPotion"},{"floor":18.0,"key":"GamblersBrew"},{"floor":22.0,"key":"Energy Potion"},{"floor":33.0,"key":"Dexterity Potion"},{"floor":36.0,"key":"Reflective Coating"},{"floor":46.0,"key":"conspire:TimeTravelPotion"},{"floor":47.0,"key":"SkillPotion"},{"floor":53.0,"key":"AttackPotion"},{"floor":67.0,"key":"Swift Potion"},{"floor":90,"key":"Explosive Potion"}],"is_trial":true,"path_per_floor":["M","M","?","M","M","R","R","R","T","R","R","R","E","M","R","B",null,"M","$","?","M","M","R","R","E","T","R","R","E","?","E","R","B",null,"M","M","M","M","$","R","R","E","T","E","R","E","E","?","R_BF","B",null,"M","M","$","M","M","R","E","$","T","E","R","E","M","E","R","B",null,"M","M","?","$","$","R","R","R","E","?","E","E","E","$","R_BF","B",null,"M","?","$","M","M","R","R","?","E","$","E","M","$","M","R_BF","B",null],"character_chosen":"DEFECT","items_purchased":["DataDisk","Coolheaded","Capacitor","Lantern","Membership Card","Ginger","Oddly Smooth Stone","Garlic","Bottled Lightning","Blizzard","Art of War","Snack Pack","ReplayTheSpireMod:Lightbulb","ClockworkSouvenir","Bag of Preparation"],"campfire_rested":1,"item_purchase_floors":[19,19,39,54,59,59,72,72,73,82,82,82,95,95,98],"current_hp_per_floor":[75,75,75,72,72,72,72,72,72,72,72,72,58,56,56,56,75,66,66,66,66,65,65,65,65,65,65,65,65,65,67,67,68,75,74,74,72,73,73,75,75,64,64,28,62,64,61,68,75,72,75,75,75,75,75,75,75,75,75,75,75,75,75,71,73,75,71,75,68,70,66,66,66,75,75,75,67,67,63,65,67,67,75,47,75,75,75,75,75,75,75,75,75,75,75,75,75,75,75,75,68,75,75],"gold":429,"neow_bonus":"","is_daily":false,"chose_seed":false,"campfire_upgraded":23,"win_rate":0.0,"timestamp":1610090468,"path_taken":["M","M","?","M","M","R","R","R","T","R","R","R","E","M","R","BOSS","M","$","?","M","M","R","R","E","T","R","R","E","?","E","R","BOSS","M","M","?","M","$","R","R","E","T","E","R","E","E","?","R_BF","BOSS","M","M","$","M","M","R","E","$","T","E","R","E","M","E","R","BOSS","M","M","?","$","$","R","R","R","E","?","E","E","E","$","R_BF","BOSS","M","?","$","M","M","R","R","?","E","$","E","M","$","M","R_BF","BOSS"],"items_purchased_type":["Relic","Card","Card","Relic","Relic","Relic","Relic","Relic","Relic","Card","Relic","Relic","Relic","Relic","Relic"],"build_version":"2020-12-22","purchased_purges":3,"victory":false,"max_hp_per_floor":[75,75,75,75,75,75,75,75,75,75,75,75,75,75,75,75,75,75,75,75,75,75,75,75,75,75,75,75,75,75,75,75,75,75,75,75,75,75,75,75,75,75,75,75,75,75,75,75,75,75,75,75,75,75,75,75,75,75,75,75,75,75,75,75,75,75,75,75,75,75,75,75,75,75,75,75,75,75,75,75,75,75,75,75,75,75,75,75,75,75,75,75,75,75,75,75,75,75,75,75,75,75,75],"card_choices":[{"not_picked":["Hello World","Hologram","ReplayTheSpireMod:System Scan"],"picked":"SKIP","floor":1.0},{"not_picked":["DiskWipe","BootSequence","Static Discharge"],"picked":"SKIP","floor":2.0},{"not_picked":["Storm","Coolheaded"],"picked":"Blizzard","floor":4.0},{"not_picked":["Steam Power","Sweeping Beam"],"picked":"Gash","floor":5.0},{"not_picked":["Electrodynamics","Rainbow","All For One"],"picked":"SKIP","floor":13.0},{"not_picked":["Recycle","Sweeping Beam"],"picked":"Chill","floor":14.0},{"not_picked":["Rebound","Stack+1","Go for the Eyes"],"picked":"SKIP","floor":18.0},{"not_picked":["Stack","Hologram"],"picked":"Cold Snap","floor":21.0},{"not_picked":["Panic Button","Sweeping Beam","Barrage"],"picked":"SKIP","floor":22.0},{"not_picked":["Electrodynamics","Reboot"],"picked":"Echo Form","floor":25.0},{"not_picked":["Mirror Shield","Multi-Cast","Biased Cognition"],"picked":"SKIP","floor":29.0},{"not_picked":["Machine Learning","Mirror Shield","Creative AI"],"picked":"SKIP","floor":31.0},{"not_picked":["conspire:Rain","Melter+1"],"picked":"ReplayTheSpireMod:Calculation Training","floor":35.0},{"not_picked":["Rebound","Panic Button","Self Repair"],"picked":"SKIP","floor":36.0},{"not_picked":["BasicCrystalCard+1","Turbo+1"],"picked":"Capacitor","floor":37.0},{"not_picked":["Beam Cell+1","Compile Driver+1","Coolheaded+1"],"picked":"SKIP","floor":38.0},{"not_picked":["Seek","Machine Learning","All For One"],"picked":"SKIP","floor":42.0},{"not_picked":["Hyperbeam","Buffer","Biased Cognition"],"picked":"SKIP","floor":44.0},{"not_picked":["Hyperbeam","ReplayTheSpireMod:Omega Cannon","Fission"],"picked":"SKIP","floor":46.0},{"not_picked":["ReplayRNGCard","Fission","Echo Form"],"picked":"SKIP","floor":47.0},{"not_picked":["Leap","Hologram","Time Bomb"],"picked":"SKIP","floor":52.0},{"not_picked":["Glacier","Coolheaded","Stack"],"picked":"SKIP","floor":53.0},{"not_picked":["Conserve Battery","Rebound","FTL"],"picked":"SKIP","floor":55.0},{"not_picked":["Stack","BootSequence","Go for the Eyes"],"picked":"SKIP","floor":56.0},{"not_picked":["ReplayRNGCard","Machine Learning"],"picked":"Echo Form","floor":58.0},{"not_picked":["Electrodynamics","Echo Form","Fission"],"picked":"SKIP","floor":61.0},{"not_picked":["Biased Cognition","ReplayTheSpireMod:Omega Cannon","Thunder Strike"],"picked":"SKIP","floor":63.0},{"not_picked":["ReplaySort","ReplaySolidLightProjector","BasicCrystalCard"],"picked":"SKIP","floor":64.0},{"not_picked":["Thunder Strike","Electrodynamics","ReplayTheSpireMod:Omega Cannon"],"picked":"SKIP","floor":65.0},{"not_picked":["Redo","Coolheaded","Storm+1"],"picked":"SKIP","floor":69.0},{"not_picked":["Reprogram","Go for the Eyes","Compile Driver"],"picked":"SKIP","floor":70.0},{"not_picked":["Meteor Strike","Reboot","Multi-Cast"],"picked":"SKIP","floor":77.0},{"not_picked":["ReplayTheSpireMod:Omega Cannon","Meteor Strike","All For One"],"picked":"SKIP","floor":79},{"not_picked":["Echo Form","Multi-Cast","Electrodynamics"],"picked":"SKIP","floor":80},{"not_picked":["Electrodynamics","Fission","Echo Form"],"picked":"SKIP","floor":81},{"not_picked":["Compile Driver","Streamline"],"picked":"Defragment","floor":86},{"not_picked":["conspire:SharedLibrary","Rebound"],"picked":"ReplayTheSpireMod:Calculation Training+1","floor":89},{"not_picked":["Sweeping Beam+1","Thunder Strike","Gash+1"],"picked":"SKIP","floor":90},{"not_picked":["Meteor Strike","Multi-Cast","Amplify"],"picked":"SKIP","floor":94},{"not_picked":["Machine Learning","Meteor Strike"],"picked":"ReplayTheSpireMod:Fabricate Wheel","floor":96},{"not_picked":["Turbo","ReplayTheSpireMod:System Scan+1","Leap"],"picked":"SKIP","floor":97},{"not_picked":["Cold Snap+1","Gash","Genetic Algorithm+1"],"picked":"SKIP","floor":97},{"not_picked":["Beam Cell","Go for the Eyes","Crystallizer"],"picked":"SKIP","floor":99},{"not_picked":["ReplayTheSpireMod:Repulse+1","Gash+1","Sunder"],"picked":"SKIP","floor":99}],"player_experience":414802,"relics_obtained":[{"floor":9.0,"key":"Bag of Marbles"},{"floor":13.0,"key":"Orichalcum"},{"floor":25.0,"key":"InkBottle"},{"floor":26.0,"key":"Rawhide"},{"floor":29.0,"key":"HornCleat"},{"floor":31.0,"key":"StrikeDummy"},{"floor":34.0,"key":"Gremlin Food"},{"floor":34.0,"key":"Eternal Feather"},{"floor":34.0,"key":"Turnip"},{"floor":42.0,"key":"conspire:TopHat"},{"floor":43.0,"key":"Pen Nib"},{"floor":44.0,"key":"halation:TwoAmDonut"},{"floor":46.0,"key":"Bronze Scales"},{"floor":47.0,"key":"Torii"},{"floor":60.0,"key":"CeramicFish"}],"event_choices":[],"is_beta":false,"boss_relics":[{"not_picked":["halation:CatFaceCupcake","SacredBark"],"picked":"FrozenCore"},{"not_picked":["Snecko Eye","Fusion Hammer"],"picked":"Calling Bell"},{"not_picked":["Velvet Choker","Inserter"],"picked":"Replay:Bronze Core"},{"not_picked":["Runic Pyramid","Painkiller Herb"],"picked":"Ring of Chaos"},{"not_picked":["halation:MonkeysPaw","halation:PlatinumPhoenix"],"picked":"Abe\u0027s Treasure"},{"not_picked":["Runic Dome","halation:Prosthetics"],"picked":"Busted Crown"}],"items_purged_floors":[19,39,88],"is_endless":true,"potions_floor_spawned":[4,13,14,16,18,22,29,33,36,44,46,47,48,48,53,58,61,65,67,69,77,80,90,97,99],"ascension_level":0}}