{"host":"qojc688juf5ijsln","time":1610088115,"event":{"mods":["AchievementEnabler","BaseMod","BetterRewards","Colored Powertips","Highlight Path","Minty Spire (QoL Compilation)","Quick Restart","Shop Mod","StSLib"],"gold_per_floor":[27,27,27,42,56,82,82,82,82,113,113,145,45,45,45,148,148,166,166,265,67,4,37,37,71,71,89,100,100,100,110,110,205,205,222,239,239,239,89,117,117,132,155,155,183,8,24,24,24],"floor_reached":48,"playtime":2601,"items_purged":["Eruption","Defend_P","Jack Of All Trades","Vigilance","SpiritShield"],"score":620,"play_id":"6ae1dc74-2452-4f88-83c6-ac1bcd910347","local_time":"20210108144155","is_ascension_mode":true,"campfire_choices":[{"floor":7.0,"key":"REST"},{"data":"Alpha","floor":11.0,"key":"SMITH"},{"floor":15.0,"key":"REST"},{"floor":24.0,"key":"RECALL"},{"floor":30,"key":"REST"},{"floor":32,"key":"REST"},{"floor":41,"key":"REST"}],"circlet_count":0,"master_deck":["Strike_P","Strike_P","Strike_P","Strike_P","Defend_P","Defend_P","Alpha+1","FlurryOfBlows","EmptyBody+1","Collect","MentalFortress","Prostrate+1","Alpha","Prostrate+1","InnerPeace","LikeWater","Judgement","Alpha"],"relics":["PureWater","Unceasing Top","Regal Pillow","Prayer Wheel","Kunai","PreservedInsect","Centennial Puzzle","Happy Flower","Fusion Hammer","InkBottle","Boot","HornCleat","Yang","VioletLotus","Ornamental Fan","Bag of Preparation","Torii"],"acts_visited":["Exordium","TheCity","TheBeyond"],"potions_floor_usage":[45,47],"damage_taken":[{"damage":2.0,"enemies":"Small Slimes","floor":1.0,"turns":6.0},{"damage":1.0,"enemies":"Jaw Worm","floor":4.0,"turns":4.0},{"damage":1.0,"enemies":"2 Louse","floor":5.0,"turns":3.0},{"damage":39.0,"enemies":"Gremlin Nob","floor":6.0,"turns":6.0},{"damage":2.0,"enemies":"3 Sentries","floor":10.0,"turns":5.0},{"damage":13.0,"enemies":"Gremlin Nob","floor":12.0,"turns":3.0},{"damage":17.0,"enemies":"The Guardian","floor":16.0,"turns":8.0},{"damage":7.0,"enemies":"3 Byrds","floor":18.0,"turns":3.0},{"damage":20.0,"enemies":"Gremlin Leader","floor":23.0,"turns":4.0},{"damage":1,"enemies":"Book of Stabbing","floor":25,"turns":4},{"damage":8,"enemies":"Shell Parasite","floor":27,"turns":5},{"damage":10,"enemies":"Chosen and Byrds","floor":28,"turns":4},{"damage":10,"enemies":"Snake Plant","floor":31,"turns":4},{"damage":47,"enemies":"Automaton","floor":33,"turns":12},{"damage":5,"enemies":"Orb Walker","floor":35,"turns":4},{"damage":15,"enemies":"3 Darklings","floor":36,"turns":3},{"damage":16,"enemies":"Nemesis","floor":40,"turns":7},{"damage":1,"enemies":"Maw","floor":42,"turns":6},{"damage":19,"enemies":"Giant Head","floor":45,"turns":7},{"damage":15,"enemies":"Transient","floor":47,"turns":5},{"damage":38,"enemies":"Writhing Mass","floor":48,"turns":3}],"seed_played":"-7974396936087495538","potions_obtained":[{"floor":1.0,"key":"Energy Potion"},{"floor":5.0,"key":"BlessingOfTheForge"},{"floor":23.0,"key":"SpeedPotion"},{"floor":25,"key":"StancePotion"},{"floor":33,"key":"SteroidPotion"},{"floor":36,"key":"EssenceOfSteel"},{"floor":47,"key":"SpeedPotion"}],"is_trial":false,"path_per_floor":["M","?","?","M","M","E","R","?","T","E","R","E","$","$","R","B",null,"M","?","?","$","?","E","R","E","T","M","M","$","R","M","R","B",null,"M","M","?","?","$","E","R","M","T","?","E","$","M","M"],"character_chosen":"WATCHER","items_purchased":["Regal Pillow","MentalFortress"],"campfire_rested":5,"item_purchase_floors":[0,21],"current_hp_per_floor":[70,75,63,62,61,22,60,60,60,58,58,45,45,45,77,60,77,70,70,70,70,70,50,50,49,49,41,31,31,69,59,77,30,77,72,57,57,57,57,41,73,72,72,72,53,53,38,0,0],"gold":24,"neow_bonus":"","is_daily":false,"chose_seed":false,"campfire_upgraded":1,"win_rate":0.0,"timestamp":1610088115,"path_taken":["M","?","?","?","M","E","R","?","T","E","R","E","?","$","R","BOSS","M","?","?","$","?","E","R","E","T","M","?","$","R","M","R","BOSS","M","?","?","?","?","E","R","?","T","?","E","$","M","M"],"items_purchased_type":["Relic","Card"],"build_version":"2020-12-22","purchased_purges":5,"victory":false,"max_hp_per_floor":[72,77,77,77,77,77,77,77,77,77,77,77,77,77,77,77,77,77,77,77,77,77,77,77,77,77,77,77,77,77,77,77,77,77,77,77,77,73,73,73,73,73,73,73,73,73,73,73,73],"card_choices":[{"not_picked":["FollowUp","TalkToTheHand","BowlingBash"],"picked":"SKIP","floor":1.0},{"not_picked":["CrushJoints","Meditate","Evaluate"],"picked":"SKIP","floor":1.0},{"not_picked":["Wallop","ForeignInfluence","Weave"],"picked":"SKIP","floor":4.0},{"not_picked":["CrushJoints","FollowUp","Consecrate"],"picked":"SKIP","floor":4.0},{"not_picked":["Adaptation","Halt","WaveOfTheHand"],"picked":"SKIP","floor":5.0},{"not_picked":["Halt","Pray","SignatureMove"],"picked":"SKIP","floor":5.0},{"not_picked":["Protect","ThirdEye","CutThroughFate"],"picked":"SKIP","floor":6.0},{"not_picked":["CrushJoints","FollowUp"],"picked":"Alpha","floor":10.0},{"not_picked":["TalkToTheHand","Sanctity"],"picked":"FlurryOfBlows","floor":12.0},{"not_picked":["Vault","ConjureBlade"],"picked":"SpiritShield","floor":16.0},{"not_picked":["Prostrate","Halt"],"picked":"EmptyBody+1","floor":18.0},{"not_picked":["FollowUp","Swivel","BowlingBash"],"picked":"SKIP","floor":18.0},{"not_picked":["SashWhip","Pray","Study"],"picked":"SKIP","floor":23.0},{"not_picked":["FearNoEvil","Study+1"],"picked":"Prostrate+1","floor":25},{"not_picked":["CrushJoints","Adaptation","FollowUp"],"picked":"SKIP","floor":27},{"not_picked":["Collect","Halt+1","BowlingBash"],"picked":"SKIP","floor":27},{"not_picked":["EmptyFist","Protect","Crescendo"],"picked":"SKIP","floor":28},{"not_picked":["EmptyBody","Pray","BattleHymn"],"picked":"SKIP","floor":28},{"not_picked":["FlurryOfBlows","EmptyFist","CutThroughFate+1"],"picked":"SKIP","floor":31},{"not_picked":["FlyingSleeves","SandsOfTime+1","WaveOfTheHand"],"picked":"SKIP","floor":31},{"not_picked":["MasterReality","Ragnarok"],"picked":"Alpha","floor":33},{"not_picked":["Consecrate+1","ClearTheMind+1"],"picked":"Prostrate+1","floor":35},{"not_picked":["ClearTheMind","SashWhip","FollowUp"],"picked":"SKIP","floor":35},{"not_picked":["Crescendo","Wireheading"],"picked":"InnerPeace","floor":36},{"not_picked":["Wallop+1","CutThroughFate","CarveReality+1"],"picked":"SKIP","floor":36},{"not_picked":["DeceiveReality+1","Prostrate"],"picked":"LikeWater","floor":40},{"not_picked":["CarveReality","Wireheading","FlurryOfBlows"],"picked":"SKIP","floor":42},{"not_picked":["CutThroughFate","Protect+1","BowlingBash"],"picked":"SKIP","floor":42},{"not_picked":["Study+1","Nirvana+1","Halt"],"picked":"SKIP","floor":45},{"not_picked":["Study+1","Nirvana+1","Halt"],"picked":"SKIP","floor":45},{"not_picked":["DeceiveReality+1","WindmillStrike"],"picked":"Alpha","floor":47},{"not_picked":["JustLucky","Protect+1","Conclude"],"picked":"SKIP","floor":47}],"player_experience":98831,"relics_obtained":[{"floor":6.0,"key":"PreservedInsect"},{"floor":10.0,"key":"Centennial Puzzle"},{"floor":12.0,"key":"Happy Flower"},{"floor":23.0,"key":"Boot"},{"floor":25,"key":"HornCleat"},{"floor":26,"key":"Yang"},{"floor":40,"key":"Ornamental Fan"},{"floor":43,"key":"Bag of Preparation"},{"floor":45,"key":"Torii"}],"event_choices":[{"damage_healed":0.0,"max_hp_gain":5.0,"max_hp_loss":0.0,"gold_gain":0.0,"event_name":"Big Fish","player_choice":"Donut","floor":2.0,"gold_loss":0.0,"damage_taken":0.0},{"damage_healed":0.0,"max_hp_gain":0.0,"max_hp_loss":0.0,"gold_gain":0.0,"event_name":"Scrap Ooze","player_choice":"Success","floor":3.0,"gold_loss":0.0,"damage_taken":12.0,"relics_obtained":["Kunai"]},{"cards_removed":["Defend_P"],"damage_healed":0.0,"max_hp_gain":0.0,"max_hp_loss":0.0,"gold_gain":0.0,"event_name":"Living Wall","player_choice":"Forget","floor":8.0,"gold_loss":0.0,"damage_taken":0.0},{"damage_healed":0.0,"max_hp_gain":0.0,"max_hp_loss":0.0,"gold_gain":0.0,"event_name":"The Library","player_choice":"Read","floor":19.0,"gold_loss":0.0,"damage_taken":0.0,"cards_obtained":["Collect"]},{"damage_healed":0.0,"max_hp_gain":0.0,"max_hp_loss":0.0,"gold_gain":99.0,"event_name":"Nest","player_choice":"Stole From Cult","floor":20.0,"gold_loss":0.0,"damage_taken":0.0},{"damage_healed":0.0,"max_hp_gain":0.0,"max_hp_loss":0.0,"gold_gain":0.0,"event_name":"WeMeetAgain","player_choice":"Paid Gold","floor":22.0,"gold_loss":63.0,"damage_taken":0.0,"relics_obtained":["InkBottle"]},{"damage_healed":0,"gold_gain":0,"player_choice":"Ignored","damage_taken":0,"max_hp_gain":0,"max_hp_loss":0,"event_name":"Tomb of Lord Red Mask","floor":37,"gold_loss":0},{"damage_healed":0,"gold_gain":0,"player_choice":"Max HP","damage_taken":0,"max_hp_gain":0,"max_hp_loss":4,"event_name":"Winding Halls","floor":38,"gold_loss":0},{"damage_healed":0,"gold_gain":0,"player_choice":"1 cards matched","damage_taken":0,"max_hp_gain":0,"max_hp_loss":0,"event_name":"Match and Keep!","floor":44,"gold_loss":0,"cards_obtained":["Judgement"]}],"is_beta":false,"boss_relics":[{"not_picked":["Velvet Choker","Coffee Dripper"],"picked":"Fusion Hammer"},{"not_picked":["Runic Dome","Philosopher\u0027s Stone"],"picked":"VioletLotus"}],"items_purged_floors":[0,13,21,39,46],"is_endless":false,"potions_floor_spawned":[1,5,23,25,33,36,40,47],"killed_by":"Writhing Mass","ascension_level":1}}