{"host":"fwszrsv3xaezmgui","time":1610086065,"event":{"mods":["BaseMod","Highlight Path","Minty Spire (QoL Compilation)","Quick Restart"],"gold_per_floor":[115,130,6,18,38,73,88,88,88,100,115,126,157,168,168,269,269,286,286,286,300,58,90,90,90,90,90,117,129,158,197,209,321,333,363,375,397,409,441,484,496,521,533,573,585,611,633,676,688,700],"floor_reached":51,"playtime":4057,"items_purged":[],"score":911,"play_id":"79400261-0fa6-4bc8-9468-3cff87d82d28","local_time":"20210108010745","is_ascension_mode":false,"campfire_choices":[{"floor":8.0,"key":"REST"},{"data":"Dagger Spray","floor":15.0,"key":"SMITH"},{"data":"Glass Knife","floor":25.0,"key":"SMITH"},{"data":"Adrenaline","floor":27.0,"key":"SMITH"},{"floor":32.0,"key":"REST"},{"data":"Terror","floor":41.0,"key":"SMITH"},{"data":"Tactician","floor":49,"key":"SMITH"}],"circlet_count":0,"master_deck":["Strike_G+1","Strike_G+1","Strike_G+1","Strike_G+1","Strike_G+1","Defend_G+1","Defend_G+1","Defend_G+1","Defend_G+1","Defend_G+1","Survivor+1","Neutralize+1","Quick Slash+1","Adrenaline+1","Dagger Spray+1","Dagger Spray+1","Flying Knee+1","Deflect+1","Prepared+1","Blade Dance+1","Cloak And Dagger+1","Underhanded Strike+1","Flying Knee+1","Backflip+1","Glass Knife+1","Sucker Punch+1","Masterful Stab+1","Calculated Gamble+1","Slice+1","Crippling Poison+1","Unload+1","PiercingWail+1","Distraction+1","Adrenaline+1","Acrobatics+1","Poisoned Stab+1","Panache+1","Terror+1","All Out Attack","Bane+1","Bane+1","PiercingWail","Tactician+1","Heel Hook"],"relics":["Ring of the Snake","NeowsBlessing","Happy Flower","HornCleat","Meat on the Bone","Cursed Key","Strawberry","PreservedInsect","Question Card","MawBank","Frozen Egg 2","Busted Crown","Mark of the Bloom","Shuriken","FossilizedHelix","Kunai"],"acts_visited":["Exordium","TheCity","TheBeyond"],"potions_floor_usage":[48,50],"damage_taken":[{"damage":0.0,"enemies":"Jaw Worm","floor":1.0,"turns":1.0},{"damage":0.0,"enemies":"2 Louse","floor":2.0,"turns":1.0},{"damage":0.0,"enemies":"Small Slimes","floor":4.0,"turns":1.0},{"damage":7.0,"enemies":"Gremlin Gang","floor":5.0,"turns":3.0},{"damage":14.0,"enemies":"3 Sentries","floor":6.0,"turns":6.0},{"damage":0.0,"enemies":"2 Fungi Beasts","floor":7.0,"turns":3.0},{"damage":0.0,"enemies":"Blue Slaver","floor":10.0,"turns":3.0},{"damage":0.0,"enemies":"3 Louse","floor":11.0,"turns":3.0},{"damage":0.0,"enemies":"Exordium Thugs","floor":12.0,"turns":4.0},{"damage":7.0,"enemies":"Lagavulin","floor":13.0,"turns":5.0},{"damage":0.0,"enemies":"2 Fungi Beasts","floor":14.0,"turns":3.0},{"damage":39.0,"enemies":"The Guardian","floor":16.0,"turns":14.0},{"damage":0.0,"enemies":"Spheric Guardian","floor":18.0,"turns":3.0},{"damage":3.0,"enemies":"Shell Parasite","floor":21.0,"turns":4.0},{"damage":6.0,"enemies":"Slavers","floor":23.0,"turns":3.0},{"damage":0.0,"enemies":"Gremlin Leader","floor":28.0,"turns":3.0},{"damage":14.0,"enemies":"Centurion and Healer","floor":30.0,"turns":4.0},{"damage":18.0,"enemies":"Slavers","floor":31.0,"turns":4.0},{"damage":33.0,"enemies":"Collector","floor":33.0,"turns":8.0},{"damage":0.0,"enemies":"Orb Walker","floor":35.0,"turns":3.0},{"damage":1.0,"enemies":"3 Shapes","floor":37.0,"turns":2.0},{"damage":0.0,"enemies":"3 Darklings","floor":39.0,"turns":2.0},{"damage":5.0,"enemies":"Giant Head","floor":40.0,"turns":4.0},{"damage":0.0,"enemies":"Sphere and 2 Shapes","floor":42.0,"turns":3.0},{"damage":0.0,"enemies":"Reptomancer","floor":44.0,"turns":2.0},{"damage":0.0,"enemies":"Transient","floor":46.0,"turns":5.0},{"damage":0,"enemies":"Spire Growth","floor":47,"turns":2},{"damage":0,"enemies":"Nemesis","floor":48,"turns":3},{"damage":6,"enemies":"Donu and Deca","floor":50,"turns":4}],"seed_played":"-8857781093415253679","potions_obtained":[{"floor":1.0,"key":"SkillPotion"},{"floor":2.0,"key":"Energy Potion"},{"floor":4.0,"key":"SpeedPotion"},{"floor":16.0,"key":"SteroidPotion"},{"floor":30.0,"key":"ColorlessPotion"},{"floor":31.0,"key":"Block Potion"},{"floor":33.0,"key":"BlessingOfTheForge"},{"floor":37.0,"key":"SkillPotion"},{"floor":40.0,"key":"Poison Potion"},{"floor":42.0,"key":"DistilledChaos"},{"floor":47,"key":"DistilledChaos"},{"floor":48,"key":"CultistPotion"}],"is_trial":false,"path_per_floor":["M","M","$","M","M","E","M","R","T","M","M","M","E","M","R","B",null,"M","?","?","M","$","E","?","R","T","R","E","?","M","E","R","B",null,"M","?","M","?","M","E","R","M","T","E","?","M","M","E","R","B",null],"character_chosen":"THE_SILENT","items_purchased":["Adrenaline","Dagger Spray","PreservedInsect","Calculated Gamble","Slice"],"campfire_rested":2,"item_purchase_floors":[3,3,22,22,22],"current_hp_per_floor":[70,70,70,70,63,49,49,70,70,70,70,70,63,63,63,36,70,70,77,77,74,74,68,68,68,68,68,68,68,54,48,71,50,77,77,77,76,76,76,71,71,71,71,71,71,71,71,71,71,65],"gold":712,"neow_bonus":"THREE_ENEMY_KILL","is_daily":false,"chose_seed":false,"campfire_upgraded":5,"win_rate":0.0,"timestamp":1610086065,"path_taken":["M","M","$","M","M","E","M","R","T","M","M","M","E","M","R","BOSS","M","?","?","M","$","E","?","R","T","R","E","?","?","E","R","BOSS","M","?","M","?","M","E","R","M","T","E","?","M","M","E","R","BOSS"],"items_purchased_type":["Card","Card","Relic","Card","Card"],"build_version":"2020-12-22","purchased_purges":0,"victory":true,"max_hp_per_floor":[70,70,70,70,70,70,70,70,70,70,70,70,70,70,70,70,70,70,77,77,77,77,77,77,77,77,77,77,77,77,77,77,77,77,77,77,77,77,77,77,77,77,77,77,77,77,77,77,77,77],"card_choices":[{"not_picked":["Blade Dance","Deflect"],"picked":"Noxious Fumes","floor":1.0},{"not_picked":["Tactician","Dodge and Roll"],"picked":"Quick Slash","floor":2.0},{"not_picked":["Riddle With Holes","Poisoned Stab"],"picked":"Dagger Spray","floor":4.0},{"not_picked":["Outmaneuver","Bouncing Flask"],"picked":"Flying Knee","floor":5.0},{"not_picked":["Tactician","PiercingWail"],"picked":"Deflect","floor":6.0},{"not_picked":["Eviscerate","Flechettes"],"picked":"Prepared","floor":7.0},{"not_picked":["Dagger Spray","Flechettes"],"picked":"Blade Dance","floor":10.0},{"not_picked":["Skewer","Tools of the Trade"],"picked":"Cloak And Dagger","floor":11.0},{"not_picked":["Blade Dance","Cloak And Dagger"],"picked":"Underhanded Strike","floor":12.0},{"not_picked":["Blade Dance","Riddle With Holes"],"picked":"Flying Knee","floor":13.0},{"not_picked":["Skewer","Finisher"],"picked":"Backflip","floor":14.0},{"not_picked":["Die Die Die","Malaise"],"picked":"Glass Knife","floor":16.0},{"not_picked":["Tactician","Crippling Poison"],"picked":"Sucker Punch","floor":18.0},{"not_picked":["Infinite Blades+1","Poisoned Stab"],"picked":"Masterful Stab+1","floor":21.0},{"not_picked":["Outmaneuver","All Out Attack"],"picked":"Crippling Poison+1","floor":23.0},{"not_picked":["Quick Slash","Cloak And Dagger+1","Outmaneuver"],"picked":"Unload","floor":28.0},{"not_picked":["Underhanded Strike+1","Poisoned Stab","Outmaneuver+1"],"picked":"PiercingWail","floor":30.0},{"not_picked":["Blade Dance","Sucker Punch","Outmaneuver"],"picked":"Distraction+1","floor":31.0},{"not_picked":["Storm of Steel","Corpse Explosion","Doppelganger"],"picked":"Adrenaline","floor":33.0},{"not_picked":["Underhanded Strike"],"picked":"Acrobatics+1","floor":35.0},{"not_picked":["Bouncing Flask+1"],"picked":"Poisoned Stab+1","floor":37.0},{"not_picked":["Discovery"],"picked":"Panache+1","floor":38.0},{"not_picked":["Deflect+1"],"picked":"Terror","floor":39.0},{"not_picked":["Storm of Steel"],"picked":"All Out Attack","floor":40.0},{"not_picked":["Backflip"],"picked":"Bane+1","floor":42.0},{"not_picked":["Outmaneuver"],"picked":"Bane+1","floor":44.0},{"not_picked":["Dagger Spray"],"picked":"PiercingWail","floor":46.0},{"not_picked":["Blade Dance"],"picked":"Tactician","floor":47},{"not_picked":["Blade Dance+1"],"picked":"Heel Hook","floor":48}],"player_experience":34840,"relics_obtained":[{"floor":6.0,"key":"Happy Flower"},{"floor":9.0,"key":"HornCleat"},{"floor":13.0,"key":"Meat on the Bone"},{"floor":23.0,"key":"Question Card"},{"floor":28.0,"key":"MawBank"},{"floor":31.0,"key":"Frozen Egg 2"},{"floor":40.0,"key":"Shuriken"},{"floor":44.0,"key":"FossilizedHelix"},{"floor":48,"key":"Kunai"}],"event_choices":[{"damage_healed":0.0,"max_hp_gain":0.0,"max_hp_loss":0.0,"gold_gain":0.0,"event_name":"The Mausoleum","player_choice":"Opened","floor":19.0,"gold_loss":0.0,"damage_taken":0.0,"relics_obtained":["Strawberry"]},{"damage_healed":0.0,"max_hp_gain":0.0,"max_hp_loss":0.0,"gold_gain":0.0,"event_name":"Vampires","player_choice":"Ignored","floor":20.0,"gold_loss":0.0,"damage_taken":0.0},{"damage_healed":0.0,"max_hp_gain":0.0,"max_hp_loss":0.0,"gold_gain":0.0,"event_name":"Ghosts","player_choice":"Ignored","floor":24.0,"gold_loss":0.0,"damage_taken":0.0},{"damage_healed":0.0,"max_hp_gain":0.0,"max_hp_loss":0.0,"gold_gain":0.0,"event_name":"Upgrade Shrine","player_choice":"Upgraded","floor":29.0,"gold_loss":0.0,"damage_taken":0.0,"cards_upgraded":["Cloak And Dagger"]},{"damage_healed":0.0,"max_hp_gain":0.0,"max_hp_loss":0.0,"gold_gain":0.0,"event_name":"MindBloom","player_choice":"Upgrade","floor":36.0,"gold_loss":0.0,"damage_taken":0.0,"cards_upgraded":["Strike_G","Strike_G","Strike_G","Strike_G","Strike_G","Defend_G","Defend_G","Defend_G","Defend_G","Defend_G","Survivor","Neutralize","Noxious Fumes","Quick Slash","Dagger Spray","Flying Knee","Deflect","Prepared","Blade Dance","Underhanded Strike","Flying Knee","Backflip","Sucker Punch","Calculated Gamble","Slice","Unload","PiercingWail","Adrenaline"],"relics_obtained":["Mark of the Bloom"]},{"damage_healed":0.0,"max_hp_gain":0.0,"max_hp_loss":0.0,"gold_gain":0.0,"event_name":"SensoryStone","player_choice":"Memory 1","floor":38.0,"gold_loss":0.0,"damage_taken":0.0},{"cards_removed":["Noxious Fumes"],"damage_healed":0.0,"max_hp_gain":0.0,"max_hp_loss":0.0,"gold_gain":0.0,"event_name":"Falling","player_choice":"Removed Power","floor":45.0,"gold_loss":0.0,"damage_taken":0.0}],"is_beta":false,"boss_relics":[{"not_picked":["Fusion Hammer","WristBlade"],"picked":"Cursed Key"},{"not_picked":["Coffee Dripper","Snecko Eye"],"picked":"Busted Crown"}],"items_purged_floors":[],"is_endless":false,"potions_floor_spawned":[1,2,4,10,11,16,30,31,33,37,40,42,47,48],"ascension_level":0}}