{"host":"hfxp6ue4pvwo3fit","time":1610084311,"event":{"mods":["AchievementEnabler","BaseMod","Colored Map","Colored Powertips","Highlight Path","Minty Spire (QoL Compilation)","Relic Stats","StSLib","SuperFastMode"],"gold_per_floor":[168,168,179,245,245,245,271,291,291,318,330,122,122,156,156,156,156],"floor_reached":16,"playtime":562,"items_purged":["Strike_G"],"score":236,"play_id":"ae3bb1ec-d848-462e-b253-281be5e92f27","local_time":"20210107233830","is_ascension_mode":true,"campfire_choices":[{"data":"Deadly Poison","floor":6,"key":"SMITH"},{"data":"Catalyst","floor":13,"key":"SMITH"},{"data":"Bouncing Flask","floor":15,"key":"SMITH"}],"circlet_count":0,"master_deck":["AscendersBane","Strike_G","Strike_G","Strike_G","Strike_G","Defend_G","Defend_G","Defend_G","Defend_G","Defend_G+1","Survivor","Neutralize","Backstab","Cloak And Dagger","Deadly Poison+1","Footwork+1","Tools of the Trade+1","Catalyst+1","Bouncing Flask+1","Dagger Spray"],"relics":["Tiny House","Frozen Egg 2","Oddly Smooth Stone","Anchor","Gambling Chip"],"acts_visited":["Exordium"],"potions_floor_usage":[7,10,16,16],"damage_taken":[{"damage":1,"enemies":"Small Slimes","floor":1,"turns":4},{"damage":0,"enemies":"Cultist","floor":3,"turns":5},{"damage":16,"enemies":"Lagavulin","floor":7,"turns":8},{"damage":4,"enemies":"Jaw Worm","floor":8,"turns":3},{"damage":4,"enemies":"3 Sentries","floor":10,"turns":19},{"damage":4,"enemies":"Blue Slaver","floor":11,"turns":4},{"damage":8,"enemies":"Lagavulin","floor":14,"turns":7},{"damage":27,"enemies":"Slime Boss","floor":16,"turns":7}],"seed_played":"-7471004909215743026","potions_obtained":[{"floor":0,"key":"EssenceOfSteel"},{"floor":1,"key":"EssenceOfSteel"},{"floor":7,"key":"Swift Potion"}],"is_trial":false,"path_per_floor":["M","?","M","?","?","R","E","M","T","E","M","$","R","E","R","B"],"character_chosen":"THE_SILENT","items_purchased":["Bouncing Flask","SpeedPotion"],"campfire_rested":0,"item_purchase_floors":[12,12],"current_hp_per_floor":[63,59,59,59,59,59,43,39,39,35,31,31,31,23,23,0,0],"gold":156,"neow_bonus":"BOSS_RELIC","is_daily":false,"chose_seed":false,"campfire_upgraded":3,"win_rate":0.0,"timestamp":1610084310,"path_taken":["M","?","?","?","?","R","E","M","T","E","M","?","R","E","R","BOSS"],"items_purchased_type":["Card","Potion"],"build_version":"2020-12-22","purchased_purges":1,"victory":false,"max_hp_per_floor":[71,71,71,71,71,71,71,71,71,71,71,71,71,71,71,71,71],"relic_stats":{"counters":[8,57],"Gambling Chip":[3],"obtain_stats":[{"Anchor":10,"Tiny House":0,"Gambling Chip":14,"Oddly Smooth Stone":9,"Frozen Egg 2":7,"Ring of the Snake":0},{"Anchor":5,"Tiny House":0,"Gambling Chip":7,"Oddly Smooth Stone":4,"Frozen Egg 2":3,"Ring of the Snake":0},{"Anchor":39,"Tiny House":0,"Gambling Chip":50,"Oddly Smooth Stone":20,"Frozen Egg 2":17,"Ring of the Snake":0}]},"card_choices":[{"not_picked":["Blade Dance","Skewer"],"picked":"Backstab","floor":0},{"not_picked":["Acrobatics","Bane"],"picked":"Cloak And Dagger","floor":1},{"not_picked":["Footwork","Catalyst"],"picked":"Deadly Poison","floor":3},{"not_picked":["Blade Dance","Bouncing Flask"],"picked":"Footwork+1","floor":7},{"not_picked":["Dagger Throw","Backflip"],"picked":"Tools of the Trade+1","floor":8},{"not_picked":["Deadly Poison","Backstab"],"picked":"Catalyst","floor":10},{"not_picked":["Prepared","Blur","Outmaneuver"],"picked":"SKIP","floor":11},{"not_picked":["Flying Knee","Prepared"],"picked":"Dagger Spray","floor":14}],"player_experience":483438,"relics_obtained":[{"floor":7,"key":"Frozen Egg 2"},{"floor":9,"key":"Oddly Smooth Stone"},{"floor":10,"key":"Anchor"},{"floor":14,"key":"Gambling Chip"}],"event_choices":[{"damage_healed":0,"gold_gain":0,"player_choice":"Bought 0 Potions","damage_taken":0,"max_hp_gain":0,"max_hp_loss":0,"event_name":"The Woman in Blue","floor":2,"gold_loss":0},{"damage_healed":0,"gold_gain":66,"player_choice":"Gained Gold","damage_taken":0,"max_hp_gain":0,"max_hp_loss":0,"event_name":"Golden Wing","floor":4,"gold_loss":0},{"damage_healed":0,"gold_gain":0,"player_choice":"Ignored","damage_taken":0,"max_hp_gain":0,"max_hp_loss":0,"event_name":"Liars Game","floor":5,"gold_loss":0}],"is_beta":false,"boss_relics":[],"items_purged_floors":[12],"is_endless":false,"potions_floor_spawned":[1,7,14],"killed_by":"Slime Boss","ascension_level":20}}