{"host":"raai0vtvcfkt8csp","time":1610067350,"event":{"mods":["2.2 Compatiblity","BaseMod","Beaked The Cultist","Block Reminder","Booster Modes","DeckTracker","Defective Defect","Dio Mod","Downfall","GifTheSpireLib","Minty Spire (QoL Compilation)","Quick Restart","Random Character Button","Rare Cards Sparkle","StSLib","Unceasing Turn Reminder"],"gold_per_floor":[99,115,127,157,307,338,418,432,432,442,367,393,89,115,135,240,240,240,252,265,54,54,70,70,7,24,49,49,59,59,59,77,180,180,105,122,136,136,149,76,155,187,236,236,269,286,211,228,243,243,243,271,57,57,57,57],"floor_reached":55,"playtime":4828,"items_purged":[],"score":959,"play_id":"dca90e4b-6592-45c9-b02a-2b0006df5b48","local_time":"20210108015550","is_ascension_mode":true,"campfire_choices":[{"data":"Bite","floor":1.0,"key":"SMITH"},{"data":"dioMod:GoldVial","floor":11,"key":"SMITH"},{"data":"dioMod:MudaMudaMuda","floor":18,"key":"SMITH"},{"floor":28,"key":"RECALL"},{"data":"dioMod:Muda","floor":30,"key":"SMITH"},{"data":"dioMod:Muda","floor":35,"key":"SMITH"},{"data":"dioMod:MudaMudaMuda","floor":47,"key":"SMITH"},{"data":"dioMod:Regeneration","floor":54,"key":"SMITH"}],"circlet_count":0,"master_deck":["dioMod:Strike","dioMod:Strike","dioMod:Strike","dioMod:Strike","Bite+1","dioMod:Defend+1","dioMod:Defend","dioMod:Defend+1","dioMod:Defend","expansioncontent:GuardianWhirl","dioMod:MudaMudaMuda+1","dioMod:StreetSign","Slimebound:Icky","dioMod:ComposedMuda","dioMod:Muda+1","dioMod:GoldVial+1","dioMod:DoubleTime","dioMod:Muda","dioMod:MudaMudaMuda+1","dioMod:BloodShield","dioMod:BloodSuck","dioMod:DaggerToss","expansioncontent:DefensiveMode","dioMod:GoodbyeJojo","dioMod:BloodSuck","dioMod:KonoDioDa","dioMod:BlendIn","dioMod:BloodShield","dioMod:Muda+1","dioMod:ComboFever","dioMod:SevenPageMuda","dioMod:BloodTransfusion","dioMod:SecretPlan","dioMod:Muda+1","dioMod:HeavyLifting+1","dioMod:Pluck","dioMod:MudaMudaMuda+1","dioMod:Hiss+1","dioMod:ComboFever","dioMod:BloodTransfusion","dioMod:CoffinBath+1","dioMod:DoubleTime","dioMod:VengefulMuda+1","dioMod:Regeneration+1"],"relics":["dioMod:VampireBlood","War Paint","Anchor","Pantograph","downfall:HeartBlessingGreen","Unceasing Top","Mango","expansioncontent:StudyCardRelic","Centennial Puzzle","HornCleat","Vajra","Chemical X","Du-Vu Doll","Philosopher\u0027s Stone","downfall:HeartBlessingRed","Potion Belt","Bird Faced Urn","Singing Bowl","downfall:HeartBlessingBlue","Happy Flower","Toy Ornithopter"],"acts_visited":["Exordium","TheCity","TheBeyond","TheEnding"],"potions_floor_usage":[12,21,55,55,55,55,55],"damage_taken":[{"damage":0.0,"enemies":"2 Louse","floor":2.0,"turns":2.0},{"damage":11.0,"enemies":"Jaw Worm","floor":3.0,"turns":3.0},{"damage":28.0,"enemies":"Gremlin Nob","floor":6.0,"turns":5.0},{"damage":0.0,"enemies":"Small Slimes","floor":8.0,"turns":2.0},{"damage":6,"enemies":"Gremlin Gang","floor":10,"turns":2},{"damage":42,"enemies":"Lagavulin","floor":12,"turns":9},{"damage":10,"enemies":"downfall:FleeingMerchant","floor":13,"turns":4},{"damage":1,"enemies":"Gremlin Nob","floor":14,"turns":2},{"damage":12,"enemies":"Blue Slaver","floor":15,"turns":3},{"damage":12,"enemies":"downfall:Watcher","floor":16,"turns":5},{"damage":10,"enemies":"Shell Parasite","floor":19,"turns":4},{"damage":0,"enemies":"Chosen","floor":20,"turns":3},{"damage":0,"enemies":"downfall:FleeingMerchant","floor":21,"turns":4},{"damage":17,"enemies":"Snake Plant","floor":23,"turns":4},{"damage":1,"enemies":"downfall:FleeingMerchant","floor":25,"turns":4},{"damage":2,"enemies":"Cultist and Chosen","floor":26,"turns":4},{"damage":8,"enemies":"Slavers","floor":27,"turns":3},{"damage":0,"enemies":"Sentry and Sphere","floor":29,"turns":3},{"damage":2,"enemies":"Centurion and Healer","floor":32,"turns":2},{"damage":15,"enemies":"downfall:Ironclad","floor":33,"turns":5},{"damage":10,"enemies":"3 Shapes","floor":36,"turns":8},{"damage":11,"enemies":"3 Darklings","floor":37,"turns":2},{"damage":14,"enemies":"Spire Growth","floor":39,"turns":4},{"damage":30,"enemies":"beaked:SuperParasite","floor":42,"turns":5},{"damage":2,"enemies":"2 Orb Walkers","floor":43,"turns":3},{"damage":1,"enemies":"Reptomancer","floor":45,"turns":3},{"damage":30,"enemies":"4 Shapes","floor":46,"turns":8},{"damage":12,"enemies":"Jaw Worm Horde","floor":48,"turns":2},{"damage":2,"enemies":"Maw","floor":49,"turns":6},{"damage":3,"enemies":"downfall:Defect","floor":50,"turns":3},{"damage":23,"enemies":"downfall:CharBossMerchant","floor":52,"turns":6},{"damage":317,"enemies":"downfall:NeowBoss","floor":55,"turns":33}],"seed_played":"1142902766915705510","potions_obtained":[{"floor":10,"key":"sneckomod:MuddlingPotion"},{"floor":14,"key":"AttackPotion"},{"floor":15,"key":"Strength Potion"},{"floor":16,"key":"BlessingOfTheForge"},{"floor":23,"key":"Energy Potion"},{"floor":45,"key":"Block Potion"},{"floor":48,"key":"GamblersBrew"},{"floor":49,"key":"dioMod:HumanBlood"}],"is_trial":false,"path_per_floor":["R","M","M","?","?","E","T","M","?","M","R","E","$","E","M","B",null,"R","M","M","$","?","M","T","$","M","E","R","M","R","?","M","B",null,"R","M","M","?","M","$","T","E","?","?","E","M","R","M","M","B",null,"E","$","R","B"],"character_chosen":"THE_DEFAULT","items_purchased":["dioMod:MudaMudaMuda","dioMod:BloodShield","dioMod:BloodSuck","dioMod:DaggerToss","expansioncontent:DefensiveMode","dioMod:Minions","Centennial Puzzle","dioMod:BloodTransfusion","Vajra","Chemical X","dioMod:SecretPlan","dioMod:MudaMudaMuda","dioMod:Regeneration","Toy Ornithopter"],"campfire_rested":0,"item_purchase_floors":[13,13,13,13,13,21,21,25,25,25,25,40,53,53],"current_hp_per_floor":[75,75,70,70,70,51,51,60,60,66,66,39,50,66,80,89,89,89,88,89,89,89,81,81,89,89,89,89,89,89,89,89,89,89,89,89,89,99,99,99,99,84,88,88,99,99,109,109,111,111,111,111,111,111,0,0],"gold":57,"neow_bonus":"RANDOM_COLORLESS","is_daily":false,"chose_seed":false,"campfire_upgraded":7,"win_rate":0.0,"timestamp":1610067350,"path_taken":["R","M","M","?","?","E","T","M","?","M","R","E","$","E","M","BOSS","R","M","?","$","?","M","T","$","M","E","R","M","R","?","M","BOSS","R","M","?","?","?","$","T","E","?","?","E","M","R","M","M","BOSS","E","$","R","BOSS"],"items_purchased_type":["Card","Card","Card","Card","Card","Card","Relic","Card","Relic","Relic","Card","Card","Card","Relic"],"build_version":"2020-12-22","purchased_purges":0,"victory":false,"max_hp_per_floor":[75,75,75,75,75,75,75,75,75,75,75,75,75,89,89,89,89,89,89,89,89,89,89,89,89,89,89,89,89,89,89,89,89,89,89,89,89,99,99,99,99,99,99,99,99,99,109,109,111,111,111,111,111,111,111,111],"card_choices":[{"not_picked":["expansioncontent:BronzeBeam","expansioncontent:SlimeTackle"],"picked":"expansioncontent:GuardianWhirl","floor":0.0},{"not_picked":["dioMod:StreetSign","dioMod:HeavyLifting"],"picked":"dioMod:MudaMudaMuda","floor":2.0},{"not_picked":["dioMod:FlyAway","dioMod:DaggerSpree"],"picked":"dioMod:StreetSign","floor":3.0},{"not_picked":["dioMod:Diversion","dioMod:TripleThreat"],"picked":"dioMod:ComposedMuda","floor":6.0},{"not_picked":["dioMod:Hiss","dioMod:ComposedMuda"],"picked":"dioMod:Muda","floor":8.0},{"not_picked":["dioMod:HeavyLifting","dioMod:ComposedMuda"],"picked":"dioMod:GoldVial","floor":10},{"not_picked":["dioMod:FlyAway","dioMod:StreetSign"],"picked":"dioMod:DoubleTime","floor":12},{"not_picked":["dioMod:SlashThroughTime","dioMod:BloodShield"],"picked":"dioMod:Muda","floor":13},{"not_picked":["dioMod:Donut","dioMod:Diversion"],"picked":"dioMod:GoodbyeJojo","floor":14},{"not_picked":["dioMod:StreetSign","dioMod:Hiss"],"picked":"dioMod:BloodSuck","floor":15},{"not_picked":["dioMod:UltimateSacrifice","dioMod:PathToHeaven"],"picked":"dioMod:KonoDioDa","floor":16},{"not_picked":["dioMod:DominatingPresence","dioMod:GoodbyeJojo"],"picked":"dioMod:BlendIn","floor":19},{"not_picked":["dioMod:BloodSplash","dioMod:DaggerSpree"],"picked":"dioMod:BloodShield","floor":20},{"not_picked":["dioMod:BloodShield+1","dioMod:ComposedMuda"],"picked":"dioMod:Muda","floor":21},{"not_picked":["dioMod:LaserVision","dioMod:CutDeep"],"picked":"dioMod:ComboFever","floor":23},{"not_picked":["dioMod:DarkRebirth","dioMod:BloodSuck"],"picked":"dioMod:SevenPageMuda","floor":25},{"not_picked":["dioMod:HeavyLifting","dioMod:Diversion"],"picked":"dioMod:Muda","floor":26},{"not_picked":["dioMod:CutDeep","dioMod:WRYYY"],"picked":"dioMod:UltimateSacrifice","floor":27},{"not_picked":["dioMod:Hiss+1","dioMod:SecretPlan"],"picked":"dioMod:HeavyLifting+1","floor":29},{"not_picked":["dioMod:HeavyLifting","dioMod:SecretPlan","dioMod:SlashThroughTime+1"],"picked":"SKIP","floor":32},{"not_picked":["dioMod:SevenPageMuda","dioMod:ZaWarudo"],"picked":"dioMod:Pluck","floor":33},{"not_picked":["dioMod:Diversion","dioMod:SlashThroughTime","dioMod:DaggerSpree+1"],"picked":"SKIP","floor":36},{"not_picked":["dioMod:VengefulMuda","dioMod:BloodSplash","dioMod:ComposedMuda"],"picked":"SKIP","floor":37},{"not_picked":["dioMod:ComposedMuda","dioMod:CautiousMuda","dioMod:Roundabout+1"],"picked":"SKIP","floor":39},{"not_picked":["dioMod:GoodbyeJojo","dioMod:Minions"],"picked":"dioMod:Hiss+1","floor":42},{"not_picked":["dioMod:SlashThroughTime+1","dioMod:TripleThreat+1"],"picked":"dioMod:ComboFever","floor":43},{"not_picked":["dioMod:SlashThroughTime+1","dioMod:UltimateSacrifice"],"picked":"dioMod:BloodTransfusion","floor":45},{"not_picked":["dioMod:TripleThreat","dioMod:GoodbyeJojo"],"picked":"dioMod:CoffinBath+1","floor":46},{"not_picked":["dioMod:BloodSplash+1","dioMod:StreetSign+1"],"picked":"dioMod:DoubleTime","floor":48},{"not_picked":["dioMod:Hiss","dioMod:CautiousMuda+1","dioMod:GoodbyeJojo"],"picked":"Singing Bowl","floor":49},{"not_picked":["dioMod:FlyAway","dioMod:DominatingPresence+1"],"picked":"dioMod:VengefulMuda+1","floor":52}],"player_experience":860904,"relics_obtained":[{"floor":6.0,"key":"Anchor"},{"floor":7.0,"key":"Pantograph"},{"floor":12,"key":"Unceasing Top"},{"floor":14,"key":"Mango"},{"floor":24,"key":"HornCleat"},{"floor":27,"key":"Du-Vu Doll"},{"floor":42,"key":"Potion Belt"},{"floor":43,"key":"Bird Faced Urn"},{"floor":45,"key":"Singing Bowl"},{"floor":52,"key":"Happy Flower"}],"event_choices":[{"damage_healed":0.0,"max_hp_gain":0.0,"max_hp_loss":0.0,"gold_gain":0.0,"event_name":"Upgrade Shrine","player_choice":"Upgraded","floor":9.0,"gold_loss":0.0,"damage_taken":0.0,"cards_upgraded":["dioMod:MudaMudaMuda"]},{"damage_healed":0,"gold_gain":0,"player_choice":"Upgraded","damage_taken":0,"max_hp_gain":0,"max_hp_loss":0,"event_name":"Upgrade Shrine","floor":31,"gold_loss":0,"cards_upgraded":["dioMod:Muda"]},{"cards_removed":["dioMod:UltimateSacrifice"],"damage_healed":0,"gold_gain":0,"player_choice":"Offered Rare","damage_taken":0,"max_hp_gain":10,"max_hp_loss":0,"event_name":"Bonfire Elementals","floor":38,"gold_loss":0},{"damage_healed":0,"gold_gain":0,"player_choice":"Fight","damage_taken":0,"max_hp_gain":0,"max_hp_loss":0,"event_name":"Mysterious Sphere","floor":43,"gold_loss":0},{"cards_removed":["dioMod:Minions"],"damage_healed":0,"gold_gain":0,"player_choice":"Removed Power","damage_taken":0,"max_hp_gain":0,"max_hp_loss":0,"event_name":"Falling","floor":44,"gold_loss":0}],"is_beta":false,"boss_relics":[{"not_picked":["Coffee Dripper","Runic Pyramid"],"picked":"expansioncontent:StudyCardRelic"},{"not_picked":["Velvet Choker","SacredBark"],"picked":"Philosopher\u0027s Stone"}],"items_purged_floors":[],"is_endless":false,"potions_floor_spawned":[10,14,15,16,19,23,26,32,36,45,48,49,52],"killed_by":"downfall:NeowBoss","ascension_level":1}}