{"host":"hfxp6ue4pvwo3fit","time":1610109691,"event":{"mods":["AchievementEnabler","BaseMod","Colored Map","Colored Powertips","Highlight Path","Minty Spire (QoL Compilation)","Relic Stats","StSLib","SuperFastMode"],"gold_per_floor":[115,115,115,126,126,126,167,167,167,210,226,265,19,39,39,134,134,134,134,134,134,13,13,13,13,13,13,13,13,13,13,13,13,13,13,13,13,13,13,13,13,13,13,13,13,13,13,13,13,13,13],"floor_reached":52,"playtime":2050,"items_purged":[],"score":1972,"play_id":"1e532f69-7411-4e4b-86ed-4d6c0c9f7c62","local_time":"20210108064131","is_ascension_mode":true,"campfire_choices":[{"data":"Flying Knee","floor":6,"key":"SMITH"},{"data":"All Out Attack","floor":8,"key":"SMITH"},{"floor":15,"key":"REST"},{"floor":24,"key":"REST"},{"floor":27,"key":"REST"},{"data":"Cloak And Dagger","floor":32,"key":"SMITH"},{"data":"Cloak And Dagger","floor":40,"key":"SMITH"},{"data":"Tools of the Trade","floor":42,"key":"SMITH"},{"floor":47,"key":"REST"},{"floor":49,"key":"REST"}],"circlet_count":0,"master_deck":["AscendersBane","Strike_G+1","Strike_G+1","Strike_G+1","Strike_G+1","Strike_G+1","Defend_G+1","Defend_G+1","Defend_G+1","Defend_G+1","Defend_G+1","Survivor+1","Neutralize+1","Flying Knee+1","All Out Attack+1","Infinite Blades","Backflip","Predator","Cloak And Dagger+1","HandOfGreed","Tools of the Trade+1","Quick Slash","Cloak And Dagger+1","Necronomicurse","Dash","Deflect","Acrobatics+1","Skewer+1","Calculated Gamble+1","Noxious Fumes"],"relics":["Ring of the Snake","NeowsBlessing","Golden Idol","Pen Nib","Kunai","Vajra","Dead Branch","Ectoplasm","Necronomicon","MutagenicStrength","Juzu Bracelet","War Paint","Boot","HoveringKite","Smiling Mask","Gambling Chip","Shovel"],"acts_visited":["Exordium","TheCity","TheBeyond"],"potions_floor_usage":[12,16,19,23,23,33,50,51],"damage_taken":[{"damage":0,"enemies":"Jaw Worm","floor":1,"turns":1},{"damage":0,"enemies":"Small Slimes","floor":4,"turns":1},{"damage":0,"enemies":"Lagavulin","floor":7,"turns":1},{"damage":24,"enemies":"Gremlin Nob","floor":10,"turns":4},{"damage":0,"enemies":"2 Louse","floor":11,"turns":1},{"damage":2,"enemies":"3 Sentries","floor":12,"turns":2},{"damage":1,"enemies":"Large Slime","floor":14,"turns":3},{"damage":23,"enemies":"Hexaghost","floor":16,"turns":7},{"damage":23,"enemies":"Shell Parasite","floor":18,"turns":5},{"damage":0,"enemies":"Chosen","floor":19,"turns":2},{"damage":4,"enemies":"Slavers","floor":23,"turns":4},{"damage":0,"enemies":"Gremlin Leader","floor":25,"turns":5},{"damage":13,"enemies":"Centurion and Healer","floor":31,"turns":4},{"damage":6,"enemies":"Collector","floor":33,"turns":7},{"damage":0,"enemies":"3 Shapes","floor":35,"turns":3},{"damage":4,"enemies":"3 Darklings","floor":36,"turns":5},{"damage":9,"enemies":"4 Shapes","floor":38,"turns":3},{"damage":0,"enemies":"Spire Growth","floor":41,"turns":3},{"damage":16,"enemies":"Giant Head","floor":44,"turns":6},{"damage":0,"enemies":"Mind Bloom Boss Battle","floor":45,"turns":3},{"damage":8,"enemies":"Maw","floor":46,"turns":5},{"damage":5,"enemies":"3 Darklings","floor":48,"turns":3},{"damage":34,"enemies":"Donu and Deca","floor":50,"turns":8},{"damage":5,"enemies":"Awakened One","floor":51,"turns":13}],"seed_played":"-4993795193859276983","potions_obtained":[{"floor":4,"key":"Energy Potion"},{"floor":10,"key":"SkillPotion"},{"floor":14,"key":"PowerPotion"},{"floor":18,"key":"SpeedPotion"},{"floor":31,"key":"AttackPotion"},{"floor":33,"key":"Fire Potion"},{"floor":35,"key":"CunningPotion"},{"floor":44,"key":"Strength Potion"},{"floor":48,"key":"CultistPotion"}],"is_trial":false,"path_per_floor":["M","?","?","M","?","R","E","R","T","E","M","E","$","M","R","B",null,"M","M","?","?","$","E","R","E","T","R","?","?","?","M","R","B",null,"M","M","?","M","?","R","M","R","T","E","?","M","R","M","R","B","B",null],"character_chosen":"THE_SILENT","items_purchased":["Cloak And Dagger","HandOfGreed","Dash","CunningPotion"],"campfire_rested":5,"item_purchase_floors":[13,13,22,22],"current_hp_per_floor":[59,39,44,44,44,44,44,44,44,20,20,18,18,17,36,13,51,28,28,7,7,7,3,22,22,22,41,41,41,41,28,28,22,54,54,50,50,41,41,41,41,41,41,25,25,17,35,30,48,14,9],"gold":13,"neow_bonus":"THREE_ENEMY_KILL","is_daily":false,"chose_seed":false,"campfire_upgraded":5,"win_rate":0.0,"timestamp":1610109691,"path_taken":["M","?","?","M","?","R","E","R","T","E","M","E","$","M","R","BOSS","M","M","?","?","$","E","R","E","T","R","?","?","?","M","R","BOSS","M","M","?","M","?","R","M","R","T","E","?","M","R","M","R","BOSS","BOSS"],"items_purchased_type":["Card","Card","Card","Potion"],"build_version":"2020-12-22","purchased_purges":0,"victory":true,"max_hp_per_floor":[66,66,71,71,64,64,64,64,64,64,64,64,64,64,64,64,64,64,64,64,64,64,64,64,64,64,64,64,64,64,64,64,64,64,64,64,64,64,61,61,61,61,61,61,61,61,61,61,61,61,61],"relic_stats":{"counters":[24,99],"Golden Idol":173,"Dead Branch":[154],"HoveringKite":[42],"Pen Nib":[40],"Juzu Bracelet":2,"War Paint":["Acrobatics","Survivor"],"Boot":[42],"Smiling Mask":0,"Shovel":0,"Gambling Chip":[19],"Ectoplasm":567,"Necronomicon":[49],"Kunai":[113],"obtain_stats":[{"NeowsBlessing":0,"Golden Idol":5,"Dead Branch":12,"Vajra":10,"HoveringKite":34,"Pen Nib":7,"Juzu Bracelet":23,"War Paint":25,"Boot":26,"Smiling Mask":43,"Shovel":45,"MutagenicStrength":21,"Gambling Chip":44,"Ectoplasm":17,"Necronomicon":20,"Kunai":9,"Ring of the Snake":0},{"NeowsBlessing":0,"Golden Idol":2,"Dead Branch":6,"Vajra":4,"HoveringKite":14,"Pen Nib":3,"Juzu Bracelet":11,"War Paint":12,"Boot":12,"Smiling Mask":18,"Shovel":20,"MutagenicStrength":10,"Gambling Chip":19,"Ectoplasm":8,"Necronomicon":10,"Kunai":3,"Ring of the Snake":0},{"NeowsBlessing":0,"Golden Idol":2,"Dead Branch":10,"Vajra":7,"HoveringKite":47,"Pen Nib":3,"Juzu Bracelet":31,"War Paint":36,"Boot":36,"Smiling Mask":61,"Shovel":70,"MutagenicStrength":27,"Gambling Chip":67,"Ectoplasm":20,"Necronomicon":27,"Kunai":3,"Ring of the Snake":0}],"Ring of the Snake":[48]},"card_choices":[{"not_picked":["Prepared","Acrobatics","Outmaneuver"],"picked":"SKIP","floor":1},{"not_picked":["Blade Dance","Blur"],"picked":"Flying Knee","floor":4},{"not_picked":["Accuracy","Finisher"],"picked":"All Out Attack","floor":7},{"not_picked":["Backstab","Burst"],"picked":"Infinite Blades","floor":10},{"not_picked":["Footwork","Poisoned Stab"],"picked":"Backflip","floor":11},{"not_picked":["Underhanded Strike","Deflect"],"picked":"Predator","floor":12},{"not_picked":["Underhanded Strike","Accuracy","Eviscerate"],"picked":"SKIP","floor":14},{"not_picked":["Bullet Time","A Thousand Cuts"],"picked":"Tools of the Trade","floor":16},{"not_picked":["Deadly Poison","Prepared"],"picked":"Quick Slash","floor":18},{"not_picked":["Skewer","Sucker Punch"],"picked":"Cloak And Dagger","floor":19},{"not_picked":["Dodge and Roll","Caltrops"],"picked":"Deflect","floor":23},{"not_picked":["Sucker Punch","Backflip"],"picked":"Acrobatics","floor":25},{"not_picked":["Underhanded Strike+1","Prepared","Cloak And Dagger"],"picked":"SKIP","floor":31},{"not_picked":["Terror","Underhanded Strike"],"picked":"Skewer+1","floor":35},{"not_picked":["Finisher","Sucker Punch","Catalyst"],"picked":"SKIP","floor":36},{"not_picked":["Quick Slash","Dagger Throw","Poisoned Stab"],"picked":"SKIP","floor":38},{"not_picked":["Dagger Spray+1","Tactician","Slice+1"],"picked":"SKIP","floor":41},{"not_picked":["Catalyst","Riddle With Holes+1"],"picked":"Calculated Gamble+1","floor":44},{"not_picked":["Reflex","Choke"],"picked":"Noxious Fumes","floor":46},{"not_picked":["Tools of the Trade","Prepared","Dagger Spray+1"],"picked":"SKIP","floor":48}],"player_experience":487304,"relics_obtained":[{"floor":7,"key":"Pen Nib"},{"floor":9,"key":"Kunai"},{"floor":10,"key":"Vajra"},{"floor":12,"key":"Dead Branch"},{"floor":20,"key":"Necronomicon"},{"floor":23,"key":"Juzu Bracelet"},{"floor":25,"key":"War Paint"},{"floor":26,"key":"Boot"},{"floor":43,"key":"Smiling Mask"},{"floor":44,"key":"Gambling Chip"},{"floor":45,"key":"Shovel"}],"event_choices":[{"damage_healed":0,"gold_gain":0,"player_choice":"Entered Light","damage_taken":20,"max_hp_gain":0,"max_hp_loss":0,"event_name":"Shining Light","floor":2,"gold_loss":0,"cards_upgraded":["Strike_G","Neutralize"]},{"damage_healed":0,"gold_gain":0,"player_choice":"Donut","damage_taken":0,"max_hp_gain":5,"max_hp_loss":0,"event_name":"Big Fish","floor":3,"gold_loss":0},{"damage_healed":0,"gold_gain":0,"player_choice":"Lose Max HP","damage_taken":0,"relics_obtained":["Golden Idol"],"max_hp_gain":0,"max_hp_loss":7,"event_name":"Golden Idol","floor":5,"gold_loss":0},{"damage_healed":0,"gold_gain":0,"player_choice":"Obtained Book","damage_taken":21,"max_hp_gain":0,"max_hp_loss":0,"event_name":"Cursed Tome","floor":20,"gold_loss":0},{"damage_healed":0,"gold_gain":0,"player_choice":"Inject Mutagens","damage_taken":0,"relics_obtained":["MutagenicStrength"],"max_hp_gain":0,"max_hp_loss":0,"event_name":"Drug Dealer","floor":21,"gold_loss":0},{"damage_healed":0,"gold_gain":0,"player_choice":"Ignored","damage_taken":0,"max_hp_gain":0,"max_hp_loss":0,"event_name":"The Mausoleum","floor":29,"gold_loss":0},{"damage_healed":0,"gold_gain":0,"player_choice":"Simplicity","damage_taken":0,"max_hp_gain":0,"max_hp_loss":0,"event_name":"Back to Basics","floor":30,"gold_loss":0,"cards_upgraded":["Strike_G","Strike_G","Strike_G","Strike_G","Defend_G","Defend_G","Defend_G","Defend_G","Defend_G"]},{"damage_healed":0,"gold_gain":0,"player_choice":"Ignored","damage_taken":0,"max_hp_gain":0,"max_hp_loss":0,"event_name":"SecretPortal","floor":37,"gold_loss":0},{"damage_healed":0,"gold_gain":0,"player_choice":"Max HP","damage_taken":0,"max_hp_gain":0,"max_hp_loss":3,"event_name":"Winding Halls","floor":39,"gold_loss":0},{"damage_healed":0,"gold_gain":0,"player_choice":"Fight","damage_taken":0,"max_hp_gain":0,"max_hp_loss":0,"event_name":"MindBloom","floor":45,"gold_loss":0}],"is_beta":false,"boss_relics":[{"not_picked":["Ring of the Serpent","Velvet Choker"],"picked":"Ectoplasm"},{"not_picked":["Snecko Eye","Runic Dome"],"picked":"HoveringKite"}],"items_purged_floors":[],"is_endless":false,"potions_floor_spawned":[4,10,14,18,31,33,35,44,46,48],"ascension_level":20}}