{"host":"z9811rt50ti81n54","time":1610087269,"event":{"mods":["BaseMod","Minty Spire (QoL Compilation)","Random Character Button","SuperFastMode"],"gold_per_floor":[109,123,55,55,68,68,80,80,156,186,186,136,211,225,225,321,321,338,16,16,16,16,16,16,27,53,63,63,63,63,81,81,182,182,196,196,196,196],"floor_reached":39,"playtime":989,"items_purged":["Strike_P"],"score":650,"play_id":"39578644-e3fe-4f12-a58f-b072b95669d2","local_time":"20210108152749","is_ascension_mode":false,"campfire_choices":[{"data":"Eruption","floor":6.0,"key":"SMITH"},{"data":"TalkToTheHand","floor":8.0,"key":"SMITH"},{"data":"TalkToTheHand","floor":11.0,"key":"SMITH"},{"data":"BowlingBash","floor":15.0,"key":"SMITH"},{"floor":23,"key":"REST"},{"floor":28,"key":"REST"},{"floor":30,"key":"RECALL"},{"floor":32,"key":"REST"}],"circlet_count":0,"master_deck":["Defend_P+1","Defend_P+1","Eruption+1","Vigilance","BowlingBash+1","FollowUp+1","TalkToTheHand+1","TalkToTheHand+1","WaveOfTheHand+1","ForeignInfluence+1","Omniscience+1","TalkToTheHand","LessonLearned+1","TalkToTheHand","Protect+1","SpiritShield+1","Alpha+1","PathToVictory+1","Crescendo+1","ClearTheMind+1"],"relics":["PureWater","Pocketwatch","Toxic Egg 2","Centennial Puzzle","Fusion Hammer","Matryoshka","Happy Flower","Tiny Chest","Astrolabe"],"acts_visited":["Exordium","TheCity","TheBeyond"],"potions_floor_usage":[33,38,38],"damage_taken":[{"damage":0.0,"enemies":"Cultist","floor":1.0,"turns":2.0},{"damage":0.0,"enemies":"2 Louse","floor":2.0,"turns":2.0},{"damage":6.0,"enemies":"Jaw Worm","floor":5.0,"turns":3.0},{"damage":0.0,"enemies":"Large Slime","floor":7.0,"turns":2.0},{"damage":0.0,"enemies":"Gremlin Nob","floor":10.0,"turns":3.0},{"damage":1.0,"enemies":"Looter","floor":14.0,"turns":3.0},{"damage":4.0,"enemies":"Hexaghost","floor":16.0,"turns":9.0},{"damage":0,"enemies":"Shell Parasite","floor":18,"turns":2},{"damage":2,"enemies":"2 Thieves","floor":25,"turns":3},{"damage":7,"enemies":"Snake Plant","floor":27,"turns":2},{"damage":0,"enemies":"Snecko","floor":31,"turns":4},{"damage":12,"enemies":"Champ","floor":33,"turns":13},{"damage":0,"enemies":"3 Darklings","floor":35,"turns":3},{"damage":31,"enemies":"Awakened One","floor":38,"turns":9}],"seed_played":"-6101962015182747133","potions_obtained":[{"floor":2.0,"key":"EssenceOfSteel"},{"floor":7.0,"key":"AttackPotion"},{"floor":25,"key":"LiquidBronze"},{"floor":27,"key":"PowerPotion"},{"floor":33,"key":"CultistPotion"}],"is_trial":false,"path_per_floor":["M","M","$","?","M","R","M","R","T","E","R","?","?","M","R","B",null,"M","$","?","?","$","R","?","M","T","M","R","$","R","M","R","B",null,"M","?","?","B",null],"character_chosen":"WATCHER","items_purchased":["TalkToTheHand","Matryoshka"],"campfire_rested":3,"item_purchase_floors":[3,19],"current_hp_per_floor":[65,65,65,52,46,46,46,46,46,46,46,46,35,34,34,30,65,65,65,65,54,54,70,70,68,68,61,70,70,70,70,70,58,70,70,70,70,39],"gold":196,"neow_bonus":"ONE_RARE_RELIC","is_daily":false,"chose_seed":false,"campfire_upgraded":4,"win_rate":0.0,"timestamp":1610087269,"path_taken":["M","?","$","?","M","R","M","R","T","E","R","?","?","M","R","BOSS","M","$","?","?","$","R","?","?","T","M","R","?","R","M","R","BOSS","M","?","?","BOSS"],"items_purchased_type":["Card","Relic"],"build_version":"2020-12-22","purchased_purges":1,"victory":true,"max_hp_per_floor":[65,65,65,65,65,65,65,65,65,65,65,65,65,65,65,65,65,65,65,65,70,70,70,70,70,70,70,70,70,70,70,70,70,70,70,70,70,70],"card_choices":[{"not_picked":["FollowUp","EmptyBody"],"picked":"BowlingBash","floor":1.0},{"not_picked":["BattleHymn","SashWhip"],"picked":"FollowUp","floor":2.0},{"not_picked":["Consecrate","Prostrate","EmptyBody"],"picked":"SKIP","floor":5.0},{"not_picked":["ThirdEye","CrushJoints"],"picked":"TalkToTheHand","floor":7.0},{"not_picked":["EmptyFist","Evaluate+1"],"picked":"WaveOfTheHand+1","floor":10.0},{"not_picked":["Consecrate","Worship+1"],"picked":"ForeignInfluence+1","floor":14.0},{"not_picked":["Ragnarok","LessonLearned"],"picked":"Omniscience+1","floor":16.0},{"not_picked":["PathToVictory+1","SashWhip"],"picked":"TalkToTheHand","floor":18},{"not_picked":["SashWhip","Nirvana+1","FlyingSleeves"],"picked":"SKIP","floor":25},{"not_picked":["Evaluate+1","DeceiveReality+1"],"picked":"Protect+1","floor":27},{"not_picked":["LikeWater","EmptyMind+1"],"picked":"SpiritShield+1","floor":31},{"not_picked":["Judgement+1","SpiritShield+1"],"picked":"Alpha+1","floor":33},{"not_picked":["Swivel+1","Prostrate+1","FlurryOfBlows"],"picked":"SKIP","floor":35}],"player_experience":319291,"relics_obtained":[{"floor":9.0,"key":"Toxic Egg 2"},{"floor":10.0,"key":"Centennial Puzzle"},{"floor":26,"key":"Happy Flower"},{"floor":26,"key":"Tiny Chest"}],"event_choices":[{"damage_healed":0.0,"max_hp_gain":0.0,"max_hp_loss":0.0,"gold_gain":0.0,"event_name":"Shining Light","player_choice":"Entered Light","floor":4.0,"gold_loss":0.0,"damage_taken":13.0,"cards_upgraded":["Defend_P","Strike_P"]},{"cards_removed":["Strike_P"],"damage_healed":0.0,"max_hp_gain":0.0,"max_hp_loss":0.0,"gold_gain":0.0,"event_name":"The Cleric","player_choice":"Card Removal","floor":12.0,"gold_loss":50.0,"damage_taken":0.0},{"damage_healed":0.0,"max_hp_gain":0.0,"max_hp_loss":0.0,"gold_gain":75.0,"event_name":"World of Goop","player_choice":"Gather Gold","floor":13.0,"gold_loss":0.0,"damage_taken":11.0},{"damage_healed":0,"gold_gain":0,"cards_transformed":["Defend_P","Strike_P"],"player_choice":"Became Test Subject","damage_taken":0,"max_hp_gain":0,"max_hp_loss":0,"event_name":"Drug Dealer","floor":20,"gold_loss":0,"cards_obtained":["FollowUp","LessonLearned"]},{"damage_healed":0,"gold_gain":0,"player_choice":"Shed Blood","damage_taken":16,"max_hp_gain":5,"max_hp_loss":0,"event_name":"Forgotten Altar","floor":21,"gold_loss":0},{"damage_healed":0,"gold_gain":0,"player_choice":"Read","damage_taken":0,"max_hp_gain":0,"max_hp_loss":0,"event_name":"The Library","floor":24,"gold_loss":0,"cards_obtained":["TalkToTheHand"]},{"damage_healed":0,"gold_gain":0,"player_choice":"Ignored","damage_taken":0,"max_hp_gain":0,"max_hp_loss":0,"event_name":"Tomb of Lord Red Mask","floor":36,"gold_loss":0},{"damage_healed":0,"gold_gain":0,"player_choice":"Took Portal","damage_taken":0,"max_hp_gain":0,"max_hp_loss":0,"event_name":"SecretPortal","floor":37,"gold_loss":0}],"is_beta":false,"boss_relics":[{"not_picked":["Tiny House","Busted Crown"],"picked":"Fusion Hammer"},{"not_picked":["Velvet Choker","VioletLotus"],"picked":"Astrolabe"}],"items_purged_floors":[19],"is_endless":false,"potions_floor_spawned":[2,7,25,27,31,33],"ascension_level":0}}