{"host":"40gggw0x72bpm5se","time":1610078675,"event":{"mods":["Act Like it!","Aspiration","BaseMod","Better Vampires","Colored Map","Conspire","Gensokyo","GungeonMod","Hallownest","Infinite Spire","Jedi Mod","Library of Ruina","Library of Ruina Extra","Lobotomy","LobotomyExtend","Minty Spire (QoL Compilation)","Quarter Circle Forward PUNCH!","Reimu（博丽灵梦）","Relic Stats","Remilia_Scarlet Moed（蕾米莉亚・斯卡雷特）3.3.5","Remilia（蕾米莉亚）","Replay The Spire","RumiaBox-露米娅的神秘盒子","Shop Mod","Spicy Shops","StSLib","UnlockEverythingMod","Waifu the Spire","WarShipGirlsR/战舰少女R mod","[IsaacMod]以撒尖塔","vexMod","【遗物卡牌】REMEMod"],"gold_per_floor":[118,118,118,9,223,256,256,281,355,355,1,1,16,45,45,144,144,144,144],"floor_reached":18,"playtime":902,"items_purged":["Pain"],"score":201,"play_id":"c10f844a-6e6e-4b98-beac-77ef0ea0882e","local_time":"20210108120435","daily_mods":["Heirloom","Flight","DeadlyEvents"],"is_ascension_mode":false,"campfire_choices":[{"data":"DependentForm:ReiMu","floor":7,"key":"SMITH"},{"data":"rmod:salvage","floor":10,"key":"SMITH"},{"data":"rmod:ridicule","floor":12,"key":"SMITH"}],"circlet_count":0,"master_deck":["rmod:strick","rmod:strick","rmod:strick","rmod:strick","rmod:defend","rmod:defend","rmod:defend+1","rmod:defend","rmod:basicallowance+1","rmod:maingunfire","EpicFetus","DependentForm:ReiMu+1","rmod:wife","rmod:salvage+1","rmod:fletcherpendant","rmod:stealaluminum+1","rmod:bulid","rmod:ridicule+1","rmod:goodsister","rmod:fletcher+1","rmod:aviationdawn","rmod:fletcherpendant","rmod:fletcher+1","rmod:ridicule"],"relics":["rmod:firstchargereward","REME_ComplimentaryCards","HushsDoor","GuppysTail","MoneyPower","Baka","Gensokyo:LunaticRedEyes","War Paint","REME_PuzzleBoxRelic","AnarchistCookbook","infinitespire:Bottled Soul","qcfpunch:Black_Training_Shirt","LetterFromLob","PageOfBlackSwan"],"acts_visited":["Gensokyo:Gensokyo","Gensokyo:Gensokyoer"],"potions_floor_usage":[8,8,8,13,16,16,16],"damage_taken":[{"damage":0,"enemies":"Gensokyo:3_Fairies","floor":1,"turns":4},{"damage":1,"enemies":"Gensokyo:Gryphon","floor":5,"turns":4},{"damage":21,"enemies":"Gensokyo:Cirno","floor":6,"turns":6},{"damage":8,"enemies":"Gensokyo:Aya","floor":8,"turns":5},{"damage":0,"enemies":"Gensokyo:Python","floor":13,"turns":1},{"damage":0,"enemies":"Gensokyo:Cirno","floor":14,"turns":5},{"damage":18,"enemies":"Gensokyo:Reimu","floor":16,"turns":8},{"damage":21,"enemies":"Gensokyo:AngelMirror","floor":18,"turns":2}],"seed_played":"-3500244942491006541","potions_obtained":[{"floor":6,"key":"GrandPatriotsElixir:ReiMu"},{"floor":13,"key":"Weak Potion"},{"floor":14,"key":"Swift Potion"}],"is_trial":true,"path_per_floor":["M","?","?","$","M","E","R","E","T","R","$","R","M","E","R_BF","B",null,"M"],"character_chosen":"PRAEFECT","items_purchased":["rmod:salvage","infinitespire:Bottled Soul","rmod:goodsister"],"campfire_rested":0,"item_purchase_floors":[4,11,11],"current_hp_per_floor":[75,75,68,68,67,46,46,38,38,38,38,38,43,43,65,62,75,54,54],"gold":144,"neow_bonus":"","is_daily":false,"chose_seed":false,"campfire_upgraded":3,"win_rate":0.0,"timestamp":1610078675,"path_taken":["M","?","?","?","M","E","R","E","T","R","$","R","?","E","R_BF","BOSS","M"],"items_purchased_type":["Card","Relic","Card"],"build_version":"2020-12-22","purchased_purges":1,"victory":false,"max_hp_per_floor":[75,75,75,75,75,75,75,75,75,75,75,75,75,75,75,75,75,75,75],"relic_stats":{"counters":[8,35],"War Paint":["rmod:basicallowance","rmod:defend"],"obtain_stats":[{"KeepersGift":0,"AnarchistCookbook":9,"GuppysTail":0,"qcfpunch:Black_Training_Shirt":14,"DemoMod:GlassGuonStoneRelic":14,"MoneyPower":0,"Baka":1,"War Paint":6,"Gensokyo:LunaticRedEyes":2,"PageOfBlackSwan":17,"infinitespire:Bottled Soul":11,"rmod:firstchargereward":0,"LetterFromLob":16,"REME_PuzzleBoxRelic":8,"HushsDoor":0,"REME_ComplimentaryCards":0},{"KeepersGift":0,"AnarchistCookbook":4,"GuppysTail":0,"qcfpunch:Black_Training_Shirt":6,"DemoMod:GlassGuonStoneRelic":6,"MoneyPower":0,"Baka":1,"War Paint":3,"Gensokyo:LunaticRedEyes":1,"PageOfBlackSwan":7,"infinitespire:Bottled Soul":4,"rmod:firstchargereward":0,"LetterFromLob":7,"REME_PuzzleBoxRelic":4,"HushsDoor":0,"REME_ComplimentaryCards":0},{"KeepersGift":0,"AnarchistCookbook":19,"GuppysTail":0,"qcfpunch:Black_Training_Shirt":25,"DemoMod:GlassGuonStoneRelic":25,"MoneyPower":0,"Baka":4,"War Paint":14,"Gensokyo:LunaticRedEyes":4,"PageOfBlackSwan":33,"infinitespire:Bottled Soul":19,"rmod:firstchargereward":0,"LetterFromLob":33,"REME_PuzzleBoxRelic":19,"HushsDoor":0,"REME_ComplimentaryCards":0}]},"card_choices":[{"not_picked":[],"picked":"EpicFetus","floor":0},{"not_picked":["rmod:fuelsupply","rmod:rockthrower"],"picked":"rmod:wife","floor":1},{"not_picked":["rmod:ammunitionsupply","rmod:steelsupply"],"picked":"rmod:stealaluminum","floor":5},{"not_picked":["rmod:highspeedmaneuver","rmod:steelsupply"],"picked":"rmod:bulid","floor":6},{"not_picked":["rmod:generalist","rmod:openingtorpedo"],"picked":"rmod:ridicule","floor":8},{"not_picked":["rmod:supportescort","rmod:spoils"],"picked":"rmod:aviationdawn","floor":13},{"not_picked":["rmod:victimresponsibility","rmod:steelsupply"],"picked":"rmod:fletcherpendant","floor":14},{"not_picked":["rmod:desperatesituation","rmod:acesubmarine"],"picked":"rmod:ridicule","floor":16}],"player_experience":63972,"relics_obtained":[{"floor":1,"key":"Baka"},{"floor":6,"key":"War Paint"},{"floor":8,"key":"REME_PuzzleBoxRelic"},{"floor":9,"key":"AnarchistCookbook"},{"floor":14,"key":"qcfpunch:Black_Training_Shirt"},{"floor":16,"key":"LetterFromLob"}],"event_choices":[],"is_beta":false,"boss_relics":[{"not_picked":["REME_DuelDisc","aspiration:WatcherSkillbook"],"picked":"PageOfBlackSwan"},{"not_picked":[]}],"items_purged_floors":[4],"is_endless":false,"potions_floor_spawned":[6,13,14],"killed_by":"Gensokyo:AngelMirror","ascension_level":0}}