{"host":"7tvb1em0d2fx72q7","time":1610089213,"event":{"mods":["BaseMod","Challenge The Spire","Minty Spire (QoL Compilation)","StSLib","everything is the same but u backflip on backflip"],"gold_per_floor":[110,126,136,154,166,166,201,201,201,226,238,238,266,286,286,286,286],"floor_reached":16,"playtime":1009,"items_purged":[],"score":248,"play_id":"16620fe0-02fd-4605-9ebf-cb9e1be5fbf1","local_time":"20210108020013","is_ascension_mode":true,"campfire_choices":[{"floor":6.0,"key":"REST"},{"floor":8.0,"key":"REST"},{"floor":12.0,"key":"REST"},{"floor":15,"key":"REST"}],"circlet_count":0,"master_deck":["AscendersBane","Strike_G","Strike_G","Strike_G","Strike_G","Strike_G","Defend_G","Defend_G","Defend_G","Defend_G","Defend_G","Survivor","Neutralize","Dagger Throw","Flying Knee","Predator","Backflip","Calculated Gamble","Deadly Poison","Caltrops","PiercingWail","PiercingWail","Bane","Heel Hook","Poisoned Stab","Noxious Fumes","Footwork"],"relics":["Ring of the Snake","Dream Catcher","Gremlin Horn","Blue Candle","Darkstone Periapt"],"acts_visited":["Exordium"],"potions_floor_usage":[],"damage_taken":[{"damage":15.0,"enemies":"Cultist","floor":1.0,"turns":6.0},{"damage":1.0,"enemies":"Small Slimes","floor":2.0,"turns":4.0},{"damage":2.0,"enemies":"Jaw Worm","floor":3.0,"turns":4.0},{"damage":12.0,"enemies":"Exordium Thugs","floor":4.0,"turns":4.0},{"damage":6.0,"enemies":"Blue Slaver","floor":5.0,"turns":5.0},{"damage":29.0,"enemies":"3 Sentries","floor":7.0,"turns":10.0},{"damage":9.0,"enemies":"Gremlin Nob","floor":10.0,"turns":3.0},{"damage":0.0,"enemies":"3 Louse","floor":11.0,"turns":3.0},{"damage":37.0,"enemies":"Lagavulin","floor":13.0,"turns":6.0},{"damage":0.0,"enemies":"2 Fungi Beasts","floor":14.0,"turns":2.0},{"damage":25,"enemies":"The Guardian","floor":16,"turns":9}],"seed_played":"166862708705470518","potions_obtained":[{"floor":3.0,"key":"Weak Potion"},{"floor":7.0,"key":"DistilledChaos"},{"floor":11.0,"key":"Poison Potion"},{"floor":13.0,"key":"AttackPotion"},{"floor":14,"key":"FearPotion"}],"is_trial":false,"path_per_floor":["M","M","M","M","M","R","E","R","T","E","M","R","E","M","R","B"],"character_chosen":"THE_SILENT","items_purchased":[],"campfire_rested":4,"item_purchase_floors":[],"current_hp_per_floor":[44,43,41,29,23,42,13,32,32,23,23,42,5,5,24,0,0],"gold":286,"neow_bonus":"RANDOM_COMMON_RELIC","is_daily":false,"chose_seed":false,"campfire_upgraded":0,"win_rate":0.0,"timestamp":1610089213,"path_taken":["M","M","M","?","M","R","E","R","T","E","M","R","E","M","R","BOSS"],"items_purchased_type":[],"build_version":"2020-12-22","purchased_purges":0,"victory":false,"max_hp_per_floor":[66,66,66,66,66,66,66,66,66,66,66,66,66,66,66,66,66],"card_choices":[{"not_picked":["Slice","Underhanded Strike"],"picked":"Dagger Throw","floor":1.0},{"not_picked":["Concentrate","Setup"],"picked":"Flying Knee","floor":2.0},{"not_picked":["Dagger Spray","Flying Knee"],"picked":"Predator","floor":3.0},{"not_picked":["Slice","Flechettes"],"picked":"Backflip","floor":4.0},{"not_picked":["Predator","Cloak And Dagger"],"picked":"Calculated Gamble","floor":5.0},{"not_picked":["Sucker Punch","Prepared"],"picked":"Deadly Poison","floor":6.0},{"not_picked":["Night Terror","Acrobatics"],"picked":"Caltrops","floor":7.0},{"not_picked":["Accuracy","Setup"],"picked":"PiercingWail","floor":8.0},{"not_picked":["Skewer","Masterful Stab"],"picked":"PiercingWail","floor":10.0},{"not_picked":["Backstab","Masterful Stab"],"picked":"Bane","floor":11.0},{"not_picked":["Tactician","Dodge and Roll"],"picked":"Heel Hook","floor":12.0},{"not_picked":["Distraction","Choke"],"picked":"Poisoned Stab","floor":13.0},{"not_picked":["Deadly Poison","Prepared"],"picked":"Noxious Fumes","floor":14},{"not_picked":["Quick Slash","Poisoned Stab"],"picked":"Footwork","floor":15}],"player_experience":1902778,"relics_obtained":[{"floor":7.0,"key":"Gremlin Horn"},{"floor":10.0,"key":"Blue Candle"},{"floor":13.0,"key":"Darkstone Periapt"}],"event_choices":[],"is_beta":false,"boss_relics":[],"items_purged_floors":[],"is_endless":false,"potions_floor_spawned":[3,7,11,13,14],"killed_by":"The Guardian","ascension_level":20}}