{"host":"w9n1bnky47q512p1","time":1610094117,"event":{"mods":["Arknights The Spire","Ascension Reborn","BaseMod","Bestiary","BetterRewards","Block Reminder","Card Forge","Colored Powertips","Custom Start","Displayed Cursed Tome","Grow up Mod","Minty Spire (QoL Compilation)","Remove Card Discount Mod","StSLib","Uncapped","Waifu the Spire","vexMod","??????REMEMod","????"],"gold_per_floor":[117,131,151,151,151,193,193,41,41,66,106,4,4,29,29,185,185,203,222,222,222,244,244,269,306,306,331,373,401,86,103,103,246,246,275,298,298,298,326,378,378,401,401,418,494,210,262,38,38,38],"floor_reached":51,"playtime":3604,"items_purged":[],"score":175,"play_id":"04f77cb2-4408-4026-b499-7341a62982a3","local_time":"20210108152157","is_ascension_mode":true,"campfire_choices":[{"floor":13,"key":"RECALL"},{"data":"CutThroughFate","floor":15,"key":"SMITH"},{"floor":32,"key":"REST"},{"floor":41,"key":"REST"},{"floor":49,"key":"REST"}],"circlet_count":0,"master_deck":["Strike_P+1","Strike_P+1","Strike_P+1","Strike_P+1","Defend_P+1","Defend_P+1","Defend_P+1","Defend_P+1","Vigilance+1","Pray+1","JustLucky+1","JustLucky+1","REME_Repentance+1","LikeWater+1","Prostrate+1","ThirdEye+1","REME_Repentance+1","JustLucky+1","SandsOfTime+1","JustLucky+1","CutThroughFate+1","Establishment+1","ThirdEye+1","InnerPeace+1","Swivel+1","SandsOfTime+1","EmptyFist+1","Devotion+1","CutThroughFate+1","Judgement+1","Wireheading+1","Weave+1","Nirvana+1","Weave+1","Fasting2+1"],"relics":["HolyWater","Hammer of Thor","Seething Fire","Anvil of the Gods","REME_ComplimentaryCards","NeowsBlessing","Golden Idol","vexMod:CardConverter","Turnip","Thread and Needle","vexMod:RetaliationKit","ClockworkSouvenir","MealTicket","Damaru","Ice Cream","REME_HandOfSuture","Sundial","PreservedInsect","Blood Vial","Unceasing Top","vexMod:InvisibilityCloak","Art of War","Ginger","SacredBark","Pen Nib","vexMod:HeadHunter","vexMod:FocusSash","REME_LimitBreaker","Bird Faced Urn","vexMod:MemoryStick","OrangePellets","Shuriken","vexMod:Cooldron","Boot"],"acts_visited":["Exordium","TheCity","TheBeyond"],"potions_floor_usage":[6,16,25,27,33,47,47,50],"damage_taken":[{"damage":0,"enemies":"Small Slimes","floor":1,"turns":1},{"damage":0,"enemies":"2 Louse","floor":2,"turns":2},{"damage":0,"enemies":"Jaw Worm","floor":3,"turns":1},{"damage":5,"enemies":"Gremlin Nob","floor":6,"turns":4},{"damage":0,"enemies":"Red Slaver","floor":10,"turns":3},{"damage":4,"enemies":"3 Sentries","floor":11,"turns":5},{"damage":0,"enemies":"2 Fungi Beasts","floor":14,"turns":2},{"damage":19,"enemies":"The Guardian","floor":16,"turns":5},{"damage":0,"enemies":"Spheric Guardian","floor":18,"turns":3},{"damage":0,"enemies":"Chosen","floor":19,"turns":3},{"damage":0,"enemies":"3 Cultists","floor":22,"turns":4},{"damage":0,"enemies":"Snecko","floor":24,"turns":3},{"damage":0,"enemies":"REME_1_Revenger","floor":25,"turns":2},{"damage":0,"enemies":"Snake Plant","floor":27,"turns":3},{"damage":0,"enemies":"Gremlin Leader","floor":28,"turns":4},{"damage":0,"enemies":"3 Cultists","floor":29,"turns":4},{"damage":0,"enemies":"Shelled Parasite and Fungi","floor":31,"turns":3},{"damage":0,"enemies":"Champ","floor":33,"turns":6},{"damage":0,"enemies":"3 Darklings","floor":35,"turns":3},{"damage":0,"enemies":"Orb Walker","floor":36,"turns":3},{"damage":8,"enemies":"4 Shapes","floor":39,"turns":5},{"damage":0,"enemies":"Nemesis","floor":40,"turns":3},{"damage":0,"enemies":"Writhing Mass","floor":42,"turns":3},{"damage":0,"enemies":"Transient","floor":44,"turns":5},{"damage":5,"enemies":"Mind Bloom Boss Battle","floor":45,"turns":6},{"damage":3,"enemies":"Reptomancer","floor":47,"turns":3},{"damage":7,"enemies":"Awakened One","floor":50,"turns":7}],"seed_played":"-7705841204022358830","potions_obtained":[{"floor":1,"key":"Regen Potion"},{"floor":2,"key":"Block Potion"},{"floor":2,"key":"Dexterity Potion"},{"floor":6,"key":"Energy Potion"},{"floor":10,"key":"DistilledChaos"},{"floor":16,"key":"SteroidPotion"},{"floor":22,"key":"ColorlessPotion"},{"floor":25,"key":"Regen Potion"},{"floor":27,"key":"PowerPotion"},{"floor":33,"key":"DuplicationPotion"},{"floor":47,"key":"AttackPotion"},{"floor":47,"key":"DuplicationPotion"}],"is_trial":false,"path_per_floor":["M","M","M","?","?","E","T","$","T","M","E","$","R","M","R","B",null,"M","M","?","?","M","?","M","E","T","M","E","M","R","M","R","B",null,"M","M","?","?","M","E","R","M","T","M","?","$","E","$","R","B",null],"character_chosen":"WATCHER","items_purchased":["Prostrate","ClockworkSouvenir","SandsOfTime","JustLucky","REME_Repentance","vexMod:InvisibilityCloak","Art of War","vexMod:MemoryStick","OrangePellets","Fasting2","vexMod:Cooldron","Boot"],"campfire_rested":3,"item_purchase_floors":[8,8,12,12,12,30,30,46,46,46,48,48],"current_hp_per_floor":[96,106,116,126,138,149,159,172,182,195,207,226,236,248,258,258,284,296,308,318,330,342,352,364,376,386,398,410,420,430,442,452,468,478,490,502,512,464,469,485,558,568,578,590,595,612,622,632,642,655],"gold":38,"neow_bonus":"THREE_ENEMY_KILL","is_daily":false,"chose_seed":false,"campfire_upgraded":1,"win_rate":0.0,"timestamp":1610094117,"path_taken":["M","M","M","?","?","E","?","$","T","M","E","$","R","?","R","BOSS","M","M","?","?","M","?","?","E","T","M","E","M","R","M","R","BOSS","M","?","?","?","M","E","R","M","T","M","?","$","E","$","R","BOSS"],"items_purchased_type":["Card","Relic","Card","Card","Card","Relic","Relic","Relic","Relic","Card","Relic","Relic"],"build_version":"2020-12-22","purchased_purges":0,"victory":true,"max_hp_per_floor":[96,106,116,126,138,152,162,174,184,196,210,226,236,248,258,274,284,296,308,318,330,342,352,364,376,386,398,410,420,430,442,452,468,478,490,502,512,526,536,548,558,568,578,590,600,612,622,632,642,656],"card_choices":[{"not_picked":["MentalFortress","Indignation+1"],"picked":"Pray","floor":1},{"not_picked":["Study+1","EmptyBody+1"],"picked":"JustLucky","floor":2},{"not_picked":["Prostrate","WindmillStrike"],"picked":"JustLucky","floor":3},{"not_picked":["EmptyMind+1","CarveReality+1"],"picked":"REME_Repentance","floor":6},{"not_picked":["SashWhip+1","SpiritShield"],"picked":"LikeWater","floor":6},{"not_picked":["TalkToTheHand","ClearTheMind"],"picked":"ThirdEye+1","floor":10},{"not_picked":["Study+1","TalkToTheHand"],"picked":"JustLucky+1","floor":11},{"not_picked":["PathToVictory","FollowUp","EmptyMind"],"picked":"SKIP","floor":11},{"not_picked":["FollowUp","Consecrate"],"picked":"CutThroughFate","floor":14},{"not_picked":["REME_CRH","Ragnarok"],"picked":"Establishment","floor":16},{"not_picked":["BowlingBash","FlurryOfBlows"],"picked":"ThirdEye+1","floor":18},{"not_picked":["WaveOfTheHand+1","Evaluate"],"picked":"InnerPeace","floor":19},{"not_picked":["SashWhip","FlyingSleeves+1"],"picked":"SandsOfTime+1","floor":22},{"not_picked":["Protect","REME_Repentance"],"picked":"EmptyFist+1","floor":24},{"not_picked":["CutThroughFate","SashWhip"],"picked":"Devotion","floor":25},{"not_picked":["ThirdEye","REME_Repentance"],"picked":"CutThroughFate","floor":27},{"not_picked":["ClearTheMind","PathToVictory+1"],"picked":"EmptyBody","floor":28},{"not_picked":["Adaptation+1","CrushJoints","FlyingSleeves"],"picked":"SKIP","floor":29},{"not_picked":["DeceiveReality+1","REME_MusicOfDeath+1"],"picked":"TalkToTheHand+1","floor":31},{"not_picked":["Ragnarok","Blasphemy"],"picked":"Judgement","floor":33},{"not_picked":["FlyingSleeves","PathToVictory+1"],"picked":"Wireheading+1","floor":35},{"not_picked":["EmptyBody+1","Indignation"],"picked":"Weave+1","floor":36},{"not_picked":["Halt+1","Collect+1","FollowUp+1"],"picked":"SKIP","floor":39},{"not_picked":["CrushJoints+1","Protect"],"picked":"Nirvana+1","floor":40},{"not_picked":["Evaluate+1","ThirdEye+1","SandsOfTime"],"picked":"SKIP","floor":42},{"not_picked":["Pray+1","EmptyBody"],"picked":"Weave+1","floor":44},{"not_picked":["REME_CRH","REME_EmptyShield","SpiritShield"],"picked":"SKIP","floor":47},{"not_picked":["TalkToTheHand+1","ClearTheMind+1","JustLucky+1"],"picked":"SKIP","floor":47}],"player_experience":77139,"relics_obtained":[{"floor":6,"key":"Turnip"},{"floor":7,"key":"Thread and Needle"},{"floor":7,"key":"vexMod:RetaliationKit"},{"floor":9,"key":"MealTicket"},{"floor":11,"key":"Damaru"},{"floor":16,"key":"Ice Cream"},{"floor":18,"key":"REME_HandOfSuture"},{"floor":25,"key":"Sundial"},{"floor":26,"key":"PreservedInsect"},{"floor":26,"key":"Blood Vial"},{"floor":28,"key":"Unceasing Top"},{"floor":33,"key":"Ginger"},{"floor":36,"key":"Pen Nib"},{"floor":40,"key":"vexMod:HeadHunter"},{"floor":43,"key":"vexMod:FocusSash"},{"floor":43,"key":"REME_LimitBreaker"},{"floor":45,"key":"Bird Faced Urn"},{"floor":47,"key":"Shuriken"}],"event_choices":[{"damage_healed":0,"gold_gain":0,"player_choice":"Take Wound","damage_taken":0,"relics_obtained":["Golden Idol"],"max_hp_gain":0,"max_hp_loss":0,"event_name":"Golden Idol","floor":4,"gold_loss":0,"cards_obtained":["Injury"]},{"damage_healed":0,"gold_gain":0,"player_choice":"Box","damage_taken":0,"relics_obtained":["vexMod:CardConverter"],"max_hp_gain":0,"max_hp_loss":0,"event_name":"Big Fish","floor":5,"gold_loss":0,"cards_obtained":["Regret"]},{"damage_healed":0,"gold_gain":0,"player_choice":"Ignored","damage_taken":0,"max_hp_gain":0,"max_hp_loss":0,"event_name":"Beggar","floor":20,"gold_loss":0},{"damage_healed":0,"gold_gain":0,"player_choice":"Read","damage_taken":0,"max_hp_gain":0,"max_hp_loss":0,"event_name":"The Library","floor":21,"gold_loss":0,"cards_obtained":["Swivel"]},{"damage_healed":0,"gold_gain":0,"player_choice":"Bought 0 Potions","damage_taken":0,"max_hp_gain":0,"max_hp_loss":0,"event_name":"The Woman in Blue","floor":23,"gold_loss":0},{"damage_healed":0,"gold_gain":0,"player_choice":"Ignored","damage_taken":0,"max_hp_gain":0,"max_hp_loss":0,"event_name":"The Moai Head","floor":37,"gold_loss":0},{"damage_healed":0,"gold_gain":0,"player_choice":"Embrace Madness","damage_taken":64,"max_hp_gain":0,"max_hp_loss":0,"event_name":"Winding Halls","floor":38,"gold_loss":0,"cards_obtained":["Madness","Madness"]},{"damage_healed":0,"gold_gain":0,"player_choice":"Fight","damage_taken":0,"max_hp_gain":0,"max_hp_loss":0,"event_name":"MindBloom","floor":45,"gold_loss":0}],"is_beta":false,"boss_relics":[{"not_picked":["vexMod:TanglingVine","Velvet Choker"],"picked":"HolyWater"},{"not_picked":["Empty Cage","Fusion Hammer"],"picked":"SacredBark"}],"items_purged_floors":[],"is_endless":false,"potions_floor_spawned":[2,10,14,22,24,27,28,33,40,42,44,45,47],"ascension_level":-20}}