{"host":"wonp23fsqqcu31ie","time":1610067445,"event":{"mods":["2.2 Compatiblity","AchievementEnabler","Aspiration","BaseMod","Bestiary","Better Altar","Better Match","Better Sensory Stone","Better Skull","Better Third Choice","BetterRewards","Block Reminder","Colored Map","Colored Powertips","Conspire","Curses Come First","DeckTracker","Displayed Cursed Tome","Downfall","Evolution","Hermit","Highlight Path","Hubris","Marisa????????","Minty Spire (QoL Compilation)","Permanent Neow","Prisma Mod","Quick Restart","Rare Cards Sparkle","Relic Stats","Replay The Spire","Robot Space Explorer","Shade Mod","Shop Mod","StSLib","SuperFastMode","The Animator","The Bug Knight","The Construct","The Cursed","The Dragon Tamer","The Gatherer","The Marked","The Necromancer","The Runesmith","The Servant 0.9.4"],"gold_per_floor":[111,129,202,202,202,202,202,236,236,236,255,288,288,312,312,438,438,461,461,55,73,96,96,96,96],"floor_reached":24,"playtime":577,"items_purged":[],"score":403,"play_id":"a28d3b36-b350-42c2-b490-a3a66ae39183","local_time":"20210108115725","is_ascension_mode":true,"campfire_choices":[{"floor":6,"key":"RECALL"},{"data":"Sadistic Nature","floor":13,"key":"SMITH"},{"data":"expansioncontent:YouAreMine","floor":15,"key":"SMITH"},{"data":"Limit Break","floor":23,"key":"SMITH"}],"circlet_count":0,"master_deck":["Run Through","Run Through","Run Through","Run Through","Armaments","Defend_R","Defend_R","Defend_R","Bash","Sadistic Nature+1","expansioncontent:YouAreMine+1","Heavy Blade","Infernal Blade+1","Dropkick","Twin Strike","Demon Form","Pot Of Greed","Pot Of Greed","Limit Break+1","Carnage","Transmutation","Transmutation","ReplayUltimateDefense","Run Through"],"relics":["Burning Blood","EVO:Axolotl","aspiration:Lifesprig","Golden Idol","conspire:BottledYoYo","Bottled Tornado","Grinning Jar","aspiration:SecretTechniqueScroll","MerchantsRug","ReplayTheSpireMod:ShopPack","Blood Vial"],"acts_visited":["Exordium","TheCity"],"potions_floor_usage":[16,24,24,24],"damage_taken":[{"damage":0,"enemies":"Cultist","floor":1,"turns":3},{"damage":9,"enemies":"Small Slimes","floor":2,"turns":2},{"damage":15,"enemies":"Gremlin Nob","floor":8,"turns":4},{"damage":0,"enemies":"2 Louse","floor":11,"turns":2},{"damage":15,"enemies":"3 Sentries","floor":12,"turns":6},{"damage":18,"enemies":"The Guardian","floor":16,"turns":5},{"damage":6,"enemies":"3 Byrds","floor":18,"turns":5},{"damage":19,"enemies":"Chosen","floor":21,"turns":5},{"damage":27,"enemies":"Snake Plant","floor":22,"turns":5},{"damage":78,"enemies":"Slavers","floor":24,"turns":5}],"seed_played":"9214415483600764415","potions_obtained":[{"floor":1,"key":"Strength Potion"},{"floor":12,"key":"SpeedPotion"},{"floor":21,"key":"Explosive Potion"},{"floor":22,"key":"BlessingOfTheForge"}],"is_trial":false,"path_per_floor":["M","M","?","?","?","R","?","E","T","T","M","E","R","T","R","B",null,"M","?","$","M","M","R","E"],"character_chosen":"IRONCLAD","items_purchased":["Sadistic Nature","aspiration:Lifesprig","expansioncontent:YouAreMine","MerchantsRug","ReplayTheSpireMod:ShopPack","Blood Vial"],"campfire_rested":0,"item_purchase_floors":[0,0,0,20,20,20],"current_hp_per_floor":[69,66,66,46,46,46,46,51,51,51,57,48,48,48,48,36,80,80,94,94,81,62,62,0,0],"gold":96,"neow_bonus":"","is_daily":false,"chose_seed":false,"campfire_upgraded":3,"win_rate":0.0,"timestamp":1610067445,"path_taken":["M","?","?","?","?","R","?","E","T","?","M","E","R","?","R","BOSS","M","?","?","M","M","R","E"],"items_purchased_type":["Card","Relic","Card","Relic","Relic","Relic"],"build_version":"2020-12-22","purchased_purges":0,"victory":false,"max_hp_per_floor":[80,80,80,80,80,80,80,94,94,94,94,94,94,94,94,94,94,94,94,94,94,94,94,94,94],"relic_stats":{"Blood Vial":4,"counters":[57,207],"Golden Idol":57,"obtain_stats":[{"Spirit Poop":13,"Runesmith:Locket":17,"EVO:Axolotl":0,"Bottled Tornado":12,"Boot":6,"aspiration:RitualStick":23,"Blood Vial":9,"FaceOfCleric":22,"Iron Hammer":12,"hubris:TinFlute":19,"MerchantsRug":0,"Happy Flower":19,"Ring of Hypnosis":10,"aspiration:Nostalgia":0,"ReplayTheSpireMod:CursedCoin":3,"ReplayTheSpireMod:Ring of Addiction":10,"Guardian:ModeShifter":0,"Pen Nib":14,"aspiration:SeaSaltIceCream":6,"Shuriken":4,"Simple Rune":8,"ReplayTheSpireMod:TigerMarble":6,"hubris:ToyBattleship":17,"conspire:BottledYoYo":10,"Grinning Jar":14,"StrikeDummy":17,"ReplayTheSpireMod:Ring of Exchange":10,"aspiration:Lifesprig":0,"Mango":8,"King of Hearts":7,"hubris:RunicObelisk":17,"hubris:EmptyBottle":10,"Burning Blood":0,"conspire:TopHat":11,"aspiration:StickyExplosives_weak":25,"ClockworkSouvenir":0,"Replay:Bandana":3,"Nunchaku":9,"hubris:Icosahedron":10,"Chameleon Ring":10,"hubris:ChampionShield":11,"Paper Frog":8,"construct:ClawGrip":17,"Self Forming Clay":21,"Golden Idol":4,"aspiration:SecretTechniqueScroll":17,"Odd Mushroom":12,"Orichalcum":0,"Calling Bell":19,"Bloody Idol":20,"ReplayTheSpireMod:Ring of Challenge":10,"TungstenRod":19,"ReplayTheSpireMod:ShopPack":22},{"Spirit Poop":38,"Runesmith:Locket":40,"EVO:Axolotl":0,"Bottled Tornado":52,"Boot":4,"aspiration:RitualStick":9,"Blood Vial":17,"FaceOfCleric":33,"Iron Hammer":7,"hubris:TinFlute":8,"MerchantsRug":12,"Happy Flower":8,"Ring of Hypnosis":29,"aspiration:Nostalgia":0,"ReplayTheSpireMod:CursedCoin":27,"ReplayTheSpireMod:Ring of Addiction":37,"Guardian:ModeShifter":0,"Pen Nib":39,"aspiration:SeaSaltIceCream":4,"Shuriken":14,"Simple Rune":17,"ReplayTheSpireMod:TigerMarble":15,"hubris:ToyBattleship":40,"conspire:BottledYoYo":50,"Grinning Jar":52,"StrikeDummy":40,"ReplayTheSpireMod:Ring of Exchange":29,"aspiration:Lifesprig":47,"Mango":50,"King of Hearts":37,"hubris:RunicObelisk":32,"hubris:EmptyBottle":37,"Burning Blood":0,"conspire:TopHat":30,"aspiration:StickyExplosives_weak":11,"ClockworkSouvenir":26,"Replay:Bandana":27,"Nunchaku":37,"hubris:Icosahedron":17,"Chameleon Ring":37,"hubris:ChampionShield":18,"Paper Frog":6,"construct:ClawGrip":22,"Self Forming Clay":33,"Golden Idol":49,"aspiration:SecretTechniqueScroll":53,"Odd Mushroom":19,"Orichalcum":26,"Calling Bell":8,"Bloody Idol":33,"ReplayTheSpireMod:Ring of Challenge":37,"TungstenRod":8,"ReplayTheSpireMod:ShopPack":9},{"Spirit Poop":130,"Runesmith:Locket":140,"EVO:Axolotl":0,"Bottled Tornado":182,"Boot":13,"aspiration:RitualStick":30,"Blood Vial":59,"FaceOfCleric":118,"Iron Hammer":21,"hubris:TinFlute":27,"MerchantsRug":41,"Happy Flower":27,"Ring of Hypnosis":99,"aspiration:Nostalgia":0,"ReplayTheSpireMod:CursedCoin":95,"ReplayTheSpireMod:Ring of Addiction":126,"Guardian:ModeShifter":0,"Pen Nib":134,"aspiration:SeaSaltIceCream":13,"Shuriken":47,"Simple Rune":59,"ReplayTheSpireMod:TigerMarble":53,"hubris:ToyBattleship":140,"conspire:BottledYoYo":174,"Grinning Jar":182,"StrikeDummy":140,"ReplayTheSpireMod:Ring of Exchange":99,"aspiration:Lifesprig":165,"Mango":174,"King of Hearts":126,"hubris:RunicObelisk":114,"hubris:EmptyBottle":126,"Burning Blood":0,"conspire:TopHat":103,"aspiration:StickyExplosives_weak":38,"ClockworkSouvenir":91,"Replay:Bandana":95,"Nunchaku":126,"hubris:Icosahedron":59,"Chameleon Ring":126,"hubris:ChampionShield":61,"Paper Frog":19,"construct:ClawGrip":75,"Self Forming Clay":118,"Golden Idol":170,"aspiration:SecretTechniqueScroll":187,"Odd Mushroom":64,"Orichalcum":91,"Calling Bell":27,"Bloody Idol":118,"ReplayTheSpireMod:Ring of Challenge":126,"TungstenRod":27,"ReplayTheSpireMod:ShopPack":30}],"Burning Blood":310},"card_choices":[{"not_picked":["Disarm","True Grit","Perfected Strike"],"picked":"SKIP","floor":1},{"not_picked":["Sword Boomerang","True Grit"],"picked":"Heavy Blade","floor":2},{"not_picked":["Clothesline","Body Slam"],"picked":"Dropkick","floor":8},{"not_picked":["Clash","hubris:ReadiedAction"],"picked":"Twin Strike","floor":11},{"not_picked":["hubris:CleavingFinish","Body Slam"],"picked":"Demon Form","floor":12},{"not_picked":["conspire:Purge","Double Tap"],"picked":"Limit Break","floor":16},{"not_picked":["Perfected Strike+1","Intimidate"],"picked":"Carnage","floor":18},{"not_picked":["Poisoned Strike","Metamorphosis"],"picked":"Transmutation","floor":20},{"not_picked":["expansioncontent:DonusPower","HandOfGreed"],"picked":"Transmutation","floor":20},{"not_picked":["expansioncontent:StudyTheSpire","Replay:Bootleg Shield Generator"],"picked":"ReplayUltimateDefense","floor":20},{"not_picked":["Wild Strike","Dark Embrace"],"picked":"Run Through","floor":21},{"not_picked":["hubris:ReadiedAction","Headbutt","Reckless Charge"],"picked":"SKIP","floor":22}],"player_experience":485535,"relics_obtained":[{"floor":8,"key":"Mango"},{"floor":10,"key":"conspire:BottledYoYo"},{"floor":12,"key":"Bottled Tornado"},{"floor":14,"key":"Grinning Jar"}],"event_choices":[{"damage_healed":0,"gold_gain":73,"player_choice":"Gained Gold","damage_taken":0,"max_hp_gain":0,"max_hp_loss":0,"event_name":"Golden Wing","floor":3,"gold_loss":0},{"damage_healed":0,"gold_gain":0,"player_choice":"Take Damage","damage_taken":20,"relics_obtained":["Golden Idol"],"max_hp_gain":0,"max_hp_loss":0,"event_name":"Golden Idol","floor":4,"gold_loss":0},{"damage_healed":0,"gold_gain":0,"player_choice":"Leave","damage_taken":0,"max_hp_gain":0,"max_hp_loss":0,"event_name":"conspire:Investor","floor":5,"gold_loss":0},{"damage_healed":31,"gold_gain":0,"player_choice":"Heal","damage_taken":0,"max_hp_gain":0,"max_hp_loss":0,"event_name":"The Library","floor":19,"gold_loss":0}],"is_beta":false,"boss_relics":[{"not_picked":["aspiration:FutureDiary","Runic Dome"],"picked":"aspiration:SecretTechniqueScroll"}],"items_purged_floors":[],"is_endless":false,"potions_floor_spawned":[1,12,21,22],"killed_by":"Slavers","ascension_level":5}}