{"host":"m9i7qe3hvz6jihjh","time":1610108067,"event":{"mods":["BaseMod","Colored Powertips","Infinite Spire","Minty Spire (QoL Compilation)","Quick Restart","StSLib","The Animator","Waifu the Spire"],"gold_per_floor":[119,119,131,131,131,159,178,178,178,204,204,219,235,235,235,330,330,304,304,304,304],"floor_reached":20,"playtime":842,"items_purged":[],"score":199,"play_id":"0c50656e-b708-466f-9c3e-2c7fe3eaa756","local_time":"20210108131427","is_ascension_mode":false,"campfire_choices":[{"floor":11,"key":"REST"},{"floor":15,"key":"REST"}],"circlet_count":0,"master_deck":["animator:Strike_MadokaMagica","animator:Defend_MadokaMagica","animator:Strike","animator:Strike","animator:Strike","animator:Defend","animator:Defend","animator:Defend","animator:IrohaTamaki+1","animator:YuiTsuruno","animator:IrohaTamaki+1","animator:Add","animator:YuiTsuruno","animator:YachiyoNanami","animator:Entoma","Decay","animator:Eve","animator:NagisaMomoe","infinitespire:Pacifist","animator:Curse_GriefSeed","infinitespire:Starlight"],"relics":["animator:LivingPicture","animator:TheMissingPiece","animator:PurgingStone","Anchor","Happy Flower","Darkstone Periapt","Boot","Turnip","Cursed Key"],"acts_visited":["Exordium","TheCity"],"potions_floor_usage":[7,18],"damage_taken":[{"damage":4,"enemies":"Jaw Worm","floor":1,"turns":5},{"damage":2,"enemies":"2 Louse","floor":3,"turns":3},{"damage":27,"enemies":"3 Sentries","floor":6,"turns":12},{"damage":3,"enemies":"Cultist","floor":7,"turns":5},{"damage":1,"enemies":"Blue Slaver","floor":10,"turns":3},{"damage":7,"enemies":"Red Slaver","floor":12,"turns":5},{"damage":2,"enemies":"Looter","floor":13,"turns":3},{"damage":43,"enemies":"Hexaghost","floor":16,"turns":20},{"damage":25,"enemies":"2 Thieves","floor":18,"turns":5},{"damage":75,"enemies":"Masked Bandits","floor":20,"turns":4}],"seed_played":"8492784367241219226","potions_obtained":[{"floor":1,"key":"Weak Potion"},{"floor":16,"key":"BlessingOfTheForge"}],"is_trial":false,"path_per_floor":["M","?","M","T","?","E","M","?","T","M","R","M","M","?","R","B",null,"M","?","?"],"character_chosen":"THE_ANIMATOR","items_purchased":[],"campfire_rested":2,"item_purchase_floors":[],"current_hp_per_floor":[62,62,60,60,60,33,30,30,30,29,48,41,39,45,66,23,72,48,60,0,0],"gold":304,"neow_bonus":"RANDOM_COMMON_RELIC","is_daily":false,"chose_seed":false,"campfire_upgraded":0,"win_rate":0.0,"timestamp":1610108067,"path_taken":["M","?","M","?","?","E","M","?","T","M","R","M","?","?","R","BOSS","M","?","?"],"items_purchased_type":[],"build_version":"2020-12-22","purchased_purges":0,"victory":false,"max_hp_per_floor":[66,66,66,66,66,66,66,66,66,66,66,66,66,72,72,72,72,73,85,85,85],"card_choices":[{"not_picked":["animator:Tatsumaki","animator:Demiurge"],"picked":"animator:IrohaTamaki","floor":1},{"not_picked":["animator:Vanir","animator:Geryuganshoop","animator:CowGirl"],"picked":"SKIP","floor":3},{"not_picked":["animator:Tyuule","animator:Laby"],"picked":"animator:Add","floor":6},{"not_picked":["animator:IrohaTamaki","animator:KyokoSakura"],"picked":"animator:YuiTsuruno","floor":7},{"not_picked":["animator:Verdia","animator:MaesHughes"],"picked":"animator:YachiyoNanami","floor":10},{"not_picked":["animator:Guy","animator:Raven","animator:Megumin"],"picked":"SKIP","floor":12},{"not_picked":["animator:ShinjiMatou","animator:Hakurou"],"picked":"animator:Entoma","floor":13},{"not_picked":["animator:Greed","animator:AcuraShin"],"picked":"animator:Eve","floor":16},{"not_picked":["animator:YuiTsuruno","animator:IrohaTamaki"],"picked":"animator:NagisaMomoe","floor":18},{"not_picked":["infinitespire:SealOfDarkness+","infinitespire:Collect"],"picked":"infinitespire:Starlight","floor":19}],"player_experience":895165,"relics_obtained":[{"floor":4,"key":"Darkstone Periapt"},{"floor":6,"key":"Boot"},{"floor":9,"key":"Turnip"}],"event_choices":[{"damage_healed":0,"gold_gain":0,"player_choice":"Box","damage_taken":0,"relics_obtained":["Happy Flower"],"max_hp_gain":0,"max_hp_loss":0,"event_name":"Big Fish","floor":2,"gold_loss":0,"cards_obtained":["Regret"]},{"damage_healed":0,"gold_gain":0,"player_choice":"Grow","damage_taken":0,"max_hp_gain":0,"max_hp_loss":0,"event_name":"Living Wall","floor":5,"gold_loss":0,"cards_upgraded":["animator:IrohaTamaki"]},{"damage_healed":0,"gold_gain":0,"player_choice":"Forge","damage_taken":0,"max_hp_gain":0,"max_hp_loss":0,"event_name":"Accursed Blacksmith","floor":8,"gold_loss":0,"cards_upgraded":["animator:IrohaTamaki"]},{"cards_removed":["Regret"],"damage_healed":0,"gold_gain":0,"player_choice":"Took Card","damage_taken":0,"max_hp_gain":0,"max_hp_loss":0,"event_name":"NoteForYourself","floor":14,"gold_loss":0,"cards_obtained":["Decay"]},{"damage_healed":0,"gold_gain":0,"player_choice":"Fought Bandits","damage_taken":0,"max_hp_gain":0,"max_hp_loss":0,"event_name":"Masked Bandits","floor":20,"gold_loss":0}],"is_beta":false,"boss_relics":[{"not_picked":["SacredBark","Busted Crown"],"picked":"Cursed Key"}],"items_purged_floors":[],"is_endless":false,"potions_floor_spawned":[1,16],"killed_by":"Masked Bandits","ascension_level":0}}