{"host":"bxn2em57qlx5u4i0","time":1610075709,"event":{"mods":["BaseMod","Colored Map","Colored Powertips","Highlight Path","Minty Spire (QoL Compilation)","Random Character Button","Relic Sorter","Relic Stats","StSLib","SuperFastMode"],"gold_per_floor":[109,109,109,109,134,134,168,168,168,3,46,46,61,94,94,192,192,217,240,286,339,364,364,364,364,419,452,452,522,522,174,174,270,270,285,309,309,144,158,189,189,224,249,288,313,646,671,699,699,699,699],"floor_reached":50,"playtime":1331,"items_purged":["Strike_G","Strike_G","Strike_G+1"],"score":1455,"play_id":"4a2d0681-3b1b-4b22-a793-09cc429c4cc9","local_time":"20210107221509","is_ascension_mode":true,"campfire_choices":[{"data":"Masterful Stab","floor":6.0,"key":"SMITH"},{"data":"A Thousand Cuts","floor":15.0,"key":"SMITH"},{"data":"Tactician","floor":23.0,"key":"SMITH"},{"data":"Terror","floor":25.0,"key":"SMITH"},{"data":"Accuracy","floor":30.0,"key":"SMITH"},{"data":"Footwork","floor":32.0,"key":"SMITH"},{"data":"Blade Dance","floor":41.0,"key":"SMITH"},{"floor":49.0,"key":"RECALL"}],"circlet_count":0,"master_deck":["AscendersBane","Defend_G+1","Defend_G","Defend_G","Defend_G","Survivor","Neutralize","Masterful Stab+1","Terror+1","A Thousand Cuts+1","Footwork+1","Blade Dance+1","All Out Attack","Adrenaline","Deflect","Tactician+1","Accuracy+1","Acrobatics+1","Deflect+1","Burst+1","Reflex+1","Dodge and Roll+1","Eviscerate","Blur+1","Escape Plan+1","Blade Dance+1"],"relics":["Ring of the Serpent","NeowsBlessing","Tiny Chest","Bag of Marbles","Letter Opener","Blood Vial","Pen Nib","PreservedInsect","Enchiridion","Juzu Bracelet","Toxic Egg 2","Lee\u0027s Waffle","Busted Crown","Frozen Egg 2","Kunai","Ancient Tea Set","Bag of Preparation","Peace Pipe","Thread and Needle"],"acts_visited":["Exordium","TheCity","TheBeyond"],"potions_floor_usage":[50],"damage_taken":[{"damage":0.0,"enemies":"Jaw Worm","floor":1.0,"turns":1.0},{"damage":0.0,"enemies":"2 Louse","floor":5.0,"turns":1.0},{"damage":0.0,"enemies":"3 Sentries","floor":7.0,"turns":1.0},{"damage":0.0,"enemies":"Lagavulin","floor":11.0,"turns":7.0},{"damage":0.0,"enemies":"Small Slimes","floor":13.0,"turns":1.0},{"damage":26.0,"enemies":"3 Sentries","floor":14.0,"turns":5.0},{"damage":11.0,"enemies":"Slime Boss","floor":16.0,"turns":8.0},{"damage":11.0,"enemies":"2 Thieves","floor":18.0,"turns":3.0},{"damage":4.0,"enemies":"Shell Parasite","floor":19.0,"turns":4.0},{"damage":0.0,"enemies":"Centurion and Healer","floor":22.0,"turns":5.0},{"damage":20.0,"enemies":"Gremlin Leader","floor":27.0,"turns":3.0},{"damage":0.0,"enemies":"Automaton","floor":33.0,"turns":6.0},{"damage":0.0,"enemies":"3 Darklings","floor":35.0,"turns":2.0},{"damage":0.0,"enemies":"Orb Walker","floor":36.0,"turns":2.0},{"damage":0.0,"enemies":"Writhing Mass","floor":39.0,"turns":4.0},{"damage":25.0,"enemies":"Giant Head","floor":40.0,"turns":7.0},{"damage":2.0,"enemies":"Reptomancer","floor":42.0,"turns":4.0},{"damage":0.0,"enemies":"Giant Head","floor":44.0,"turns":4.0},{"damage":0.0,"enemies":"Spire Growth","floor":45.0,"turns":3.0},{"damage":0.0,"enemies":"Mind Bloom Boss Battle","floor":47.0,"turns":3.0},{"damage":3.0,"enemies":"Reptomancer","floor":48.0,"turns":3.0},{"damage":50,"enemies":"Time Eater","floor":50,"turns":6}],"seed_played":"598312644246520278","potions_obtained":[{"floor":1.0,"key":"GhostInAJar"},{"floor":13.0,"key":"Dexterity Potion"},{"floor":22.0,"key":"Dexterity Potion"},{"floor":27.0,"key":"GamblersBrew"},{"floor":33.0,"key":"AttackPotion"},{"floor":39.0,"key":"ColorlessPotion"},{"floor":42.0,"key":"Energy Potion"}],"is_trial":false,"path_per_floor":["M","?","?","?","M","R","E","?","T","$","E","?","M","E","R","B",null,"M","M","T","T","M","R","?","R","T","E","?","T","R","$","R","B",null,"M","M","?","$","M","E","R","E","T","E","M","?","?","E","R","B"],"character_chosen":"THE_SILENT","items_purchased":["Footwork","Lee\u0027s Waffle","Acrobatics+1","Deflect+1","Blur+1"],"campfire_rested":0,"item_purchase_floors":[10,31,31,31,38],"current_hp_per_floor":[59,59,41,41,41,41,41,60,60,60,60,60,60,34,34,25,51,42,40,40,40,42,42,21,21,21,3,15,15,15,67,67,67,67,67,67,67,67,67,42,42,42,42,44,46,46,48,47,47,0,0],"gold":699,"neow_bonus":"THREE_ENEMY_KILL","is_daily":false,"chose_seed":false,"campfire_upgraded":7,"win_rate":0.0,"timestamp":1610075709,"path_taken":["M","?","?","?","M","R","E","?","T","$","E","?","M","E","R","BOSS","M","M","?","?","?","R","?","R","T","E","?","?","R","$","R","BOSS","M","M","?","$","M","E","R","E","T","E","M","?","?","E","R","BOSS"],"items_purchased_type":["Card","Relic","Card","Card","Card"],"build_version":"2020-12-22","purchased_purges":3,"victory":false,"max_hp_per_floor":[66,60,60,60,60,60,60,60,60,60,60,60,60,60,60,60,60,60,60,60,60,60,60,60,60,60,60,60,60,60,67,67,67,67,67,67,67,67,67,67,67,67,67,67,67,67,67,67,67,67,67],"relic_stats":{"Lee\u0027s Waffle":52,"counters":[22,83],"Pen Nib":[13],"PreservedInsect":431,"Juzu Bracelet":1,"Bag of Preparation":[8],"Letter Opener":[355],"Blood Vial":22,"Peace Pipe":0,"Busted Crown":18,"Tiny Chest":2,"Kunai":[11],"obtain_stats":[{"Lee\u0027s Waffle":31,"NeowsBlessing":0,"Golden Idol":2,"Enchiridion":24,"Thread and Needle":48,"Pen Nib":20,"PreservedInsect":21,"Juzu Bracelet":27,"Bag of Preparation":44,"Letter Opener":11,"Frozen Egg 2":40,"Ancient Tea Set":43,"Blood Vial":14,"Peace Pipe":47,"Busted Crown":34,"Tiny Chest":7,"Bag of Marbles":9,"Kunai":42,"Toxic Egg 2":29,"Ring of the Serpent":17,"Ring of the Snake":0},{"Lee\u0027s Waffle":11,"NeowsBlessing":0,"Golden Idol":1,"Enchiridion":10,"Thread and Needle":21,"Pen Nib":9,"PreservedInsect":9,"Juzu Bracelet":11,"Bag of Preparation":18,"Letter Opener":4,"Frozen Egg 2":16,"Ancient Tea Set":17,"Blood Vial":6,"Peace Pipe":20,"Busted Crown":12,"Tiny Chest":3,"Bag of Marbles":3,"Kunai":17,"Toxic Egg 2":11,"Ring of the Serpent":7,"Ring of the Snake":0},{"Lee\u0027s Waffle":39,"NeowsBlessing":0,"Golden Idol":1,"Enchiridion":36,"Thread and Needle":77,"Pen Nib":31,"PreservedInsect":31,"Juzu Bracelet":39,"Bag of Preparation":68,"Letter Opener":10,"Frozen Egg 2":60,"Ancient Tea Set":64,"Blood Vial":16,"Peace Pipe":74,"Busted Crown":45,"Tiny Chest":3,"Bag of Marbles":3,"Kunai":64,"Toxic Egg 2":39,"Ring of the Serpent":24,"Ring of the Snake":0}]},"card_choices":[{"not_picked":["Bane","Dodge and Roll"],"picked":"Masterful Stab","floor":1.0},{"not_picked":["Acrobatics","Slice"],"picked":"Terror","floor":5.0},{"not_picked":["Expertise","Infinite Blades"],"picked":"A Thousand Cuts","floor":7.0},{"not_picked":["Cloak And Dagger","Sucker Punch"],"picked":"Blade Dance","floor":11.0},{"not_picked":["Riddle With Holes","Catalyst","Slice"],"picked":"SKIP","floor":13.0},{"not_picked":["Riddle With Holes","Catalyst","Slice"],"picked":"SKIP","floor":13.0},{"not_picked":["Flechettes","Bane","Concentrate"],"picked":"SKIP","floor":14.0},{"not_picked":["Bullet Time","Die Die Die"],"picked":"Adrenaline","floor":16.0},{"not_picked":["Eviscerate","Underhanded Strike"],"picked":"Deflect","floor":18.0},{"not_picked":["Bane","Catalyst+1","Underhanded Strike"],"picked":"SKIP","floor":19.0},{"not_picked":["Bane","Catalyst+1","Underhanded Strike"],"picked":"SKIP","floor":19.0},{"not_picked":["Expertise","Flying Knee"],"picked":"Tactician","floor":22.0},{"not_picked":["Flechettes","Heel Hook"],"picked":"Accuracy","floor":27.0},{"not_picked":["Malaise+1","Glass Knife"],"picked":"Burst+1","floor":33.0},{"not_picked":[],"picked":"Reflex+1","floor":35.0},{"not_picked":[],"picked":"Dodge and Roll+1","floor":36.0},{"not_picked":["Bouncing Flask+1"],"picked":"SKIP","floor":39.0},{"not_picked":["Eviscerate"],"picked":"SKIP","floor":40.0},{"not_picked":["Terror+1"],"picked":"SKIP","floor":42.0},{"not_picked":[],"picked":"Escape Plan+1","floor":44.0},{"not_picked":[],"picked":"Blade Dance+1","floor":45.0},{"not_picked":["Skewer"],"picked":"SKIP","floor":48.0}],"player_experience":2871005,"relics_obtained":[{"floor":7.0,"key":"Tiny Chest"},{"floor":9.0,"key":"Bag of Marbles"},{"floor":11.0,"key":"Letter Opener"},{"floor":14.0,"key":"Blood Vial"},{"floor":20.0,"key":"Pen Nib"},{"floor":21.0,"key":"PreservedInsect"},{"floor":24.0,"key":"Enchiridion"},{"floor":27.0,"key":"Juzu Bracelet"},{"floor":29.0,"key":"Toxic Egg 2"},{"floor":40.0,"key":"Frozen Egg 2"},{"floor":42.0,"key":"Kunai"},{"floor":43.0,"key":"Ancient Tea Set"},{"floor":44.0,"key":"Bag of Preparation"},{"floor":47.0,"key":"Peace Pipe"},{"floor":48.0,"key":"Thread and Needle"}],"event_choices":[{"damage_healed":0.0,"max_hp_gain":0.0,"max_hp_loss":6.0,"gold_gain":0.0,"event_name":"Golden Idol","player_choice":"Lose Max HP","floor":2.0,"gold_loss":0.0,"damage_taken":0.0,"relics_obtained":["Golden Idol"]},{"damage_healed":0.0,"max_hp_gain":0.0,"max_hp_loss":0.0,"gold_gain":0.0,"event_name":"Shining Light","player_choice":"Entered Light","floor":3.0,"gold_loss":0.0,"damage_taken":18.0,"cards_upgraded":["Strike_G","Defend_G"]},{"cards_removed":["Strike_G"],"damage_healed":0.0,"max_hp_gain":0.0,"max_hp_loss":0.0,"gold_gain":0.0,"event_name":"Living Wall","player_choice":"Forget","floor":4.0,"gold_loss":0.0,"damage_taken":0.0},{"damage_healed":20.0,"max_hp_gain":0.0,"max_hp_loss":0.0,"gold_gain":0.0,"event_name":"Big Fish","player_choice":"Banana","floor":8.0,"gold_loss":0.0,"damage_taken":0.0},{"damage_healed":0.0,"max_hp_gain":0.0,"max_hp_loss":0.0,"gold_gain":0.0,"cards_transformed":["Strike_G"],"event_name":"Transmorgrifier","player_choice":"Transformed","floor":12.0,"gold_loss":0.0,"damage_taken":0.0,"cards_obtained":["All Out Attack"]},{"damage_healed":0.0,"max_hp_gain":0.0,"max_hp_loss":0.0,"gold_gain":0.0,"event_name":"Cursed Tome","player_choice":"Obtained Book","floor":24.0,"gold_loss":0.0,"damage_taken":21.0},{"damage_healed":12.0,"max_hp_gain":0.0,"max_hp_loss":0.0,"gold_gain":0.0,"event_name":"The Library","player_choice":"Heal","floor":28.0,"gold_loss":0.0,"damage_taken":0.0},{"damage_healed":0.0,"max_hp_gain":0.0,"max_hp_loss":0.0,"gold_gain":0.0,"cards_transformed":["Defend_G"],"event_name":"Transmorgrifier","player_choice":"Transformed","floor":37.0,"gold_loss":0.0,"damage_taken":0.0,"cards_obtained":["Eviscerate"]},{"damage_healed":0.0,"max_hp_gain":0.0,"max_hp_loss":0.0,"gold_gain":333.0,"event_name":"The Moai Head","player_choice":"Gave Idol","floor":46.0,"relics_lost":["Golden Idol"],"gold_loss":0.0,"damage_taken":0.0},{"damage_healed":0.0,"max_hp_gain":0.0,"max_hp_loss":0.0,"gold_gain":0.0,"event_name":"MindBloom","player_choice":"Fight","floor":47.0,"gold_loss":0.0,"damage_taken":0.0}],"is_beta":false,"boss_relics":[{"not_picked":["Astrolabe","HoveringKite"],"picked":"Ring of the Serpent"},{"not_picked":["Cursed Key","Velvet Choker"],"picked":"Busted Crown"}],"items_purged_floors":[10,31,38],"is_endless":false,"potions_floor_spawned":[1,13,14,22,27,33,39,42,45],"killed_by":"Time Eater","ascension_level":20}}