{"host":"709gjpjg43u3i5a8","time":1610069232,"event":{"mods":["Act Like it!","BaseMod","Colored Map","Colored Powertips","Downfall","Duelist Mod","Gensokyo","GifTheSpireLib","Hallownest","Hermit","Hubris","Infinite Spire","Koishi","Marisa????????","Minty Spire (QoL Compilation)","Remilia??????","Shop Mod","StSLib","Td1madao Mod","The Administrix","The Animator","The Bug Knight","The Construct","The Cursed","The Disciple","The Hierophant","The Jungle","The Necromancer","The Poker Player","The Runesmith","The Servant 0.9.4"],"gold_per_floor":[119,0,31,31,71,71,97,97,173,184,218,1,1,35,35,133,133,143,143,156,221,221,221],"floor_reached":22,"playtime":2451,"items_purged":[],"score":227,"play_id":"2e2078ea-20c3-4b5f-8889-a1c19e3b0f4b","local_time":"20210107182712","is_ascension_mode":true,"campfire_choices":[{"data":"HollowMod:InfectedAttack","floor":6,"key":"SMITH"},{"data":"HollowMod:SiblingsSouls","floor":8,"key":"SMITH"},{"data":"HollowMod:NewJinnsSoul","floor":13,"key":"SMITH"},{"data":"HollowMod:LifebloodCore","floor":15,"key":"SMITH"}],"circlet_count":0,"master_deck":["HollowMod:NailStrikeStart","HollowMod:NailStrikeStart","HollowMod:NailStrikeStart","HollowMod:NailStrikeStart","HollowMod:QuickDashStart","HollowMod:QuickDashStart","HollowMod:QuickDashStart","HollowMod:QuickDashStart","HollowMod:FocusHealStart","HollowMod:PogoStrike","HollowMod:LifebloodCore+1","HollowMod:InfectedAttack+1","HollowMod:SoulStrike","HollowMod:SiblingsSouls+1","HollowMod:NewGlowingWomb","HollowMod:DoubleDash","HollowMod:NewJinnsSoul+1","HollowMod:InfectedCysts","HollowMod:BrokenVessel","HollowMod:NewInfectedGuardian","HollowMod:SiblingsSouls","HollowMod:SoulEater"],"relics":["HollowMod:VesselMask","Hallownest:BankAccountRelic","Gambling Chip","hubris:TenFootPole","hubris:CrystalStatue","Blood Vial","Membership Card","Pen Nib","infinitespire:Bottled Soul","Busted Crown","hubris:Towel"],"acts_visited":["Exordium","Hallownest:Greenpath"],"potions_floor_usage":[20],"damage_taken":[{"damage":7,"enemies":"Hallownest:2_Tiktiks_and_1_Crawlid","floor":1,"turns":5},{"damage":17,"enemies":"Hallownest:eliteMossKnight","floor":3,"turns":10},{"damage":34,"enemies":"Hallownest:eliteCrystalGuardian","floor":7,"turns":7},{"damage":4,"enemies":"Hallownest:monsterHuskWarrior","floor":10,"turns":2},{"damage":6,"enemies":"Hallownest:eliteVengeflyKing","floor":11,"turns":11},{"damage":16,"enemies":"Hallownest:eliteCrystalGuardian","floor":14,"turns":5},{"damage":22,"enemies":"Hallownest:BossHornet","floor":16,"turns":17},{"damage":0,"enemies":"Hallownest:2_Mistakes","floor":18,"turns":12},{"damage":23,"enemies":"Hallownest:3_Youths","floor":20,"turns":5},{"damage":32,"enemies":"Hallownest:Glutton_and_Coward","floor":21,"turns":6},{"damage":68,"enemies":"Hallownest:2_Flukemon","floor":22,"turns":6}],"seed_played":"-896040087665420555","potions_obtained":[{"floor":1,"key":"SmokeBomb"},{"floor":7,"key":"construct:ShiftPotion"},{"floor":11,"key":"FairyPotion"},{"floor":18,"key":"Swift Potion"}],"is_trial":false,"path_per_floor":["M","?","?","?","$","R","E","R","T","M","E","$","R","E","R","B",null,"M","?","M","M","M"],"character_chosen":"THE_BUGKNIGHT","items_purchased":["Membership Card","HollowMod:NewJinnsSoul","HollowMod:InfectedCysts","Pen Nib"],"campfire_rested":0,"item_purchase_floors":[12,12,12,12],"current_hp_per_floor":[74,74,66,66,66,66,43,43,43,45,51,51,51,37,37,17,75,75,75,58,34,0,0],"gold":221,"neow_bonus":"ONE_RANDOM_RARE_CARD","is_daily":false,"chose_seed":false,"campfire_upgraded":4,"win_rate":0.0,"timestamp":1610069232,"path_taken":["M","?","?","?","$","R","E","R","T","M","E","$","R","E","R","BOSS","M","?","M","M","?"],"items_purchased_type":["Relic","Card","Card","Relic"],"build_version":"2020-12-22","purchased_purges":0,"victory":false,"max_hp_per_floor":[75,75,75,75,75,75,75,75,75,75,75,75,75,75,75,75,75,75,75,75,75,75,75],"card_choices":[{"not_picked":["HollowMod:SoulStrike","HollowMod:SharpenedShadows"],"picked":"HollowMod:InfectedAttack","floor":1},{"not_picked":["HollowMod:DescendingDark","HollowMod:NewLittleFool"],"picked":"HollowMod:SoulStrike","floor":3},{"not_picked":["HollowMod:HowlingWraiths","HollowMod:NewLittleFool"],"picked":"HollowMod:SiblingsSouls","floor":7},{"not_picked":["HollowMod:theNailsmith","HollowMod:InfectedCysts"],"picked":"HollowMod:NewGlowingWomb","floor":10},{"not_picked":["HollowMod:RecoilStrike","HollowMod:PureNailStrike"],"picked":"HollowMod:DoubleDash","floor":11},{"not_picked":["HollowMod:ShapeofUnn","HollowMod:LifebloodCocoon"],"picked":"HollowMod:BrokenVessel","floor":14},{"not_picked":["HollowMod:AwokenDreamNail","HollowMod:PureVessel"],"picked":"HollowMod:NewInfectedGuardian","floor":16},{"not_picked":[],"picked":"HollowMod:SiblingsSouls","floor":18},{"not_picked":[],"picked":"HollowMod:SoulEater","floor":20},{"not_picked":["HollowMod:Grubsong"],"picked":"SKIP","floor":21}],"player_experience":474324,"relics_obtained":[{"floor":3,"key":"Gambling Chip"},{"floor":7,"key":"hubris:TenFootPole"},{"floor":9,"key":"hubris:CrystalStatue"},{"floor":11,"key":"Blood Vial"},{"floor":14,"key":"infinitespire:Bottled Soul"}],"event_choices":[],"is_beta":false,"boss_relics":[{"not_picked":["Runesmith:UraniumAnvil","Empty Cage"],"picked":"Busted Crown"}],"items_purged_floors":[],"is_endless":false,"potions_floor_spawned":[1,7,11,18],"killed_by":"Hallownest:2_Flukemon","ascension_level":2}}