{"host":"1bmpebsu0h6jmm2g","time":1610123812,"event":{"mods":["BaseMod","Colored Map","DeckTracker","Highlight Path","Keyboard Shortcuts","Minty Spire (QoL Compilation)","Permanent Neow","Quick Restart","Relic Stats","Slay the Relics Exporter","StSLib","SuperFastMode"],"gold_per_floor":[111,111,124,135,60,60,118,145,145,145,220,255,281,292,292,368,368,383,123,133,148,148,179,179,212,260,270,195,195,70,95,95,166,166,179,193,213,232,144,144,160,187,213,213,246,258,258,277,277,277,277,277,277,73,105,105],"floor_reached":57,"playtime":1759,"items_purged":["Defend_P","Strike_P","Strike_P","FlurryOfBlows"],"score":3020,"play_id":"967f2ca0-b2c4-4443-acb2-8cbea4d29347","local_time":"20210109013652","is_ascension_mode":true,"campfire_choices":[{"data":"Eruption","floor":6.0,"key":"SMITH"},{"floor":10.0,"key":"REST"},{"floor":15.0,"key":"REST"},{"data":"TalkToTheHand","floor":24.0,"key":"SMITH"},{"data":"CrushJoints","floor":29.0,"key":"SMITH"},{"data":"Tantrum","floor":32.0,"key":"SMITH"},{"data":"Adaptation","floor":40.0,"key":"SMITH"},{"data":"Vault","floor":47.0,"key":"SMITH"},{"floor":49.0,"key":"RECALL"},{"data":"MentalFortress","floor":53.0,"key":"SMITH"}],"circlet_count":0,"master_deck":["AscendersBane","Defend_P+1","Eruption+1","Vigilance","FlurryOfBlows","Adaptation+1","TalkToTheHand+1","Tantrum+1","FearNoEvil","CrushJoints+1","Vault+1","MentalFortress+1","Adaptation+1","InnerPeace+1"],"relics":["PureWater","Gambling Chip","Gremlin Horn","Dream Catcher","HornCleat","Bird Faced Urn","Odd Mushroom","Empty Cage","Medical Kit","StrikeDummy","Pen Nib","Anchor","Red Mask","Juzu Bracelet","GoldenEye"],"acts_visited":["Exordium","TheCity","TheBeyond","TheEnding"],"potions_floor_usage":[56],"damage_taken":[{"damage":0.0,"enemies":"Cultist","floor":1.0,"turns":2.0},{"damage":0.0,"enemies":"Jaw Worm","floor":3.0,"turns":2.0},{"damage":0.0,"enemies":"Small Slimes","floor":4.0,"turns":5.0},{"damage":16.0,"enemies":"Gremlin Nob","floor":7.0,"turns":3.0},{"damage":0.0,"enemies":"Lagavulin","floor":8.0,"turns":3.0},{"damage":10.0,"enemies":"3 Sentries","floor":12.0,"turns":11.0},{"damage":5.0,"enemies":"The Mushroom Lair","floor":13.0,"turns":3.0},{"damage":6.0,"enemies":"3 Louse","floor":14.0,"turns":2.0},{"damage":31.0,"enemies":"The Guardian","floor":16.0,"turns":9.0},{"damage":0.0,"enemies":"Chosen","floor":18.0,"turns":3.0},{"damage":0.0,"enemies":"3 Byrds","floor":20.0,"turns":3.0},{"damage":22.0,"enemies":"Sentry and Sphere","floor":21.0,"turns":4.0},{"damage":4.0,"enemies":"Book of Stabbing","floor":23.0,"turns":4.0},{"damage":0.0,"enemies":"Slavers","floor":25.0,"turns":2.0},{"damage":0.0,"enemies":"3 Cultists","floor":27.0,"turns":3.0},{"damage":0.0,"enemies":"Masked Bandits","floor":31.0,"turns":2.0},{"damage":10.0,"enemies":"Collector","floor":33.0,"turns":5.0},{"damage":0.0,"enemies":"3 Darklings","floor":35.0,"turns":3.0},{"damage":4.0,"enemies":"3 Shapes","floor":36.0,"turns":3.0},{"damage":0.0,"enemies":"Spire Growth","floor":37.0,"turns":3.0},{"damage":1.0,"enemies":"Jaw Worm Horde","floor":38.0,"turns":4.0},{"damage":19.0,"enemies":"Sphere and 2 Shapes","floor":41.0,"turns":2.0},{"damage":17.0,"enemies":"Nemesis","floor":42.0,"turns":6.0},{"damage":0.0,"enemies":"Giant Head","floor":45.0,"turns":3.0},{"damage":0.0,"enemies":"3 Darklings","floor":46.0,"turns":3.0},{"damage":3.0,"enemies":"4 Shapes","floor":48.0,"turns":2.0},{"damage":0.0,"enemies":"Awakened One","floor":50.0,"turns":3.0},{"damage":23.0,"enemies":"Time Eater","floor":51.0,"turns":4.0},{"damage":0,"enemies":"Shield and Spear","floor":55,"turns":3},{"damage":56,"enemies":"The Heart","floor":56,"turns":7}],"seed_played":"686380382137737894","potions_obtained":[{"floor":3.0,"key":"SteroidPotion"},{"floor":8.0,"key":"Dexterity Potion"},{"floor":12.0,"key":"Swift Potion"},{"floor":16.0,"key":"Strength Potion"},{"floor":20.0,"key":"Ambrosia"},{"floor":25.0,"key":"PowerPotion"},{"floor":33.0,"key":"LiquidMemories"},{"floor":46.0,"key":"DuplicationPotion"}],"is_trial":false,"path_per_floor":["M","?","M","M","$","R","?","E","T","R","?","E","?","M","R","B",null,"M","$","M","M","?","E","R","E","T","M","?","R","$","?","R","B",null,"M","M","M","M","$","R","M","E","T","?","E","M","R","M","R","B","B",null,"R","$","E","B",null],"character_chosen":"WATCHER","items_purchased":["Medical Kit","Adaptation","PowerPotion"],"campfire_rested":2,"item_purchase_floors":[19,39,54],"current_hp_per_floor":[61,42,42,42,42,42,26,26,26,44,33,23,20,16,34,5,48,50,50,52,32,32,30,30,32,32,34,34,34,34,36,36,28,54,56,54,56,59,59,59,43,34,34,34,40,46,46,49,49,55,38,56,56,56,62,6],"gold":105,"neow_bonus":"ONE_RARE_RELIC","is_daily":false,"chose_seed":false,"campfire_upgraded":7,"win_rate":0.0,"timestamp":1610123812,"path_taken":["M","?","M","M","$","R","?","E","T","R","?","E","?","M","R","BOSS","M","$","M","M","?","E","R","E","T","?","?","R","$","?","R","BOSS","M","M","M","M","$","R","M","E","T","?","E","M","R","M","R","BOSS","BOSS","R","$","E","BOSS"],"items_purchased_type":["Relic","Card","Potion"],"build_version":"2020-12-22","purchased_purges":4,"victory":true,"max_hp_per_floor":[62,62,62,62,62,62,62,62,62,62,62,62,62,62,62,62,62,62,62,62,62,62,62,62,62,62,62,62,62,62,62,62,62,62,62,62,62,62,62,62,62,62,62,62,62,62,62,62,62,62,62,62,62,62,62,62],"relic_stats":{"Dream Catcher":2,"Gremlin Horn":[33,34],"counters":[30,112],"Gambling Chip":[54],"Bird Faced Urn":[79],"Pen Nib":[36],"Juzu Bracelet":0,"Medical Kit":[18],"GoldenEye":[0],"obtain_stats":[{"Gremlin Horn":7,"Pen Nib":25,"Juzu Bracelet":42,"Odd Mushroom":13,"Empty Cage":17,"Medical Kit":19,"GoldenEye":45,"Dream Catcher":8,"Anchor":26,"HornCleat":9,"Gambling Chip":0,"Bird Faced Urn":12,"Red Mask":31,"PureWater":0,"StrikeDummy":23},{"Gremlin Horn":4,"Pen Nib":14,"Juzu Bracelet":23,"Odd Mushroom":7,"Empty Cage":9,"Medical Kit":10,"GoldenEye":24,"Dream Catcher":5,"Anchor":14,"HornCleat":5,"Gambling Chip":0,"Bird Faced Urn":6,"Red Mask":16,"PureWater":0,"StrikeDummy":13},{"Gremlin Horn":12,"Pen Nib":56,"Juzu Bracelet":87,"Odd Mushroom":29,"Empty Cage":40,"Medical Kit":43,"GoldenEye":90,"Dream Catcher":15,"Anchor":56,"HornCleat":15,"Gambling Chip":0,"Bird Faced Urn":26,"Red Mask":61,"PureWater":0,"StrikeDummy":54}]},"card_choices":[{"not_picked":["WindmillStrike","SashWhip"],"picked":"FlurryOfBlows","floor":1.0},{"not_picked":["ThirdEye","PathToVictory","FollowUp"],"picked":"SKIP","floor":3.0},{"not_picked":["InnerPeace","Halt","SashWhip"],"picked":"SKIP","floor":4.0},{"not_picked":["EmptyBody","CrushJoints"],"picked":"Adaptation","floor":7.0},{"not_picked":["Crescendo","Wireheading","SandsOfTime"],"picked":"SKIP","floor":8.0},{"not_picked":["Prostrate","Swivel"],"picked":"FlurryOfBlows","floor":10.0},{"not_picked":["FlurryOfBlows","Wish"],"picked":"TalkToTheHand","floor":12.0},{"not_picked":["Evaluate","PathToVictory"],"picked":"Tantrum","floor":13.0},{"not_picked":["EmptyFist","BattleHymn"],"picked":"FearNoEvil","floor":14.0},{"not_picked":["Crescendo","WindmillStrike"],"picked":"CrushJoints","floor":15.0},{"not_picked":["Indignation+1","FollowUp","FlyingSleeves"],"picked":"SKIP","floor":18.0},{"not_picked":["SashWhip","Nirvana+1","Tantrum"],"picked":"SKIP","floor":20.0},{"not_picked":["Protect","Halt+1","Perseverance"],"picked":"SKIP","floor":21.0},{"not_picked":["Study","Brilliance","CutThroughFate"],"picked":"SKIP","floor":23.0},{"not_picked":["Prostrate","EmptyBody+1","ThirdEye"],"picked":"SKIP","floor":25.0},{"not_picked":["FlyingSleeves","Consecrate","EmptyFist"],"picked":"SKIP","floor":27.0},{"not_picked":["Blasphemy","Omniscience"],"picked":"Vault","floor":33.0},{"not_picked":["Consecrate","DeceiveReality+1","SashWhip"],"picked":"SKIP","floor":35.0},{"not_picked":["CrushJoints","PathToVictory","ReachHeaven"],"picked":"SKIP","floor":36.0},{"not_picked":["FearNoEvil+1","Worship"],"picked":"MentalFortress","floor":37.0},{"not_picked":["BowlingBash","Vengeance","PathToVictory"],"picked":"SKIP","floor":38.0},{"not_picked":["FollowUp","EmptyFist","CrushJoints"],"picked":"SKIP","floor":41.0},{"not_picked":["SignatureMove+1","DeceiveReality"],"picked":"InnerPeace+1","floor":42.0},{"not_picked":["DeusExMachina","WreathOfFlame+1","TalkToTheHand"],"picked":"SKIP","floor":45.0},{"not_picked":["Halt+1","WreathOfFlame","ThirdEye"],"picked":"SKIP","floor":46.0},{"not_picked":["ClearTheMind","WheelKick","SashWhip"],"picked":"SKIP","floor":48.0},{"not_picked":["Weave","ReachHeaven","LessonLearned"],"picked":"SKIP","floor":55}],"player_experience":484538,"relics_obtained":[{"floor":7.0,"key":"Gremlin Horn"},{"floor":8.0,"key":"Dream Catcher"},{"floor":9.0,"key":"HornCleat"},{"floor":12.0,"key":"Bird Faced Urn"},{"floor":13.0,"key":"Odd Mushroom"},{"floor":23.0,"key":"StrikeDummy"},{"floor":25.0,"key":"Pen Nib"},{"floor":26.0,"key":"Anchor"},{"floor":31.0,"key":"Red Mask"},{"floor":42.0,"key":"Juzu Bracelet"},{"floor":45.0,"key":"GoldenEye"}],"event_choices":[{"damage_healed":0.0,"max_hp_gain":0.0,"max_hp_loss":0.0,"gold_gain":0.0,"event_name":"Shining Light","player_choice":"Entered Light","floor":2.0,"gold_loss":0.0,"damage_taken":19.0,"cards_upgraded":["Defend_P","Defend_P"]},{"damage_healed":0.0,"max_hp_gain":0.0,"max_hp_loss":0.0,"gold_gain":0.0,"event_name":"Dead Adventurer","player_choice":"Searched \u00271\u0027 times","floor":7.0,"gold_loss":0.0,"damage_taken":0.0},{"damage_healed":0.0,"max_hp_gain":0.0,"max_hp_loss":0.0,"gold_gain":75.0,"event_name":"World of Goop","player_choice":"Gather Gold","floor":11.0,"gold_loss":0.0,"damage_taken":11.0},{"damage_healed":0.0,"max_hp_gain":0.0,"max_hp_loss":0.0,"gold_gain":0.0,"event_name":"Mushrooms","player_choice":"Fought Mushrooms","floor":13.0,"gold_loss":0.0,"damage_taken":0.0},{"damage_healed":0.0,"max_hp_gain":0.0,"max_hp_loss":0.0,"gold_gain":0.0,"event_name":"Upgrade Shrine","player_choice":"Upgraded","floor":22.0,"gold_loss":0.0,"damage_taken":0.0,"cards_upgraded":["Adaptation"]},{"cards_removed":["Defend_P"],"damage_healed":0.0,"max_hp_gain":0.0,"max_hp_loss":0.0,"gold_gain":0.0,"event_name":"Beggar","player_choice":"Gave Gold","floor":28.0,"gold_loss":75.0,"damage_taken":0.0},{"damage_healed":0.0,"max_hp_gain":0.0,"max_hp_loss":0.0,"gold_gain":0.0,"event_name":"Masked Bandits","player_choice":"Fought Bandits","floor":31.0,"gold_loss":0.0,"damage_taken":0.0},{"cards_removed":["Defend_P"],"damage_healed":0.0,"max_hp_gain":0.0,"max_hp_loss":0.0,"gold_gain":0.0,"event_name":"Falling","player_choice":"Removed Skill","floor":44.0,"gold_loss":0.0,"damage_taken":0.0}],"is_beta":false,"boss_relics":[{"not_picked":["Astrolabe","HolyWater"],"picked":"Empty Cage"},{"not_picked":["Cursed Key","Snecko Eye","Velvet Choker"]}],"items_purged_floors":[5,19,30,54],"is_endless":false,"potions_floor_spawned":[3,8,12,16,20,21,25,33,36,41,46,48,55],"ascension_level":20}}