{"host":"duxoyu97j36znyap","time":1610087431,"event":{"mods":["AlwaysNeverKeys","BaseMod","Bestiary","BetterRewards","Colored Map","DeckTracker","Filter the Spire","Googly Eyes","Minty Spire (QoL Compilation)","Permanent Neow","Rare Cards Sparkle","Relic Stats","StSLib"],"gold_per_floor":[114,13,13,29,104,138,158,83,83,119,144,160,179,214,214,214,214],"floor_reached":16,"playtime":475,"items_purged":["Strike_R"],"score":257,"play_id":"a7c63cbf-ef87-4cd7-bad5-54c4db085890","local_time":"20210108013031","is_ascension_mode":true,"campfire_choices":[{"floor":15,"key":"REST"}],"circlet_count":0,"master_deck":["AscendersBane","Strike_R","Strike_R","Strike_R","Strike_R","Defend_R","Defend_R","Defend_R","Defend_R","Bash","Uppercut+1","Cleave+1","Armaments","Thunderclap","Flex","Flame Barrier","Shrug It Off","Inflame","Infernal Blade","Twin Strike","True Grit"],"relics":["Black Star","Golden Idol","StrikeDummy","TungstenRod","Omamori","Whetstone","Du-Vu Doll","Tiny Chest","Prayer Wheel"],"acts_visited":["Exordium"],"potions_floor_usage":[6,14,16],"damage_taken":[{"damage":1,"enemies":"Cultist","floor":1,"turns":3},{"damage":0,"enemies":"2 Louse","floor":4,"turns":3},{"damage":6,"enemies":"Gremlin Nob","floor":6,"turns":3},{"damage":11,"enemies":"Jaw Worm","floor":7,"turns":2},{"damage":23,"enemies":"3 Sentries","floor":10,"turns":7},{"damage":6,"enemies":"Lots of Slimes","floor":11,"turns":2},{"damage":4,"enemies":"Large Slime","floor":12,"turns":4},{"damage":0,"enemies":"Blue Slaver","floor":13,"turns":3},{"damage":0,"enemies":"Gremlin Nob","floor":14,"turns":3},{"damage":28,"enemies":"Slime Boss","floor":16,"turns":7}],"seed_played":"-133146700924945472","potions_obtained":[{"floor":1,"key":"DistilledChaos"},{"floor":10,"key":"Ancient Potion"},{"floor":13,"key":"BlessingOfTheForge"},{"floor":14,"key":"Swift Potion"}],"is_trial":false,"path_per_floor":["M","$","?","M","?","E","M","$","T","E","M","M","M","E","R","B"],"character_chosen":"IRONCLAD","items_purchased":["Cleave","Armaments"],"campfire_rested":1,"item_purchase_floors":[2,2],"current_hp_per_floor":[67,67,67,67,56,50,39,39,39,16,10,6,6,6,26,0,0],"gold":214,"neow_bonus":"BOSS_RELIC","is_daily":false,"chose_seed":false,"campfire_upgraded":0,"win_rate":0.0,"timestamp":1610087431,"path_taken":["M","?","?","M","?","E","?","$","T","E","?","M","M","E","R","BOSS"],"items_purchased_type":["Card","Card"],"build_version":"2020-12-22","purchased_purges":1,"victory":false,"max_hp_per_floor":[75,75,68,68,68,68,68,68,68,68,68,68,68,68,68,68,68],"relic_stats":{"counters":[10,37],"Golden Idol":40,"Tiny Chest":0,"Prayer Wheel":0,"Black Star":3,"Whetstone":["Uppercut","Cleave"],"obtain_stats":[{"Du-Vu Doll":10,"Golden Idol":3,"Tiny Chest":14,"Prayer Wheel":14,"Black Star":0,"Omamori":9,"Whetstone":10,"StrikeDummy":6,"Burning Blood":0,"TungstenRod":6},{"Du-Vu Doll":5,"Golden Idol":1,"Tiny Chest":9,"Prayer Wheel":9,"Black Star":0,"Omamori":4,"Whetstone":5,"StrikeDummy":3,"Burning Blood":0,"TungstenRod":3},{"Du-Vu Doll":18,"Golden Idol":3,"Tiny Chest":30,"Prayer Wheel":30,"Black Star":0,"Omamori":11,"Whetstone":18,"StrikeDummy":9,"Burning Blood":0,"TungstenRod":9}],"TungstenRod":11},"card_choices":[{"not_picked":["Armaments","Wild Strike"],"picked":"Uppercut","floor":1},{"not_picked":["Warcry","Headbutt"],"picked":"Thunderclap","floor":4},{"not_picked":["Body Slam","Headbutt"],"picked":"Flex","floor":6},{"not_picked":["Clothesline","Metallicize"],"picked":"Flame Barrier","floor":7},{"not_picked":["Dropkick","Uppercut"],"picked":"Shrug It Off","floor":10},{"not_picked":["Sentinel","Warcry"],"picked":"Inflame","floor":11},{"not_picked":["Dual Wield","Juggernaut"],"picked":"Infernal Blade","floor":12},{"not_picked":["Armaments","Body Slam"],"picked":"Twin Strike","floor":13},{"not_picked":["Wild Strike","Clash"],"picked":"True Grit","floor":14}],"player_experience":556600,"relics_obtained":[{"floor":6,"key":"StrikeDummy"},{"floor":6,"key":"TungstenRod"},{"floor":9,"key":"Omamori"},{"floor":10,"key":"Whetstone"},{"floor":10,"key":"Du-Vu Doll"},{"floor":14,"key":"Tiny Chest"},{"floor":14,"key":"Prayer Wheel"}],"event_choices":[{"damage_healed":0,"gold_gain":0,"player_choice":"Lose Max HP","damage_taken":0,"relics_obtained":["Golden Idol"],"max_hp_gain":0,"max_hp_loss":7,"event_name":"Golden Idol","floor":3,"gold_loss":0},{"damage_healed":0,"gold_gain":75,"player_choice":"Gather Gold","damage_taken":11,"max_hp_gain":0,"max_hp_loss":0,"event_name":"World of Goop","floor":5,"gold_loss":0}],"is_beta":false,"boss_relics":[],"items_purged_floors":[8],"is_endless":false,"potions_floor_spawned":[1,10,13,14],"killed_by":"Slime Boss","ascension_level":15}}