{"host":"y3h3n3f7seyagppx","time":1610065237,"event":{"mods":["BaseMod","Colored Map","Colored Powertips","DeckTracker","Minty Spire (QoL Compilation)","Random Character Button","Rare Cards Sparkle","Relic Sorter","Relic Stats","StSLib"],"gold_per_floor":[113,132,142,153,203,203,229,229,229,257,270,270,283,297,297,369,369,341,18,31,31,31,66,76,76,76,92,126,126,167,189,198,281,281,302,302,1319,1342,1063,1063,1082,1120,1129,581,581,599,599,633,633,633,633,633],"floor_reached":51,"playtime":6344,"items_purged":["Normality","Normality"],"score":1604,"play_id":"3507f3aa-6024-4226-9d96-d814ea068c65","local_time":"20210107192037","is_ascension_mode":true,"campfire_choices":[{"data":"Armaments","floor":6,"key":"SMITH"},{"data":"Blood for Blood","floor":8,"key":"SMITH"},{"floor":12,"key":"REST"},{"floor":15,"key":"REST"},{"floor":25,"key":"REST"},{"floor":29,"key":"REST"},{"floor":32,"key":"REST"},{"data":"Body Slam","floor":40,"key":"SMITH"},{"floor":45,"key":"REST"},{"floor":49,"key":"RECALL"}],"circlet_count":0,"master_deck":["AscendersBane","Strike_R+1","Strike_R+1","Strike_R+1","Strike_R+1","Strike_R+1","Defend_R+1","Defend_R+1","Defend_R+1","Defend_R+1","Bash","Cleave","Armaments+1","Blood for Blood+1","True Grit+1","Body Slam+1","Havoc+1","Battle Trance+1","Disarm+1","Reaper","Pommel Strike+1","Sentinel+1","Disarm+1","Burning Pact+1","Warcry+1","Shockwave+1","Spot Weakness+1","Shrug It Off+1","Entrench+1","Double Tap+1","Feel No Pain","Dual Wield+1","Shrug It Off+1","Evolve+1","True Grit+1","Regret","Battle Trance+1","Spot Weakness+1"],"relics":["Burning Blood","Nunchaku","Dream Catcher","Gremlin Horn","Toxic Egg 2","Philosopher\u0027s Stone","Gambling Chip","StrikeDummy","InkBottle","Mango","CeramicFish","Cursed Key","Bronze Scales","Smiling Mask","OrangePellets","Potion Belt","Question Card"],"acts_visited":["Exordium","TheCity","TheBeyond"],"potions_floor_usage":[7,10,10,18,23,28,41,48,50,50,51],"damage_taken":[{"damage":11,"enemies":"Jaw Worm","floor":1,"turns":5},{"damage":6,"enemies":"Cultist","floor":2,"turns":3},{"damage":0,"enemies":"Small Slimes","floor":3,"turns":4},{"damage":13,"enemies":"3 Louse","floor":4,"turns":3},{"damage":24,"enemies":"Lagavulin","floor":7,"turns":8},{"damage":19,"enemies":"Gremlin Nob","floor":10,"turns":4},{"damage":16,"enemies":"Exordium Thugs","floor":11,"turns":7},{"damage":12,"enemies":"2 Fungi Beasts","floor":13,"turns":2},{"damage":2,"enemies":"Looter","floor":14,"turns":3},{"damage":31,"enemies":"The Guardian","floor":16,"turns":13},{"damage":17,"enemies":"2 Thieves","floor":18,"turns":4},{"damage":18,"enemies":"Spheric Guardian","floor":20,"turns":5},{"damage":0,"enemies":"Slavers","floor":23,"turns":4},{"damage":9,"enemies":"Snake Plant","floor":24,"turns":5},{"damage":6,"enemies":"Centurion and Healer","floor":27,"turns":6},{"damage":3,"enemies":"Gremlin Leader","floor":28,"turns":5},{"damage":26,"enemies":"Slavers","floor":30,"turns":4},{"damage":3,"enemies":"Shelled Parasite and Fungi","floor":31,"turns":5},{"damage":53,"enemies":"Automaton","floor":33,"turns":10},{"damage":9,"enemies":"3 Shapes","floor":35,"turns":4},{"damage":18,"enemies":"Orb Walker","floor":38,"turns":4},{"damage":22,"enemies":"Spire Growth","floor":41,"turns":3},{"damage":0,"enemies":"Nemesis","floor":42,"turns":9},{"damage":0,"enemies":"4 Shapes","floor":46,"turns":4},{"damage":91,"enemies":"Giant Head","floor":48,"turns":9},{"damage":92,"enemies":"Time Eater","floor":50,"turns":13},{"damage":15,"enemies":"Donu and Deca","floor":51,"turns":4}],"seed_played":"8060355381134121818","potions_obtained":[{"floor":2,"key":"EssenceOfSteel"},{"floor":4,"key":"DistilledChaos"},{"floor":7,"key":"Block Potion"},{"floor":14,"key":"Dexterity Potion"},{"floor":16,"key":"Strength Potion"},{"floor":18,"key":"DistilledChaos"},{"floor":24,"key":"Fire Potion"},{"floor":27,"key":"LiquidMemories"},{"floor":35,"key":"ColorlessPotion"},{"floor":42,"key":"SkillPotion"}],"is_trial":false,"path_per_floor":["M","M","M","M","?","R","E","R","T","E","M","R","M","M","R","B",null,"M","$","M","?","?","E","M","R","T","M","E","R","E","M","R","B",null,"M","?","?","M","$","R","M","E","T","$","R","M","?","E","R","B","B"],"character_chosen":"IRONCLAD","items_purchased":["Gambling Chip","Bronze Scales","Shrug It Off+1","OrangePellets","Potion Belt","BloodPotion","Battle Trance+1","DuplicationPotion"],"campfire_rested":6,"item_purchase_floors":[19,39,39,44,44,44,44,44],"current_hp_per_floor":[63,63,69,62,55,55,37,37,37,24,14,36,30,34,56,31,64,61,61,53,53,53,65,66,75,75,75,89,89,81,87,89,60,82,89,85,85,73,73,73,57,63,63,63,85,85,85,58,58,15,0,0],"gold":633,"neow_bonus":"RANDOM_COMMON_RELIC","is_daily":false,"chose_seed":false,"campfire_upgraded":3,"win_rate":0.0,"timestamp":1610065237,"path_taken":["M","M","M","M","?","R","E","R","T","E","M","R","?","M","R","BOSS","M","$","M","?","?","E","M","R","T","M","E","R","E","M","R","BOSS","M","?","?","M","$","R","M","E","T","$","R","M","?","E","R","BOSS","BOSS"],"items_purchased_type":["Relic","Relic","Card","Relic","Relic","Potion","Card","Potion"],"build_version":"2020-12-22","purchased_purges":2,"victory":false,"max_hp_per_floor":[75,75,75,75,75,75,75,75,75,75,75,75,75,75,75,75,75,75,75,75,75,75,75,75,75,75,75,89,89,89,89,89,89,89,89,85,85,85,85,85,85,85,85,85,85,85,85,85,85,85,85,85],"relic_stats":{"Gremlin Horn":[18,22],"counters":[27,150],"CeramicFish":126,"Cursed Key":1,"Smiling Mask":50,"Question Card":0,"Burning Blood":143,"OrangePellets":[2],"Nunchaku":[28],"Dream Catcher":6,"Gambling Chip":[55],"Bronze Scales":[109],"obtain_stats":[{"Potion Belt":44,"Gremlin Horn":9,"CeramicFish":30,"Mango":28,"Cursed Key":34,"Smiling Mask":42,"Question Card":48,"Burning Blood":0,"OrangePellets":44,"Nunchaku":0,"Dream Catcher":7,"Gambling Chip":19,"Bronze Scales":39,"Philosopher\u0027s Stone":17,"Toxic Egg 2":10,"StrikeDummy":23,"InkBottle":26},{"Potion Belt":23,"Gremlin Horn":5,"CeramicFish":17,"Mango":16,"Cursed Key":19,"Smiling Mask":23,"Question Card":25,"Burning Blood":0,"OrangePellets":23,"Nunchaku":0,"Dream Catcher":5,"Gambling Chip":11,"Bronze Scales":21,"Philosopher\u0027s Stone":10,"Toxic Egg 2":6,"StrikeDummy":13,"InkBottle":14},{"Potion Belt":120,"Gremlin Horn":23,"CeramicFish":85,"Mango":81,"Cursed Key":100,"Smiling Mask":120,"Question Card":133,"Burning Blood":0,"OrangePellets":120,"Nunchaku":0,"Dream Catcher":23,"Gambling Chip":56,"Bronze Scales":108,"Philosopher\u0027s Stone":52,"Toxic Egg 2":27,"StrikeDummy":65,"InkBottle":70}],"InkBottle":[31]},"card_choices":[{"not_picked":["True Grit","Flex"],"picked":"Cleave","floor":1},{"not_picked":["Metallicize","Pommel Strike"],"picked":"Armaments","floor":2},{"not_picked":["Searing Blow","Bloodletting"],"picked":"Blood for Blood","floor":3},{"not_picked":["Cleave","Havoc","Rampage"],"picked":"SKIP","floor":4},{"not_picked":["Twin Strike","Warcry","Clash"],"picked":"SKIP","floor":7},{"not_picked":["Inflame","Double Tap+1"],"picked":"True Grit+1","floor":10},{"not_picked":["Burning Pact+1","Twin Strike"],"picked":"Body Slam","floor":11},{"not_picked":["Blood for Blood","Body Slam"],"picked":"Havoc+1","floor":13},{"not_picked":["Feel No Pain","Combust"],"picked":"Battle Trance+1","floor":14},{"not_picked":["Feel No Pain","Body Slam"],"picked":"Disarm+1","floor":15},{"not_picked":["Limit Break+1","Juggernaut"],"picked":"Reaper","floor":16},{"not_picked":["Iron Wave","Flex+1"],"picked":"Pommel Strike+1","floor":18},{"not_picked":["Thunderclap","Rupture"],"picked":"Sentinel+1","floor":20},{"not_picked":["Clothesline","Sword Boomerang"],"picked":"Disarm+1","floor":23},{"not_picked":["Pommel Strike","Blood for Blood","Reckless Charge"],"picked":"SKIP","floor":24},{"not_picked":["Havoc+1","Clothesline"],"picked":"Burning Pact+1","floor":25},{"not_picked":["Flex+1","Hemokinesis","Warcry+1"],"picked":"SKIP","floor":27},{"not_picked":["Flex+1","Hemokinesis"],"picked":"Warcry+1","floor":27},{"not_picked":["Immolate","Power Through+1"],"picked":"Shockwave+1","floor":28},{"not_picked":["Iron Wave","Havoc+1"],"picked":"Spot Weakness+1","floor":30},{"not_picked":["Pommel Strike","Havoc+1"],"picked":"Shrug It Off+1","floor":31},{"not_picked":["Iron Wave","Sentinel+1"],"picked":"Entrench+1","floor":32},{"not_picked":["Bludgeon","Brutality"],"picked":"Double Tap+1","floor":33},{"not_picked":["Cleave","Inflame"],"picked":"Feel No Pain","floor":35},{"not_picked":["Body Slam","Carnage+1"],"picked":"Dual Wield+1","floor":38},{"not_picked":["Twin Strike","Sword Boomerang"],"picked":"Evolve+1","floor":41},{"not_picked":["Havoc+1","Body Slam+1"],"picked":"True Grit+1","floor":42},{"not_picked":["Twin Strike","Dual Wield+1","Anger"],"picked":"SKIP","floor":46},{"not_picked":["Flex+1","Hemokinesis"],"picked":"Spot Weakness+1","floor":48}],"player_experience":20447491,"relics_obtained":[{"floor":7,"key":"Dream Catcher"},{"floor":9,"key":"Gremlin Horn"},{"floor":10,"key":"Toxic Egg 2"},{"floor":23,"key":"StrikeDummy"},{"floor":26,"key":"InkBottle"},{"floor":28,"key":"Mango"},{"floor":30,"key":"CeramicFish"},{"floor":42,"key":"Smiling Mask"},{"floor":48,"key":"Question Card"}],"event_choices":[{"damage_healed":0,"gold_gain":50,"player_choice":"Touch","damage_taken":7,"max_hp_gain":0,"max_hp_loss":0,"event_name":"FaceTrader","floor":5,"gold_loss":0},{"damage_healed":0,"gold_gain":0,"player_choice":"Simplicity","damage_taken":0,"max_hp_gain":0,"max_hp_loss":0,"event_name":"Back to Basics","floor":21,"gold_loss":0,"cards_upgraded":["Strike_R","Strike_R","Strike_R","Strike_R","Strike_R","Defend_R","Defend_R","Defend_R","Defend_R"]},{"damage_healed":0,"gold_gain":0,"player_choice":"Got Potions","damage_taken":0,"max_hp_gain":0,"max_hp_loss":0,"event_name":"Lab","floor":22,"gold_loss":0},{"damage_healed":0,"gold_gain":0,"player_choice":"Max HP","damage_taken":0,"max_hp_gain":0,"max_hp_loss":4,"event_name":"Winding Halls","floor":36,"gold_loss":0},{"damage_healed":0,"gold_gain":999,"player_choice":"Gold","damage_taken":0,"max_hp_gain":0,"max_hp_loss":0,"event_name":"MindBloom","floor":37,"gold_loss":0,"cards_obtained":["Normality","Normality"]},{"damage_healed":0,"gold_gain":0,"player_choice":"Ignored","damage_taken":0,"max_hp_gain":0,"max_hp_loss":0,"event_name":"SecretPortal","floor":47,"gold_loss":0}],"is_beta":false,"boss_relics":[{"not_picked":["Black Star","Pandora\u0027s Box"],"picked":"Philosopher\u0027s Stone"},{"not_picked":["Runic Cube","Sozu"],"picked":"Cursed Key"}],"items_purged_floors":[39,44],"is_endless":false,"potions_floor_spawned":[2,4,7,14,16,18,24,27,35,42,46],"killed_by":"Donu and Deca","ascension_level":20}}