{"host":"ig7tc0uedzltt2sr","time":1610067112,"event":{"mods":["BaseMod","Better Twitch Integration","Block Reminder","Colored Map","Colored Powertips","Communication Mod","Current Relic Mod","GifTheSpireLib","HexUI Lib","Minty Spire (QoL Compilation)","Quick Restart","Random Character Button","Rare Cards Sparkle","Relic Sorter","Relic Stats","Slay the Relics Exporter","StSLib","SuperFastMode","Synergy Search","Twitch Decklist","Twitch Utils","everything is the same but u backflip on backflip","slay the spire mod where everything is the same but ironclad has a cowboy hat"],"gold_per_floor":[113,113,113,124,124,159,174,174,174,194,194,204,204,216,216,216,216],"floor_reached":16,"playtime":88,"items_purged":[],"score":127,"play_id":"a889658c-75c0-4092-96e0-90b186b8f1c3","local_time":"20210107165152","is_ascension_mode":false,"campfire_choices":[{"floor":8,"key":"RECALL"},{"floor":11,"key":"REST"},{"floor":15,"key":"REST"}],"circlet_count":0,"master_deck":["Strike_R","Strike_R","Strike_R","Strike_R","Strike_R","Defend_R","Defend_R","Defend_R","Defend_R","Bash","Heavy Blade+1","Havoc","Blood for Blood","Inflame","Twin Strike","Pommel Strike","Barricade","Whirlwind","Hemokinesis"],"relics":["Burning Blood","NeowsBlessing","Dream Catcher","Akabeko"],"acts_visited":["Exordium"],"potions_floor_usage":[],"damage_taken":[{"damage":2,"enemies":"2 Louse","floor":1,"turns":2},{"damage":0,"enemies":"Cultist","floor":4,"turns":1},{"damage":0,"enemies":"Lagavulin","floor":6,"turns":1},{"damage":19,"enemies":"Jaw Worm","floor":7,"turns":9},{"damage":33,"enemies":"Gremlin Gang","floor":10,"turns":7},{"damage":12,"enemies":"Exordium Thugs","floor":12,"turns":6},{"damage":28,"enemies":"Red Slaver","floor":14,"turns":4},{"damage":64,"enemies":"Slime Boss","floor":16,"turns":5}],"seed_played":"-4760276763914020704","potions_obtained":[{"floor":4,"key":"BloodPotion"},{"floor":6,"key":"Swift Potion"},{"floor":12,"key":"ColorlessPotion"}],"is_trial":false,"path_per_floor":["M","$","?","M","T","E","M","R","T","M","R","M","?","M","R","B"],"character_chosen":"IRONCLAD","items_purchased":[],"campfire_rested":2,"item_purchase_floors":[],"current_hp_per_floor":[80,80,80,80,80,80,67,67,67,40,64,58,58,36,60,0,0],"gold":216,"neow_bonus":"THREE_ENEMY_KILL","is_daily":false,"chose_seed":false,"campfire_upgraded":0,"win_rate":0.0,"timestamp":1610067112,"path_taken":["M","$","?","?","?","E","M","R","T","M","R","?","?","?","R","BOSS"],"items_purchased_type":[],"build_version":"2020-12-22","purchased_purges":0,"victory":false,"max_hp_per_floor":[80,80,80,80,80,80,80,80,80,80,80,80,80,80,80,80,80],"relic_stats":{"Dream Catcher":2,"counters":[8,35],"obtain_stats":[{"Dream Catcher":6,"NeowsBlessing":0,"Burning Blood":0,"Akabeko":9},{"Dream Catcher":3,"NeowsBlessing":0,"Burning Blood":0,"Akabeko":4},{"Dream Catcher":4,"NeowsBlessing":0,"Burning Blood":0,"Akabeko":13}],"Burning Blood":26},"card_choices":[{"not_picked":["Sword Boomerang","Twin Strike"],"picked":"Heavy Blade","floor":1},{"not_picked":["Perfected Strike","Disarm"],"picked":"Havoc","floor":4},{"not_picked":["Evolve","Headbutt"],"picked":"Blood for Blood","floor":6},{"not_picked":["Headbutt","Entrench"],"picked":"Inflame","floor":7},{"not_picked":["Warcry","Anger"],"picked":"Twin Strike","floor":10},{"not_picked":["Cleave","Carnage"],"picked":"Pommel Strike","floor":11},{"not_picked":["Rupture","Seeing Red"],"picked":"Barricade","floor":12},{"not_picked":["Havoc","Twin Strike"],"picked":"Whirlwind","floor":14},{"not_picked":["Pummel","Warcry"],"picked":"Hemokinesis","floor":15}],"player_experience":1464963,"relics_obtained":[{"floor":6,"key":"Dream Catcher"},{"floor":9,"key":"Akabeko"}],"event_choices":[{"damage_healed":0,"gold_gain":0,"player_choice":"Upgraded","damage_taken":0,"max_hp_gain":0,"max_hp_loss":0,"event_name":"Upgrade Shrine","floor":3,"gold_loss":0,"cards_upgraded":["Heavy Blade"]},{"damage_healed":0,"gold_gain":0,"player_choice":"Ignored","damage_taken":0,"max_hp_gain":0,"max_hp_loss":0,"event_name":"Golden Shrine","floor":13,"gold_loss":0}],"is_beta":false,"boss_relics":[],"items_purged_floors":[],"is_endless":false,"potions_floor_spawned":[4,6,12],"killed_by":"Slime Boss","ascension_level":0}}