{"host":"j4g6ia6asvpyu2b0","time":1610119217,"event":{"mods":["BaseMod","Colored Map","Minty Spire (QoL Compilation)","Permanent Neow","Quick Restart","Relic Stats","StSLib","Unceasing Turn Reminder"],"gold_per_floor":[360,373,373,373,274,310,310,349,398,438,467,467,506,532,532,644,644,665,690,711,726,726,726,760,778,787,787,448,448,466,503,503,615,615,633,363,376,376,385,413,426,456,491,516,516,556,556,572,572,572,572,572,43,82,82,82],"floor_reached":55,"playtime":2178,"items_purged":["Strike_R","Regret","Strike_R","Doubt"],"score":1409,"play_id":"d0d6f5f3-bb1f-4492-a55f-39c5cf3b6369","local_time":"20210108082017","is_ascension_mode":true,"campfire_choices":[{"floor":7.0,"key":"RECALL"},{"floor":12.0,"key":"DIG"},{"data":"Strike_R","floor":15.0,"key":"PURGE"},{"floor":23.0,"key":"DIG"},{"floor":27.0,"key":"DIG"},{"floor":29.0,"key":"DIG"},{"floor":32.0,"key":"DIG"},{"data":"Barricade","floor":45,"key":"SMITH"},{"floor":47,"key":"DIG"},{"floor":49,"key":"DIG"},{"floor":52,"key":"DIG"}],"circlet_count":0,"master_deck":["Strike_R","Strike_R","Defend_R","Defend_R","Defend_R","Bash","Iron Wave","Apotheosis+1","Shrug It Off","Dropkick","Clothesline","Battle Trance","Twin Strike","Spot Weakness","Dual Wield","Barricade+1","Thunderclap+1","Pommel Strike+1","True Grit","Shrug It Off","Disarm","Metallicize","Body Slam","Reaper","Dark Shackles","Brutality","Rupture","Headbutt","Infernal Blade","Body Slam"],"relics":["Burning Blood","CeramicFish","Akabeko","Blood Vial","Shovel","Gremlin Horn","Peace Pipe","Cursed Key","Art of War","Pear","Singing Bowl","Gambling Chip","Happy Flower","StrikeDummy","Lantern","Pen Nib","Busted Crown","Sling","Ancient Tea Set","Centennial Puzzle","Question Card","Shuriken","Anchor","Strawberry","Pantograph","Mummified Hand","Bag of Marbles"],"acts_visited":["Exordium","TheCity","TheBeyond","TheEnding"],"potions_floor_usage":[54,55,55],"damage_taken":[{"damage":6.0,"enemies":"Cultist","floor":1.0,"turns":4.0},{"damage":2.0,"enemies":"Small Slimes","floor":2.0,"turns":4.0},{"damage":6.0,"enemies":"Lagavulin","floor":6.0,"turns":9.0},{"damage":14.0,"enemies":"3 Sentries","floor":8.0,"turns":8.0},{"damage":27.0,"enemies":"Gremlin Nob","floor":10.0,"turns":4.0},{"damage":2.0,"enemies":"Jaw Worm","floor":11.0,"turns":3.0},{"damage":0.0,"enemies":"Lagavulin","floor":13.0,"turns":7.0},{"damage":2.0,"enemies":"Lots of Slimes","floor":14.0,"turns":2.0},{"damage":51.0,"enemies":"Hexaghost","floor":16.0,"turns":8.0},{"damage":3.0,"enemies":"2 Thieves","floor":18.0,"turns":3.0},{"damage":4.0,"enemies":"3 Byrds","floor":19.0,"turns":3.0},{"damage":2.0,"enemies":"Snecko","floor":20.0,"turns":3.0},{"damage":14.0,"enemies":"Cultist and Chosen","floor":21.0,"turns":6.0},{"damage":32.0,"enemies":"Book of Stabbing","floor":24.0,"turns":5.0},{"damage":8.0,"enemies":"Snake Plant","floor":25.0,"turns":6.0},{"damage":0.0,"enemies":"Centurion and Healer","floor":30.0,"turns":8.0},{"damage":20.0,"enemies":"Slavers","floor":31.0,"turns":3.0},{"damage":19.0,"enemies":"Champ","floor":33.0,"turns":16.0},{"damage":0.0,"enemies":"Orb Walker","floor":35.0,"turns":2.0},{"damage":0.0,"enemies":"3 Darklings","floor":37.0,"turns":4.0},{"damage":14,"enemies":"Reptomancer","floor":40,"turns":4},{"damage":15,"enemies":"Spire Growth","floor":41,"turns":4},{"damage":0,"enemies":"Giant Head","floor":42,"turns":7},{"damage":16,"enemies":"Nemesis","floor":44,"turns":5},{"damage":0,"enemies":"Reptomancer","floor":46,"turns":5},{"damage":1,"enemies":"Jaw Worm Horde","floor":48,"turns":2},{"damage":10,"enemies":"Time Eater","floor":50,"turns":9},{"damage":68,"enemies":"Shield and Spear","floor":54,"turns":7},{"damage":99,"enemies":"The Heart","floor":55,"turns":5}],"seed_played":"6981211243973132160","potions_obtained":[{"floor":1.0,"key":"SteroidPotion"},{"floor":8.0,"key":"Explosive Potion"},{"floor":13.0,"key":"PowerPotion"},{"floor":14.0,"key":"Energy Potion"},{"floor":19.0,"key":"DuplicationPotion"},{"floor":20.0,"key":"FearPotion"},{"floor":21.0,"key":"LiquidBronze"},{"floor":24.0,"key":"Dexterity Potion"},{"floor":31.0,"key":"Swift Potion"},{"floor":37,"key":"ColorlessPotion"},{"floor":40,"key":"Strength Potion"},{"floor":41,"key":"Strength Potion"}],"is_trial":false,"path_per_floor":["M","M","?","?","$","E","R","E","T","E","M","R","E","M","R","B",null,"M","M","M","M","?","R","E","M","T","R","$","R","M","E","R","B",null,"M","$","M","?","?","E","M","E","T","E","R","E","R","M","R","B",null,"R","$","E","B"],"character_chosen":"IRONCLAD","items_purchased":["Shrug It Off","Happy Flower","Disarm","Metallicize","Sling","Mummified Hand","Rupture","Headbutt","Infernal Blade"],"campfire_rested":0,"item_purchase_floors":[5,28,28,28,36,53,53,53,53],"current_hp_per_floor":[72,72,72,72,72,72,72,64,64,45,51,51,59,65,65,22,60,65,69,72,64,64,64,50,50,50,50,50,50,60,48,48,37,72,86,86,88,88,82,78,73,98,98,90,90,100,100,102,109,105,108,108,108,71,0,0],"gold":82,"neow_bonus":"TWO_FIFTY_GOLD","is_daily":false,"chose_seed":false,"campfire_upgraded":1,"win_rate":0.0,"timestamp":1610119217,"path_taken":["M","M","?","?","$","E","R","E","T","E","M","R","E","M","R","BOSS","M","M","?","M","?","R","E","M","T","R","$","R","M","E","R","BOSS","M","$","?","?","?","E","M","E","T","E","R","E","R","M","R","BOSS","R","$","E","BOSS"],"items_purchased_type":["Card","Relic","Card","Card","Relic","Relic","Card","Card","Card"],"build_version":"2020-12-22","purchased_purges":4,"victory":false,"max_hp_per_floor":[72,72,72,72,72,72,72,72,72,72,72,72,72,72,72,72,72,72,72,72,72,72,72,82,82,82,82,82,82,84,84,84,84,84,86,86,88,88,92,94,96,98,98,100,100,100,100,102,109,109,109,109,109,109,109,109],"relic_stats":{"Gremlin Horn":[20,25],"Singing Bowl":20,"Happy Flower":[27],"counters":[29,156],"CeramicFish":207,"Pen Nib":[14],"Cursed Key":2,"Question Card":3,"Burning Blood":139,"Blood Vial":39,"Peace Pipe":2,"Centennial Puzzle":[15],"Shovel":8,"Busted Crown":26,"Shuriken":[10],"Mummified Hand":[8],"Gambling Chip":[29],"Pantograph":25,"Art of War":[12],"obtain_stats":[{"Lantern":31,"Gremlin Horn":12,"Singing Bowl":26,"CeramicFish":6,"Cursed Key":17,"Sling":36,"Ancient Tea Set":40,"Burning Blood":0,"Blood Vial":9,"Centennial Puzzle":42,"Shovel":10,"Mummified Hand":53,"Gambling Chip":27,"Strawberry":49,"Pantograph":52,"Pear":24,"Happy Flower":28,"Pen Nib":32,"Question Card":44,"Akabeko":8,"Peace Pipe":13,"Anchor":47,"Busted Crown":34,"Shuriken":46,"Art of War":23,"Bag of Marbles":54,"StrikeDummy":29},{"Lantern":17,"Gremlin Horn":6,"Singing Bowl":15,"CeramicFish":3,"Cursed Key":9,"Sling":19,"Ancient Tea Set":21,"Burning Blood":0,"Blood Vial":4,"Centennial Puzzle":23,"Shovel":5,"Mummified Hand":27,"Gambling Chip":15,"Strawberry":26,"Pantograph":27,"Pear":14,"Happy Flower":15,"Pen Nib":17,"Question Card":24,"Akabeko":4,"Peace Pipe":7,"Anchor":25,"Busted Crown":18,"Shuriken":25,"Art of War":13,"Bag of Marbles":28,"StrikeDummy":15},{"Lantern":86,"Gremlin Horn":32,"Singing Bowl":75,"CeramicFish":17,"Cursed Key":49,"Sling":104,"Ancient Tea Set":112,"Burning Blood":0,"Blood Vial":25,"Centennial Puzzle":123,"Shovel":29,"Mummified Hand":144,"Gambling Chip":75,"Strawberry":135,"Pantograph":144,"Pear":69,"Happy Flower":75,"Pen Nib":86,"Question Card":128,"Akabeko":25,"Peace Pipe":39,"Anchor":133,"Busted Crown":102,"Shuriken":133,"Art of War":64,"Bag of Marbles":151,"StrikeDummy":75}]},"card_choices":[{"not_picked":["Evolve","Body Slam"],"picked":"Iron Wave","floor":1.0},{"not_picked":["Wild Strike","True Grit"],"picked":"Spot Weakness","floor":2.0},{"not_picked":["Clash","Warcry"],"picked":"Dropkick","floor":6.0},{"not_picked":["Rage","Thunderclap"],"picked":"Clothesline","floor":8.0},{"not_picked":["Blood for Blood","Dual Wield"],"picked":"Battle Trance","floor":10.0},{"not_picked":["Havoc","Armaments"],"picked":"Twin Strike","floor":11.0},{"not_picked":["Shockwave","Seeing Red"],"picked":"Spot Weakness","floor":13.0},{"not_picked":["Fire Breathing","Dark Embrace"],"picked":"Dual Wield","floor":14.0},{"not_picked":["Fiend Fire","Juggernaut"],"picked":"Barricade","floor":16.0},{"not_picked":["Havoc","Pummel"],"picked":"Thunderclap+1","floor":18.0},{"not_picked":["Sword Boomerang","Heavy Blade"],"picked":"Pommel Strike+1","floor":19.0},{"not_picked":["Sword Boomerang","Wild Strike"],"picked":"True Grit","floor":20.0},{"not_picked":["Power Through","Armaments","Bloodletting+1"],"picked":"SKIP","floor":21.0},{"not_picked":["Clothesline","Battle Trance"],"picked":"Shrug It Off","floor":24.0},{"not_picked":["Cleave","Reckless Charge","Dual Wield"],"picked":"SKIP","floor":25.0},{"not_picked":["Brutality","Armaments","Heavy Blade"],"picked":"Singing Bowl","floor":30.0},{"not_picked":["Dual Wield","Combust"],"picked":"Body Slam","floor":31.0},{"not_picked":["Double Tap","Bludgeon"],"picked":"Reaper","floor":33.0},{"not_picked":["Intimidate+1"],"picked":"Singing Bowl","floor":35.0},{"not_picked":["Combust"],"picked":"Singing Bowl","floor":37},{"not_picked":[],"picked":"Dark Shackles","floor":39},{"not_picked":["Thinking Ahead"],"picked":"Singing Bowl","floor":39},{"not_picked":["Panacea"],"picked":"Singing Bowl","floor":39},{"not_picked":["True Grit"],"picked":"Singing Bowl","floor":40},{"not_picked":["Warcry"],"picked":"Singing Bowl","floor":41},{"not_picked":["Anger+1"],"picked":"Singing Bowl","floor":42},{"not_picked":["Dropkick"],"picked":"Singing Bowl","floor":44},{"not_picked":["Reckless Charge"],"picked":"Brutality","floor":46},{"not_picked":["Sword Boomerang","Fire Breathing+1"],"picked":"Singing Bowl","floor":48},{"not_picked":["Rampage"],"picked":"Body Slam","floor":54}],"player_experience":766796,"relics_obtained":[{"floor":6.0,"key":"CeramicFish"},{"floor":8.0,"key":"Akabeko"},{"floor":9.0,"key":"Blood Vial"},{"floor":10.0,"key":"Shovel"},{"floor":12.0,"key":"Gremlin Horn"},{"floor":13.0,"key":"Peace Pipe"},{"floor":23.0,"key":"Art of War"},{"floor":24.0,"key":"Pear"},{"floor":26.0,"key":"Singing Bowl"},{"floor":27.0,"key":"Gambling Chip"},{"floor":29.0,"key":"StrikeDummy"},{"floor":31.0,"key":"Lantern"},{"floor":32.0,"key":"Pen Nib"},{"floor":40,"key":"Ancient Tea Set"},{"floor":42,"key":"Centennial Puzzle"},{"floor":44,"key":"Question Card"},{"floor":46,"key":"Shuriken"},{"floor":47,"key":"Anchor"},{"floor":49,"key":"Strawberry"},{"floor":52,"key":"Pantograph"},{"floor":54,"key":"Bag of Marbles"}],"event_choices":[{"damage_healed":0.0,"max_hp_gain":0.0,"max_hp_loss":0.0,"gold_gain":0.0,"event_name":"Living Wall","player_choice":"Grow","floor":3.0,"gold_loss":0.0,"damage_taken":0.0,"cards_upgraded":["Spot Weakness"]},{"cards_removed":["Spot Weakness"],"damage_healed":0.0,"max_hp_gain":0.0,"max_hp_loss":0.0,"gold_gain":0.0,"event_name":"NoteForYourself","player_choice":"Took Card","floor":4.0,"gold_loss":0.0,"damage_taken":0.0,"cards_obtained":["Apotheosis"]},{"damage_healed":0.0,"max_hp_gain":0.0,"max_hp_loss":0.0,"gold_gain":0.0,"event_name":"N\u0027loth","player_choice":"Ignored","floor":22.0,"gold_loss":0.0,"damage_taken":0.0},{"cards_removed":["Defend_R"],"damage_healed":0,"gold_gain":0,"player_choice":"Removed Skill","damage_taken":0,"max_hp_gain":0,"max_hp_loss":0,"event_name":"Falling","floor":38,"gold_loss":0},{"damage_healed":0,"gold_gain":0,"player_choice":"Memory 3","damage_taken":10,"max_hp_gain":0,"max_hp_loss":0,"event_name":"SensoryStone","floor":39,"gold_loss":0}],"is_beta":false,"boss_relics":[{"not_picked":["Runic Cube","SacredBark"],"picked":"Cursed Key"},{"not_picked":["Calling Bell","SlaversCollar"],"picked":"Busted Crown"}],"items_purged_floors":[5,28,36,53],"is_endless":false,"potions_floor_spawned":[1,8,13,14,16,19,20,21,24,31,37,40,41],"killed_by":"The Heart","ascension_level":9}}