{"host":"id1lehtnb7dzklac","time":1610070945,"event":{"mods":["AchievementEnabler","BaseMod","Block Reminder","Colored Map","Highlight Path","Minty Spire (QoL Compilation)","Permanent Neow","Random Character Button","StSLib","slay the spire mod where everything is the same but ironclad has a cowboy hat"],"gold_per_floor":[115,126,144,163,51,82,97,127,127,156,167,185,152,170,170,267,267,278,278,290,290,138,151,151,181,181,181,181,206,206,224,224,323,323,340,358,187,201,201,201,226,226,226,65,77,97,111,124,124],"floor_reached":48,"playtime":2474,"items_purged":["Strike_P","Strike_P+1","Defend_P+1"],"score":581,"play_id":"a9fe445e-d981-4951-9072-514198c3d8a7","local_time":"20210108095545","is_ascension_mode":true,"campfire_choices":[{"data":"TalkToTheHand","floor":15.0,"key":"SMITH"},{"data":"Vault","floor":28.0,"key":"SMITH"},{"data":"FlurryOfBlows","floor":30.0,"key":"SMITH"},{"data":"WaveOfTheHand","floor":32.0,"key":"SMITH"},{"data":"MentalFortress","floor":40,"key":"SMITH"}],"circlet_count":0,"master_deck":["Strike_P+1","Strike_P+1","Defend_P+1","Defend_P+1","Defend_P+1","Eruption+1","Vigilance+1","EmptyFist+1","WheelKick+1","LessonLearned+1","FearNoEvil+1","WaveOfTheHand+1","TalkToTheHand+1","Wallop","Protect+1","Vault+1","Adaptation","FlurryOfBlows+1","Wallop","MentalFortress+1","MentalFortress+1","FlurryOfBlows+1"],"relics":["Philosopher\u0027s Stone","Gambling Chip","Orichalcum","Mercury Hourglass","Pantograph","Boot","Cursed Key","Omamori","Calling Bell","Bag of Preparation","White Beast Statue","Blood Vial"],"acts_visited":["Exordium","TheCity","TheBeyond"],"potions_floor_usage":[],"damage_taken":[{"damage":0.0,"enemies":"2 Louse","floor":1.0,"turns":2.0},{"damage":5.0,"enemies":"Cultist","floor":2.0,"turns":4.0},{"damage":2.0,"enemies":"Jaw Worm","floor":3.0,"turns":4.0},{"damage":4.0,"enemies":"Large Slime","floor":4.0,"turns":3.0},{"damage":7.0,"enemies":"Gremlin Nob","floor":6.0,"turns":3.0},{"damage":9.0,"enemies":"Red Slaver","floor":7.0,"turns":6.0},{"damage":20.0,"enemies":"Lagavulin","floor":8.0,"turns":6.0},{"damage":9.0,"enemies":"3 Sentries","floor":10.0,"turns":5.0},{"damage":0.0,"enemies":"Exordium Wildlife","floor":11.0,"turns":2.0},{"damage":7.0,"enemies":"Blue Slaver","floor":12.0,"turns":3.0},{"damage":0.0,"enemies":"3 Louse","floor":14.0,"turns":3.0},{"damage":10.0,"enemies":"Hexaghost","floor":16.0,"turns":9.0},{"damage":8.0,"enemies":"2 Thieves","floor":18.0,"turns":3.0},{"damage":0.0,"enemies":"Spheric Guardian","floor":20.0,"turns":2.0},{"damage":6.0,"enemies":"Cultist and Chosen","floor":23.0,"turns":4.0},{"damage":32.0,"enemies":"Gremlin Leader","floor":25.0,"turns":11.0},{"damage":0.0,"enemies":"Slavers","floor":29.0,"turns":8.0},{"damage":0.0,"enemies":"3 Cultists","floor":31.0,"turns":5.0},{"damage":25.0,"enemies":"Collector","floor":33.0,"turns":11.0},{"damage":1,"enemies":"Orb Walker","floor":35,"turns":4},{"damage":0,"enemies":"3 Darklings","floor":36,"turns":4},{"damage":14,"enemies":"Jaw Worm Horde","floor":38,"turns":7},{"damage":29,"enemies":"Nemesis","floor":41,"turns":6},{"damage":6,"enemies":"Sphere and 2 Shapes","floor":45,"turns":6},{"damage":6,"enemies":"Writhing Mass","floor":46,"turns":9},{"damage":5,"enemies":"4 Shapes","floor":47,"turns":5},{"damage":0,"enemies":"Transient","floor":48,"turns":6}],"seed_played":"7665417645593788472","potions_obtained":[{"floor":6.0,"key":"StancePotion"},{"floor":7.0,"key":"CultistPotion"},{"floor":10.0,"key":"Strength Potion"},{"floor":12.0,"key":"BottledMiracle"},{"floor":14.0,"key":"ColorlessPotion"},{"floor":16.0,"key":"Explosive Potion"},{"floor":29.0,"key":"DistilledChaos"},{"floor":33.0,"key":"Energy Potion"},{"floor":41,"key":"EssenceOfSteel"}],"is_trial":false,"path_per_floor":["M","M","M","M","?","E","M","E","T","E","M","M","?","M","R","B",null,"M","?","M","?","$","M","T","E","T","?","R","E","R","M","R","B",null,"M","M","$","M","$","R","E","?","T","$","M","M","M","M"],"character_chosen":"WATCHER","items_purchased":["Adaptation","MentalFortress","MentalFortress"],"campfire_rested":0,"item_purchase_floors":[22,37,44],"current_hp_per_floor":[72,67,65,61,61,54,45,25,25,16,16,9,9,9,9,24,72,64,64,64,64,64,58,58,26,26,26,26,26,26,26,26,26,72,71,71,71,57,57,57,28,28,28,28,24,20,17,19,19],"gold":124,"neow_bonus":"BOSS_RELIC","is_daily":false,"chose_seed":false,"campfire_upgraded":5,"win_rate":0.0,"timestamp":1610070945,"path_taken":["M","M","M","M","?","E","?","E","T","E","?","M","?","M","R","BOSS","M","?","?","?","$","M","?","E","T","?","R","E","R","M","R","BOSS","M","M","$","M","$","R","E","?","T","$","M","M","M","M"],"items_purchased_type":["Card","Card","Card"],"build_version":"2020-12-22","purchased_purges":3,"victory":false,"max_hp_per_floor":[72,72,72,72,72,72,72,72,72,72,72,72,72,72,72,72,72,72,72,72,72,72,72,72,72,72,72,72,72,72,72,72,72,72,72,72,72,72,72,72,72,72,72,72,72,72,72,72,72],"card_choices":[{"not_picked":["ClearTheMind","PathToVictory","Crescendo"],"picked":"SKIP","floor":1.0},{"not_picked":["ThirdEye","FlyingSleeves"],"picked":"EmptyFist","floor":2.0},{"not_picked":["Sanctity","EmptyFist"],"picked":"WheelKick","floor":3.0},{"not_picked":["BattleHymn","JustLucky"],"picked":"LessonLearned","floor":4.0},{"not_picked":["SashWhip","Sanctity"],"picked":"FearNoEvil","floor":6.0},{"not_picked":["JustLucky","FlyingSleeves"],"picked":"WaveOfTheHand","floor":7.0},{"not_picked":["Worship","EmptyBody","ThirdEye"],"picked":"SKIP","floor":8.0},{"not_picked":["Scrawl","JustLucky"],"picked":"TalkToTheHand","floor":10.0},{"not_picked":["Consecrate","DeceiveReality"],"picked":"Wallop","floor":11.0},{"not_picked":["ForeignInfluence","Consecrate","EmptyBody"],"picked":"SKIP","floor":12.0},{"not_picked":["Consecrate","ClearTheMind"],"picked":"Protect","floor":14.0},{"not_picked":["Omniscience","Brilliance"],"picked":"Vault","floor":16.0},{"not_picked":["ClearTheMind","WaveOfTheHand","FlyingSleeves"],"picked":"SKIP","floor":18.0},{"not_picked":["FollowUp","WreathOfFlame","BowlingBash+1"],"picked":"SKIP","floor":20.0},{"not_picked":["Consecrate","Evaluate","Protect"],"picked":"SKIP","floor":23.0},{"not_picked":["FlyingSleeves","LessonLearned","SashWhip"],"picked":"SKIP","floor":25.0},{"not_picked":["EmptyFist","FlurryOfBlows","Devotion"],"picked":"SKIP","floor":29.0},{"not_picked":["EmptyFist","Devotion"],"picked":"FlurryOfBlows","floor":29.0},{"not_picked":["Weave","Fasting2+1","Crescendo+1"],"picked":"SKIP","floor":31.0},{"not_picked":["FearNoEvil","Study"],"picked":"Wallop","floor":35},{"not_picked":["BowlingBash+1","Evaluate+1","EmptyBody"],"picked":"SKIP","floor":36},{"not_picked":["Prostrate","Consecrate+1","Perseverance+1"],"picked":"SKIP","floor":38},{"not_picked":["Prostrate+1","Study","JustLucky"],"picked":"SKIP","floor":41},{"not_picked":["Evaluate+1","BowlingBash"],"picked":"FlurryOfBlows+1","floor":45},{"not_picked":["CutThroughFate+1","JustLucky+1","Prostrate"],"picked":"SKIP","floor":46},{"not_picked":["Swivel+1","Consecrate+1","FlurryOfBlows"],"picked":"SKIP","floor":47},{"not_picked":["FollowUp+1","Evaluate","Worship"],"picked":"SKIP","floor":48}],"player_experience":215022,"relics_obtained":[{"floor":6.0,"key":"Orichalcum"},{"floor":8.0,"key":"Mercury Hourglass"},{"floor":9.0,"key":"Pantograph"},{"floor":10.0,"key":"Boot"},{"floor":34.0,"key":"Bag of Preparation"},{"floor":34.0,"key":"White Beast Statue"},{"floor":41,"key":"Blood Vial"}],"event_choices":[{"damage_healed":0.0,"max_hp_gain":0.0,"max_hp_loss":0.0,"gold_gain":0.0,"event_name":"WeMeetAgain","player_choice":"Paid Gold","floor":5.0,"gold_loss":112.0,"damage_taken":0.0,"relics_obtained":["Gambling Chip"]},{"damage_healed":0.0,"max_hp_gain":0.0,"max_hp_loss":0.0,"gold_gain":0.0,"event_name":"World of Goop","player_choice":"Left Gold","floor":13.0,"gold_loss":33.0,"damage_taken":0.0},{"damage_healed":0.0,"max_hp_gain":0.0,"max_hp_loss":0.0,"gold_gain":0.0,"event_name":"Upgrade Shrine","player_choice":"Upgraded","floor":19.0,"gold_loss":0.0,"damage_taken":0.0,"cards_upgraded":["EmptyFist"]},{"damage_healed":0.0,"max_hp_gain":0.0,"max_hp_loss":0.0,"gold_gain":0.0,"event_name":"Vampires","player_choice":"Ignored","floor":21.0,"gold_loss":0.0,"damage_taken":0.0},{"cards_removed":["Normality"],"damage_healed":0.0,"max_hp_gain":0.0,"max_hp_loss":0.0,"gold_gain":0.0,"event_name":"Back to Basics","player_choice":"Elegance","floor":27.0,"gold_loss":0.0,"damage_taken":0.0},{"damage_healed":0,"gold_gain":0,"player_choice":"Memory 1","damage_taken":0,"max_hp_gain":0,"max_hp_loss":0,"event_name":"SensoryStone","floor":42,"gold_loss":0}],"is_beta":false,"boss_relics":[{"not_picked":["Ectoplasm","Runic Pyramid"],"picked":"Cursed Key"},{"not_picked":["Busted Crown","Snecko Eye"],"picked":"Calling Bell"}],"items_purged_floors":[22,37,44],"is_endless":false,"potions_floor_spawned":[6,7,10,12,14,16,20,29,33,35,36,38,41,45,46,47,48],"killed_by":"Transient","ascension_level":1}}