{"host":"x52zk6e1f2bye2h7","time":1610100618,"event":{"mods":["AchievementEnabler","BaseMod","Highlight Path","Minty Spire (QoL Compilation)","everything is the same but u backflip on backflip"],"gold_per_floor":[109,119,119,134,59,91,91,91,139,139,139,139],"floor_reached":11,"playtime":606,"items_purged":["Strike_R"],"score":78,"play_id":"d0d9193c-6317-4a97-8ad8-b8400b80030c","local_time":"20210108101018","is_ascension_mode":true,"campfire_choices":[{"data":"Armaments","floor":7,"key":"SMITH"},{"floor":10,"key":"REST"}],"circlet_count":0,"master_deck":["Strike_R","Strike_R","Strike_R","Defend_R","Defend_R","Defend_R","Defend_R","Bash","Limit Break","Sword Boomerang","Armaments+1","Flex"],"relics":["Burning Blood","Akabeko","Dream Catcher"],"acts_visited":["Exordium"],"potions_floor_usage":[6],"damage_taken":[{"damage":3,"enemies":"Jaw Worm","floor":1,"turns":5},{"damage":9,"enemies":"2 Louse","floor":2,"turns":2},{"damage":1,"enemies":"Cultist","floor":4,"turns":3},{"damage":75,"enemies":"Lagavulin","floor":6,"turns":12},{"damage":34,"enemies":"3 Sentries","floor":11,"turns":6}],"seed_played":"-8033351363369111211","potions_obtained":[{"floor":4,"key":"SkillPotion"}],"is_trial":false,"path_per_floor":["M","M","?","M","$","E","R","?","T","R","E"],"character_chosen":"IRONCLAD","items_purchased":[],"campfire_rested":1,"item_purchase_floors":[],"current_hp_per_floor":[80,77,77,80,80,11,11,4,4,28,0,0],"gold":139,"neow_bonus":"ONE_RANDOM_RARE_CARD","is_daily":false,"chose_seed":false,"campfire_upgraded":1,"win_rate":0.0,"timestamp":1610100618,"path_taken":["M","M","?","M","$","E","R","?","T","R","E"],"items_purchased_type":[],"build_version":"2020-12-22","purchased_purges":1,"victory":false,"max_hp_per_floor":[80,80,80,80,80,80,80,80,80,80,80,80],"card_choices":[{"not_picked":["Clothesline","Twin Strike"],"picked":"Sword Boomerang","floor":1},{"not_picked":["Perfected Strike","Seeing Red","Dropkick"],"picked":"SKIP","floor":2},{"not_picked":["Headbutt","Cleave","Pummel"],"picked":"SKIP","floor":4},{"not_picked":["Body Slam","Wild Strike"],"picked":"Armaments","floor":6},{"not_picked":["Iron Wave","Disarm"],"picked":"Flex","floor":10}],"player_experience":87425,"relics_obtained":[{"floor":6,"key":"Akabeko"},{"floor":9,"key":"Dream Catcher"}],"event_choices":[{"damage_healed":0,"gold_gain":0,"player_choice":"Ignored","damage_taken":0,"max_hp_gain":0,"max_hp_loss":0,"event_name":"Liars Game","floor":3,"gold_loss":0},{"cards_removed":["Strike_R"],"damage_healed":0,"gold_gain":0,"player_choice":"Card Removal","damage_taken":7,"max_hp_gain":0,"max_hp_loss":0,"event_name":"Golden Wing","floor":8,"gold_loss":0}],"is_beta":false,"boss_relics":[],"items_purged_floors":[5],"is_endless":false,"potions_floor_spawned":[4],"killed_by":"3 Sentries","ascension_level":2}}