{"host":"3y2rtlgteqp2nuo3","time":1610113184,"event":{"mods":["2.2 Compatiblity","AchievementEnabler","BaseMod","Colored Map","DeckTracker","Highlight Path","Keyboard Shortcuts","Minty Spire (QoL Compilation)","Permanent Neow","Quick Restart","StSLib","SuperFastMode","everything is the same but u backflip on backflip"],"gold_per_floor":[109,120,140,154,169,169,169,180,180,180,130,55,55,55,55,159,209,219,219,229,129,129,129,156,1,24,34,34,46,46,46,46,145,145,163,181,56,56,0,0,0,17,17,34,50,70,70,404,404,404],"floor_reached":51,"playtime":1396,"items_purged":["Strike_B","Shame","Defend_B"],"score":1174,"play_id":"7b9cd2ed-beb1-40e9-ad26-920ec285da29","local_time":"20210108223944","is_ascension_mode":true,"campfire_choices":[{"data":"Zap","floor":6.0,"key":"SMITH"},{"floor":10.0,"key":"REST"},{"data":"Lockon","floor":13.0,"key":"SMITH"},{"data":"Doom and Gloom","floor":15.0,"key":"SMITH"},{"data":"Glacier","floor":23.0,"key":"SMITH"},{"data":"Self Repair","floor":28.0,"key":"SMITH"},{"floor":30.0,"key":"REST"},{"floor":32.0,"key":"REST"},{"data":"Turbo","floor":40.0,"key":"SMITH"},{"data":"Thunder Strike","floor":49.0,"key":"SMITH"}],"circlet_count":0,"master_deck":["AscendersBane","Defend_B+1","Defend_B","Zap+1","Dualcast","Doom and Gloom+1","Sweeping Beam","Conserve Battery","Lockon+1","Coolheaded","Thunder Strike+1","Ball Lightning","Turbo+1","Glacier+1","Self Repair+1","Echo Form","Chill","Auto Shields+1","Seek","Seek","Leap+1","Dark Shackles","Panacea","Ball Lightning","Turbo+1","Darkness","Hologram+1","White Noise"],"relics":["Cracked Core","Nunchaku","CaptainsWheel","Tiny House","Shuriken","Girya","Orrery","Potion Belt","Runic Pyramid","Red Mask","Pear","Mercury Hourglass","Old Coin"],"acts_visited":["Exordium","TheCity","TheBeyond"],"potions_floor_usage":[50,50,50],"damage_taken":[{"damage":1.0,"enemies":"Cultist","floor":1.0,"turns":3.0},{"damage":12.0,"enemies":"Small Slimes","floor":2.0,"turns":3.0},{"damage":3.0,"enemies":"2 Louse","floor":3.0,"turns":2.0},{"damage":6.0,"enemies":"Exordium Wildlife","floor":4.0,"turns":2.0},{"damage":11.0,"enemies":"Exordium Thugs","floor":5.0,"turns":4.0},{"damage":5.0,"enemies":"Looter","floor":8.0,"turns":4.0},{"damage":0.0,"enemies":"Slime Boss","floor":16.0,"turns":6.0},{"damage":25.0,"enemies":"2 Thieves","floor":18.0,"turns":4.0},{"damage":0.0,"enemies":"Spheric Guardian","floor":20.0,"turns":4.0},{"damage":30.0,"enemies":"Slavers","floor":24.0,"turns":7.0},{"damage":9.0,"enemies":"3 Cultists","floor":27.0,"turns":5.0},{"damage":6.0,"enemies":"Snecko","floor":29.0,"turns":7.0},{"damage":40.0,"enemies":"Champ","floor":33.0,"turns":9.0},{"damage":9.0,"enemies":"Orb Walker","floor":35.0,"turns":4.0},{"damage":31.0,"enemies":"3 Shapes","floor":36.0,"turns":5.0},{"damage":0.0,"enemies":"Sphere and 2 Shapes","floor":42.0,"turns":4.0},{"damage":41.0,"enemies":"3 Darklings","floor":44.0,"turns":3.0},{"damage":11.0,"enemies":"Transient","floor":45.0,"turns":5.0},{"damage":17.0,"enemies":"Writhing Mass","floor":46.0,"turns":6.0},{"damage":3.0,"enemies":"Nemesis","floor":48.0,"turns":5.0},{"damage":62,"enemies":"Awakened One","floor":50,"turns":10}],"seed_played":"-6555548988830664408","potions_obtained":[{"floor":3.0,"key":"PowerPotion"},{"floor":8.0,"key":"Ancient Potion"},{"floor":17.0,"key":"FairyPotion"},{"floor":27.0,"key":"ColorlessPotion"},{"floor":36.0,"key":"ColorlessPotion"},{"floor":45.0,"key":"Energy Potion"},{"floor":46.0,"key":"LiquidBronze"},{"floor":48.0,"key":"LiquidBronze"}],"is_trial":false,"path_per_floor":["M","M","M","M","M","R","?","M","T","R","?","$","R","$","R","B",null,"M","?","M","$","?","R","E","$","T","M","R","M","R","?","R","B",null,"M","M","$","?","?","R","$","M","T","M","M","M","T","E","R","B",null],"character_chosen":"DEFECT","items_purchased":["Orrery"],"campfire_rested":3,"item_purchase_floors":[25],"current_hp_per_floor":[49,37,34,28,17,17,17,12,12,34,34,34,34,34,34,34,70,45,45,45,45,45,45,15,15,15,20,20,14,38,23,48,18,68,79,68,68,58,58,58,58,58,68,27,36,39,39,56,56,45],"gold":404,"neow_bonus":"REMOVE_TWO","is_daily":false,"chose_seed":false,"campfire_upgraded":7,"win_rate":0.0,"timestamp":1610113184,"path_taken":["M","M","M","M","?","R","?","?","T","R","?","?","R","$","R","BOSS","M","?","M","$","?","R","E","$","T","M","R","M","R","?","R","BOSS","M","M","$","?","?","R","$","M","T","M","M","M","?","E","R","BOSS"],"items_purchased_type":["Relic"],"build_version":"2020-12-22","purchased_purges":3,"victory":true,"max_hp_per_floor":[75,75,75,75,75,75,75,75,75,75,75,75,75,75,75,75,80,80,80,80,80,80,80,80,80,80,80,80,80,80,85,85,85,85,85,85,85,85,85,85,85,85,95,95,95,95,95,95,95,95],"card_choices":[{"not_picked":["Streamline","Compile Driver"],"picked":"Doom and Gloom","floor":1.0},{"not_picked":["Reprogram","Loop","Doom and Gloom"],"picked":"SKIP","floor":2.0},{"not_picked":["Conserve Battery","Rebound"],"picked":"Sweeping Beam","floor":3.0},{"not_picked":["Reboot","Cold Snap"],"picked":"Conserve Battery","floor":4.0},{"not_picked":["Coolheaded","Tempest"],"picked":"Lockon","floor":5.0},{"not_picked":["Steam","Streamline"],"picked":"Coolheaded","floor":8.0},{"not_picked":["Amplify","Multi-Cast"],"picked":"Thunder Strike","floor":16.0},{"not_picked":["Blizzard","Sweeping Beam"],"picked":"Ball Lightning","floor":17.0},{"not_picked":["Chill","Rebound"],"picked":"Turbo","floor":18.0},{"not_picked":["Coolheaded","Steam Power"],"picked":"Glacier","floor":20.0},{"not_picked":["Beam Cell","Go for the Eyes"],"picked":"Self Repair","floor":24.0},{"not_picked":["Hello World+1","Recycle"],"picked":"Echo Form","floor":25.0},{"not_picked":["Buffer","Hologram"],"picked":"Chill","floor":25.0},{"not_picked":["Compile Driver","Cold Snap"],"picked":"Auto Shields+1","floor":25.0},{"not_picked":["Hologram","Ball Lightning"],"picked":"Seek","floor":27.0},{"not_picked":["Streamline","Force Field","Static Discharge"],"picked":"SKIP","floor":29.0},{"not_picked":["Fission","Thunder Strike"],"picked":"Seek","floor":33.0},{"not_picked":["Auto Shields","Go for the Eyes","Gash"],"picked":"SKIP","floor":35.0},{"not_picked":["Turbo","Redo+1"],"picked":"Leap+1","floor":36.0},{"not_picked":["Secret Weapon","Dramatic Entrance"],"picked":"Dark Shackles","floor":38.0},{"not_picked":["Impatience","The Bomb"],"picked":"Panacea","floor":38.0},{"not_picked":["Hologram","Cold Snap"],"picked":"Ball Lightning","floor":42.0},{"not_picked":["Conserve Battery","Barrage+1"],"picked":"Turbo+1","floor":44.0},{"not_picked":["Ball Lightning","Self Repair"],"picked":"Darkness","floor":45.0},{"not_picked":["Steam","Go for the Eyes"],"picked":"Hologram+1","floor":46.0},{"not_picked":["Aggregate","Cold Snap"],"picked":"White Noise","floor":48.0}],"player_experience":641774,"relics_obtained":[{"floor":9.0,"key":"CaptainsWheel"},{"floor":24.0,"key":"Girya"},{"floor":26.0,"key":"Potion Belt"},{"floor":43.0,"key":"Pear"},{"floor":47.0,"key":"Mercury Hourglass"},{"floor":48.0,"key":"Old Coin"}],"event_choices":[{"damage_healed":0.0,"max_hp_gain":0.0,"max_hp_loss":0.0,"gold_gain":0.0,"event_name":"WeMeetAgain","player_choice":"Gave Potion","floor":7.0,"gold_loss":0.0,"damage_taken":0.0,"relics_obtained":["Nunchaku"]},{"cards_removed":["Strike_B"],"damage_healed":0.0,"max_hp_gain":0.0,"max_hp_loss":0.0,"gold_gain":0.0,"event_name":"The Cleric","player_choice":"Card Removal","floor":11.0,"gold_loss":50.0,"damage_taken":0.0},{"damage_healed":0.0,"max_hp_gain":0.0,"max_hp_loss":0.0,"gold_gain":0.0,"event_name":"Addict","player_choice":"Stole Relic","floor":19.0,"gold_loss":0.0,"damage_taken":0.0,"relics_obtained":["Shuriken"],"cards_obtained":["Shame"]},{"cards_removed":["Strike_B"],"damage_healed":0.0,"max_hp_gain":0.0,"max_hp_loss":0.0,"gold_gain":0.0,"event_name":"Back to Basics","player_choice":"Elegance","floor":22.0,"gold_loss":0.0,"damage_taken":0.0},{"damage_healed":0.0,"max_hp_gain":5.0,"max_hp_loss":0.0,"gold_gain":0.0,"event_name":"Forgotten Altar","player_choice":"Shed Blood","floor":31.0,"gold_loss":0.0,"damage_taken":20.0},{"damage_healed":0.0,"max_hp_gain":0.0,"max_hp_loss":0.0,"gold_gain":0.0,"event_name":"SensoryStone","player_choice":"Memory 3","floor":38.0,"gold_loss":0.0,"damage_taken":10.0},{"damage_healed":0.0,"max_hp_gain":0.0,"max_hp_loss":0.0,"gold_gain":0.0,"event_name":"Tomb of Lord Red Mask","player_choice":"Paid","floor":39.0,"gold_loss":56.0,"damage_taken":0.0,"relics_obtained":["Red Mask"]}],"is_beta":false,"boss_relics":[{"not_picked":["Inserter","Coffee Dripper"],"picked":"Tiny House"},{"not_picked":["Snecko Eye","Velvet Choker"],"picked":"Runic Pyramid"}],"items_purged_floors":[12,21,37],"is_endless":false,"potions_floor_spawned":[3,8,18,27,36,45,46,48],"ascension_level":12}}