{"host":"8rqsnaeml9gxb0kp","time":1610084154,"event":{"mods":["AchievementEnabler","BaseMod","Dark Map","Minty Spire (QoL Compilation)","StSLib"],"gold_per_floor":[118,135,153,153,153,188,188,198,252,252,272,298,298,298,298,395,395,405,405,405,415,193,193,203,203,228,228,238,273,284,312,312,416,416,429,443,493,513,513,541,541,572,596,631,63,63,63,103,103,103],"floor_reached":51,"playtime":9043,"items_purged":["Strike_R","Pain"],"score":858,"play_id":"df63ba61-3247-4de2-a8f2-625f74703d4c","local_time":"20210107213554","is_ascension_mode":false,"campfire_choices":[{"data":"Whirlwind","floor":7,"key":"SMITH"},{"data":"Inflame","floor":15,"key":"SMITH"},{"data":"Pommel Strike","floor":23,"key":"SMITH"},{"data":"Bludgeon","floor":32,"key":"SMITH"},{"data":"Bludgeon","floor":46,"key":"SMITH"},{"data":"Shockwave","floor":49,"key":"SMITH"}],"circlet_count":0,"master_deck":["Defend_R","Defend_R","Defend_R","Defend_R","Thunderclap+1","Uppercut+1","Iron Wave","Whirlwind+1","Rampage","Corruption","Clothesline","Inflame+1","Impervious","Pommel Strike+1","Feed","Bludgeon+1","Shrug It Off","Armaments+1","Bludgeon+1","Shrug It Off+1","HandOfGreed","Enlightenment","Shockwave+1"],"relics":["Burning Blood","Darkstone Periapt","Regal Pillow","Blood Vial","Self Forming Clay","Snecko Eye","Enchiridion","Juzu Bracelet","Meat on the Bone","Shuriken","Cursed Key","WingedGreaves","Kunai","Magic Flower","Whetstone","Molten Egg 2","Pocketwatch","Happy Flower"],"acts_visited":["Exordium","TheCity","TheBeyond"],"potions_floor_usage":[16,21,29,50,50,50],"damage_taken":[{"damage":6,"enemies":"Jaw Worm","floor":1,"turns":4},{"damage":0,"enemies":"2 Louse","floor":2,"turns":2},{"damage":7,"enemies":"Small Slimes","floor":3,"turns":3},{"damage":14,"enemies":"Gremlin Nob","floor":6,"turns":4},{"damage":10,"enemies":"Exordium Thugs","floor":8,"turns":4},{"damage":4,"enemies":"Blue Slaver","floor":11,"turns":3},{"damage":26,"enemies":"Lagavulin","floor":12,"turns":5},{"damage":27,"enemies":"Hexaghost","floor":16,"turns":9},{"damage":0,"enemies":"2 Thieves","floor":18,"turns":3},{"damage":0,"enemies":"Chosen","floor":21,"turns":3},{"damage":5,"enemies":"Snake Plant","floor":24,"turns":3},{"damage":4,"enemies":"Shelled Parasite and Fungi","floor":28,"turns":4},{"damage":0,"enemies":"Slavers","floor":29,"turns":2},{"damage":0,"enemies":"3 Cultists","floor":30,"turns":4},{"damage":0,"enemies":"Gremlin Leader","floor":31,"turns":6},{"damage":48,"enemies":"Champ","floor":33,"turns":10},{"damage":5,"enemies":"3 Shapes","floor":35,"turns":2},{"damage":0,"enemies":"3 Darklings","floor":36,"turns":3},{"damage":0,"enemies":"Mind Bloom Boss Battle","floor":37,"turns":2},{"damage":3,"enemies":"Spire Growth","floor":38,"turns":3},{"damage":12,"enemies":"Reptomancer","floor":40,"turns":4},{"damage":9,"enemies":"Giant Head","floor":42,"turns":6},{"damage":10,"enemies":"Nemesis","floor":44,"turns":6},{"damage":5,"enemies":"4 Shapes","floor":48,"turns":3},{"damage":10,"enemies":"Awakened One","floor":50,"turns":9}],"seed_played":"92513091585938257","potions_obtained":[{"floor":1,"key":"Strength Potion"},{"floor":8,"key":"Dexterity Potion"},{"floor":12,"key":"BloodPotion"},{"floor":16,"key":"Swift Potion"},{"floor":18,"key":"PowerPotion"},{"floor":21,"key":"DistilledChaos"},{"floor":33,"key":"Weak Potion"},{"floor":37,"key":"Block Potion"}],"is_trial":false,"path_per_floor":["M","M","M","?","?","E","R","M","T","?","M","E","T","?","R","B",null,"M","?","?","M","$","R","M","?","T","?","M","E","M","E","R","B",null,"M","M","?","M","?","E","?","E","T","E","$","R","?","M","R","B",null],"character_chosen":"IRONCLAD","items_purchased":["Feed","Pocketwatch","Happy Flower"],"campfire_rested":0,"item_purchase_floors":[22,45,45],"current_hp_per_floor":[80,80,79,63,68,60,60,56,56,56,58,38,38,38,38,19,85,85,69,69,85,85,85,88,88,88,88,91,94,97,100,100,61,103,106,106,106,106,101,95,85,87,93,95,95,95,95,107,107,109],"gold":103,"neow_bonus":"TRANSFORM_CARD","is_daily":false,"chose_seed":false,"campfire_upgraded":6,"win_rate":0.0,"timestamp":1610084154,"path_taken":["M","M","M","?","?","E","R","M","T","?","M","E","?","?","R","BOSS","M","?","?","M","$","R","M","?","T","?","M","E","M","E","R","BOSS","M","M","?","M","?","E","?","E","T","E","$","R","?","M","R","BOSS"],"items_purchased_type":["Card","Relic","Relic"],"build_version":"2020-12-22","purchased_purges":2,"victory":true,"max_hp_per_floor":[80,80,80,80,85,85,85,85,85,85,85,85,85,85,85,85,85,85,85,85,85,85,85,88,88,88,88,91,94,97,100,100,103,103,106,106,106,106,101,101,101,104,110,110,110,110,110,113,113,113],"card_choices":[{"not_picked":["Blood for Blood","Thunderclap"],"picked":"Uppercut","floor":1},{"not_picked":["Twin Strike","Armaments"],"picked":"Iron Wave","floor":2},{"not_picked":["Burning Pact","Clash"],"picked":"Whirlwind","floor":3},{"not_picked":["Warcry","Iron Wave"],"picked":"Rampage","floor":6},{"not_picked":["Bludgeon","Clash","Twin Strike"],"picked":"SKIP","floor":8},{"not_picked":["Uppercut","Thunderclap"],"picked":"Clothesline","floor":11},{"not_picked":["Burning Pact","Thunderclap"],"picked":"Inflame","floor":12},{"not_picked":["Barricade","Demon Form"],"picked":"Impervious","floor":16},{"not_picked":["Rampage","Perfected Strike","Clash"],"picked":"SKIP","floor":18},{"not_picked":["Perfected Strike","Warcry"],"picked":"Pommel Strike","floor":21},{"not_picked":["Metallicize","Rupture+1","Warcry+1"],"picked":"SKIP","floor":24},{"not_picked":["Inflame","Blood for Blood","Thunderclap"],"picked":"SKIP","floor":28},{"not_picked":["Inflame","Blood for Blood","Thunderclap"],"picked":"SKIP","floor":28},{"not_picked":["Rupture","Clash"],"picked":"Bludgeon","floor":29},{"not_picked":["Combust","Iron Wave+1"],"picked":"Shrug It Off","floor":30},{"not_picked":["Flex","Warcry"],"picked":"Armaments+1","floor":31},{"not_picked":["Juggernaut","Barricade"],"picked":"Bludgeon","floor":33},{"not_picked":["Flex+1","Iron Wave","Clothesline+1"],"picked":"SKIP","floor":35},{"not_picked":["Sword Boomerang","Intimidate+1","Anger+1"],"picked":"SKIP","floor":36},{"not_picked":["Berserk","Dropkick+1"],"picked":"Shrug It Off+1","floor":37},{"not_picked":["Anger+1","Clothesline+1","Shrug It Off"],"picked":"SKIP","floor":38},{"not_picked":["Second Wind+1","Sword Boomerang","Carnage+1"],"picked":"SKIP","floor":40},{"not_picked":["Secret Technique","Finesse"],"picked":"HandOfGreed","floor":41},{"not_picked":["Thinking Ahead","Impatience"],"picked":"Enlightenment","floor":41},{"not_picked":["Thunderclap+1","Dark Embrace","Cleave"],"picked":"SKIP","floor":42},{"not_picked":["Warcry","Anger+1"],"picked":"Shockwave","floor":44},{"not_picked":["Warcry","True Grit","Shrug It Off"],"picked":"SKIP","floor":48}],"player_experience":1971,"relics_obtained":[{"floor":6,"key":"Darkstone Periapt"},{"floor":9,"key":"Regal Pillow"},{"floor":12,"key":"Blood Vial"},{"floor":13,"key":"Self Forming Clay"},{"floor":19,"key":"Enchiridion"},{"floor":26,"key":"Juzu Bracelet"},{"floor":29,"key":"Meat on the Bone"},{"floor":31,"key":"Shuriken"},{"floor":37,"key":"WingedGreaves"},{"floor":40,"key":"Kunai"},{"floor":42,"key":"Magic Flower"},{"floor":43,"key":"Whetstone"},{"floor":44,"key":"Molten Egg 2"}],"event_choices":[{"damage_healed":0,"gold_gain":0,"player_choice":"Entered Light","damage_taken":16,"max_hp_gain":0,"max_hp_loss":0,"event_name":"Shining Light","floor":4,"gold_loss":0,"cards_upgraded":["Strike_R","Uppercut"]},{"damage_healed":0,"gold_gain":0,"player_choice":"Donut","damage_taken":0,"max_hp_gain":5,"max_hp_loss":0,"event_name":"Big Fish","floor":5,"gold_loss":0},{"damage_healed":0,"gold_gain":0,"cards_transformed":["Strike_R"],"player_choice":"Change","damage_taken":0,"max_hp_gain":0,"max_hp_loss":0,"event_name":"Living Wall","floor":10,"gold_loss":0,"cards_obtained":["Corruption"]},{"damage_healed":0,"gold_gain":0,"cards_transformed":["Strike_R"],"player_choice":"Transformed","damage_taken":0,"max_hp_gain":0,"max_hp_loss":0,"event_name":"Transmorgrifier","floor":14,"gold_loss":0,"cards_obtained":["Entrench"]},{"damage_healed":0,"gold_gain":0,"player_choice":"Obtained Book","damage_taken":16,"max_hp_gain":0,"max_hp_loss":0,"event_name":"Cursed Tome","floor":19,"gold_loss":0},{"damage_healed":0,"gold_gain":0,"player_choice":"Ignored","damage_taken":0,"max_hp_gain":0,"max_hp_loss":0,"event_name":"Vampires","floor":20,"gold_loss":0},{"cards_removed":["Strike_R"],"damage_healed":0,"gold_gain":0,"player_choice":"Elegance","damage_taken":0,"max_hp_gain":0,"max_hp_loss":0,"event_name":"Back to Basics","floor":25,"gold_loss":0},{"cards_removed":["Entrench"],"damage_healed":0,"gold_gain":0,"player_choice":"Offered Uncommon","damage_taken":0,"max_hp_gain":0,"max_hp_loss":0,"event_name":"Bonfire Elementals","floor":27,"gold_loss":0},{"damage_healed":0,"gold_gain":0,"player_choice":"Fight","damage_taken":0,"max_hp_gain":0,"max_hp_loss":0,"event_name":"MindBloom","floor":37,"gold_loss":0},{"damage_healed":0,"gold_gain":0,"player_choice":"Max HP","damage_taken":0,"max_hp_gain":0,"max_hp_loss":5,"event_name":"Winding Halls","floor":39,"gold_loss":0},{"damage_healed":0,"gold_gain":0,"player_choice":"Memory 3","damage_taken":10,"max_hp_gain":0,"max_hp_loss":0,"event_name":"SensoryStone","floor":41,"gold_loss":0},{"cards_removed":["Bash"],"damage_healed":0,"gold_gain":0,"player_choice":"Removed Attack","damage_taken":0,"max_hp_gain":0,"max_hp_loss":0,"event_name":"Falling","floor":47,"gold_loss":0}],"is_beta":false,"boss_relics":[{"not_picked":["SacredBark","Sozu"],"picked":"Snecko Eye"},{"not_picked":["SlaversCollar","Runic Cube"],"picked":"Cursed Key"}],"items_purged_floors":[22,45],"is_endless":false,"potions_floor_spawned":[1,8,12,16,18,21,24,33,35,37,42],"ascension_level":0}}