{"host":"0npau4al1ghjijrr","time":1610103253,"event":{"mods":["ATMod(阿瑾Mod)","Act Like it!","Aspiration","BaseMod","Conspire","Decade(王小明)","Downfall","Hallownest","Lobotomy","LobotomyExtend","Marisa（F雨　魔理沙）","Minty Spire (QoL Compilation)","MostiFishMod","Reimu（博丽灵梦）","Remilia（蕾米莉亚）","Replay The Spire","SOS（斯巴达之子）","Shop Mod","Spicy Shops","StSLib","The Administrix","The Bug Knight","The Construct","Yuri Mod","vexMod","【遗物卡牌】REMEMod"],"gold_per_floor":[110,110,124,144,159,187,187,221,221,221,248,99,99,99,99,202,202,202,202,222,234,249,281,281,315,342,370,370,384,384,417,417,517,517,533,448,105,169,181,212,231,231,279,279,312,332,363,376,376,376],"floor_reached":51,"playtime":2840,"items_purged":["hexamod:Haunted","expansioncontent:PolyBeam"],"score":1229,"play_id":"1ef426b8-4d6d-4b82-a86a-98809ab80d9c","local_time":"20210108185413","is_ascension_mode":true,"campfire_choices":[{"data":"MostiFishMod:RacingGame","floor":7,"key":"SMITH"},{"data":"Flex","floor":10,"key":"SMITH"},{"data":"MostiFishMod:RacingGame","floor":15,"key":"SMITH"},{"data":"MostiFishMod:RacingGame","floor":28,"key":"SMITH"},{"data":"Inflame","floor":32,"key":"SMITH"},{"data":"MostiFishMod:FlyOverUtopia","floor":49,"key":"SMITH"}],"circlet_count":0,"master_deck":["Strike_R","Strike_R","Strike_R","Strike_R+1","Defend_R","Defend_R+1","Defend_R","Defend_R","Bash+1","LessonLearned","AT_MachinaRedman+1","REME_Cut+1","Cleave+1","Warcry+1","MostiFishMod:RacingGame+1","Flex+1","MostiFishMod:RacingGame+1","Inflame+1","Thunderclap+1","MostiFishMod:TemporaryOutbreak","Bloodletting","Heavy Blade+1","MostiFishMod:RacingGame+1","Inflame+1","Hemogenesis","Hallownest:skillKingdomsEdgeMap","Flex+1","MostiFishMod:FlyOverUtopia+1"],"relics":["Burning Blood","AT_ATBox","REME_ComplimentaryCards","DaveBox","FeatherPendant","SynthV:TestCard","LetterFromLob","Hallownest:DreamNailRelic","Ice Cream","ReplayFunnel","Onion Ring","DaCapo","ReplayTheSpireMod:CursedCoin","MerchantsRug","Ring of Misfortune","ReplayTheSpireMod:Ring of Collecting","xbg","AT_ImmortalShieldbow","Smiling Mask","Ring of Peace","Omamori","War Paint","aspiration:Stabinomicon","vexMod:MysteryBossChallenge","NightmareShop","ThornShield","ChiLing","Chi","Ling","ImprovedEquipment","aspiration:ArtOfWarUpgrade","Ring of Searing","AT_ChloranthyRing","AT_ArchangelStaff","Gremlin Food"],"acts_visited":["Hallownest:Greenpath","TheCity","Hallownest:KingdomsEdge"],"potions_floor_usage":[33,33,33],"damage_taken":[{"damage":0,"enemies":"Hallownest:monsterHuskGuard","floor":1,"turns":2},{"damage":0,"enemies":"Hallownest:2_MossCreeps","floor":3,"turns":3},{"damage":0,"enemies":"Hallownest:2_Tiktiks_and_1_Crawlid","floor":4,"turns":2},{"damage":5,"enemies":"Hallownest:MossCreep_and_Mosskin","floor":5,"turns":3},{"damage":5,"enemies":"Hallownest:eliteCrystalGuardian","floor":6,"turns":3},{"damage":0,"enemies":"Hallownest:eliteMossKnight","floor":8,"turns":2},{"damage":0,"enemies":"Hallownest:eliteCrystalGuardian","floor":11,"turns":2},{"damage":0,"enemies":"Hallownest:monsterAspidMother","floor":13,"turns":2},{"damage":9,"enemies":"Hallownest:BossHornet","floor":16,"turns":1},{"damage":10,"enemies":"2 Thieves","floor":20,"turns":2},{"damage":0,"enemies":"Spheric Guardian","floor":21,"turns":1},{"damage":0,"enemies":"Shelled Parasite and Fungi","floor":22,"turns":1},{"damage":6,"enemies":"REME_1_Revenger","floor":23,"turns":2},{"damage":2,"enemies":"Book of Stabbing","floor":25,"turns":2},{"damage":4,"enemies":"Gremlin Leader","floor":27,"turns":3},{"damage":0,"enemies":"Centurion and Healer","floor":29,"turns":1},{"damage":3,"enemies":"Book of Stabbing","floor":31,"turns":1},{"damage":0,"enemies":"Automaton","floor":33,"turns":4},{"damage":0,"enemies":"Hallownest:2_Littles","floor":35,"turns":2},{"damage":0,"enemies":"Hallownest:3_Siblings","floor":39,"turns":3},{"damage":0,"enemies":"Hallownest:eliteHiveKnight","floor":40,"turns":1},{"damage":2,"enemies":"Hallownest:2_Wing_and_1_Kings","floor":41,"turns":3},{"damage":0,"enemies":"Hallownest:StalkingDevout","floor":45,"turns":1},{"damage":6,"enemies":"Hallownest:2_Wandering_and_1_Horned","floor":46,"turns":2},{"damage":10,"enemies":"Hallownest:eliteHiveKnight","floor":47,"turns":3},{"damage":0,"enemies":"Hallownest:2_Soldiers_and_1_Guardian","floor":48,"turns":1},{"damage":14,"enemies":"Hallownest:Radiance","floor":50,"turns":3}],"seed_played":"-1927053787104266096","potions_obtained":[{"floor":4,"key":"LifebloodPotion"},{"floor":6,"key":"PowerPotion"},{"floor":8,"key":"Fire Potion"},{"floor":33,"key":"Cursed Concoction"},{"floor":40,"key":"Weak Potion"},{"floor":45,"key":"ElixirPotion"},{"floor":48,"key":"FairyPotion"}],"is_trial":false,"path_per_floor":["M","?","M","M","M","E","R","E","T","R","E","$","M","?","R","B",null,"M","?","M","M","M","E","?","E","T","E","R","M","?","E","R","B",null,"M","?","$","?","M","E","M","R","T","R","E","M","E","M","R","B",null],"character_chosen":"IRONCLAD","items_purchased":["ReplayTheSpireMod:CursedCoin","Inflame","MerchantsRug","ThornShield","ChiLing"],"campfire_rested":0,"item_purchase_floors":[12,12,12,37,37],"current_hp_per_floor":[80,80,80,80,80,80,80,80,80,80,80,80,80,80,80,77,80,80,80,76,80,80,80,71,75,75,77,77,80,80,80,80,80,80,80,80,80,60,76,80,80,80,80,80,80,80,80,80,80,72],"gold":376,"neow_bonus":"COLORLESS_CARD","is_daily":false,"chose_seed":false,"campfire_upgraded":6,"win_rate":0.0,"timestamp":1610103253,"path_taken":["M","?","M","M","M","E","R","E","T","R","E","?","?","?","R","BOSS","M","?","M","M","M","E","?","E","T","E","R","M","?","E","R","BOSS","M","?","$","?","M","E","M","R","T","R","E","M","E","?","R","BOSS"],"items_purchased_type":["Relic","Card","Relic","Relic","Relic"],"build_version":"2020-12-22","purchased_purges":2,"victory":true,"max_hp_per_floor":[80,80,80,80,80,80,80,80,80,80,80,80,80,80,80,80,80,80,80,80,80,80,80,80,80,80,80,80,80,80,80,80,80,80,80,80,80,80,80,80,80,80,80,80,80,80,80,80,80,80],"card_choices":[{"not_picked":["Run Through","Sword Boomerang"],"picked":"REME_Cut","floor":1},{"not_picked":["Dual Wield","Havoc","REME_FearOfPain","Clothesline","True Grit"],"picked":"SKIP","floor":3},{"not_picked":["AT_IchimonjiDouble","Run Through","AT_CaressingTears","Dropkick"],"picked":"Cleave","floor":4},{"not_picked":["Feel No Pain","Havoc","AT_GerminateFire","Sword Boomerang"],"picked":"Warcry","floor":5},{"not_picked":["AT_BodySlamDance","AT_ShrugMaster","Combust","Fire Breathing"],"picked":"MostiFishMod:RacingGame","floor":6},{"not_picked":["Anger","Warcry","AT_ShrugMaster","Pommel Strike"],"picked":"Flex","floor":8},{"not_picked":["Infernal Blade","Shockwave","Replay:Undeath\u0027s Touch","Flex"],"picked":"MostiFishMod:RacingGame","floor":11},{"not_picked":["Heavy Blade","Headbutt","Perfected Strike","Run Through"],"picked":"Thunderclap","floor":13},{"not_picked":["Fiend Fire","MostiFishMod:PerfectStrikeMKII","Brutality","MostiFishMod:CullingBlade"],"picked":"MostiFishMod:TemporaryOutbreak","floor":16},{"not_picked":["Dark Embrace","Evolve","Fire Breathing","Carnage","Shrug It Off+1"],"picked":"SKIP","floor":20},{"not_picked":["Whirlwind","Headbutt+1","Pommel Strike","Warcry+1"],"picked":"Bloodletting","floor":21},{"not_picked":["Shrug It Off+1","Feel No Pain","Second Wind","Rampage+1"],"picked":"Heavy Blade+1","floor":22},{"not_picked":["AT_GerminateFire","Anger","Iron Wave","AT_ManFootWork","ReplayTheSpireMod:Strike From Hell+1"],"picked":"SKIP","floor":23},{"not_picked":["Eclipse","AT_BodySlamDance","Perfected Strike+1","ReplayReversal","Fiend Fire"],"picked":"SKIP","floor":25},{"not_picked":["Infernal Blade","Wild Strike+1","Sword Boomerang+1","Hemokinesis"],"picked":"MostiFishMod:RacingGame","floor":27},{"not_picked":["Thunderclap","Havoc","ReplayTheSpireMod:Strike From Hell","Anger+1","Iron Wave+1"],"picked":"SKIP","floor":29},{"not_picked":["Cleave","True Grit","Metallicize","Sword Boomerang+1"],"picked":"Inflame","floor":31},{"not_picked":["MostiFishMod:Chiaki","Immolate","MostiFishMod:HellRitual","MostiFishMod:RacingGame"],"picked":"Hemogenesis","floor":33},{"not_picked":["Twin Strike+1","Dark Embrace+1","Armaments","Blood for Blood+1","Warcry"],"picked":"SKIP","floor":35},{"not_picked":["Dark Embrace","AT_ManFootWork","Shrug It Off+1","Dual Wield","Juggernaut"],"picked":"SKIP","floor":39},{"not_picked":["Abandon+1","Headbutt+1","Wild Strike","Replay:Undeath\u0027s Touch","Rampage"],"picked":"SKIP","floor":40},{"not_picked":["Havoc+1","Run Through","Body Slam+1","Reckless Charge"],"picked":"Flex+1","floor":41},{"not_picked":["AT_BodySlamDance+1","Sword Boomerang","Feel No Pain","ReplayTheSpireMod:Limb From Limb+1"],"picked":"MostiFishMod:FlyOverUtopia","floor":45},{"not_picked":["AT_ShrugMaster+1","Havoc+1","Ghostly Armor","Warcry+1","ReplayReversal"],"picked":"SKIP","floor":46},{"not_picked":["Run Through+1","Flame Barrier+1","Clash+1","Blood for Blood","Replay:Undeath\u0027s Touch"],"picked":"SKIP","floor":47},{"not_picked":["Cleave+1","Entrench+1","Perfected Strike+1","True Grit","Disarm"],"picked":"SKIP","floor":48}],"player_experience":224911,"relics_obtained":[{"floor":1,"key":"SynthV:TestCard"},{"floor":1,"key":"LetterFromLob"},{"floor":6,"key":"Ice Cream"},{"floor":8,"key":"ReplayFunnel"},{"floor":9,"key":"Onion Ring"},{"floor":11,"key":"DaCapo"},{"floor":14,"key":"Ring of Misfortune"},{"floor":14,"key":"ReplayTheSpireMod:Ring of Collecting"},{"floor":23,"key":"AT_ImmortalShieldbow"},{"floor":25,"key":"Smiling Mask"},{"floor":26,"key":"Ring of Peace"},{"floor":26,"key":"Omamori"},{"floor":27,"key":"War Paint"},{"floor":31,"key":"aspiration:Stabinomicon"},{"floor":38,"key":"ImprovedEquipment"},{"floor":40,"key":"Art of War"},{"floor":43,"key":"Ring of Searing"},{"floor":43,"key":"AT_ChloranthyRing"},{"floor":45,"key":"AT_ArchangelStaff"},{"floor":47,"key":"Gremlin Food"}],"event_choices":[{"damage_healed":0,"gold_gain":0,"player_choice":"Ignored","damage_taken":0,"max_hp_gain":0,"max_hp_loss":0,"event_name":"Ghosts","floor":19,"gold_loss":0},{"damage_healed":0,"gold_gain":0,"player_choice":"Stopped","damage_taken":9,"max_hp_gain":0,"max_hp_loss":0,"event_name":"Cursed Tome","floor":24,"gold_loss":0},{"damage_healed":0,"gold_gain":0,"player_choice":"Ignored","damage_taken":0,"max_hp_gain":0,"max_hp_loss":0,"event_name":"Transmorgrifier","floor":30,"gold_loss":0}],"is_beta":false,"boss_relics":[{"not_picked":["vexMod:CursedCompass","MostiFishMod:Hod"],"picked":"xbg"},{"not_picked":["REME_DuelDisc","conspire:SeveredTorchhead"],"picked":"vexMod:MysteryBossChallenge"}],"items_purged_floors":[12,37],"is_endless":false,"potions_floor_spawned":[4,6,8,16,22,23,27,33,40,45,46,47,48],"ascension_level":1}}