{"host":"6749gst1gzuv21qf","time":1610126338,"event":{"mods":["Aspiration","BaseMod","Better Altar","Better Match","Better Note","Better Sensory Stone","Better Skull","Better Third Choice","BetterRewards","Colored Map","Colored Powertips","Downfall","Highlight Path","Minty Spire (QoL Compilation)","Permanent Neow","Replay The Spire","Shop Mod","Spicy Shops","StSLib","The Cursed","Wandering Minibosses"],"gold_per_floor":[117,127,127,141,151,182,182,182,182],"floor_reached":8,"playtime":923,"items_purged":[],"score":58,"play_id":"848ebe43-8c75-4e01-a752-092e4b3b6b1d","local_time":"20210108121858","is_ascension_mode":false,"campfire_choices":[{"floor":7,"key":"REST"}],"circlet_count":0,"master_deck":["Strike_P","Strike_P","Strike_P","Strike_P","Defend_P","Defend_P","Defend_P","Defend_P","Eruption+1","Vigilance","WaveOfTheHand+1","Evaluate","Collect","FollowUp"],"relics":["PureWater","Shuriken","ReplayTheSpireMod:Ninjato","Replay:Wax Seal"],"acts_visited":["Exordium"],"potions_floor_usage":[4],"damage_taken":[{"damage":0,"enemies":"2 Louse","floor":1,"turns":6},{"damage":20,"enemies":"Cultist","floor":2,"turns":9},{"damage":10,"enemies":"Jaw Worm","floor":4,"turns":5},{"damage":7,"enemies":"3 Louse","floor":5,"turns":4},{"damage":28,"enemies":"3 Sentries","floor":6,"turns":15},{"damage":48,"enemies":"Gremlin Nob","floor":8,"turns":5}],"seed_played":"2291616830179007173","potions_obtained":[{"floor":1,"key":"Dexterity Potion"},{"floor":4,"key":"SpeedPotion"},{"floor":6,"key":"BottledMiracle"}],"is_trial":false,"path_per_floor":["M","M","?","M","M","E","R","E"],"character_chosen":"WATCHER","items_purchased":["Shuriken","ReplayTheSpireMod:Ninjato","WaveOfTheHand+1"],"campfire_rested":1,"item_purchase_floors":[0,0,0],"current_hp_per_floor":[72,52,52,42,35,7,28,0,0],"gold":182,"neow_bonus":"","is_daily":false,"chose_seed":false,"campfire_upgraded":0,"win_rate":0.0,"timestamp":1610126338,"path_taken":["M","M","?","M","?","E","R","E"],"items_purchased_type":["Relic","Relic","Card"],"build_version":"2020-12-22","purchased_purges":0,"victory":false,"max_hp_per_floor":[72,72,72,72,72,72,72,72,72],"card_choices":[{"not_picked":["EmptyBody","EmptyFist"],"picked":"Evaluate","floor":1},{"not_picked":["WaveOfTheHand","Sanctity","Evaluate"],"picked":"SKIP","floor":2},{"not_picked":["WaveOfTheHand","Sanctity","Evaluate"],"picked":"SKIP","floor":2},{"not_picked":["PathToVictory","BowlingBash","EmptyFist"],"picked":"SKIP","floor":4},{"not_picked":["Evaluate","Halt"],"picked":"Collect","floor":5},{"not_picked":["Collect","EmptyFist"],"picked":"FollowUp","floor":6}],"player_experience":554758,"relics_obtained":[{"floor":6,"key":"Replay:Wax Seal"}],"event_choices":[{"damage_healed":0,"gold_gain":0,"player_choice":"Upgraded","damage_taken":0,"max_hp_gain":0,"max_hp_loss":0,"event_name":"Upgrade Shrine","floor":3,"gold_loss":0,"cards_upgraded":["Eruption"]}],"is_beta":false,"boss_relics":[],"items_purged_floors":[],"is_endless":false,"potions_floor_spawned":[1,4,6],"killed_by":"Gremlin Nob","ascension_level":0}}