{"host":"uv231blk40vjdojr","time":1610097265,"event":{"mods":["BaseMod","Minty Spire (QoL Compilation)","Relic Stats"],"gold_per_floor":[115,115,40,52,70,70,16,16,16,47,60,77,77,97,97,173,173,183,83,93,93,123,123,156,31,31,31,31,45,77,177,177,250,300,311,533,546,600,58,58,69,98,98,112,124,135,135,135,135,135],"floor_reached":51,"playtime":3050,"items_purged":["Accuracy","Concentrate","Outmaneuver"],"score":1479,"play_id":"58dc96bc-dd12-47c5-bbd6-088356f966e1","local_time":"20210108101425","is_ascension_mode":true,"campfire_choices":[{"data":"Die Die Die","floor":6.0,"key":"SMITH"},{"data":"Wraith Form v2","floor":8.0,"key":"SMITH"},{"data":"Corpse Explosion","floor":13.0,"key":"SMITH"},{"data":"Glass Knife","floor":15.0,"key":"SMITH"},{"floor":23.0,"key":"REST"},{"floor":27.0,"key":"REST"},{"data":"Noxious Fumes","floor":32,"key":"SMITH"},{"data":"Sadistic Nature","floor":40,"key":"SMITH"},{"floor":47,"key":"REST"},{"data":"Footwork","floor":49,"key":"SMITH"}],"circlet_count":0,"master_deck":["AscendersBane","Survivor","Neutralize","Glass Knife+1","Calculated Gamble","Corpse Explosion+1","Sucker Punch","Die Die Die+1","Wraith Form v2+1","Calculated Gamble","Escape Plan","Poisoned Stab","Unload","Cloak And Dagger+1","Tools of the Trade","Noxious Fumes+1","Backflip","After Image","Die Die Die","Sadistic Nature+1","Footwork+1","Doppelganger"],"relics":["Pandora\u0027s Box","Ninja Scroll","Sundial","Akabeko","Cursed Key","Red Mask","TungstenRod","Bottled Flame","Du-Vu Doll","Mercury Hourglass","Tiny House","The Specimen","HornCleat","Pear"],"acts_visited":["Exordium","TheCity","TheBeyond"],"potions_floor_usage":[30,33,42,46,50],"damage_taken":[{"damage":4.0,"enemies":"2 Louse","floor":1.0,"turns":2.0},{"damage":0.0,"enemies":"Cultist","floor":4.0,"turns":2.0},{"damage":0.0,"enemies":"Small Slimes","floor":5.0,"turns":2.0},{"damage":21.0,"enemies":"Lagavulin","floor":10.0,"turns":4.0},{"damage":2.0,"enemies":"Looter","floor":11.0,"turns":3.0},{"damage":4.0,"enemies":"Exordium Wildlife","floor":12.0,"turns":2.0},{"damage":2.0,"enemies":"3 Louse","floor":14.0,"turns":2.0},{"damage":0.0,"enemies":"Slime Boss","floor":16.0,"turns":5.0},{"damage":8.0,"enemies":"Shell Parasite","floor":18.0,"turns":4.0},{"damage":0.0,"enemies":"3 Byrds","floor":20.0,"turns":1.0},{"damage":0.0,"enemies":"Masked Bandits","floor":22.0,"turns":1.0},{"damage":24.0,"enemies":"Book of Stabbing","floor":24.0,"turns":4.0},{"damage":4,"enemies":"Snake Plant","floor":29,"turns":3},{"damage":0,"enemies":"Gremlin Leader","floor":30,"turns":5},{"damage":0,"enemies":"Colosseum Slavers","floor":31,"turns":3},{"damage":0,"enemies":"Colosseum Nobs","floor":31,"turns":3},{"damage":13,"enemies":"Automaton","floor":33,"turns":8},{"damage":6,"enemies":"3 Shapes","floor":35,"turns":3},{"damage":0,"enemies":"3 Darklings","floor":37,"turns":2},{"damage":12,"enemies":"2 Orb Walkers","floor":38,"turns":2},{"damage":0,"enemies":"Sphere and 2 Shapes","floor":41,"turns":3},{"damage":14,"enemies":"Reptomancer","floor":42,"turns":5},{"damage":0,"enemies":"4 Shapes","floor":44,"turns":3},{"damage":0,"enemies":"Transient","floor":45,"turns":6},{"damage":0,"enemies":"Spire Growth","floor":46,"turns":4},{"damage":41,"enemies":"Donu and Deca","floor":50,"turns":6}],"seed_played":"-6200103696806259113","potions_obtained":[{"floor":1.0,"key":"SpeedPotion"},{"floor":4.0,"key":"ColorlessPotion"},{"floor":12.0,"key":"Fire Potion"},{"floor":16.0,"key":"Dexterity Potion"},{"floor":24.0,"key":"Energy Potion"},{"floor":29,"key":"Regen Potion"},{"floor":31,"key":"Ancient Potion"},{"floor":34,"key":"PowerPotion"},{"floor":42,"key":"EssenceOfSteel"}],"is_trial":false,"path_per_floor":["M","?","$","M","M","R","$","R","T","E","M","M","R","M","R","B",null,"M","$","M","?","?","R","E","$","T","R","?","M","E","?","R","B",null,"M","?","M","?","$","R","M","E","T","M","M","M","R","?","R","B",null],"character_chosen":"THE_SILENT","items_purchased":["AttackPotion","Sadistic Nature","HornCleat","Footwork"],"campfire_rested":3,"item_purchase_floors":[7,39,39,39],"current_hp_per_floor":[55,55,55,55,55,55,55,55,55,34,32,28,28,26,26,26,56,48,48,48,30,30,51,27,27,27,48,48,44,58,58,58,45,70,64,64,64,52,52,52,52,48,48,48,48,48,73,73,73,32],"gold":135,"neow_bonus":"BOSS_RELIC","is_daily":false,"chose_seed":false,"campfire_upgraded":7,"win_rate":0.0,"timestamp":1610097265,"path_taken":["M","?","$","M","M","R","?","R","T","E","M","M","R","M","R","BOSS","M","$","M","?","?","R","E","$","T","R","?","?","E","?","R","BOSS","M","?","M","?","$","R","M","E","T","M","M","M","R","?","R","BOSS"],"items_purchased_type":["Potion","Card","Relic","Card"],"build_version":"2020-12-22","purchased_purges":3,"victory":true,"max_hp_per_floor":[66,66,66,66,66,66,66,66,66,66,66,66,66,66,66,66,66,66,66,66,71,71,71,71,71,71,71,71,71,71,71,71,71,76,76,76,76,76,76,76,76,86,86,86,86,86,86,82,82,82],"relic_stats":{"counters":[26,87],"Sundial":[18],"Pandora\u0027s Box":["Glass Knife","Calculated Gamble","Corpse Explosion","Sucker Punch","Die Die Die","Wraith Form v2","Outmaneuver","Calculated Gamble","Concentrate","Accuracy"],"Cursed Key":0,"obtain_stats":[{"Tiny House":34,"Pear":42,"The Specimen":38,"Cursed Key":17,"Akabeko":10,"Mercury Hourglass":31,"Du-Vu Doll":31,"Bottled Flame":30,"HornCleat":39,"Ninja Scroll":2,"Sundial":9,"Pandora\u0027s Box":0,"Red Mask":22,"TungstenRod":24,"Ring of the Snake":0},{"Tiny House":17,"Pear":22,"The Specimen":20,"Cursed Key":8,"Akabeko":4,"Mercury Hourglass":16,"Du-Vu Doll":16,"Bottled Flame":14,"HornCleat":20,"Ninja Scroll":1,"Sundial":3,"Pandora\u0027s Box":0,"Red Mask":11,"TungstenRod":12,"Ring of the Snake":0},{"Tiny House":54,"Pear":68,"The Specimen":60,"Cursed Key":22,"Akabeko":10,"Mercury Hourglass":46,"Du-Vu Doll":46,"Bottled Flame":40,"HornCleat":60,"Ninja Scroll":2,"Sundial":6,"Pandora\u0027s Box":0,"Red Mask":28,"TungstenRod":32,"Ring of the Snake":0}],"TungstenRod":19,"Mercury Hourglass":[184]},"card_choices":[{"not_picked":["Heel Hook","Slice"],"picked":"Escape Plan","floor":1.0},{"not_picked":["Calculated Gamble","Bane"],"picked":"Poisoned Stab","floor":4.0},{"not_picked":["Flying Knee","Dagger Throw","PiercingWail"],"picked":"SKIP","floor":5.0},{"not_picked":["Deadly Poison","Sucker Punch"],"picked":"Unload","floor":10.0},{"not_picked":["Concentrate","PiercingWail"],"picked":"Cloak And Dagger","floor":11.0},{"not_picked":["Dagger Spray","Infinite Blades","Bane"],"picked":"SKIP","floor":12.0},{"not_picked":["Deadly Poison","Blade Dance","Underhanded Strike"],"picked":"SKIP","floor":14.0},{"not_picked":["Unload","Corpse Explosion"],"picked":"Tools of the Trade","floor":16.0},{"not_picked":["Flechettes+1","Well Laid Plans"],"picked":"Noxious Fumes","floor":18.0},{"not_picked":["Prepared","Bane","Acrobatics"],"picked":"SKIP","floor":20.0},{"not_picked":["Glass Knife","Dagger Throw"],"picked":"Backflip","floor":22.0},{"not_picked":["Cloak And Dagger","Crippling Poison"],"picked":"After Image","floor":24.0},{"not_picked":["All Out Attack","Setup","Bane"],"picked":"SKIP","floor":29},{"not_picked":["Dagger Throw","Blade Dance","All Out Attack"],"picked":"SKIP","floor":30},{"not_picked":["After Image","Phantasmal Killer"],"picked":"Die Die Die","floor":33},{"not_picked":["Dodge and Roll","Prepared+1","Cloak And Dagger"],"picked":"SKIP","floor":35},{"not_picked":["Deflect","Deadly Poison","Skewer"],"picked":"SKIP","floor":37},{"not_picked":["Dagger Spray","Dodge and Roll","Cloak And Dagger+1"],"picked":"SKIP","floor":41},{"not_picked":["Venomology","Outmaneuver","PiercingWail+1"],"picked":"SKIP","floor":42},{"not_picked":["Poisoned Stab","Infinite Blades","Sucker Punch+1"],"picked":"SKIP","floor":44},{"not_picked":["Bouncing Flask","Dagger Throw"],"picked":"Doppelganger","floor":45},{"not_picked":["Acrobatics","Flying Knee","Infinite Blades+1"],"picked":"SKIP","floor":46},{"not_picked":["Acrobatics","Flying Knee","Infinite Blades+1"],"picked":"SKIP","floor":46}],"player_experience":601708,"relics_obtained":[{"floor":9.0,"key":"Sundial"},{"floor":10.0,"key":"Akabeko"},{"floor":22.0,"key":"Red Mask"},{"floor":24.0,"key":"TungstenRod"},{"floor":30,"key":"Bottled Flame"},{"floor":31,"key":"Du-Vu Doll"},{"floor":31,"key":"Mercury Hourglass"},{"floor":38,"key":"The Specimen"},{"floor":42,"key":"Pear"}],"event_choices":[{"damage_healed":0.0,"max_hp_gain":0.0,"max_hp_loss":0.0,"gold_gain":0.0,"event_name":"WeMeetAgain","player_choice":"Gave Potion","floor":2.0,"gold_loss":0.0,"damage_taken":0.0,"relics_obtained":["Ninja Scroll"]},{"damage_healed":0.0,"max_hp_gain":5.0,"max_hp_loss":0.0,"gold_gain":0.0,"event_name":"Forgotten Altar","player_choice":"Shed Blood","floor":21.0,"gold_loss":0.0,"damage_taken":23.0},{"damage_healed":0.0,"max_hp_gain":0.0,"max_hp_loss":0.0,"gold_gain":0.0,"event_name":"Masked Bandits","player_choice":"Fought Bandits","floor":22.0,"gold_loss":0.0,"damage_taken":0.0},{"damage_healed":0.0,"max_hp_gain":0.0,"max_hp_loss":0.0,"gold_gain":0.0,"event_name":"Cursed Tome","player_choice":"Ignored","floor":28.0,"gold_loss":0.0,"damage_taken":0.0},{"damage_healed":0,"gold_gain":0,"player_choice":"Fight","damage_taken":0,"max_hp_gain":0,"max_hp_loss":0,"event_name":"Colosseum","floor":31,"gold_loss":0},{"damage_healed":0,"gold_gain":0,"player_choice":"Fought Nobs","damage_taken":0,"max_hp_gain":0,"max_hp_loss":0,"event_name":"Colosseum","floor":31,"gold_loss":0},{"damage_healed":0,"gold_gain":222,"player_choice":"Wore Mask","damage_taken":0,"max_hp_gain":0,"max_hp_loss":0,"event_name":"Tomb of Lord Red Mask","floor":36,"gold_loss":0},{"damage_healed":0,"gold_gain":0,"player_choice":"Fight","damage_taken":0,"max_hp_gain":0,"max_hp_loss":0,"event_name":"Mysterious Sphere","floor":38,"gold_loss":0},{"damage_healed":0,"gold_gain":0,"player_choice":"Max HP","damage_taken":0,"max_hp_gain":0,"max_hp_loss":4,"event_name":"Winding Halls","floor":48,"gold_loss":0}],"is_beta":false,"boss_relics":[{"not_picked":["Busted Crown","Calling Bell"],"picked":"Cursed Key"},{"not_picked":["SacredBark","Coffee Dripper"],"picked":"Tiny House"}],"items_purged_floors":[3,19,25],"is_endless":false,"potions_floor_spawned":[1,4,12,16,24,29,31,31,37,41,42],"ascension_level":18}}