{"host":"mruvby243fwgm3bp","time":1610096781,"event":{"mods":["AchievementEnabler","BaseMod","Colored Map","Colored Powertips","Minty Spire (QoL Compilation)","Permanent Neow","Random Character Button","StSLib"],"gold_per_floor":[218,236,253,253,67,67,102,113,113,125,145,245,245,260,260,260,260],"floor_reached":16,"playtime":1078,"items_purged":[],"score":160,"play_id":"e01e11d1-a824-485f-8b69-e0a008b9abcd","local_time":"20210108010621","is_ascension_mode":true,"campfire_choices":[{"data":"Feed","floor":6,"key":"SMITH"},{"data":"Body Slam","floor":13,"key":"SMITH"},{"data":"Entrench","floor":15,"key":"SMITH"}],"circlet_count":0,"master_deck":["Strike_R","Strike_R","Strike_R","Strike_R","Strike_R","Defend_R","Defend_R","Defend_R","Defend_R","Bash","Entrench+1","True Grit","Flame Barrier","Feed+1","Armaments","Body Slam+1","Barricade"],"relics":["Burning Blood","Strawberry","Darkstone Periapt"],"acts_visited":["Exordium"],"potions_floor_usage":[7,8,10,11,16],"damage_taken":[{"damage":7,"enemies":"Small Slimes","floor":1,"turns":4},{"damage":0,"enemies":"Cultist","floor":2,"turns":4},{"damage":15,"enemies":"Jaw Worm","floor":3,"turns":5},{"damage":25,"enemies":"3 Sentries","floor":7,"turns":16},{"damage":0,"enemies":"Lots of Slimes","floor":8,"turns":3},{"damage":10,"enemies":"Exordium Wildlife","floor":10,"turns":7},{"damage":15,"enemies":"Gremlin Gang","floor":11,"turns":6},{"damage":4,"enemies":"Blue Slaver","floor":14,"turns":5},{"damage":70,"enemies":"Slime Boss","floor":16,"turns":15}],"seed_played":"1093921214992959267","potions_obtained":[{"floor":3,"key":"PowerPotion"},{"floor":4,"key":"Swift Potion"},{"floor":4,"key":"DuplicationPotion"},{"floor":7,"key":"Swift Potion"},{"floor":11,"key":"Explosive Potion"}],"is_trial":false,"path_per_floor":["M","M","M","?","$","R","E","M","T","M","M","?","R","M","R","B"],"character_chosen":"IRONCLAD","items_purchased":["Feed","Armaments"],"campfire_rested":0,"item_purchase_floors":[5,5],"current_hp_per_floor":[71,77,68,68,68,68,56,66,66,66,61,61,61,63,63,0,0],"gold":260,"neow_bonus":"HUNDRED_GOLD","is_daily":false,"chose_seed":false,"campfire_upgraded":3,"win_rate":0.0,"timestamp":1610096781,"path_taken":["M","M","M","?","$","R","E","?","T","M","M","?","R","?","R","BOSS"],"items_purchased_type":["Card","Card"],"build_version":"2020-12-22","purchased_purges":0,"victory":false,"max_hp_per_floor":[80,80,80,80,80,80,87,91,91,95,99,99,99,99,99,99,99],"card_choices":[{"not_picked":["Havoc","Inflame"],"picked":"Entrench","floor":1},{"not_picked":["Anger","Pommel Strike"],"picked":"True Grit","floor":2},{"not_picked":["Blood for Blood","Twin Strike"],"picked":"Flame Barrier","floor":3},{"not_picked":["Warcry","Perfected Strike"],"picked":"Body Slam","floor":7},{"not_picked":["Heavy Blade","Burning Pact","Sentinel"],"picked":"SKIP","floor":8},{"not_picked":["Iron Wave","Sword Boomerang"],"picked":"Barricade","floor":10},{"not_picked":["Infernal Blade","Thunderclap","Sentinel"],"picked":"SKIP","floor":11},{"not_picked":["Shockwave","Fire Breathing","Anger"],"picked":"SKIP","floor":14}],"player_experience":392887,"relics_obtained":[{"floor":7,"key":"Strawberry"},{"floor":9,"key":"Darkstone Periapt"}],"event_choices":[{"damage_healed":0,"gold_gain":0,"player_choice":"Got Potions","damage_taken":0,"max_hp_gain":0,"max_hp_loss":0,"event_name":"Lab","floor":4,"gold_loss":0},{"damage_healed":0,"gold_gain":100,"player_choice":"Pray","damage_taken":0,"max_hp_gain":0,"max_hp_loss":0,"event_name":"Golden Shrine","floor":12,"gold_loss":0}],"is_beta":false,"boss_relics":[],"items_purged_floors":[],"is_endless":false,"potions_floor_spawned":[3,7,11],"killed_by":"Slime Boss","ascension_level":6}}