{"host":"sav7uxregyirlf69","time":1610112134,"event":{"mods":["AchievementEnabler","BaseMod","Colored Map","DeckTracker","Keyboard Shortcuts","Minty Spire (QoL Compilation)","READ ME - Guardian Mod","StSLib","SuperFastMode"],"gold_per_floor":[110,129,129,148,148,182,182,196,196,196,214,289,308,318,318,389,389,400,400,244,259,159,184,194,194,194,209,209,209,227,262,262,262,262],"floor_reached":33,"playtime":737,"items_purged":["Strike_G","Strike_G"],"score":578,"play_id":"f7d7f539-6b9a-4556-bbbd-d164b647959a","local_time":"20210108222214","is_ascension_mode":true,"campfire_choices":[{"data":"Reflex","floor":7,"key":"SMITH"},{"data":"Neutralize","floor":10,"key":"SMITH"},{"data":"Footwork","floor":15,"key":"SMITH"},{"floor":25,"key":"REST"},{"data":"Concentrate","floor":29,"key":"SMITH"},{"floor":32,"key":"REST"}],"circlet_count":0,"master_deck":["AscendersBane","Strike_G","Strike_G","Strike_G","Defend_G","Defend_G","Defend_G","Defend_G","Defend_G","Survivor","Neutralize+1","All Out Attack+1","Reflex+1","Footwork+1","Dagger Throw","Prepared","Blur","Blade Dance","CurseOfTheBell","Backflip","Concentrate+1","Blade Dance","Acrobatics","Concentrate"],"relics":["Ring of the Snake","NeowsBlessing","InkBottle","Mercury Hourglass","Ornamental Fan","Calling Bell","Art of War","White Beast Statue","Ginger","Boot","Thread and Needle","Unceasing Top"],"acts_visited":["Exordium","TheCity"],"potions_floor_usage":[16,23,24,31,33],"damage_taken":[{"damage":0,"enemies":"Cultist","floor":1,"turns":1},{"damage":0,"enemies":"Jaw Worm","floor":2,"turns":1},{"damage":0,"enemies":"2 Louse","floor":4,"turns":1},{"damage":22,"enemies":"3 Sentries","floor":6,"turns":8},{"damage":0,"enemies":"Exordium Thugs","floor":8,"turns":3},{"damage":0,"enemies":"Red Slaver","floor":11,"turns":3},{"damage":0,"enemies":"3 Louse","floor":13,"turns":3},{"damage":0,"enemies":"Looter","floor":14,"turns":3},{"damage":22,"enemies":"Slime Boss","floor":16,"turns":13},{"damage":27,"enemies":"2 Thieves","floor":18,"turns":4},{"damage":18,"enemies":"Shell Parasite","floor":21,"turns":9},{"damage":13,"enemies":"Slavers","floor":23,"turns":5},{"damage":2,"enemies":"Cultist and Chosen","floor":24,"turns":8},{"damage":0,"enemies":"3 Cultists","floor":27,"turns":4},{"damage":0,"enemies":"Snake Plant","floor":30,"turns":4},{"damage":28,"enemies":"Gremlin Leader","floor":31,"turns":5},{"damage":28,"enemies":"Automaton","floor":33,"turns":6}],"seed_played":"-3804705602853416203","potions_obtained":[{"floor":1,"key":"Swift Potion"},{"floor":8,"key":"FairyPotion"},{"floor":16,"key":"ColorlessPotion"},{"floor":23,"key":"FearPotion"},{"floor":24,"key":"Explosive Potion"},{"floor":27,"key":"Energy Potion"},{"floor":31,"key":"Explosive Potion"}],"is_trial":false,"path_per_floor":["M","M","?","M","?","E","R","M","T","R","M","?","M","M","R","B",null,"M","?","$","M","$","E","M","R","T","M","?","R","M","E","R","B"],"character_chosen":"THE_SILENT","items_purchased":["Concentrate"],"campfire_rested":2,"item_purchase_floors":[20],"current_hp_per_floor":[59,59,59,59,59,37,37,37,37,37,37,26,26,26,26,4,51,24,24,24,6,6,19,17,36,36,36,36,36,36,8,27,0,0],"gold":262,"neow_bonus":"THREE_ENEMY_KILL","is_daily":false,"chose_seed":false,"campfire_upgraded":4,"win_rate":0.0,"timestamp":1610112134,"path_taken":["M","M","?","?","?","E","R","M","T","R","?","?","M","M","R","BOSS","M","?","?","M","$","E","M","R","T","?","?","R","M","E","R","BOSS"],"items_purchased_type":["Card"],"build_version":"2020-12-22","purchased_purges":2,"victory":false,"max_hp_per_floor":[66,66,66,66,66,66,66,66,66,66,66,66,66,66,66,66,66,66,66,66,66,66,66,66,66,66,66,66,66,66,66,66,66,66],"card_choices":[{"not_picked":["Slice","Deflect"],"picked":"All Out Attack","floor":1},{"not_picked":["Acrobatics","Distraction"],"picked":"Dash","floor":2},{"not_picked":["Deflect","Accuracy"],"picked":"Reflex","floor":4},{"not_picked":["Infinite Blades","Sucker Punch"],"picked":"Footwork","floor":6},{"not_picked":["Reflex","Noxious Fumes"],"picked":"Dagger Throw","floor":8},{"not_picked":["PiercingWail","Phantasmal Killer"],"picked":"Prepared","floor":11},{"not_picked":["Quick Slash","Prepared"],"picked":"Blur","floor":13},{"not_picked":["Backflip","Cloak And Dagger"],"picked":"Blade Dance","floor":14},{"not_picked":["Outmaneuver+1","Quick Slash"],"picked":"Backflip","floor":18},{"not_picked":["Terror","Outmaneuver"],"picked":"Blade Dance","floor":21},{"not_picked":["Backflip","A Thousand Cuts","Slice"],"picked":"SKIP","floor":23},{"not_picked":["Dagger Throw","Dodge and Roll","Night Terror"],"picked":"SKIP","floor":24},{"not_picked":["Expertise+1","Dagger Spray","Blur"],"picked":"SKIP","floor":27},{"not_picked":["Outmaneuver","Flying Knee"],"picked":"Acrobatics","floor":30},{"not_picked":["Expertise","Noxious Fumes"],"picked":"Concentrate","floor":31}],"player_experience":1202770,"relics_obtained":[{"floor":6,"key":"Mercury Hourglass"},{"floor":9,"key":"Ornamental Fan"},{"floor":17,"key":"Art of War"},{"floor":17,"key":"White Beast Statue"},{"floor":17,"key":"Ginger"},{"floor":23,"key":"Boot"},{"floor":26,"key":"Thread and Needle"},{"floor":31,"key":"Unceasing Top"}],"event_choices":[{"cards_removed":["Dash"],"damage_healed":0,"gold_gain":0,"player_choice":"Gave Card","damage_taken":0,"relics_obtained":["InkBottle"],"max_hp_gain":0,"max_hp_loss":0,"event_name":"WeMeetAgain","floor":3,"gold_loss":0},{"damage_healed":0,"gold_gain":0,"player_choice":"Upgraded","damage_taken":0,"max_hp_gain":0,"max_hp_loss":0,"event_name":"Upgrade Shrine","floor":5,"gold_loss":0,"cards_upgraded":["All Out Attack"]},{"damage_healed":0,"gold_gain":75,"player_choice":"Gather Gold","damage_taken":11,"max_hp_gain":0,"max_hp_loss":0,"event_name":"World of Goop","floor":12,"gold_loss":0},{"damage_healed":0,"gold_gain":0,"player_choice":"Got Potions","damage_taken":0,"max_hp_gain":0,"max_hp_loss":0,"event_name":"Lab","floor":19,"gold_loss":0},{"damage_healed":0,"gold_gain":0,"player_choice":"Ignored","damage_taken":0,"max_hp_gain":0,"max_hp_loss":0,"event_name":"Ghosts","floor":28,"gold_loss":0}],"is_beta":false,"boss_relics":[{"not_picked":["WristBlade","Runic Dome"],"picked":"Calling Bell"}],"items_purged_floors":[20,22],"is_endless":false,"potions_floor_spawned":[1,8,13,14,16,18,21,23,24,27,30,31],"killed_by":"Automaton","ascension_level":20}}