{"host":"p7bugujof0m50fiz","time":1610136301,"event":{"mods":["2.2 Compatiblity","Aspiration","BaseMod","Better Altar","Better Match","Better Note","Better Sensory Stone","Better Skull","Better Third Choice","Better Vampires","Clockwork Mod","Colored Map","Energized Spire","Halation","Hubris","Mad Scientist","Minty Spire (QoL Compilation)","Permanent Neow","Random Character Button","Relic Sorter","Replay The Spire","StSLib","The Blue Laboratory","The Cursed","The Factory","The Juggle","TheHeartMod","Unknown Chances"],"gold_per_floor":[119,44,44,44,69,69,108,108,132,145,168,0,18,43,43,43,43],"floor_reached":16,"playtime":703,"items_purged":["jugglermod: Defend"],"score":102,"play_id":"08f5b997-6779-432f-983b-387051126366","local_time":"20210108210501","is_ascension_mode":false,"campfire_choices":[{"data":"MadScienceMod:AssemblyLine","floor":6,"key":"SMITH"}],"circlet_count":0,"master_deck":["MadScienceMod:Strike_MadScience+1","MadScienceMod:Strike_MadScience","MadScienceMod:Strike_MadScience","MadScienceMod:Strike_MadScience","MadScienceMod:Defend_MadScience","MadScienceMod:Defend_MadScience","MadScienceMod:Defend_MadScience","MadScienceMod:Defend_MadScience","MadScienceMod:PoweredStrike","MadScienceMod:HideBehindJunk+1","hubris:Defend_Merchant","MadScienceMod:GlassCannon","MadScienceMod:AssemblyLine+1","MadScienceMod:Detonate","Enlightenment+1","MadScienceMod:Detonate","MadScienceMod:AntimatterBomb"],"relics":["MadScienceMod:FuelTank","Golden Idol","Replay:Arrowhead","halation:LettersToHer"],"acts_visited":["Exordium"],"potions_floor_usage":[7,13,16],"damage_taken":[{"damage":2,"enemies":"Small Slimes","floor":1,"turns":5},{"damage":6,"enemies":"2 Louse","floor":5,"turns":3},{"damage":18,"enemies":"3 Sentries","floor":7,"turns":8},{"damage":3,"enemies":"Cultist","floor":10,"turns":5},{"damage":8,"enemies":"3 Louse","floor":11,"turns":4},{"damage":8,"enemies":"Exordium Wildlife","floor":13,"turns":5},{"damage":15,"enemies":"Large Slime","floor":14,"turns":5},{"damage":26,"enemies":"Hexaghost","floor":16,"turns":9}],"seed_played":"6284341296925530129","potions_obtained":[{"floor":5,"key":"LiquidBronze"},{"floor":11,"key":"blueLaboratory:PyrophylliteBrew"},{"floor":14,"key":"blueLaboratory:Moonshine"}],"is_trial":false,"path_per_floor":["M","$","?","?","M","R","E","?","T","M","M","?","M","M","R_BF","B"],"character_chosen":"MAD_SCIENTIST","items_purchased":[],"campfire_rested":0,"item_purchase_floors":[],"current_hp_per_floor":[73,73,69,55,49,49,31,31,31,28,20,26,18,3,25,0,0],"gold":43,"neow_bonus":"THREE_RARE_CARDS","is_daily":false,"chose_seed":false,"campfire_upgraded":1,"win_rate":0.0,"timestamp":1610136301,"path_taken":["M","$","?","?","M","R","E","?","T","?","M","?","M","M","R_BF","BOSS"],"items_purchased_type":[],"build_version":"2020-12-22","purchased_purges":1,"victory":false,"max_hp_per_floor":[75,75,69,69,69,69,69,69,69,69,69,75,75,75,75,75,75],"card_choices":[{"not_picked":["MadScienceMod:MechanicalSnecko","MadScienceMod:Postpone"],"picked":"MadScienceMod:GlassCannon","floor":0},{"not_picked":["MadScienceMod:EnergyBarrier","MadScienceMod:Detonate"],"picked":"MadScienceMod:AssemblyLine","floor":1},{"not_picked":["MadScienceMod:SoftenUp","MadScienceMod:Poke","MadScienceMod:FlameCannon"],"picked":"SKIP","floor":5},{"not_picked":["MadScienceMod:FragmentationGrenade","MadScienceMod:AcidSpray","MadScienceMod:OilDrum"],"picked":"SKIP","floor":7},{"not_picked":["MadScienceMod:AntimatterBomb","MadScienceMod:Refine"],"picked":"MadScienceMod:Detonate","floor":10},{"not_picked":["MadScienceMod:EnergyBarrier","MadScienceMod:GattlingGun","MadScienceMod:BoxOfScraps"],"picked":"SKIP","floor":11},{"not_picked":["MadScienceMod:BoxOfScraps","MadScienceMod:AutoStrike"],"picked":"MadScienceMod:Detonate","floor":13},{"not_picked":["MadScienceMod:LightOnFire","MadScienceMod:FlexibleSpear"],"picked":"MadScienceMod:AntimatterBomb","floor":14}],"player_experience":185486,"relics_obtained":[{"floor":7,"key":"Replay:Arrowhead"},{"floor":9,"key":"halation:LettersToHer"}],"event_choices":[{"damage_healed":0,"gold_gain":0,"player_choice":"Lose Max HP","damage_taken":0,"relics_obtained":["Golden Idol"],"max_hp_gain":0,"max_hp_loss":6,"event_name":"Golden Idol","floor":3,"gold_loss":0},{"damage_healed":69,"gold_gain":0,"player_choice":"Upgrade","damage_taken":14,"max_hp_gain":0,"max_hp_loss":69,"event_name":"betterThird:BetterShining","floor":4,"gold_loss":0,"cards_upgraded":["MadScienceMod:Strike_MadScience","MadScienceMod:HideBehindJunk"]},{"damage_healed":0,"gold_gain":0,"player_choice":"Leave","damage_taken":0,"max_hp_gain":0,"max_hp_loss":0,"event_name":"FaceTrader","floor":8,"gold_loss":0},{"damage_healed":0,"gold_gain":0,"player_choice":"RENOUNCE","damage_taken":168,"max_hp_gain":0,"max_hp_loss":0,"event_name":"betterThird:BetterSerpent","floor":12,"gold_loss":168,"cards_obtained":["Enlightenment"]}],"is_beta":false,"boss_relics":[],"items_purged_floors":[2],"is_endless":false,"potions_floor_spawned":[5,11,14],"killed_by":"Hexaghost","ascension_level":0}}