{"host":"fwes8e3a36usabj9","time":1610074480,"event":{"mods":["BaseMod","Colored Map","Colored Powertips","Minty Spire (QoL Compilation)"],"gold_per_floor":[119,129,142,158,170,170,196,214,241,241,241,255,295,14,14,142,142,158,158,182,132,153,153,153,153],"floor_reached":24,"playtime":1944,"items_purged":[],"score":263,"play_id":"8c0867b4-4761-4ff4-93b6-a0dfb4f0ee2f","local_time":"20210107185440","is_ascension_mode":true,"campfire_choices":[{"data":"Melter","floor":6,"key":"SMITH"},{"floor":10,"key":"REST"},{"data":"White Noise","floor":15,"key":"SMITH"},{"floor":23,"key":"REST"}],"circlet_count":0,"master_deck":["Strike_B","Strike_B","Strike_B","Defend_B","Defend_B","Defend_B","Defend_B","Zap","Dualcast","Genetic Algorithm","Chill","Streamline","Melter+1","White Noise+1","Turbo","Thunder Strike","Sweeping Beam","Stack","Electrodynamics","Tempest","Lockon","Conserve Battery","Doom and Gloom+1"],"relics":["Cracked Core","Bottled Lightning","Vajra","Golden Idol","Dream Catcher","Pantograph","Inserter"],"acts_visited":["Exordium","TheCity"],"potions_floor_usage":[13,20],"damage_taken":[{"damage":5,"enemies":"Small Slimes","floor":1,"turns":3},{"damage":2,"enemies":"Jaw Worm","floor":2,"turns":3},{"damage":3,"enemies":"Cultist","floor":3,"turns":4},{"damage":4,"enemies":"Blue Slaver","floor":4,"turns":3},{"damage":15,"enemies":"Exordium Thugs","floor":5,"turns":5},{"damage":17,"enemies":"Lagavulin","floor":7,"turns":5},{"damage":0,"enemies":"Red Slaver","floor":8,"turns":3},{"damage":0,"enemies":"2 Fungi Beasts","floor":12,"turns":3},{"damage":17,"enemies":"3 Sentries","floor":13,"turns":7},{"damage":46,"enemies":"The Guardian","floor":16,"turns":12},{"damage":1,"enemies":"Spheric Guardian","floor":18,"turns":3},{"damage":17,"enemies":"Shell Parasite","floor":20,"turns":5},{"damage":43,"enemies":"Snake Plant","floor":22,"turns":5},{"damage":26,"enemies":"Snecko","floor":24,"turns":3}],"seed_played":"4094961130099904587","potions_obtained":[{"floor":1,"key":"PotionOfCapacity"},{"floor":3,"key":"Strength Potion"},{"floor":8,"key":"SteroidPotion"},{"floor":12,"key":"BlessingOfTheForge"},{"floor":16,"key":"Explosive Potion"},{"floor":18,"key":"SkillPotion"},{"floor":22,"key":"Dexterity Potion"}],"is_trial":false,"path_per_floor":["M","M","M","M","M","R","E","M","T","R","?","M","E","$","R","B",null,"M","?","M","?","M","R","M"],"character_chosen":"DEFECT","items_purchased":["Pantograph","Stack"],"campfire_rested":2,"item_purchase_floors":[14,14],"current_hp_per_floor":[77,75,72,68,53,53,36,36,36,60,60,60,43,43,43,22,63,62,62,45,45,2,24,0,0],"gold":153,"neow_bonus":"TEN_PERCENT_HP_BONUS","is_daily":false,"chose_seed":false,"campfire_upgraded":2,"win_rate":0.0,"timestamp":1610074480,"path_taken":["M","M","M","M","M","R","E","M","T","R","?","M","E","$","R","BOSS","M","?","?","?","M","R","M"],"items_purchased_type":["Relic","Card"],"build_version":"2020-12-22","purchased_purges":0,"victory":false,"max_hp_per_floor":[82,82,82,82,82,82,82,82,82,82,76,76,76,76,76,76,76,76,76,76,76,76,76,76,76],"card_choices":[{"not_picked":["FTL","Ball Lightning"],"picked":"Genetic Algorithm","floor":1},{"not_picked":["Stack","Redo"],"picked":"Chill","floor":2},{"not_picked":["Sweeping Beam","Chaos"],"picked":"Streamline","floor":3},{"not_picked":["Ball Lightning","Darkness"],"picked":"Melter","floor":4},{"not_picked":["Lockon","Gash","Beam Cell"],"picked":"SKIP","floor":5},{"not_picked":["Aggregate","Chaos"],"picked":"White Noise","floor":7},{"not_picked":["Aggregate","Coolheaded"],"picked":"Turbo","floor":8},{"not_picked":["Go for the Eyes","Steam"],"picked":"Thunder Strike","floor":12},{"not_picked":["Reprogram","Amplify"],"picked":"Sweeping Beam","floor":13},{"not_picked":["Buffer","Biased Cognition"],"picked":"Electrodynamics","floor":16},{"not_picked":["Redo","Stack"],"picked":"Tempest","floor":18},{"not_picked":["Redo","Force Field+1"],"picked":"Lockon","floor":20},{"not_picked":["Rebound","Stack"],"picked":"Conserve Battery","floor":22},{"not_picked":["Leap","Steam+1"],"picked":"Doom and Gloom+1","floor":23}],"player_experience":677013,"relics_obtained":[{"floor":7,"key":"Bottled Lightning"},{"floor":9,"key":"Vajra"},{"floor":13,"key":"Dream Catcher"}],"event_choices":[{"damage_healed":0,"gold_gain":0,"player_choice":"Lose Max HP","damage_taken":0,"relics_obtained":["Golden Idol"],"max_hp_gain":0,"max_hp_loss":6,"event_name":"Golden Idol","floor":11,"gold_loss":0},{"cards_removed":["Strike_B"],"damage_healed":0,"gold_gain":0,"player_choice":"Offered Basic","damage_taken":0,"max_hp_gain":0,"max_hp_loss":0,"event_name":"Bonfire Elementals","floor":19,"gold_loss":0},{"damage_healed":0,"gold_gain":0,"player_choice":"Bet on Owner","damage_taken":0,"max_hp_gain":0,"max_hp_loss":0,"event_name":"The Joust","floor":21,"gold_loss":50}],"is_beta":false,"boss_relics":[{"not_picked":["Empty Cage","Calling Bell"],"picked":"Inserter"}],"items_purged_floors":[],"is_endless":false,"potions_floor_spawned":[1,3,8,12,16,18,22],"killed_by":"Snecko","ascension_level":5}}