{"host":"7po9pgh86bqe2blc","time":1610111467,"event":{"mods":["BaseMod","ChefMod","Colored Map","Colored Powertips","Hermit","Minty Spire (QoL Compilation)","StSLib","The Cursed","The Disciple","The Hierophant","The Runesmith"],"gold_per_floor":[113,38,50,50,60,86,86,100,100,100,175,175,175,189,189,288,288,307,287,304,304,129,129,129,129,129],"floor_reached":25,"playtime":3751,"items_purged":["Runesmith:Defend_RS","Runesmith:Defend_RS"],"score":201,"play_id":"b79de907-dc22-4fd1-b9d5-1cfc1e603715","local_time":"20210108141107","is_ascension_mode":false,"campfire_choices":[{"data":"Runesmith:CraftReservo","floor":7.0,"key":"SMITH"},{"data":"Runesmith:Fortify","floor":10.0,"key":"SMITH"},{"data":"Runesmith:PerfectChisel","floor":12.0,"key":"SMITH"},{"floor":15.0,"key":"REST"},{"data":"Runesmith:Firestorm","floor":24.0,"key":"SMITH"}],"circlet_count":0,"master_deck":["Runesmith:Strike_RS","Runesmith:Strike_RS","Runesmith:Strike_RS","Runesmith:Strike_RS","Runesmith:Defend_RS","Runesmith:Defend_RS","Runesmith:CraftFirestone","Runesmith:Fortify+1","Runesmith:CraftReservo+1","Runesmith:PerfectChisel+1","Runesmith:CraftMedicinae","Runesmith:EarthShield","Runesmith:ReplicatingBarrier","Runesmith:FissionHammer","Runesmith:Firestorm+1"],"relics":["Runesmith:CoreCrystal","NeowsBlessing","Turnip","Girya"],"acts_visited":["Exordium","TheCity"],"potions_floor_usage":[25],"damage_taken":[{"damage":0.0,"enemies":"2 Louse","floor":1.0,"turns":1.0},{"damage":0.0,"enemies":"Small Slimes","floor":3.0,"turns":1.0},{"damage":0.0,"enemies":"Cultist","floor":5.0,"turns":1.0},{"damage":24.0,"enemies":"3 Sentries","floor":6.0,"turns":8.0},{"damage":15.0,"enemies":"3 Louse","floor":8.0,"turns":4.0},{"damage":10.0,"enemies":"Looter","floor":14.0,"turns":3.0},{"damage":23.0,"enemies":"Hexaghost","floor":16.0,"turns":10.0},{"damage":12.0,"enemies":"Shell Parasite","floor":18.0,"turns":11.0},{"damage":22.0,"enemies":"2 Thieves","floor":19.0,"turns":4.0},{"damage":17.0,"enemies":"Centurion and Healer","floor":20.0,"turns":18.0},{"damage":51,"enemies":"Book of Stabbing","floor":25,"turns":8}],"seed_played":"-1735060078155753115","potions_obtained":[{"floor":1.0,"key":"CultistPotion"},{"floor":5.0,"key":"LiquidBronze"},{"floor":14.0,"key":"FearPotion"},{"floor":19.0,"key":"SpeedPotion"}],"is_trial":false,"path_per_floor":["M","$","M","?","M","E","R","M","T","R","?","R","?","M","R","B",null,"M","M","M","?","$","?","R","E"],"character_chosen":"RUNESMITH_CLASS","items_purchased":["Runesmith:Firestorm"],"campfire_rested":1,"item_purchase_floors":[22],"current_hp_per_floor":[70,70,70,75,75,51,51,36,36,36,25,25,25,15,37,15,75,65,43,26,51,51,51,51,0,0],"gold":129,"neow_bonus":"THREE_ENEMY_KILL","is_daily":false,"chose_seed":false,"campfire_upgraded":4,"win_rate":0.0,"timestamp":1610111467,"path_taken":["M","$","M","?","M","E","R","M","T","R","?","R","?","M","R","BOSS","M","M","M","?","$","?","R","E"],"items_purchased_type":["Card"],"build_version":"2020-12-13","purchased_purges":2,"victory":false,"max_hp_per_floor":[70,70,70,75,75,75,75,75,75,75,75,75,75,75,75,75,75,75,75,75,75,75,75,75,75,75],"card_choices":[{"not_picked":["Runesmith:Repurpose","Runesmith:ChiselStab"],"picked":"Runesmith:CraftReservo","floor":1.0},{"not_picked":["Runesmith:HeatExchange","Runesmith:WhiteBalance","Runesmith:Overpower"],"picked":"SKIP","floor":3.0},{"not_picked":["Runesmith:Refine","Runesmith:HeatedChisel"],"picked":"Runesmith:PerfectChisel","floor":5.0},{"not_picked":["Runesmith:LastStand","Runesmith:CraftObretio"],"picked":"Runesmith:CraftMedicinae","floor":6.0},{"not_picked":["Runesmith:NegativeSpace","Runesmith:ShiftingStrike","Runesmith:CraftSpiculum"],"picked":"SKIP","floor":8.0},{"not_picked":["Runesmith:Empowerment","Runesmith:Augment"],"picked":"Runesmith:EarthShield","floor":14.0},{"not_picked":["Runesmith:GrandSlam","Runesmith:UnlimitedPower"],"picked":"Runesmith:ReplicatingBarrier","floor":16.0},{"not_picked":["Runesmith:Repurpose+1","Runesmith:HammerThrow","Runesmith:Superposition+1"],"picked":"SKIP","floor":18.0},{"not_picked":["Runesmith:EnergizedChisel","Runesmith:HeatedChisel","Runesmith:MakeshiftArmor"],"picked":"SKIP","floor":19.0},{"not_picked":["Runesmith:FrozenChisel","Runesmith:Terraform+1"],"picked":"Runesmith:FissionHammer","floor":20.0}],"player_experience":296064,"relics_obtained":[{"floor":6.0,"key":"Turnip"},{"floor":9.0,"key":"Girya"}],"event_choices":[{"damage_healed":0.0,"max_hp_gain":5.0,"max_hp_loss":0.0,"gold_gain":0.0,"event_name":"Big Fish","player_choice":"Donut","floor":4.0,"gold_loss":0.0,"damage_taken":0.0},{"damage_healed":0.0,"max_hp_gain":0.0,"max_hp_loss":0.0,"gold_gain":75.0,"event_name":"World of Goop","player_choice":"Gather Gold","floor":11.0,"gold_loss":0.0,"damage_taken":11.0},{"damage_healed":0.0,"max_hp_gain":0.0,"max_hp_loss":0.0,"gold_gain":0.0,"event_name":"Liars Game","player_choice":"Ignored","floor":13.0,"gold_loss":0.0,"damage_taken":0.0},{"damage_healed":25.0,"max_hp_gain":0.0,"max_hp_loss":0.0,"gold_gain":0.0,"event_name":"The Library","player_choice":"Heal","floor":21.0,"gold_loss":0.0,"damage_taken":0.0},{"damage_healed":0.0,"max_hp_gain":0.0,"max_hp_loss":0.0,"gold_gain":0.0,"event_name":"NoteForYourself","player_choice":"Ignored","floor":23.0,"gold_loss":0.0,"damage_taken":0.0}],"is_beta":false,"boss_relics":[{"not_picked":["Pandora\u0027s Box","Runic Pyramid"],"picked":"Runesmith:CoreCrystal"}],"items_purged_floors":[2,22],"is_endless":false,"potions_floor_spawned":[1,5,14,19],"killed_by":"Book of Stabbing","ascension_level":0}}