{"host":"jm45p5sme67dvpdw","time":1610145461,"event":{"mods":["BaseMod","Downfall","Friendly Minions","Hubris","Infinite Spire","Jorbs\u0027s Wanderer Trilogy","Kiyohime????","Koishi","Marisa????????","Minty Spire (QoL Compilation)","Prisma Mod","READ ME - Guardian Mod","READ ME - Snecko Mod","Remilia??????","Replay The Spire","Shop Mod","StSLib","Td1madao Mod","The Animator","The Bug Knight","The Construct","The Disciple","The Hierophant","The Jungle","The Necromancer","The Servant 0.9.4"],"gold_per_floor":[110,129,129,145,165,200,200,217,217,227,244,150,250,268,268,363,363,376,376,376],"floor_reached":19,"playtime":1522,"items_purged":[],"score":173,"play_id":"14cc363e-0e22-44f1-b7cb-edf90f52dc57","local_time":"20210109013741","is_ascension_mode":false,"campfire_choices":[{"floor":7,"key":"REST"},{"floor":15,"key":"REST"}],"circlet_count":0,"master_deck":["Strike_P","Strike_P","Strike_P","Defend_P","Defend_P","Defend_P","Defend_P","Eruption","Vigilance","Replay:Battleflow","BattleHymn","Swivel","FlurryOfBlows","Replay:DivineShield","Devotion","Pray","Prostrate","FollowUp","EmptyBody","Weave","MasterReality","Consecrate"],"relics":["HolyWater","NeowsBlessing","construct:BoolHorns"],"acts_visited":["Exordium","TheCity"],"potions_floor_usage":[6,16],"damage_taken":[{"damage":0,"enemies":"2 Louse","floor":1,"turns":1},{"damage":0,"enemies":"Cultist","floor":2,"turns":1},{"damage":0,"enemies":"Jaw Worm","floor":4,"turns":1},{"damage":3,"enemies":"Lots of Slimes","floor":5,"turns":6},{"damage":51,"enemies":"Gremlin Nob","floor":6,"turns":6},{"damage":5,"enemies":"2 Fungi Beasts","floor":8,"turns":4},{"damage":1,"enemies":"3 Louse","floor":10,"turns":5},{"damage":0,"enemies":"Exordium Wildlife","floor":11,"turns":4},{"damage":0,"enemies":"Looter","floor":14,"turns":3},{"damage":37,"enemies":"Fading Forest","floor":16,"turns":11},{"damage":13,"enemies":"2 Thieves","floor":18,"turns":4},{"damage":60,"enemies":"Shelled Parasite and Fungi","floor":19,"turns":3}],"seed_played":"-5673214846367979622","potions_obtained":[{"floor":2,"key":"EssenceOfSteel"},{"floor":5,"key":"Dexterity Potion"},{"floor":11,"key":"Cursed Concoction"}],"is_trial":false,"path_per_floor":["M","M","?","M","M","E","R","M","T","M","M","$","?","M","R","B",null,"M","M"],"character_chosen":"WATCHER","items_purchased":["FollowUp","EmptyBody"],"campfire_rested":2,"item_purchase_floors":[12,12],"current_hp_per_floor":[72,72,72,72,69,18,39,34,34,33,33,33,33,33,54,27,72,59,0,0],"gold":376,"neow_bonus":"THREE_ENEMY_KILL","is_daily":false,"chose_seed":false,"campfire_upgraded":0,"win_rate":0.0,"timestamp":1610145461,"path_taken":["M","M","?","M","M","E","R","M","T","?","M","$","?","?","R","BOSS","M","M"],"items_purchased_type":["Card","Card"],"build_version":"2020-12-22","purchased_purges":0,"victory":false,"max_hp_per_floor":[72,72,72,72,72,72,72,72,72,72,72,72,72,72,72,72,72,72,72,72],"card_choices":[{"not_picked":["Halt","ThirdEye"],"picked":"Replay:Battleflow","floor":1},{"not_picked":["SashWhip","Evaluate"],"picked":"BattleHymn","floor":2},{"not_picked":["ClearTheMind","CrushJoints"],"picked":"FlurryOfBlows","floor":4},{"not_picked":["Replay:BluntJabs","BattleHymn"],"picked":"Replay:DivineShield","floor":5},{"not_picked":["Replay:AtTheReady","FlyingSleeves"],"picked":"Devotion","floor":6},{"not_picked":["EmptyMind","CrushJoints"],"picked":"Pray","floor":8},{"not_picked":["CarveReality","DeceiveReality","SignatureMove"],"picked":"SKIP","floor":10},{"not_picked":["Nirvana","Crescendo"],"picked":"Prostrate","floor":11},{"not_picked":["Perseverance","LessonLearned"],"picked":"Weave","floor":14},{"not_picked":["Brilliance","Ragnarok"],"picked":"MasterReality","floor":16},{"not_picked":["SashWhip+1","FollowUp"],"picked":"Consecrate","floor":18}],"player_experience":198808,"relics_obtained":[{"floor":6,"key":"construct:BoolHorns"}],"event_choices":[{"damage_healed":0,"gold_gain":0,"cards_transformed":["Strike_P"],"player_choice":"Transformed","damage_taken":0,"max_hp_gain":0,"max_hp_loss":0,"event_name":"Transmorgrifier","floor":3,"gold_loss":0,"cards_obtained":["Swivel"]},{"damage_healed":0,"gold_gain":100,"player_choice":"Pray","damage_taken":0,"max_hp_gain":0,"max_hp_loss":0,"event_name":"Golden Shrine","floor":13,"gold_loss":0}],"is_beta":false,"boss_relics":[{"not_picked":["Ring of Chaos","Painkiller Herb"],"picked":"HolyWater"}],"items_purged_floors":[],"is_endless":false,"potions_floor_spawned":[2,5,11],"killed_by":"Shelled Parasite and Fungi","ascension_level":0}}