{"host":"t7mx8yfj1no5p62f","time":1610065387,"event":{"mods":["BaseMod","Colored Map","Colored Powertips","Minty Spire (QoL Compilation)","Relic Stats","StSLib"],"gold_per_floor":[368,37,54,2,18,45,60,85,85,85,101,112,112,139,139,212,212,226,240,240,123,149,149,149,149],"floor_reached":24,"playtime":853,"items_purged":["Strike_R"],"score":432,"play_id":"c65bd7ba-64ed-4fda-880e-fd007e6b381e","local_time":"20210107192307","is_ascension_mode":true,"campfire_choices":[{"data":"Disarm","floor":10,"key":"SMITH"},{"floor":13,"key":"REST"},{"data":"Spot Weakness","floor":15,"key":"SMITH"},{"data":"Inflame","floor":23,"key":"SMITH"}],"circlet_count":0,"master_deck":["AscendersBane","Strike_R","Strike_R","Strike_R","Strike_R","Defend_R","Defend_R","Defend_R","Defend_R","Bash","Metallicize","Battle Trance","Sword Boomerang","Spot Weakness+1","Reckless Charge","Hemokinesis","Disarm+1","Thunderclap","Feel No Pain","Fiend Fire","Fire Breathing","Exhume","Offering","Spot Weakness","Power Through","Reaper","Inflame+1"],"relics":["Burning Blood","Prayer Wheel","Ginger","Blue Candle","Paper Frog","CaptainsWheel","Coffee Dripper","Vajra"],"acts_visited":["Exordium","TheCity"],"potions_floor_usage":[6,8,11,14,14,24,24],"damage_taken":[{"damage":2.0,"enemies":"Cultist","floor":1.0,"turns":4.0},{"damage":4.0,"enemies":"2 Louse","floor":3.0,"turns":5.0},{"damage":7.0,"enemies":"Small Slimes","floor":5.0,"turns":3.0},{"damage":27,"enemies":"Lagavulin","floor":6,"turns":7},{"damage":15,"enemies":"Exordium Wildlife","floor":7,"turns":5},{"damage":20,"enemies":"3 Sentries","floor":8,"turns":7},{"damage":6,"enemies":"Gremlin Gang","floor":11,"turns":6},{"damage":11,"enemies":"Looter","floor":12,"turns":2},{"damage":8,"enemies":"Gremlin Nob","floor":14,"turns":4},{"damage":5,"enemies":"Hexaghost","floor":16,"turns":9},{"damage":6,"enemies":"Spheric Guardian","floor":18,"turns":4},{"damage":16,"enemies":"Shell Parasite","floor":19,"turns":7},{"damage":65,"enemies":"Slavers","floor":24,"turns":4}],"seed_played":"-2827948815905186204","potions_obtained":[{"floor":3.0,"key":"Dexterity Potion"},{"floor":6,"key":"Weak Potion"},{"floor":8,"key":"Block Potion"},{"floor":11,"key":"LiquidMemories"},{"floor":12,"key":"Block Potion"},{"floor":20,"key":"Block Potion"},{"floor":20,"key":"BloodPotion"}],"is_trial":false,"path_per_floor":["M","$","M","?","M","E","M","E","T","R","M","M","R","E","R","B",null,"M","M","?","$","T","R","E"],"character_chosen":"IRONCLAD","items_purchased":["Prayer Wheel","Inflame"],"campfire_rested":1,"item_purchase_floors":[2,21],"current_hp_per_floor":[68,68,68,68,67,46,37,23,23,23,23,18,38,36,36,37,60,60,50,50,50,50,50,0,0],"gold":149,"neow_bonus":"TWO_FIFTY_GOLD","is_daily":false,"chose_seed":false,"campfire_upgraded":3,"win_rate":0.0,"timestamp":1610065387,"path_taken":["M","?","M","?","M","E","M","E","T","R","M","M","R","E","R","BOSS","M","?","?","$","?","R","E"],"items_purchased_type":["Relic","Card"],"build_version":"2020-12-22","purchased_purges":1,"victory":false,"max_hp_per_floor":[68,68,68,68,68,68,68,68,68,68,68,68,68,68,68,68,68,68,68,68,68,68,68,68,68],"relic_stats":{"counters":[13,67],"Blue Candle":[0],"Prayer Wheel":8,"Ginger":[3],"obtain_stats":[{"CaptainsWheel":14,"Blue Candle":6,"Vajra":22,"Prayer Wheel":2,"Coffee Dripper":17,"Ginger":4,"Burning Blood":0,"Paper Frog":8},{"CaptainsWheel":9,"Blue Candle":4,"Vajra":12,"Prayer Wheel":1,"Coffee Dripper":10,"Ginger":2,"Burning Blood":0,"Paper Frog":6},{"CaptainsWheel":43,"Blue Candle":19,"Vajra":63,"Prayer Wheel":4,"Coffee Dripper":52,"Ginger":9,"Burning Blood":0,"Paper Frog":31}],"Burning Blood":66},"card_choices":[{"not_picked":["Warcry","Rage"],"picked":"Metallicize","floor":1.0},{"not_picked":["Feel No Pain","Clothesline"],"picked":"Battle Trance","floor":3.0},{"not_picked":["Wild Strike","Warcry"],"picked":"Sword Boomerang","floor":3.0},{"not_picked":["Clothesline","Havoc"],"picked":"Spot Weakness","floor":5},{"not_picked":["Flex","Intimidate"],"picked":"Reckless Charge","floor":5},{"not_picked":["Demon Form","Berserk"],"picked":"Hemokinesis","floor":6},{"not_picked":["Body Slam","True Grit"],"picked":"Disarm","floor":7},{"not_picked":["Sword Boomerang","Warcry"],"picked":"Thunderclap","floor":7},{"not_picked":["Whirlwind","Reckless Charge","Clothesline"],"picked":"SKIP","floor":8},{"not_picked":["Havoc","Clash"],"picked":"Feel No Pain","floor":11},{"not_picked":["Warcry","Combust"],"picked":"Fiend Fire","floor":11},{"not_picked":["Body Slam","Sword Boomerang"],"picked":"Fire Breathing","floor":12},{"not_picked":["Pommel Strike","Clash","Body Slam"],"picked":"SKIP","floor":12},{"not_picked":["Cleave","Clash"],"picked":"Exhume","floor":14},{"not_picked":["Barricade","Juggernaut"],"picked":"Offering","floor":16},{"not_picked":["Bloodletting","Clash+1"],"picked":"Spot Weakness","floor":18},{"not_picked":["Fire Breathing","Anger","True Grit"],"picked":"SKIP","floor":18},{"not_picked":["Warcry","Carnage+1"],"picked":"Power Through","floor":19},{"not_picked":["Shrug It Off","Wild Strike"],"picked":"Reaper","floor":19}],"player_experience":1672151,"relics_obtained":[{"floor":6,"key":"Blue Candle"},{"floor":8,"key":"Paper Frog"},{"floor":14,"key":"CaptainsWheel"},{"floor":22,"key":"Vajra"}],"event_choices":[{"damage_healed":0.0,"max_hp_gain":0.0,"max_hp_loss":0.0,"gold_gain":0.0,"event_name":"WeMeetAgain","player_choice":"Paid Gold","floor":4.0,"gold_loss":52.0,"damage_taken":0.0,"relics_obtained":["Ginger"]},{"damage_healed":0,"gold_gain":0,"player_choice":"Got Potions","damage_taken":0,"max_hp_gain":0,"max_hp_loss":0,"event_name":"Lab","floor":20,"gold_loss":0}],"is_beta":false,"boss_relics":[{"not_picked":["Black Blood","Astrolabe"],"picked":"Coffee Dripper"}],"items_purged_floors":[21],"is_endless":false,"potions_floor_spawned":[3,6,8,11,12],"killed_by":"Slavers","ascension_level":20}}