{"host":"kabf61oc9jgfwufg","time":1610120942,"event":{"mods":["AchievementEnabler","Act Like it!","Aspiration","BaseMod","Conspire","GifTheSpireLib","Halation","HexUI Lib","Hubris","Infinite Spire","Melee Mod","Minty Spire (QoL Compilation)","Quick Restart","Rare Cards Sparkle","Replay The Spire","Shop Mod","StSLib","Waifu the Spire"],"gold_per_floor":[117,117,117,117,133,165,165,165,191,191,209,224,101,135,135,135,135],"floor_reached":16,"playtime":376,"items_purged":["Defend_P"],"score":110,"play_id":"e603009a-c71e-4dbe-9a08-2e0fb740fd8d","local_time":"20210108154902","is_ascension_mode":false,"campfire_choices":[{"data":"Eruption","floor":8,"key":"SMITH"},{"floor":15,"key":"REST"}],"circlet_count":0,"master_deck":["Strike_P+1","Strike_P+1","Strike_P+1","Strike_P+1","Defend_P","Defend_P","Defend_P","Eruption+1","Vigilance","FlurryOfBlows+1","Devotion","Pot Of Greed","Pot Of Greed","SashWhip+1","EmptyFist","Halt"],"relics":["PureWater","NeowsBlessing","Replay:Bottled Flurry","Grinning Jar","hubris:Towel","Yang"],"acts_visited":["Exordium"],"potions_floor_usage":[6,14,16,16,16],"damage_taken":[{"damage":0,"enemies":"Small Slimes","floor":1,"turns":1},{"damage":0,"enemies":"Jaw Worm","floor":4,"turns":1},{"damage":0,"enemies":"Cultist","floor":5,"turns":1},{"damage":45,"enemies":"Gremlin Nob","floor":6,"turns":4},{"damage":0,"enemies":"2 Fungi Beasts","floor":11,"turns":2},{"damage":0,"enemies":"Blue Slaver","floor":12,"turns":3},{"damage":18,"enemies":"3 Sentries","floor":14,"turns":4},{"damage":30,"enemies":"The Guardian","floor":16,"turns":4}],"seed_played":"-877641778883274791","potions_obtained":[{"floor":5,"key":"Block Potion"},{"floor":11,"key":"Fire Potion"},{"floor":12,"key":"Adrenaline Potion"},{"floor":14,"key":"AttackPotion"}],"is_trial":false,"path_per_floor":["M","?","T","M","M","E","?","R","T","?","M","M","$","E","R","B"],"character_chosen":"WATCHER","items_purchased":["PowerPotion"],"campfire_rested":1,"item_purchase_floors":[13],"current_hp_per_floor":[72,72,72,72,72,27,27,27,27,27,27,27,27,9,30,0,0],"gold":135,"neow_bonus":"THREE_ENEMY_KILL","is_daily":false,"chose_seed":false,"campfire_upgraded":1,"win_rate":0.0,"timestamp":1610120942,"path_taken":["M","?","?","M","M","E","?","R","T","?","M","M","$","E","R","BOSS"],"items_purchased_type":["Potion"],"build_version":"2020-12-22","purchased_purges":1,"victory":false,"max_hp_per_floor":[72,72,72,72,72,72,72,72,72,72,72,72,72,72,72,72,72],"card_choices":[{"not_picked":["Perseverance","ClearTheMind"],"picked":"FlurryOfBlows","floor":1},{"not_picked":["PathToVictory","Tantrum","Replay:ManipulateFuture"],"picked":"SKIP","floor":4},{"not_picked":["Crescendo","Wallop"],"picked":"Devotion","floor":5},{"not_picked":["PathToVictory","Meditate"],"picked":"SashWhip","floor":6},{"not_picked":["ThirdEye","Evaluate"],"picked":"EmptyFist","floor":11},{"not_picked":["Consecrate","Replay:AtTheReady","Replay:Cycle"],"picked":"SKIP","floor":12},{"not_picked":["WaveOfTheHand","LikeWater"],"picked":"Halt","floor":14}],"player_experience":88213,"relics_obtained":[{"floor":3,"key":"Replay:Bottled Flurry"},{"floor":6,"key":"Grinning Jar"},{"floor":9,"key":"hubris:OldNail"},{"floor":14,"key":"Yang"}],"event_choices":[],"is_beta":false,"boss_relics":[],"items_purged_floors":[13],"is_endless":false,"potions_floor_spawned":[5,11,12,14],"killed_by":"The Guardian","ascension_level":0}}