{"host":"f674lxlqx58fvogb","time":1610103167,"event":{"mods":["BaseMod","Colored Powertips","Downfall","Jorbs\u0027s Wanderer Trilogy","Minty Spire (QoL Compilation)","Replay The Spire","StSLib","The Blue Laboratory"],"gold_per_floor":[115,115,115,127,77,77,38,38,38,64,88,132,145,172,172,268,268,283,283,300,300,310,310,344,344,344,377,394,394,394],"floor_reached":29,"playtime":2712,"items_purged":[],"score":306,"play_id":"454ed0a3-ef26-4dc5-93fb-95101409d644","local_time":"20210108115247","is_ascension_mode":false,"campfire_choices":[{"floor":6,"key":"RECALL"},{"data":"stsjorbsmod:SmithingStrike","floor":8,"key":"SMITH"},{"floor":23,"key":"REST"},{"floor":25,"key":"REST"}],"circlet_count":0,"master_deck":["stsjorbsmod:ForbiddenGrimoire+1","stsjorbsmod:Strike_Wanderer","stsjorbsmod:Strike_Wanderer","stsjorbsmod:Defend_Wanderer+1","stsjorbsmod:Defend_Wanderer","stsjorbsmod:Defend_Wanderer","stsjorbsmod:FreshAdventure","stsjorbsmod:EyeOfTheStorm","stsjorbsmod:SmithingStrike+1","stsjorbsmod:BurningFlask","stsjorbsmod:Channel+1","stsjorbsmod:Materialize","Pot Of Greed","Pot Of Greed","stsjorbsmod:ColorSpray","stsjorbsmod:Determination","stsjorbsmod:Rediscovery","stsjorbsmod:IvoryTower","stsjorbsmod:TrueStrike+1","stsjorbsmod:ParryingBlow+1","stsjorbsmod:RayOfFrost+1","stsjorbsmod:ParryingBlow","Pot Of Greed","Necronomicurse","stsjorbsmod:Inferno","stsjorbsmod:Introspection+1","stsjorbsmod:FracturedMind","stsjorbsmod:Mending","stsjorbsmod:MageArmor","stsjorbsmod:Patron"],"relics":["stsjorbsmod:GrimoireRelic","NeowsBlessing","Smiling Mask","Turnip","Grinning Jar","Art of War","Astrolabe","Necronomicon","Dream Catcher","Replay:Bottled Steam","Blue Doll"],"acts_visited":["Exordium","TheCity"],"potions_floor_usage":[12,24,24,24,28],"damage_taken":[{"damage":0,"enemies":"Jaw Worm","floor":1,"turns":1},{"damage":0,"enemies":"Small Slimes","floor":4,"turns":1},{"damage":0,"enemies":"Gremlin Nob","floor":10,"turns":1},{"damage":0,"enemies":"2 Louse","floor":11,"turns":3},{"damage":39,"enemies":"3 Sentries","floor":12,"turns":7},{"damage":0,"enemies":"Blue Slaver","floor":13,"turns":2},{"damage":10,"enemies":"Lagavulin","floor":14,"turns":6},{"damage":13,"enemies":"Fading Forest","floor":16,"turns":10},{"damage":7,"enemies":"Shell Parasite","floor":18,"turns":5},{"damage":29,"enemies":"3 Byrds","floor":20,"turns":6},{"damage":0,"enemies":"Centurion and Healer","floor":22,"turns":3},{"damage":12,"enemies":"Gremlin Leader","floor":24,"turns":3},{"damage":35,"enemies":"Book of Stabbing","floor":27,"turns":4},{"damage":3,"enemies":"Cultist and Chosen","floor":28,"turns":4},{"damage":9,"enemies":"Shelled Parasite and Fungi","floor":29,"turns":1}],"seed_played":"3266180148689267485","potions_obtained":[{"floor":1,"key":"BlessingOfTheForge"},{"floor":10,"key":"blueLaboratory:BottleOfVodka"},{"floor":13,"key":"FearPotion"},{"floor":14,"key":"blueLaboratory:LouseDecoction"},{"floor":27,"key":"ColorlessPotion"}],"is_trial":false,"path_per_floor":["M","?","?","M","?","R","$","R","T","E","M","E","M","E","R","B",null,"M","?","M","?","M","R","E","R","T","E","M","M"],"character_chosen":"WANDERER","items_purchased":["stsjorbsmod:Channel+1"],"campfire_rested":2,"item_purchase_floors":[7],"current_hp_per_floor":[68,68,56,56,56,56,56,56,56,56,56,19,19,9,9,6,68,62,46,18,18,18,38,26,46,46,12,9,0,0],"gold":394,"neow_bonus":"THREE_ENEMY_KILL","is_daily":false,"chose_seed":false,"campfire_upgraded":1,"win_rate":0.0,"timestamp":1610103167,"path_taken":["M","?","?","M","?","R","$","R","T","E","M","E","M","E","R","BOSS","M","?","M","?","?","R","E","R","T","E","M","M"],"items_purchased_type":["Card"],"build_version":"2020-12-22","purchased_purges":0,"victory":false,"max_hp_per_floor":[68,68,68,68,68,68,68,68,68,68,68,68,68,68,68,68,68,68,68,68,68,68,68,68,68,68,68,68,68,68],"card_choices":[{"not_picked":["stsjorbsmod:AnimateObjects","stsjorbsmod:MageArmor"],"picked":"stsjorbsmod:SmithingStrike","floor":1},{"not_picked":["stsjorbsmod:Introspection","stsjorbsmod:TrueStrike"],"picked":"stsjorbsmod:BurningFlask","floor":4},{"not_picked":["stsjorbsmod:Message","stsjorbsmod:WanderingMind"],"picked":"stsjorbsmod:LocateObject","floor":10},{"not_picked":["stsjorbsmod:WanderingMind","stsjorbsmod:AnimateObjects"],"picked":"stsjorbsmod:Materialize","floor":11},{"not_picked":["stsjorbsmod:HedgeWizard","stsjorbsmod:Index"],"picked":"stsjorbsmod:ColorSpray","floor":12},{"not_picked":["stsjorbsmod:Message","stsjorbsmod:Hibernate"],"picked":"stsjorbsmod:Index","floor":13},{"not_picked":["stsjorbsmod:FindFamiliar","stsjorbsmod:WanderingMind"],"picked":"stsjorbsmod:Determination","floor":14},{"not_picked":["stsjorbsmod:Rediscovery","stsjorbsmod:PurgeMind"],"picked":"stsjorbsmod:IvoryTower","floor":16},{"not_picked":["stsjorbsmod:BlackTentacles","stsjorbsmod:SchoolsOfMagic"],"picked":"stsjorbsmod:ParryingBlow","floor":18},{"not_picked":["stsjorbsmod:Index+1","stsjorbsmod:SmithingStrike"],"picked":"stsjorbsmod:Inferno","floor":20},{"not_picked":["stsjorbsmod:Prestidigitation","stsjorbsmod:RayOfFrost"],"picked":"stsjorbsmod:Introspection+1","floor":22},{"not_picked":["stsjorbsmod:Materialize","stsjorbsmod:TinyHut"],"picked":"stsjorbsmod:FracturedMind","floor":24},{"not_picked":["stsjorbsmod:DoubleCheck+1","stsjorbsmod:ChatteringStrike"],"picked":"stsjorbsmod:Mending","floor":25},{"not_picked":["stsjorbsmod:LoseGrip","stsjorbsmod:TollTheDead"],"picked":"stsjorbsmod:MageArmor","floor":27},{"not_picked":["stsjorbsmod:TollTheDead+1","stsjorbsmod:UnseenServant"],"picked":"stsjorbsmod:Patron","floor":28}],"player_experience":186484,"relics_obtained":[{"floor":10,"key":"Turnip"},{"floor":12,"key":"Grinning Jar"},{"floor":14,"key":"Art of War"},{"floor":19,"key":"Necronomicon"},{"floor":24,"key":"Dream Catcher"},{"floor":26,"key":"Replay:Bottled Steam"},{"floor":27,"key":"Blue Doll"}],"event_choices":[{"damage_healed":0,"gold_gain":0,"player_choice":"Success","damage_taken":12,"relics_obtained":["Smiling Mask"],"max_hp_gain":0,"max_hp_loss":0,"event_name":"Scrap Ooze","floor":3,"gold_loss":0},{"cards_removed":["stsjorbsmod:Defend_Wanderer"],"damage_healed":0,"gold_gain":0,"player_choice":"Card Removal","damage_taken":0,"max_hp_gain":0,"max_hp_loss":0,"event_name":"The Cleric","floor":5,"gold_loss":50},{"damage_healed":0,"gold_gain":0,"player_choice":"Obtained Book","damage_taken":16,"max_hp_gain":0,"max_hp_loss":0,"event_name":"Cursed Tome","floor":19,"gold_loss":0},{"damage_healed":0,"gold_gain":0,"player_choice":"Got Potions","damage_taken":0,"max_hp_gain":0,"max_hp_loss":0,"event_name":"Lab","floor":21,"gold_loss":0}],"is_beta":false,"boss_relics":[{"not_picked":["Honey Jar","Sozu"],"picked":"Astrolabe"}],"items_purged_floors":[],"is_endless":false,"potions_floor_spawned":[1,10,13,14,18,22,27],"killed_by":"Shelled Parasite and Fungi","ascension_level":0}}