{"host":"nqsrckqog5ia9mbo","time":1610129517,"event":{"mods":["AchievementEnabler","BaseMod","Colored Map","Hermit","Highlight Path","Minty Spire (QoL Compilation)","StSLib"],"gold_per_floor":[111,9,29,44,57,57,83,97,97,97,172,188,138,150,150,252,252,268,281,19,32,32,32,43,43,43,72,83,83,83,83],"floor_reached":30,"playtime":2243,"items_purged":[],"score":267,"play_id":"023edd87-ffe3-4516-a3ad-ed9588dde6fb","local_time":"20210108191157","is_ascension_mode":true,"campfire_choices":[{"data":"hermit:EyeOfTheStorm","floor":6,"key":"SMITH"},{"data":"hermit:SprayPray","floor":10,"key":"SMITH"},{"floor":15,"key":"REST"},{"data":"hermit:Determination","floor":23,"key":"SMITH"},{"data":"hermit:Quickdraw","floor":25,"key":"SMITH"},{"floor":29,"key":"REST"}],"circlet_count":0,"master_deck":["hermit:Strike_Hermit","hermit:Strike_Hermit","hermit:Strike_Hermit","hermit:Defend_Hermit","hermit:Defend_Hermit","hermit:Defend_Hermit","hermit:Defend_Hermit","hermit:Snapshot+1","hermit:Covet","hermit:Quickdraw+1","hermit:Manifest+1","hermit:SprayPray+1","hermit:Vantage+1","hermit:EyeOfTheStorm+1","hermit:LoneWolf","hermit:Glare","hermit:Determination+1","hermit:FatalDesire","hermit:CalledShot+1","hermit:Enervate+1","hermit:Purgatory","hermit:Quickdraw+1"],"relics":["hermit:Momento","War Paint","Pear","Philosopher\u0027s Stone","Shuriken","Pantograph","HornCleat"],"acts_visited":["Exordium","TheCity"],"potions_floor_usage":[16,24,27,30],"damage_taken":[{"damage":3,"enemies":"Jaw Worm","floor":1,"turns":3},{"damage":2,"enemies":"Small Slimes","floor":3,"turns":3},{"damage":0,"enemies":"2 Louse","floor":4,"turns":2},{"damage":1,"enemies":"Lots of Slimes","floor":5,"turns":4},{"damage":22,"enemies":"Gremlin Nob","floor":7,"turns":5},{"damage":4,"enemies":"2 Fungi Beasts","floor":8,"turns":3},{"damage":4,"enemies":"Blue Slaver","floor":12,"turns":2},{"damage":12,"enemies":"Exordium Thugs","floor":14,"turns":5},{"damage":18,"enemies":"The Guardian","floor":16,"turns":16},{"damage":0,"enemies":"Chosen","floor":18,"turns":6},{"damage":4,"enemies":"Shell Parasite","floor":19,"turns":6},{"damage":6,"enemies":"Centurion and Healer","floor":21,"turns":8},{"damage":27,"enemies":"Shelled Parasite and Fungi","floor":24,"turns":5},{"damage":38,"enemies":"Book of Stabbing","floor":27,"turns":5},{"damage":3,"enemies":"3 Cultists","floor":28,"turns":5},{"damage":47,"enemies":"Gremlin Leader","floor":30,"turns":8}],"seed_played":"-6787812856931140976","potions_obtained":[{"floor":1,"key":"Fire Potion"},{"floor":8,"key":"SneckoOil"},{"floor":12,"key":"SpeedPotion"},{"floor":14,"key":"Weak Potion"},{"floor":16,"key":"FearPotion"},{"floor":24,"key":"Regen Potion"},{"floor":28,"key":"SteroidPotion"}],"is_trial":false,"path_per_floor":["M","$","M","M","M","R","E","M","T","R","?","M","?","M","R","B",null,"M","M","$","M","$","R","M","R","T","E","M","R","E"],"character_chosen":"HERMIT","items_purchased":["hermit:Quickdraw","hermit:Manifest","Shuriken"],"campfire_rested":2,"item_purchase_floors":[2,2,20],"current_hp_per_floor":[72,72,70,70,69,69,47,43,53,53,42,38,38,26,51,33,85,85,81,81,75,75,75,48,48,48,24,21,46,0,0],"gold":83,"neow_bonus":"UPGRADE_CARD","is_daily":false,"chose_seed":false,"campfire_upgraded":4,"win_rate":0.0,"timestamp":1610129517,"path_taken":["M","$","M","M","M","R","E","M","T","R","?","M","?","M","R","BOSS","M","M","$","M","$","R","M","R","T","E","M","R","E"],"items_purchased_type":["Card","Card","Relic"],"build_version":"2020-12-22","purchased_purges":0,"victory":false,"max_hp_per_floor":[75,75,75,75,75,75,75,75,85,85,85,85,85,85,85,85,85,85,85,85,85,85,85,85,85,85,85,85,85,85,85],"card_choices":[{"not_picked":["hermit:DeadMansHand","hermit:Coalescence","hermit:Midnight"],"picked":"SKIP","floor":1},{"not_picked":["hermit:WideOpen","hermit:BodyArmor"],"picked":"hermit:SprayPray","floor":3},{"not_picked":["hermit:LowProfile","hermit:Midnight"],"picked":"hermit:Vantage","floor":4},{"not_picked":["hermit:Cheat","hermit:Malice"],"picked":"hermit:EyeOfTheStorm","floor":5},{"not_picked":["hermit:Manifest","hermit:TakeAim"],"picked":"hermit:LoneWolf","floor":7},{"not_picked":["hermit:Quickdraw","hermit:PistolWhip"],"picked":"hermit:Glare","floor":8},{"not_picked":["hermit:ItchyTrigger","hermit:HighCaliber","hermit:TrackingShot"],"picked":"SKIP","floor":12},{"not_picked":["hermit:Vantage","hermit:WideOpen"],"picked":"hermit:Determination","floor":14},{"not_picked":["hermit:Gambit","hermit:HighNoon"],"picked":"hermit:FatalDesire","floor":16},{"not_picked":["hermit:Midnight","hermit:Glare","hermit:Quickdraw"],"picked":"SKIP","floor":18},{"not_picked":["hermit:Malice+1","hermit:Misfire"],"picked":"hermit:CalledShot+1","floor":19},{"not_picked":["hermit:LuckOfTheDraw","hermit:Vantage"],"picked":"hermit:Enervate+1","floor":21},{"not_picked":["hermit:Snipe","hermit:FullyLoaded"],"picked":"hermit:Purgatory","floor":24},{"not_picked":["hermit:Enervate","hermit:Roulette","hermit:Scavenge"],"picked":"SKIP","floor":27},{"not_picked":["hermit:Ricochet","hermit:ItchyTrigger"],"picked":"hermit:Quickdraw+1","floor":28}],"player_experience":173511,"relics_obtained":[{"floor":7,"key":"War Paint"},{"floor":9,"key":"Pear"},{"floor":26,"key":"Pantograph"},{"floor":27,"key":"HornCleat"}],"event_choices":[{"damage_healed":0,"gold_gain":75,"player_choice":"Gather Gold","damage_taken":11,"max_hp_gain":0,"max_hp_loss":0,"event_name":"World of Goop","floor":11,"gold_loss":0},{"cards_removed":["hermit:Strike_Hermit"],"damage_healed":0,"gold_gain":0,"player_choice":"Card Removal","damage_taken":0,"max_hp_gain":0,"max_hp_loss":0,"event_name":"The Cleric","floor":13,"gold_loss":50}],"is_beta":false,"boss_relics":[{"not_picked":["SacredBark","SlaversCollar"],"picked":"Philosopher\u0027s Stone"}],"items_purged_floors":[],"is_endless":false,"potions_floor_spawned":[1,8,12,14,16,24,28],"killed_by":"Gremlin Leader","ascension_level":1}}