{"host":"3imo7wsdyu7efakj","time":1610116536,"event":{"mods":["BaseMod","Minty Spire (QoL Compilation)","Quick Restart","StSLib","¡¾ÒÅÎï¿¨ÅÆ¡¿REMEMod"],"gold_per_floor":[115,290,302,302,319,354,367,402,429,429,457,457,382,452,452,647,647,690,690,690,789,714,714,563,644,667,667,667,712,757,806,806,824,824],"floor_reached":33,"playtime":2498,"items_purged":["Catalyst"],"score":341,"play_id":"722e3cda-e7e4-464e-9e2e-660a247505ea","local_time":"20210108223536","is_ascension_mode":true,"campfire_choices":[{"data":"Prepared","floor":10,"key":"SMITH"},{"data":"REME_SpectralBlade","floor":15,"key":"SMITH"},{"data":"Distraction","floor":23,"key":"SMITH"},{"data":"REME_SpectralBlade","floor":27,"key":"SMITH"},{"data":"REME_LeechingPoison","floor":32,"key":"SMITH"}],"circlet_count":0,"master_deck":["Survivor","Neutralize","REME_CRH","REME_SpectralBlade+1","REME_LeechingPoison+1","Quick Slash","Masterful Stab","Backstab","Flying Knee","Concentrate","Doubt","Prepared+1","Regret","Distraction+1","Prepared","Prepared","Burst","Backstab","Writhe","Die Die Die","REME_SpectralBlade+1","REME_ShadowStrike+1","REME_ShadowStrike"],"relics":["Pandora\u0027s Box","Art of War","Blood Vial","Vajra","REME_ArchaeologicalTools","Golden Idol","SlaversCollar","Toy Ornithopter","InkBottle","Happy Flower","Nloth\u0027s Gift","Matryoshka"],"acts_visited":["Exordium","TheCity"],"potions_floor_usage":[6,8,11,29],"damage_taken":[{"damage":0,"enemies":"2 Louse","floor":1,"turns":1},{"damage":6,"enemies":"Cultist","floor":3,"turns":4},{"damage":2,"enemies":"Small Slimes","floor":5,"turns":2},{"damage":21,"enemies":"Gremlin Nob","floor":6,"turns":4},{"damage":10,"enemies":"2 Fungi Beasts","floor":7,"turns":3},{"damage":29,"enemies":"3 Sentries","floor":8,"turns":8},{"damage":10,"enemies":"Lagavulin","floor":11,"turns":3},{"damage":0,"enemies":"3 Louse","floor":14,"turns":2},{"damage":40,"enemies":"Hexaghost","floor":16,"turns":6},{"damage":35,"enemies":"Shell Parasite","floor":18,"turns":4},{"damage":55,"enemies":"Gremlin Leader","floor":25,"turns":6},{"damage":16,"enemies":"3 Byrds","floor":29,"turns":3},{"damage":15,"enemies":"Snake Plant","floor":30,"turns":3},{"damage":37,"enemies":"REME_1_Revenger","floor":31,"turns":3},{"damage":6,"enemies":"Collector","floor":33,"turns":3}],"seed_played":"-4862039708427117180","potions_obtained":[{"floor":5,"key":"Block Potion"},{"floor":6,"key":"Poison Potion"},{"floor":8,"key":"LiquidMemories"},{"floor":25,"key":"CunningPotion"},{"floor":30,"key":"REME_GoldPotion"}],"is_trial":false,"path_per_floor":["M","?","M","?","M","E","M","E","T","R","E","?","$","M","R","B",null,"M","?","?","?","?","R","$","E","T","R","?","M","M","E","R","B"],"character_chosen":"THE_SILENT","items_purchased":["Die Die Die"],"campfire_rested":0,"item_purchase_floors":[24],"current_hp_per_floor":[70,70,64,64,68,59,70,45,45,45,68,51,51,53,53,28,70,70,70,70,70,70,70,70,23,23,23,23,49,64,29,29,38,38],"gold":824,"neow_bonus":"BOSS_RELIC","is_daily":false,"chose_seed":false,"campfire_upgraded":5,"win_rate":0.0,"timestamp":1610116536,"path_taken":["M","?","M","?","M","E","M","E","T","R","E","?","?","?","R","BOSS","M","?","?","?","?","R","$","E","T","R","?","M","?","E","R","BOSS"],"items_purchased_type":["Card"],"build_version":"2020-12-22","purchased_purges":1,"victory":false,"max_hp_per_floor":[70,70,70,70,70,70,70,70,70,70,70,70,70,70,70,70,70,70,70,70,70,70,70,70,70,70,70,70,70,70,70,70,70,70],"card_choices":[{"not_picked":["Bane","Skewer","Dash"],"picked":"SKIP","floor":1},{"not_picked":["Dodge and Roll","Underhanded Strike"],"picked":"Prepared","floor":3},{"not_picked":["Noxious Fumes","Bane","Dagger Spray"],"picked":"SKIP","floor":5},{"not_picked":["Outmaneuver","Backstab"],"picked":"Distraction","floor":6},{"not_picked":["Caltrops","Cloak And Dagger","Footwork"],"picked":"SKIP","floor":7},{"not_picked":["Quick Slash","Leg Sweep","Dagger Spray"],"picked":"SKIP","floor":8},{"not_picked":["Catalyst","PiercingWail"],"picked":"Prepared","floor":11},{"not_picked":["Accuracy","Noxious Fumes"],"picked":"Prepared","floor":14},{"not_picked":["Bullet Time","REME_GrazeFinale"],"picked":"Burst","floor":16},{"not_picked":["Cloak And Dagger+1","Underhanded Strike+1","Backflip"],"picked":"SKIP","floor":18},{"not_picked":["Slice+1","Cloak And Dagger"],"picked":"REME_SpectralBlade","floor":25},{"not_picked":["Leg Sweep","Slice"],"picked":"REME_ShadowStrike+1","floor":29},{"not_picked":["Masterful Stab","Cloak And Dagger+1","Skewer"],"picked":"SKIP","floor":30},{"not_picked":["Accuracy","Doppelganger"],"picked":"REME_ShadowStrike","floor":31}],"player_experience":236469,"relics_obtained":[{"floor":6,"key":"Blood Vial"},{"floor":8,"key":"Vajra"},{"floor":11,"key":"REME_ArchaeologicalTools"},{"floor":25,"key":"InkBottle"},{"floor":26,"key":"Happy Flower"},{"floor":31,"key":"Matryoshka"}],"event_choices":[{"damage_healed":0,"gold_gain":175,"player_choice":"AGREE","damage_taken":0,"max_hp_gain":0,"max_hp_loss":0,"event_name":"Liars Game","floor":2,"gold_loss":0,"cards_obtained":["Doubt"]},{"damage_healed":0,"gold_gain":0,"player_choice":"Box","damage_taken":0,"relics_obtained":["Art of War"],"max_hp_gain":0,"max_hp_loss":0,"event_name":"Big Fish","floor":4,"gold_loss":0,"cards_obtained":["Regret"]},{"damage_healed":0,"gold_gain":0,"player_choice":"Take Damage","damage_taken":17,"relics_obtained":["Golden Idol"],"max_hp_gain":0,"max_hp_loss":0,"event_name":"Golden Idol","floor":12,"gold_loss":0},{"damage_healed":0,"gold_gain":0,"cards_transformed":["Slice","REME_GrazeFinale"],"player_choice":"Became Test Subject","damage_taken":0,"max_hp_gain":0,"max_hp_loss":0,"event_name":"Drug Dealer","floor":19,"gold_loss":0,"cards_obtained":["Leg Sweep","Backstab"]},{"damage_healed":0,"gold_gain":0,"player_choice":"Opened","damage_taken":0,"relics_obtained":["Toy Ornithopter"],"max_hp_gain":0,"max_hp_loss":0,"event_name":"The Mausoleum","floor":20,"gold_loss":0,"cards_obtained":["Writhe"]},{"damage_healed":0,"gold_gain":99,"player_choice":"Stole From Cult","damage_taken":0,"max_hp_gain":0,"max_hp_loss":0,"event_name":"Nest","floor":21,"gold_loss":0},{"cards_removed":["Leg Sweep"],"damage_healed":0,"gold_gain":0,"player_choice":"Gave Gold","damage_taken":0,"max_hp_gain":0,"max_hp_loss":0,"event_name":"Beggar","floor":22,"gold_loss":75},{"damage_healed":0,"gold_gain":0,"player_choice":"Traded Relic","damage_taken":0,"relics_obtained":["Nloth\u0027s Gift"],"max_hp_gain":0,"max_hp_loss":0,"event_name":"N\u0027loth","floor":28,"relics_lost":["REME_ComplimentaryCards"],"gold_loss":0}],"is_beta":false,"boss_relics":[{"not_picked":["REME_ChargedStone","Runic Dome"],"picked":"SlaversCollar"}],"items_purged_floors":[13],"is_endless":false,"potions_floor_spawned":[5,6,8,11,25,30],"killed_by":"Collector","ascension_level":1}}