{"host":"axbb6sj12fvt0d3b","time":1610071653,"event":{"mods":["AchievementEnabler","BaseMod","Better Altar","Better Match","Better Note","Better Sensory Stone","Better Skull","Better Third Choice","BetterRewards","Colored Map","Conspire","Downfall","Hermit","Highlight Path","Infinite Spire","Mimic Mod","Minty Spire (QoL Compilation)","Replay The Spire","Shop Mod","Spicy Shops","StSLib","The Cursed","The Jungle","The Runesmith","The Sage"],"gold_per_floor":[113,113,213,224,239,239,254,269,269,160,160,171,171,191,191,191,191],"floor_reached":16,"playtime":909,"items_purged":[],"score":94,"play_id":"5bafec9d-3a0e-4654-a704-e8c81af806e3","local_time":"20210107200733","is_ascension_mode":false,"campfire_choices":[{"data":"Deadly Poison","floor":6,"key":"SMITH"},{"data":"Crippling Poison","floor":13,"key":"SMITH"},{"data":"Infinite Blades","floor":15,"key":"SMITH"}],"circlet_count":0,"master_deck":["Strike_G","Strike_G","Strike_G","Strike_G","Strike_G","Defend_G","Defend_G","Defend_G","Defend_G","Defend_G","Survivor","Neutralize","Slice","Backflip","Deadly Poison+1","Dodge and Roll","Deadly Poison+1","Crippling Poison+1","Crippling Poison","Infinite Blades+1"],"relics":["Ring of the Snake","Basket Of Snakes"],"acts_visited":["Exordium"],"potions_floor_usage":[],"damage_taken":[{"damage":3,"enemies":"2 Louse","floor":1,"turns":4},{"damage":0,"enemies":"Cultist","floor":4,"turns":4},{"damage":0,"enemies":"Small Slimes","floor":5,"turns":4},{"damage":0,"enemies":"Looter","floor":7,"turns":4},{"damage":2,"enemies":"Blue Slaver","floor":8,"turns":4},{"damage":0,"enemies":"Large Slime","floor":12,"turns":6},{"damage":0,"enemies":"3 Louse","floor":14,"turns":2},{"damage":62,"enemies":"Slime Boss","floor":16,"turns":10}],"seed_played":"-8627646305841954899","potions_obtained":[{"floor":8,"key":"Milkshake"}],"is_trial":false,"path_per_floor":["M","$","?","M","M","R","M","M","T","$","?","M","R","M","R","B"],"character_chosen":"THE_SILENT","items_purchased":["Crippling Poison"],"campfire_rested":0,"item_purchase_floors":[10],"current_hp_per_floor":[74,74,74,74,74,74,74,72,72,72,72,72,72,72,72,10,10],"gold":191,"neow_bonus":"TEN_PERCENT_HP_BONUS","is_daily":false,"chose_seed":false,"campfire_upgraded":3,"win_rate":0.0,"timestamp":1610071653,"path_taken":["M","$","?","M","M","R","M","M","T","?","?","?","R","M","R","BOSS"],"items_purchased_type":["Card"],"build_version":"2020-12-22","purchased_purges":0,"victory":false,"max_hp_per_floor":[77,77,77,77,77,77,77,77,77,77,77,77,77,77,77,77,77],"card_choices":[{"not_picked":["Quick Slash","Choke"],"picked":"Slice","floor":1},{"not_picked":["Calculated Gamble","Bane"],"picked":"Backflip","floor":4},{"not_picked":["Bane","Escape Plan"],"picked":"Deadly Poison","floor":5},{"not_picked":["Bane","Dagger Spray"],"picked":"Dodge and Roll","floor":7},{"not_picked":["Underhanded Strike","Prepared"],"picked":"Deadly Poison","floor":8},{"not_picked":["Sneak Up","Prepared"],"picked":"Crippling Poison","floor":12},{"not_picked":["Flying Knee","Slice"],"picked":"Infinite Blades","floor":14}],"player_experience":116909,"relics_obtained":[{"floor":9,"key":"Basket Of Snakes"}],"event_choices":[{"damage_healed":0,"gold_gain":100,"player_choice":"Pray","damage_taken":0,"max_hp_gain":0,"max_hp_loss":0,"event_name":"Golden Shrine","floor":3,"gold_loss":0},{"damage_healed":0,"gold_gain":0,"player_choice":"Upgraded","damage_taken":0,"max_hp_gain":0,"max_hp_loss":0,"event_name":"Upgrade Shrine","floor":11,"gold_loss":0,"cards_upgraded":["Deadly Poison"]}],"is_beta":false,"boss_relics":[],"items_purged_floors":[],"is_endless":false,"potions_floor_spawned":[8],"killed_by":"Slime Boss","ascension_level":0}}