{"host":"6qo42zgaknezulyg","time":1610074677,"event":{"mods":["2.2 Compatiblity","BaseMod","Colored Map","Downfall","Keyboard Shortcuts","Minty Spire (QoL Compilation)","Permanent Neow","Quick Restart","StSLib","SuperFastMode"],"gold_per_floor":[0,10,10,26,46,46,120,152,166,185,195,229,229,103,121,198,198,198,210,210,220,220,47,73,73,73,73,86,97,97,109,119,194,194,194,211,84,97,97,111,111,111,135,135,153,172,72,85,98,98],"floor_reached":51,"playtime":2015,"items_purged":["bronze:Strike","bronze:CloningBeam"],"score":1298,"play_id":"cacd3106-4349-49e1-9193-91915ed80eac","local_time":"20210108115757","is_ascension_mode":true,"campfire_choices":[{"data":"expansioncontent:DashGenerateEvil","floor":1.0,"key":"SMITH"},{"data":"bronze:InfiniteBeams","floor":13.0,"key":"SMITH"},{"data":"bronze:Shell","floor":18.0,"key":"SMITH"},{"data":"bronze:Repair","floor":25.0,"key":"SMITH"},{"data":"bronze:InfiniteLoop","floor":30.0,"key":"SMITH"},{"data":"bronze:FollowUp","floor":35.0,"key":"SMITH"},{"data":"bronze:Iterate","floor":42.0,"key":"SMITH"},{"floor":44.0,"key":"RECALL"},{"data":"bronze:Goto","floor":47.0,"key":"SMITH"}],"circlet_count":0,"master_deck":["AscendersBane","bronze:Defend","bronze:Defend","bronze:Defend","bronze:Replicate","bronze:Goto+1","expansioncontent:DashGenerateEvil+1","bronze:Shell+1","bronze:ChildClass","bronze:DelayedSlice","bronze:Iterate+1","bronze:BronzeOrb","bronze:InfiniteBeams+1","bronze:Boost","bronze:Frontload","bronze:HyperBeam","bronze:FollowUp+1","bronze:Repair+1","bronze:InfiniteLoop+1","bronze:Philosophize+1","Master of Strategy","bronze:ChildClass"],"relics":["bronze:BronzeCore","Letter Opener","HornCleat","StoneCalendar","Coffee Dripper","Lee\u0027s Waffle","Guardian:PocketSentry","Tiny Chest","bronze:BottledCode","Runic Dome","hexamod:BolsterEngine","Kunai","Bag of Preparation","downfall:HeartBlessingRed"],"acts_visited":["Exordium","TheCity","TheBeyond"],"potions_floor_usage":[50],"damage_taken":[{"damage":8.0,"enemies":"Small Slimes","floor":2.0,"turns":3.0},{"damage":7.0,"enemies":"Jaw Worm","floor":4.0,"turns":2.0},{"damage":6.0,"enemies":"2 Louse","floor":5.0,"turns":3.0},{"damage":12.0,"enemies":"Lagavulin","floor":8.0,"turns":6.0},{"damage":0.0,"enemies":"Exordium Wildlife","floor":9.0,"turns":3.0},{"damage":1.0,"enemies":"Blue Slaver","floor":10.0,"turns":2.0},{"damage":0.0,"enemies":"Lots of Slimes","floor":11.0,"turns":4.0},{"damage":0.0,"enemies":"Gremlin Nob","floor":12.0,"turns":3.0},{"damage":0.0,"enemies":"downfall:FleeingMerchant","floor":14.0,"turns":4.0},{"damage":0.0,"enemies":"3 Louse","floor":15.0,"turns":2.0},{"damage":15.0,"enemies":"downfall:Watcher","floor":16.0,"turns":7.0},{"damage":7.0,"enemies":"Chosen","floor":19.0,"turns":5.0},{"damage":0.0,"enemies":"Chosen","floor":20.0,"turns":5.0},{"damage":4.0,"enemies":"Centurion and Healer","floor":21.0,"turns":4.0},{"damage":0.0,"enemies":"downfall:FleeingMerchant","floor":23.0,"turns":4.0},{"damage":0.0,"enemies":"Snake Plant","floor":28.0,"turns":3.0},{"damage":0.0,"enemies":"Cultist and Chosen","floor":29.0,"turns":3.0},{"damage":0.0,"enemies":"Centurion and Healer","floor":31.0,"turns":4.0},{"damage":0.0,"enemies":"Snecko","floor":32.0,"turns":3.0},{"damage":34.0,"enemies":"downfall:Defect","floor":33.0,"turns":7.0},{"damage":0.0,"enemies":"3 Shapes","floor":36.0,"turns":3.0},{"damage":0.0,"enemies":"downfall:FleeingMerchant","floor":37.0,"turns":4.0},{"damage":0.0,"enemies":"3 Darklings","floor":38.0,"turns":3.0},{"damage":0.0,"enemies":"Jaw Worm Horde","floor":40.0,"turns":3.0},{"damage":0.0,"enemies":"Spire Growth","floor":45.0,"turns":3.0},{"damage":0.0,"enemies":"Transient","floor":46.0,"turns":6.0},{"damage":0.0,"enemies":"4 Shapes","floor":48.0,"turns":3.0},{"damage":0.0,"enemies":"Writhing Mass","floor":49.0,"turns":4.0},{"damage":18,"enemies":"downfall:Silent","floor":50,"turns":6}],"seed_played":"-3771701949903650484","potions_obtained":[{"floor":4.0,"key":"Block Potion"},{"floor":5.0,"key":"bronze:FreeFunctionsPotion"},{"floor":8.0,"key":"DistilledChaos"},{"floor":11.0,"key":"Fire Potion"},{"floor":12.0,"key":"Strength Potion"},{"floor":28.0,"key":"SpeedPotion"},{"floor":32.0,"key":"bronze:BurnAndBuffPotion"},{"floor":40.0,"key":"FairyPotion"}],"is_trial":false,"path_per_floor":["R","M","?","M","M","?","T","E","M","M","M","E","R","$","M","B",null,"R","M","?","M","?","$","T","R","T","?","M","M","R","M","M","B",null,"R","M","$","M","?","M","T","R","T","R","M","M","R","M","M","B",null],"character_chosen":"THE_AUTOMATON","items_purchased":["bronze:Boost","Lee\u0027s Waffle","hexamod:BolsterEngine","Master of Strategy"],"campfire_rested":0,"item_purchase_floors":[14,23,37,37],"current_hp_per_floor":[57,49,49,42,36,57,57,45,45,44,44,44,44,44,44,29,55,55,48,48,44,44,70,70,70,70,60,60,60,60,60,60,36,54,54,54,60,60,60,60,60,60,60,60,60,60,60,60,60,46],"gold":98,"neow_bonus":"RANDOM_COLORLESS_2","is_daily":false,"chose_seed":false,"campfire_upgraded":8,"win_rate":0.0,"timestamp":1610074677,"path_taken":["R","M","?","M","M","?","T","E","M","M","M","E","R","?","M","BOSS","R","M","?","M","?","$","T","R","?","?","?","M","R","M","M","BOSS","R","M","$","M","?","M","T","R","?","R","M","M","R","M","M","BOSS"],"items_purchased_type":["Card","Relic","Relic","Card"],"build_version":"2020-12-22","purchased_purges":2,"victory":true,"max_hp_per_floor":[63,63,63,63,63,63,63,63,63,63,63,63,63,63,63,63,63,63,63,63,63,63,70,70,70,70,60,60,60,60,60,60,60,60,60,60,60,60,60,60,60,60,60,60,60,60,60,60,60,60],"card_choices":[{"not_picked":["Mayhem","Magnetism"],"picked":"expansioncontent:DashGenerateEvil","floor":0.0},{"not_picked":["bronze:CutThrough","bronze:WhirlingStrike"],"picked":"bronze:Shell","floor":2.0},{"not_picked":["bronze:Overheat","bronze:Constructor"],"picked":"bronze:ChildClass","floor":4.0},{"not_picked":["bronze:Iterate","bronze:Shield","bronze:ShipIt"],"picked":"SKIP","floor":5.0},{"not_picked":["bronze:Shield","bronze:Terminator"],"picked":"bronze:DelayedSlice","floor":8.0},{"not_picked":["bronze:CutThrough","bronze:Refactor"],"picked":"bronze:Optimize","floor":9.0},{"not_picked":["bronze:BitShift","bronze:Overheat"],"picked":"bronze:Iterate","floor":10.0},{"not_picked":["bronze:Refactor","bronze:DelayedSlice"],"picked":"bronze:BronzeOrb","floor":11.0},{"not_picked":["bronze:ShipIt","bronze:MaxOutput"],"picked":"bronze:InfiniteBeams","floor":12.0},{"not_picked":["bronze:CutThrough","bronze:Terminator","bronze:BuggyMess"],"picked":"SKIP","floor":14.0},{"not_picked":["bronze:Shell","bronze:OilSpill"],"picked":"bronze:Frontload","floor":15.0},{"not_picked":["bronze:TinkerersToolbox","bronze:Mutator"],"picked":"bronze:HyperBeam","floor":16.0},{"not_picked":["bronze:Constructor","bronze:CutThrough","bronze:Turbo+1"],"picked":"SKIP","floor":19.0},{"not_picked":["bronze:NullPointer","bronze:Shell","bronze:Invalidate"],"picked":"SKIP","floor":21.0},{"not_picked":["bronze:Branch","bronze:Deprecate"],"picked":"bronze:Repair","floor":23.0},{"not_picked":["bronze:Turbo","bronze:Iterate"],"picked":"bronze:InfiniteLoop","floor":28.0},{"not_picked":["bronze:Constructor+1","bronze:BugBarrage"],"picked":"bronze:Philosophize+1","floor":29.0},{"not_picked":["bronze:Safeguard","bronze:BronzeArmor","bronze:WildBeam"],"picked":"SKIP","floor":31.0},{"not_picked":["bronze:RecursiveStrike","bronze:Terminator","bronze:CutThrough"],"picked":"SKIP","floor":32.0},{"not_picked":["bronze:Deprecate+1","bronze:ChosenStrike+1","bronze:Terminator"],"picked":"SKIP","floor":36.0},{"not_picked":["bronze:Flail+1","bronze:Philosophize","bronze:Shield"],"picked":"SKIP","floor":37.0},{"not_picked":["bronze:CutThrough","bronze:Turbo","bronze:ForceShield"],"picked":"SKIP","floor":38.0},{"not_picked":["bronze:HardenedForm","bronze:ClassDefault","bronze:Return"],"picked":"SKIP","floor":40.0},{"not_picked":["bronze:HardenedForm","bronze:ClassDefault","bronze:Return"],"picked":"SKIP","floor":40.0},{"not_picked":["bronze:Shield","bronze:OilSpill","bronze:Philosophize"],"picked":"SKIP","floor":45.0},{"not_picked":["bronze:Deprecate","bronze:Optimize","bronze:Branch"],"picked":"SKIP","floor":46.0},{"not_picked":["bronze:BuggyMess","bronze:Overheat"],"picked":"bronze:ChildClass","floor":48.0},{"not_picked":["bronze:OilSpill","bronze:Verify","bronze:Deprecate"],"picked":"SKIP","floor":49.0}],"player_experience":1147378,"relics_obtained":[{"floor":7.0,"key":"Letter Opener"},{"floor":8.0,"key":"HornCleat"},{"floor":12.0,"key":"StoneCalendar"},{"floor":24.0,"key":"Guardian:PocketSentry"},{"floor":26.0,"key":"Tiny Chest"},{"floor":41.0,"key":"Kunai"},{"floor":43.0,"key":"Bag of Preparation"}],"event_choices":[{"cards_removed":["bronze:Strike"],"damage_healed":0.0,"max_hp_gain":0.0,"max_hp_loss":0.0,"gold_gain":0.0,"event_name":"The Cleric","player_choice":"Card Removal","floor":3.0,"gold_loss":0.0,"damage_taken":0.0},{"damage_healed":21.0,"max_hp_gain":0.0,"max_hp_loss":0.0,"gold_gain":0.0,"event_name":"Big Fish","player_choice":"Banana","floor":6.0,"gold_loss":0.0,"damage_taken":0.0},{"damage_healed":0.0,"max_hp_gain":0.0,"max_hp_loss":0.0,"gold_gain":0.0,"cards_transformed":["bronze:Optimize","bronze:Defend"],"event_name":"Drug Dealer","player_choice":"Became Test Subject","floor":22.0,"gold_loss":0.0,"damage_taken":0.0,"cards_obtained":["bronze:FollowUp","bronze:CloningBeam"]}],"is_beta":false,"boss_relics":[{"not_picked":["Tiny House","Pandora\u0027s Box"],"picked":"Coffee Dripper"},{"not_picked":["bronze:ElectromagneticCoil","Astrolabe"],"picked":"Runic Dome"}],"items_purged_floors":[14,37],"is_endless":false,"potions_floor_spawned":[4,5,8,11,12,15,19,28,29,32,40,46,49],"ascension_level":19}}