{"host":"0vobf7lgf552vogm","time":1610111542,"event":{"mods":["AchievementEnabler","Act Like it!","BaseMod","Better Sensory Stone","Colored Map","DeckTracker","Downfall","Hermit","Minty Spire (QoL Compilation)","Pale of the Ancients","Rare Cards Sparkle","Relic Stats","StSLib","Synergy Search","Unceasing Turn Reminder","Wandering Minibosses"],"gold_per_floor":[99,116,126,190,190,100,100,100,111,121,146,156,156,168,178,274,274,199,215,239,239,132,132,132,160,160,160,188,188,206,66,76,172,222,222,235,287,52,71,86,86,105,105,129,142,54,54,437,447,447],"floor_reached":51,"playtime":6477,"items_purged":["hexamod:Strike","hexamod:Defend","hexamod:Defend","hexamod:Defend"],"score":670,"play_id":"1d5743b2-f9c8-4868-a05c-cf98d42a23d7","local_time":"20210108141222","is_ascension_mode":false,"campfire_choices":[{"floor":1.0,"key":"RECALL"},{"floor":13.0,"key":"REST"},{"data":"hexamod:Again","floor":18.0,"key":"SMITH"},{"data":"hexamod:GhostOfSpirePresent","floor":26.0,"key":"SMITH"},{"data":"hexamod:SoulSteal","floor":29.0,"key":"SMITH"},{"data":"hexamod:TimeOfNeed","floor":35.0,"key":"SMITH"},{"floor":43.0,"key":"REST"}],"circlet_count":0,"master_deck":["hexamod:Strike","hexamod:Sear+1","hexamod:Float","hexamod:ThermalTransfer","hexamod:RadiantFlame+1","hexamod:SpectersWail","hexamod:GhostShield","hexamod:Rewind","hexamod:ThirdSeal","hexamod:SwordOfDarkness","hexamod:PhantomFireball","hexamod:Again+1","hexamod:EtherealExpedition","hexamod:FirstSeal","hexamod:HeatCrush","hexamod:AdvancingGuard","hexamod:TimeOfNeed+1","hexamod:SecondSeal","hexamod:GhostOfSpireFuture+1","hexamod:SpectersWail+1","hexamod:NightmareGuise","hexamod:Hexaguard","hexamod:InspiringFlames+1","hexamod:GhostOfSpirePresent+1","hexamod:SoulSteal+1","hexamod:ChargedBarrage+1","hexamod:RecurringNightmare+1","hexamod:UnleashSpirits","hexamod:Rewind+1","hexamod:GhostLash","hexamod:HexaLevel","hexamod:EmpoweredFlame+1","hexamod:BurningTouch+1","hexamod:BurningTouch+1","hexamod:TimeWarp","hexamod:NecessarySacrifice+1","hexamod:FastForward+1","hexamod:SkipABeat+1","hexamod:Hexaguard+1","hexamod:SixthSeal","hexamod:BurningTouch+1","hexamod:EmpoweredFlame"],"relics":["hexamod:SpiritBrand","HornCleat","Shuriken","Odd Mushroom","SacredBark","downfall:HeartBlessingRed","Thread and Needle","Tiny House","Vajra"],"acts_visited":["Exordium","TheCity","TheBeyond"],"potions_floor_usage":[49,50],"damage_taken":[{"damage":2.0,"enemies":"Small Slimes","floor":2.0,"turns":3.0},{"damage":0.0,"enemies":"2 Louse","floor":3.0,"turns":3.0},{"damage":16.0,"enemies":"Lagavulin Event","floor":4.0,"turns":6.0},{"damage":0.0,"enemies":"downfall:FleeingMerchant","floor":6.0,"turns":4.0},{"damage":0.0,"enemies":"Jaw Worm","floor":9.0,"turns":3.0},{"damage":5.0,"enemies":"3 Louse","floor":10.0,"turns":4.0},{"damage":0.0,"enemies":"The Mushroom Lair","floor":11.0,"turns":4.0},{"damage":5.0,"enemies":"Exordium Wildlife","floor":12.0,"turns":4.0},{"damage":12.0,"enemies":"2 Fungi Beasts","floor":14.0,"turns":4.0},{"damage":3.0,"enemies":"3 Louse","floor":15.0,"turns":3.0},{"damage":35.0,"enemies":"downfall:Silent","floor":16.0,"turns":11.0},{"damage":1.0,"enemies":"3 Byrds","floor":19.0,"turns":7.0},{"damage":15.0,"enemies":"Snecko","floor":20.0,"turns":6.0},{"damage":7.0,"enemies":"Snecko","floor":21.0,"turns":7.0},{"damage":0.0,"enemies":"downfall:FleeingMerchant","floor":22.0,"turns":4.0},{"damage":0.0,"enemies":"Shelled Parasite and Fungi","floor":25.0,"turns":6.0},{"damage":0.0,"enemies":"Chosen and Byrds","floor":28.0,"turns":6.0},{"damage":11.0,"enemies":"Snake Plant","floor":30.0,"turns":4.0},{"damage":0.0,"enemies":"downfall:FleeingMerchant","floor":31.0,"turns":4.0},{"damage":0.0,"enemies":"3 Cultists","floor":32.0,"turns":6.0},{"damage":71.0,"enemies":"downfall:Ironclad","floor":33.0,"turns":10.0},{"damage":3.0,"enemies":"Orb Walker","floor":36.0,"turns":5.0},{"damage":1.0,"enemies":"downfall:FleeingMerchant","floor":38.0,"turns":4.0},{"damage":14.0,"enemies":"3 Shapes","floor":39.0,"turns":3.0},{"damage":25.0,"enemies":"Spire Growth","floor":40.0,"turns":5.0},{"damage":28.0,"enemies":"Maw","floor":42.0,"turns":9.0},{"damage":16.0,"enemies":"4 Shapes","floor":44.0,"turns":8.0},{"damage":11.0,"enemies":"Sphere and 2 Shapes","floor":45.0,"turns":7.0},{"damage":0.0,"enemies":"downfall:FleeingMerchant","floor":46.0,"turns":4.0},{"damage":4.0,"enemies":"downfall:FleeingMerchant","floor":48.0,"turns":4.0},{"damage":23,"enemies":"Maw","floor":49,"turns":8},{"damage":60,"enemies":"downfall:Defect","floor":50,"turns":9}],"seed_played":"7627184671565795697","potions_obtained":[{"floor":4.0,"key":"EssenceOfSteel"},{"floor":9.0,"key":"GamblersBrew"},{"floor":11.0,"key":"Weak Potion"},{"floor":14.0,"key":"Swift Potion"},{"floor":19.0,"key":"SpeedPotion"},{"floor":30.0,"key":"SteroidPotion"},{"floor":33.0,"key":"Swift Potion"},{"floor":34.0,"key":"SpeedPotion"},{"floor":39.0,"key":"SteroidPotion"},{"floor":44.0,"key":"Dexterity Potion"},{"floor":45.0,"key":"Fire Potion"}],"is_trial":false,"path_per_floor":["R","M","M","?","?","$","T","?","M","M","?","M","R","M","M","B",null,"R","M","M","?","$","?","T","M","R","?","M","R","M","$","M","B",null,"R","M","T","$","M","M","T","M","R","M","M","$","?","$","M","B",null],"character_chosen":"THE_SPIRIT","items_purchased":["hexamod:TimeWarp","Regen Potion"],"campfire_rested":2,"item_purchase_floors":[38,46],"current_hp_per_floor":[70,68,68,52,57,57,57,57,57,52,52,47,69,57,61,26,75,75,75,67,67,74,74,74,75,75,75,75,75,71,71,75,11,80,80,77,77,80,73,55,55,34,58,49,45,52,52,48,72,12],"gold":447,"neow_bonus":"UPGRADE_CARD","is_daily":false,"chose_seed":false,"campfire_upgraded":4,"win_rate":0.0,"timestamp":1610111542,"path_taken":["R","M","M","?","?","?","T","?","M","?","?","M","R","M","M","BOSS","R","M","M","?","$","?","T","M","R","?","M","R","?","$","M","BOSS","R","M","?","$","?","M","T","M","R","M","?","$","?","?","M","BOSS"],"items_purchased_type":["Card","Potion"],"build_version":"2020-12-22","purchased_purges":4,"victory":true,"max_hp_per_floor":[70,70,70,70,75,75,75,75,75,75,75,75,75,75,75,75,75,75,75,75,75,75,75,75,75,75,75,75,75,75,75,75,75,80,80,80,80,80,80,80,80,80,80,80,80,80,80,80,80,80],"relic_stats":{"counters":[32,175],"Shuriken":[8],"obtain_stats":[{"HornCleat":4,"Tiny House":34,"downfall:HeartBlessingRed":18,"Shuriken":7,"SacredBark":17,"Vajra":41,"Thread and Needle":24,"Odd Mushroom":11,"hexamod:SpiritBrand":0},{"HornCleat":2,"Tiny House":21,"downfall:HeartBlessingRed":11,"Shuriken":4,"SacredBark":11,"Vajra":25,"Thread and Needle":15,"Odd Mushroom":7,"hexamod:SpiritBrand":0},{"HornCleat":6,"Tiny House":109,"downfall:HeartBlessingRed":49,"Shuriken":16,"SacredBark":49,"Vajra":126,"Thread and Needle":73,"Odd Mushroom":27,"hexamod:SpiritBrand":0}]},"card_choices":[{"not_picked":["hexamod:NightmareStrike","hexamod:FastForward"],"picked":"hexamod:ThermalTransfer","floor":2.0},{"not_picked":["hexamod:AdvancingGuard","hexamod:GhostShield"],"picked":"hexamod:RadiantFlame","floor":3.0},{"not_picked":["hexamod:NightmareStrike","hexamod:NightmareGuise"],"picked":"hexamod:SpectersWail","floor":4.0},{"not_picked":["hexamod:RainOfEmbers","hexamod:BacktrackSmack"],"picked":"hexamod:GhostShield","floor":6.0},{"not_picked":["hexamod:AdvancingGuard","hexamod:CatchUp"],"picked":"hexamod:Rewind","floor":9.0},{"not_picked":["hexamod:Haunt","hexamod:Firestarter"],"picked":"hexamod:ThirdSeal","floor":10.0},{"not_picked":["hexamod:AdvancingGuard","hexamod:Incineration"],"picked":"hexamod:SwordOfDarkness","floor":11.0},{"not_picked":["hexamod:SwordOfDarkness","hexamod:BurningTouch"],"picked":"hexamod:PhantomFireball","floor":11.0},{"not_picked":["hexamod:GhostShield","hexamod:HauntingEcho"],"picked":"hexamod:Again","floor":12.0},{"not_picked":["hexamod:RadiantFlame","hexamod:FifthSeal"],"picked":"hexamod:EtherealExpedition","floor":12.0},{"not_picked":["hexamod:RainOfEmbers","hexamod:FastForward"],"picked":"hexamod:FirstSeal","floor":14.0},{"not_picked":["hexamod:FastForward","hexamod:Hexaguard"],"picked":"hexamod:HeatCrush","floor":14.0},{"not_picked":["hexamod:SpectersWail","hexamod:ThirdSeal"],"picked":"hexamod:AdvancingGuard","floor":15.0},{"not_picked":["hexamod:TurnItUp","hexamod:FifthSeal"],"picked":"hexamod:TimeOfNeed","floor":16.0},{"not_picked":["hexamod:Hexaguard","hexamod:HauntingEcho+1"],"picked":"hexamod:SecondSeal","floor":19.0},{"not_picked":["hexamod:BacktrackSmack","hexamod:SpectersWail"],"picked":"hexamod:GhostOfSpireFuture+1","floor":19.0},{"not_picked":["hexamod:UnleashSpirits","hexamod:GhostOfSpireFuture+1"],"picked":"hexamod:SpectersWail+1","floor":20.0},{"not_picked":["hexamod:BacktrackSmack+1","hexamod:ParanormalForm"],"picked":"hexamod:NightmareGuise","floor":22.0},{"not_picked":["hexamod:Haunt+1","hexamod:GhostShield"],"picked":"hexamod:Hexaguard","floor":22.0},{"not_picked":["hexamod:SecondSeal","hexamod:RadiantFlame"],"picked":"hexamod:InspiringFlames","floor":25.0},{"not_picked":["hexamod:HeatMetal","hexamod:Hexaguard"],"picked":"hexamod:GhostOfSpirePresent","floor":25.0},{"not_picked":["hexamod:InspiringFlames+1","hexamod:StepThrough"],"picked":"hexamod:SoulSteal","floor":28.0},{"not_picked":["hexamod:PhantomFireball","hexamod:ExtraCrispy+1"],"picked":"hexamod:ChargedBarrage+1","floor":28.0},{"not_picked":["hexamod:SwordOfDarkness","hexamod:PhantomCloak","hexamod:RadiantFlame"],"picked":"SKIP","floor":30.0},{"not_picked":["hexamod:ShieldOfDarkness","hexamod:StepThrough"],"picked":"hexamod:RecurringNightmare+1","floor":31.0},{"not_picked":["hexamod:SpectersWail+1","hexamod:NightmareStrike"],"picked":"hexamod:UnleashSpirits","floor":31.0},{"not_picked":["hexamod:PhantomFireball+1","hexamod:NightmareGuise"],"picked":"hexamod:Rewind+1","floor":32.0},{"not_picked":["hexamod:PhantomCloak","hexamod:GhostShield"],"picked":"hexamod:GhostLash","floor":32.0},{"not_picked":["hexamod:EmpoweringStance","hexamod:TimeOfNeed"],"picked":"hexamod:HexaLevel","floor":33.0},{"not_picked":["hexamod:SpectersWail+1","hexamod:Firestarter+1"],"picked":"hexamod:EmpoweredFlame","floor":34.0},{"not_picked":["hexamod:SwordOfDarkness","hexamod:SoulSteal"],"picked":"hexamod:BurningTouch+1","floor":36.0},{"not_picked":["hexamod:FirstSeal","hexamod:RadiantFlame+1"],"picked":"hexamod:BurningTouch+1","floor":38.0},{"not_picked":["hexamod:SwordOfDarkness","hexamod:Hexaguard"],"picked":"hexamod:NecessarySacrifice+1","floor":39.0},{"not_picked":["hexamod:SoulSteal","hexamod:RainOfEmbers+1"],"picked":"hexamod:FastForward+1","floor":40.0},{"not_picked":["hexamod:HauntingEcho+1","hexamod:ShieldOfDarkness"],"picked":"hexamod:SkipABeat+1","floor":42.0},{"not_picked":["hexamod:Firestarter+1","hexamod:RainOfEmbers","hexamod:GhostLash+1"],"picked":"SKIP","floor":42.0},{"not_picked":["hexamod:SpectersWail+1","hexamod:GhostflameBarrier"],"picked":"hexamod:Hexaguard+1","floor":44.0},{"not_picked":["hexamod:SkipABeat","hexamod:HeatShield","hexamod:ShieldOfDarkness+1"],"picked":"SKIP","floor":44.0},{"not_picked":["hexamod:StepThrough","hexamod:FourthSeal"],"picked":"hexamod:SixthSeal","floor":45.0},{"not_picked":["hexamod:HeatShield","hexamod:BacktrackSmack"],"picked":"hexamod:BurningTouch+1","floor":46.0},{"not_picked":["hexamod:BurningTouch+1","hexamod:RainOfEmbers"],"picked":"hexamod:EmpoweredFlame","floor":48},{"not_picked":["hexamod:ThermalTransfer+1","hexamod:Rewind","hexamod:NightmareGuise+1"],"picked":"SKIP","floor":49}],"player_experience":867535,"relics_obtained":[{"floor":7.0,"key":"Shuriken"},{"floor":11.0,"key":"Odd Mushroom"},{"floor":24.0,"key":"Thread and Needle"},{"floor":41.0,"key":"Vajra"}],"event_choices":[{"damage_healed":0.0,"max_hp_gain":5.0,"max_hp_loss":0.0,"gold_gain":0.0,"event_name":"Big Fish","player_choice":"Donut","floor":5.0,"gold_loss":0.0,"damage_taken":0.0},{"cards_removed":["hexamod:Strike"],"damage_healed":0.0,"max_hp_gain":0.0,"max_hp_loss":0.0,"gold_gain":0.0,"event_name":"The Cleric","player_choice":"Card Removal","floor":8.0,"gold_loss":0.0,"damage_taken":0.0},{"damage_healed":0.0,"max_hp_gain":0.0,"max_hp_loss":0.0,"gold_gain":0.0,"event_name":"Mushrooms","player_choice":"Fought Mushrooms","floor":11.0,"gold_loss":0.0,"damage_taken":0.0},{"damage_healed":0.0,"max_hp_gain":0.0,"max_hp_loss":0.0,"gold_gain":0.0,"event_name":"Vampires","player_choice":"Ignored","floor":23.0,"gold_loss":0.0,"damage_taken":0.0},{"damage_healed":0.0,"max_hp_gain":0.0,"max_hp_loss":0.0,"gold_gain":0.0,"event_name":"NoteForYourself","player_choice":"Ignored","floor":27.0,"gold_loss":0.0,"damage_taken":0.0},{"damage_healed":0,"gold_gain":0,"player_choice":"Ignored","damage_taken":0,"max_hp_gain":0,"max_hp_loss":0,"event_name":"NoteForYourself","floor":48,"gold_loss":0}],"is_beta":false,"boss_relics":[{"not_picked":["Busted Crown","Coffee Dripper"],"picked":"SacredBark"},{"not_picked":["Runic Pyramid","Sozu"],"picked":"Tiny House"}],"items_purged_floors":[6,22,31,38],"is_endless":false,"potions_floor_spawned":[4,9,11,12,14,19,28,30,33,39,44,45],"ascension_level":0}}