{"host":"h4lp0eeso8a0ssq0","time":1610084861,"event":{"mods":["2.2 Compatiblity","AchievementEnabler","BaseMod","CapriCore","Colored Map","Minty Spire (QoL Compilation)","StSLib","SuperFastMode"],"gold_per_floor":[109,184,184,199,199,243,10,10,10,35,54,97,97,32,32,162,162,181,206,87,87,112,112,128,128,151,250,289,308,308,110,110,233,233,258,14,14,34,55,55,55,55,55,55,74,110,126,165,165,165,165,165,5,39,39],"floor_reached":56,"playtime":1880,"items_purged":["Strike_R","Strike_R","Sword Boomerang","Corruption+1"],"score":1283,"play_id":"74682617-f261-4abd-98cb-fe929efa6cf5","local_time":"20210108144741","is_ascension_mode":false,"campfire_choices":[{"floor":8.0,"key":"REST"},{"data":"Barricade","floor":15.0,"key":"SMITH"},{"data":"Entrench","floor":23.0,"key":"SMITH"},{"data":"Body Slam","floor":30.0,"key":"SMITH"},{"data":"Corruption","floor":32.0,"key":"SMITH"},{"data":"Uppercut","floor":40.0,"key":"SMITH"},{"floor":42.0,"key":"RECALL"},{"data":"Battle Trance","floor":44.0,"key":"SMITH"},{"data":"Flame Barrier","floor":49.0,"key":"SMITH"},{"data":"Disarm","floor":52.0,"key":"SMITH"}],"circlet_count":0,"master_deck":["Defend_R+1","Defend_R","Disarm","Spot Weakness","Uppercut+1","Flame Barrier+1","Barricade+1","Disarm+1","Pommel Strike+1","Battle Trance+1","Entrench+1","Shockwave+1","Body Slam+1","Whirlwind+1","Shrug It Off","Disarm","Body Slam+1","Ghostly Armor+1"],"relics":["Burning Blood","Golden Idol","InkBottle","Orichalcum","The Courier","Mummified Hand","Sundial","Velvet Choker","Oddly Smooth Stone","Kunai","War Paint","Empty Cage","Omamori","Bag of Preparation","Prayer Wheel","Art of War"],"acts_visited":["Exordium","TheCity","TheBeyond","TheEnding"],"potions_floor_usage":[54],"damage_taken":[{"damage":6.0,"enemies":"Jaw Worm","floor":1.0,"turns":6.0},{"damage":1.0,"enemies":"2 Louse","floor":4.0,"turns":4.0},{"damage":43.0,"enemies":"3 Sentries","floor":6.0,"turns":9.0},{"damage":1.0,"enemies":"Small Slimes","floor":10.0,"turns":3.0},{"damage":1.0,"enemies":"Looter","floor":11.0,"turns":3.0},{"damage":6.0,"enemies":"Gremlin Nob","floor":12.0,"turns":4.0},{"damage":5.0,"enemies":"Hexaghost","floor":16.0,"turns":11.0},{"damage":23.0,"enemies":"Spheric Guardian","floor":18.0,"turns":7.0},{"damage":1.0,"enemies":"Shell Parasite","floor":19.0,"turns":4.0},{"damage":0.0,"enemies":"Snecko","floor":22.0,"turns":5.0},{"damage":3.0,"enemies":"Snake Plant","floor":24.0,"turns":6.0},{"damage":15.0,"enemies":"Gremlin Leader","floor":28.0,"turns":7.0},{"damage":9.0,"enemies":"Centurion and Healer","floor":29.0,"turns":7.0},{"damage":13.0,"enemies":"Champ","floor":33.0,"turns":10.0},{"damage":3.0,"enemies":"3 Shapes","floor":35.0,"turns":3.0},{"damage":1.0,"enemies":"Orb Walker","floor":38.0,"turns":3.0},{"damage":0.0,"enemies":"Transient","floor":39.0,"turns":5.0},{"damage":0.0,"enemies":"Maw","floor":45.0,"turns":8.0},{"damage":0.0,"enemies":"Giant Head","floor":46.0,"turns":5.0},{"damage":0.0,"enemies":"Spire Growth","floor":47.0,"turns":4.0},{"damage":13.0,"enemies":"Reptomancer","floor":48.0,"turns":8.0},{"damage":27.0,"enemies":"Awakened One","floor":50.0,"turns":9.0},{"damage":0,"enemies":"Shield and Spear","floor":54,"turns":4},{"damage":20,"enemies":"The Heart","floor":55,"turns":9}],"seed_played":"-7560258962846704682","potions_obtained":[{"floor":1.0,"key":"Weak Potion"},{"floor":4.0,"key":"CultistPotion"},{"floor":16.0,"key":"DistilledChaos"},{"floor":19.0,"key":"AttackPotion"},{"floor":22.0,"key":"DuplicationPotion"},{"floor":33.0,"key":"CultistPotion"}],"is_trial":false,"path_per_floor":["M","?","?","M","?","E","$","R","T","M","M","E","T","$","R","B",null,"M","M","$","?","M","R","M","?","T","?","E","M","R","$","R","B",null,"M","$","?","M","M","R","$","R","T","R","M","E","M","E","R","B",null,"R","$","E","B",null],"character_chosen":"IRONCLAD","items_purchased":["Uppercut","Orichalcum","Barricade","Battle Trance","War Paint","Shrug It Off","Omamori","SpeedPotion"],"campfire_rested":1,"item_purchase_floors":[7,7,14,20,31,36,36,53],"current_hp_per_floor":[80,69,49,54,47,10,10,34,34,39,44,44,44,44,44,45,80,63,68,68,68,74,74,77,77,77,77,68,65,65,65,65,58,80,80,80,80,80,80,80,80,80,80,80,80,80,80,73,73,52,80,80,80,80,66],"gold":39,"neow_bonus":"REMOVE_CARD","is_daily":false,"chose_seed":false,"campfire_upgraded":8,"win_rate":0.0,"timestamp":1610084861,"path_taken":["M","?","?","M","?","E","$","R","T","M","M","E","?","?","R","BOSS","M","M","$","?","M","R","M","?","T","?","E","M","R","?","R","BOSS","M","$","?","M","M","R","$","R","T","R","M","E","M","E","R","BOSS","R","$","E","BOSS"],"items_purchased_type":["Card","Relic","Card","Card","Relic","Card","Relic","Potion"],"build_version":"2020-12-22","purchased_purges":4,"victory":true,"max_hp_per_floor":[80,80,80,80,80,80,80,80,80,80,80,80,80,80,80,80,80,80,80,80,80,80,80,80,80,80,80,80,80,80,80,80,80,80,80,80,80,80,80,80,80,80,80,80,80,80,80,80,80,80,80,80,80,80,80],"card_choices":[{"not_picked":["Dark Embrace","Twin Strike"],"picked":"Disarm","floor":1.0},{"not_picked":["Anger","Reckless Charge"],"picked":"Spot Weakness","floor":4.0},{"not_picked":["Dropkick","Havoc"],"picked":"Sword Boomerang","floor":6.0},{"not_picked":["Evolve","Hemokinesis"],"picked":"Flame Barrier","floor":10.0},{"not_picked":["Dual Wield","Clash","Headbutt"],"picked":"SKIP","floor":11.0},{"not_picked":["Intimidate","Iron Wave","Perfected Strike"],"picked":"SKIP","floor":12.0},{"not_picked":["Brutality","Berserk"],"picked":"Corruption","floor":16.0},{"not_picked":["Infernal Blade","Anger"],"picked":"Disarm","floor":18.0},{"not_picked":["True Grit","Twin Strike+1"],"picked":"Pommel Strike+1","floor":19.0},{"not_picked":["Cleave","Clothesline"],"picked":"Entrench","floor":22.0},{"not_picked":["Carnage","Second Wind"],"picked":"Shockwave","floor":24.0},{"not_picked":["Thunderclap","Headbutt"],"picked":"Body Slam","floor":28.0},{"not_picked":["Reckless Charge+1","Dropkick","Wild Strike+1"],"picked":"SKIP","floor":29.0},{"not_picked":["Iron Wave+1","Sword Boomerang+1"],"picked":"Whirlwind+1","floor":35.0},{"not_picked":["Twin Strike","Warcry","Wild Strike+1"],"picked":"SKIP","floor":38.0},{"not_picked":["Burning Pact+1","Cleave+1","Clash"],"picked":"SKIP","floor":39.0},{"not_picked":["True Grit+1","Rupture","Pommel Strike"],"picked":"SKIP","floor":45.0},{"not_picked":["Demon Form","Perfected Strike+1"],"picked":"Disarm","floor":46.0},{"not_picked":["Rampage","Clash","Burning Pact"],"picked":"SKIP","floor":47.0},{"not_picked":["Heavy Blade","Intimidate"],"picked":"Body Slam+1","floor":48.0},{"not_picked":["Warcry+1","Combust+1"],"picked":"Ghostly Armor+1","floor":54}],"player_experience":97730,"relics_obtained":[{"floor":6.0,"key":"InkBottle"},{"floor":9.0,"key":"The Courier"},{"floor":12.0,"key":"Mummified Hand"},{"floor":13.0,"key":"Sundial"},{"floor":26.0,"key":"Oddly Smooth Stone"},{"floor":28.0,"key":"Kunai"},{"floor":46.0,"key":"Bag of Preparation"},{"floor":48.0,"key":"Prayer Wheel"},{"floor":54,"key":"Art of War"}],"event_choices":[{"damage_healed":0.0,"max_hp_gain":0.0,"max_hp_loss":0.0,"gold_gain":75.0,"event_name":"World of Goop","player_choice":"Gather Gold","floor":2.0,"gold_loss":0.0,"damage_taken":11.0},{"damage_healed":0.0,"max_hp_gain":0.0,"max_hp_loss":0.0,"gold_gain":0.0,"event_name":"Golden Idol","player_choice":"Take Damage","floor":3.0,"gold_loss":0.0,"damage_taken":20.0,"relics_obtained":["Golden Idol"]},{"cards_removed":["Defend_R"],"damage_healed":0.0,"max_hp_gain":0.0,"max_hp_loss":0.0,"gold_gain":0.0,"event_name":"Golden Wing","player_choice":"Card Removal","floor":5.0,"gold_loss":0.0,"damage_taken":7.0},{"cards_removed":["Strike_R"],"damage_healed":0.0,"max_hp_gain":0.0,"max_hp_loss":0.0,"gold_gain":0.0,"event_name":"Back to Basics","player_choice":"Elegance","floor":25.0,"gold_loss":0.0,"damage_taken":0.0},{"damage_healed":0.0,"max_hp_gain":0.0,"max_hp_loss":0.0,"gold_gain":99.0,"event_name":"Nest","player_choice":"Stole From Cult","floor":27.0,"gold_loss":0.0,"damage_taken":0.0},{"cards_removed":["Bash"],"damage_healed":0.0,"max_hp_gain":0.0,"max_hp_loss":0.0,"gold_gain":0.0,"event_name":"Bonfire Elementals","player_choice":"Offered Basic","floor":37.0,"gold_loss":0.0,"damage_taken":0.0}],"is_beta":false,"boss_relics":[{"not_picked":["Snecko Eye","SlaversCollar"],"picked":"Velvet Choker"},{"not_picked":["Runic Dome","Philosopher\u0027s Stone"],"picked":"Empty Cage"}],"items_purged_floors":[20,31,36,53],"is_endless":false,"potions_floor_spawned":[1,4,16,19,22,24,33,39,46],"ascension_level":0}}