{"host":"wap9tdlvdoka6bjt","time":1610067917,"event":{"mods":["BaseMod","Block Reminder","Highlight Path","Minty Spire (QoL Compilation)","Relic Stats"],"gold_per_floor":[110,128,128,191,203,203,237,237,283,312,312,362,362,412,412,507,507,517,89,102,152,202,202,213,283,283,283,298,316,316,331,331,433,433,450,463,513,563,613,613,663,693,693,706,241,261,278,153,153,153,153,153,6,31,31,31],"floor_reached":55,"playtime":2801,"items_purged":["Strike_B","Strike_B","Defend_B"],"score":978,"play_id":"218d7791-6a8c-45e5-bdef-f227b9c705c6","local_time":"20210107200517","is_ascension_mode":true,"campfire_choices":[{"data":"Coolheaded","floor":6.0,"key":"SMITH"},{"data":"Barrage","floor":8.0,"key":"SMITH"},{"floor":11.0,"key":"REST"},{"data":"Redo","floor":13.0,"key":"SMITH"},{"floor":15.0,"key":"RECALL"},{"data":"Buffer","floor":23.0,"key":"SMITH"},{"data":"Coolheaded","floor":27.0,"key":"SMITH"},{"data":"Tempest","floor":30.0,"key":"SMITH"},{"data":"Coolheaded","floor":32.0,"key":"SMITH"},{"floor":40.0,"key":"REST"},{"floor":49,"key":"REST"},{"data":"Thunder Strike","floor":52,"key":"SMITH"}],"circlet_count":0,"master_deck":["Strike_B+1","Strike_B+1","Defend_B","Defend_B","Defend_B","Zap","Dualcast","Ball Lightning","Barrage+1","Reinforced Body","Redo+1","Buffer+1","Compile Driver","Coolheaded+1","Tempest+1","Undo","Ball Lightning","Coolheaded+1","Skim","Loop+1","Thunder Strike+1","Skim","Tempest","Loop+1","Thunder Strike"],"relics":["Velvet Choker","SsserpentHead","HornCleat","Nunchaku","Whetstone","White Beast Statue","Busted Crown","Runic Capacitor","Omamori","Ancient Tea Set","SlaversCollar","Matryoshka","Eternal Feather","Frozen Egg 2","Sundial","ClockworkSouvenir","Thread and Needle"],"acts_visited":["Exordium","TheCity","TheBeyond","TheEnding"],"potions_floor_usage":[47,50,50,50,55],"damage_taken":[{"damage":1.0,"enemies":"2 Louse","floor":1.0,"turns":2.0},{"damage":1.0,"enemies":"Cultist","floor":2.0,"turns":3.0},{"damage":0.0,"enemies":"Small Slimes","floor":4.0,"turns":2.0},{"damage":10.0,"enemies":"Exordium Thugs","floor":5.0,"turns":4.0},{"damage":37.0,"enemies":"Gremlin Nob","floor":7.0,"turns":5.0},{"damage":4.0,"enemies":"3 Sentries","floor":10.0,"turns":6.0},{"damage":1.0,"enemies":"The Guardian","floor":16.0,"turns":10.0},{"damage":6.0,"enemies":"3 Byrds","floor":18.0,"turns":5.0},{"damage":0.0,"enemies":"Spheric Guardian","floor":20.0,"turns":3.0},{"damage":0.0,"enemies":"Centurion and Healer","floor":24.0,"turns":8.0},{"damage":0.0,"enemies":"Snake Plant","floor":25.0,"turns":6.0},{"damage":0.0,"enemies":"Cultist and Chosen","floor":28.0,"turns":4.0},{"damage":0.0,"enemies":"Centurion and Healer","floor":29.0,"turns":6.0},{"damage":0.0,"enemies":"3 Cultists","floor":31.0,"turns":4.0},{"damage":49.0,"enemies":"Collector","floor":33.0,"turns":16.0},{"damage":21.0,"enemies":"3 Shapes","floor":35.0,"turns":5.0},{"damage":1.0,"enemies":"Orb Walker","floor":36.0,"turns":4.0},{"damage":17.0,"enemies":"Nemesis","floor":42.0,"turns":9.0},{"damage":0.0,"enemies":"Spire Growth","floor":44.0,"turns":4.0},{"damage":10.0,"enemies":"Maw","floor":46.0,"turns":7.0},{"damage":29,"enemies":"Sphere and 2 Shapes","floor":47,"turns":4},{"damage":43,"enemies":"Awakened One","floor":50,"turns":7},{"damage":54,"enemies":"Shield and Spear","floor":54,"turns":6},{"damage":16,"enemies":"The Heart","floor":55,"turns":3}],"seed_played":"-5555599373258426829","potions_obtained":[{"floor":1.0,"key":"PowerPotion"},{"floor":2.0,"key":"CultistPotion"},{"floor":10.0,"key":"ColorlessPotion"},{"floor":16.0,"key":"Fire Potion"},{"floor":18.0,"key":"DistilledChaos"},{"floor":20.0,"key":"DuplicationPotion"},{"floor":24.0,"key":"Swift Potion"},{"floor":28.0,"key":"BlessingOfTheForge"},{"floor":33.0,"key":"Energy Potion"},{"floor":35.0,"key":"SteroidPotion"},{"floor":36.0,"key":"LiquidMemories"},{"floor":42.0,"key":"Regen Potion"},{"floor":44.0,"key":"SkillPotion"},{"floor":46.0,"key":"GamblersBrew"},{"floor":47,"key":"ColorlessPotion"},{"floor":54,"key":"Dexterity Potion"}],"is_trial":false,"path_per_floor":["M","M","?","M","M","R","E","R","T","E","R","?","R","?","R","B",null,"M","$","M","?","?","R","M","M","T","R","M","M","R","M","R","B",null,"M","M","T","?","?","R","?","E","T","M","$","M","M","$","R","B",null,"R","$","E","B"],"character_chosen":"DEFECT","items_purchased":["Runic Capacitor","Coolheaded","Omamori","Thunder Strike","ClockworkSouvenir","Skim","Thunder Strike"],"campfire_rested":3,"item_purchase_floors":[19,19,19,45,45,45,53],"current_hp_per_floor":[67,66,66,66,56,56,19,19,19,15,37,19,19,19,19,18,61,55,55,55,55,55,55,55,55,55,55,55,55,55,55,55,6,58,37,36,36,36,36,58,58,41,41,41,41,31,2,2,36,8,58,70,70,16,0,0],"gold":31,"neow_bonus":"BOSS_RELIC","is_daily":false,"chose_seed":false,"campfire_upgraded":8,"win_rate":0.0,"timestamp":1610067917,"path_taken":["M","M","?","?","M","R","E","R","T","E","R","?","R","?","R","BOSS","M","$","M","?","?","R","M","?","T","R","M","M","R","M","R","BOSS","M","M","?","?","?","R","?","E","T","M","$","M","M","$","R","BOSS","R","$","E","BOSS"],"items_purchased_type":["Relic","Card","Relic","Card","Relic","Card","Card"],"build_version":"2020-12-22","purchased_purges":3,"victory":false,"max_hp_per_floor":[75,75,75,75,75,75,75,75,75,75,75,75,75,75,75,75,75,75,75,75,75,75,75,75,75,75,75,75,75,75,75,75,75,75,75,75,75,75,75,75,75,75,75,75,75,75,75,75,75,75,75,75,75,75,75,75],"relic_stats":{"SsserpentHead":500,"Nunchaku":[18],"Busted Crown":30,"counters":[24,132],"Sundial":[4],"Eternal Feather":24,"Whetstone":["Strike_B","Strike_B"],"obtain_stats":[{"Velvet Choker":0,"Eternal Feather":42,"Thread and Needle":54,"Runic Capacitor":19,"Omamori":19,"Whetstone":10,"Frozen Egg 2":43,"Ancient Tea Set":21,"White Beast Statue":12,"ClockworkSouvenir":45,"SsserpentHead":3,"SlaversCollar":34,"Nunchaku":9,"HornCleat":7,"Busted Crown":17,"Matryoshka":37,"Sundial":43,"Cracked Core":0},{"Velvet Choker":0,"Eternal Feather":18,"Thread and Needle":23,"Runic Capacitor":8,"Omamori":8,"Whetstone":6,"Frozen Egg 2":18,"Ancient Tea Set":9,"White Beast Statue":6,"ClockworkSouvenir":19,"SsserpentHead":2,"SlaversCollar":15,"Nunchaku":5,"HornCleat":5,"Busted Crown":7,"Matryoshka":17,"Sundial":18,"Cracked Core":0},{"Velvet Choker":0,"Eternal Feather":102,"Thread and Needle":129,"Runic Capacitor":37,"Omamori":37,"Whetstone":22,"Frozen Egg 2":102,"Ancient Tea Set":40,"White Beast Statue":22,"ClockworkSouvenir":106,"SsserpentHead":5,"SlaversCollar":84,"Nunchaku":16,"HornCleat":16,"Busted Crown":32,"Matryoshka":93,"Sundial":102,"Cracked Core":0}]},"card_choices":[{"not_picked":["Skim","Rebound"],"picked":"Ball Lightning","floor":1.0},{"not_picked":["Beam Cell","Rebound"],"picked":"Barrage","floor":2.0},{"not_picked":["Steam","Machine Learning"],"picked":"Coolheaded","floor":4.0},{"not_picked":["Gash","FTL"],"picked":"Reinforced Body","floor":5.0},{"not_picked":["Steam","Leap","Fission"],"picked":"SKIP","floor":7.0},{"not_picked":["Rebound","Turbo"],"picked":"Redo","floor":10.0},{"not_picked":["Seek","Meteor Strike"],"picked":"Buffer","floor":16.0},{"not_picked":[],"picked":"Compile Driver","floor":18.0},{"not_picked":["Go for the Eyes"],"picked":"SKIP","floor":20.0},{"not_picked":["Go for the Eyes"],"picked":"SKIP","floor":24.0},{"not_picked":[],"picked":"Tempest","floor":25.0},{"not_picked":[],"picked":"Undo","floor":28.0},{"not_picked":[],"picked":"Ball Lightning","floor":29.0},{"not_picked":[],"picked":"Coolheaded","floor":31.0},{"not_picked":[],"picked":"Skim","floor":35.0},{"not_picked":["Redo+1"],"picked":"SKIP","floor":36.0},{"not_picked":["Steam+1"],"picked":"SKIP","floor":42.0},{"not_picked":[],"picked":"Loop+1","floor":44.0},{"not_picked":[],"picked":"Tempest","floor":46.0},{"not_picked":[],"picked":"Loop+1","floor":47},{"not_picked":["Cold Snap+1"],"picked":"SKIP","floor":54}],"player_experience":254572,"relics_obtained":[{"floor":7.0,"key":"HornCleat"},{"floor":9.0,"key":"Nunchaku"},{"floor":10.0,"key":"Whetstone"},{"floor":37.0,"key":"Matryoshka"},{"floor":42.0,"key":"Eternal Feather"},{"floor":43.0,"key":"Frozen Egg 2"},{"floor":43.0,"key":"Sundial"},{"floor":54,"key":"Thread and Needle"}],"event_choices":[{"damage_healed":0.0,"max_hp_gain":0.0,"max_hp_loss":0.0,"gold_gain":0.0,"event_name":"FaceTrader","player_choice":"Trade","floor":3.0,"gold_loss":0.0,"damage_taken":0.0,"relics_obtained":["SsserpentHead"]},{"damage_healed":0.0,"max_hp_gain":0.0,"max_hp_loss":0.0,"gold_gain":0.0,"event_name":"Scrap Ooze","player_choice":"Success","floor":12.0,"gold_loss":0.0,"damage_taken":18.0,"relics_obtained":["White Beast Statue"]},{"damage_healed":0.0,"max_hp_gain":0.0,"max_hp_loss":0.0,"gold_gain":0.0,"event_name":"Match and Keep!","player_choice":"0 cards matched","floor":14.0,"gold_loss":0.0,"damage_taken":0.0,"cards_obtained":[]},{"damage_healed":0.0,"max_hp_gain":0.0,"max_hp_loss":0.0,"gold_gain":0.0,"event_name":"The Mausoleum","player_choice":"Opened","floor":21.0,"gold_loss":0.0,"damage_taken":0.0,"relics_obtained":["Ancient Tea Set"],"cards_obtained":["Writhe"]},{"damage_healed":0.0,"max_hp_gain":0.0,"max_hp_loss":0.0,"gold_gain":0.0,"event_name":"Vampires","player_choice":"Ignored","floor":22.0,"gold_loss":0.0,"damage_taken":0.0},{"damage_healed":0.0,"max_hp_gain":0.0,"max_hp_loss":0.0,"gold_gain":0.0,"event_name":"Tomb of Lord Red Mask","player_choice":"Ignored","floor":38.0,"gold_loss":0.0,"damage_taken":0.0},{"cards_removed":["Coolheaded"],"damage_healed":0.0,"max_hp_gain":0.0,"max_hp_loss":0.0,"gold_gain":0.0,"event_name":"Falling","player_choice":"Removed Skill","floor":39.0,"gold_loss":0.0,"damage_taken":0.0},{"damage_healed":0.0,"max_hp_gain":0.0,"max_hp_loss":0.0,"gold_gain":0.0,"event_name":"Mysterious Sphere","player_choice":"Ignored","floor":41.0,"gold_loss":0.0,"damage_taken":0.0}],"is_beta":false,"boss_relics":[{"not_picked":["Ectoplasm","Black Star"],"picked":"Busted Crown"},{"not_picked":["Tiny House","Empty Cage"],"picked":"SlaversCollar"}],"items_purged_floors":[19,45,48],"is_endless":false,"potions_floor_spawned":[1,2,10,16,18,20,24,25,28,29,31,33,35,36,42,44,46,47,54],"killed_by":"The Heart","ascension_level":9}}