{"host":"1xdknvunkbjx06ui","time":1610122784,"event":{"mods":["BaseMod","Infinite Spire","Minty Spire (QoL Compilation)","Quick Restart","Replay The Spire","StSLib","The Dragon Tamer"],"gold_per_floor":[114,202,277,277,84,110,110,124,124,136,152,209,237,256,256,361,361,381,471,471,488,501,501,451,478,548,548,563,563,563,580,580,580,580,580],"floor_reached":33,"playtime":1484,"items_purged":["DTMod:Strike","DTMod:Strike"],"score":300,"play_id":"0048d8f2-2a8e-4413-97e3-ae59d6a8a7d9","local_time":"20210108171944","is_ascension_mode":false,"metric_token":467,"campfire_choices":[{"floor":7,"key":"REST"},{"floor":15,"key":"REST"},{"data":"DTMod:BurningEnergy","floor":23,"key":"SMITH"},{"data":"DTMod:ForkedFire","floor":27,"key":"SMITH"},{"floor":32,"key":"REST"}],"dtmod_dragon_data":[0,56,0,-1,0,0],"circlet_count":0,"master_deck":["DTMod:Strike","DTMod:Strike","DTMod:DoubleHit+1","DTMod:TargetDefense","DTMod:TargetDefense","DTMod:TargetDefense","DTMod:TargetDefense","DTMod:SwitchingTactic","DTMod:ForkedFire+1","DTMod:BurningEnergy+1","DTMod:InvisibleFlame","DTMod:Training","DTMod:WarmUp","DTMod:Safeguard","DTMod:WarmUp","DTMod:CleansingStrike","DTMod:DragonDance","DTMod:Cover+1"],"relics":["DTMod:MagicStone","Ancient Tea Set","Membership Card","ReplayTheSpireMod:TigerMarble","Darkstone Periapt","Strawberry","infinitespire:Cupcake","ReplayTheSpireMod:Shallot","Prayer Wheel","DTMod:TacticalNote","MutagenicStrength","DTMod:AncientBone"],"acts_visited":["Exordium","TheCity"],"potions_floor_usage":[13,18,22,25,31,33],"damage_taken":[{"damage":0,"enemies":"Jaw Worm","floor":1,"turns":4},{"damage":13,"enemies":"3 Sentries","floor":6,"turns":6},{"damage":0,"enemies":"2 Louse","floor":8,"turns":1},{"damage":0,"enemies":"Small Slimes","floor":10,"turns":4},{"damage":0,"enemies":"3 Louse","floor":11,"turns":1},{"damage":5,"enemies":"Lagavulin","floor":13,"turns":7},{"damage":0,"enemies":"Looter","floor":14,"turns":3},{"damage":7,"enemies":"The Guardian","floor":16,"turns":12},{"damage":3,"enemies":"Chosen","floor":18,"turns":6},{"damage":0,"enemies":"3 Byrds","floor":21,"turns":4},{"damage":0,"enemies":"Centurion and Healer","floor":22,"turns":4},{"damage":0,"enemies":"Book of Stabbing","floor":25,"turns":5},{"damage":3,"enemies":"Cultist and Chosen","floor":28,"turns":5},{"damage":8,"enemies":"Snake Plant","floor":31,"turns":6},{"damage":63,"enemies":"Collector","floor":33,"turns":7}],"seed_played":"-2018004293820760771","potions_obtained":[{"floor":6,"key":"Flashbang"},{"floor":11,"key":"BlessingOfTheForge"},{"floor":13,"key":"Block Potion"},{"floor":16,"key":"Explosive Potion"},{"floor":18,"key":"ColorlessPotion"},{"floor":22,"key":"Fire Potion"}],"is_trial":false,"path_per_floor":["M","?","?","?","$","E","R","M","T","M","M","?","E","M","R","B",null,"M","?","AVR","M","M","R","$","E","T","R","M","?","T","M","R","B"],"character_chosen":"THE_DT","items_purchased":["Membership Card"],"campfire_rested":3,"item_purchase_floors":[5],"current_hp_per_floor":[45,34,23,28,28,15,30,30,30,30,30,30,32,32,49,42,57,54,42,42,49,56,56,56,57,57,57,54,54,54,49,57,0,0,0],"gold":580,"neow_bonus":"RANDOM_EVENT","is_daily":false,"chose_seed":false,"campfire_upgraded":2,"win_rate":0.0,"timestamp":1610122784,"path_taken":["M","?","?","?","$","E","R","M","T","M","M","?","E","M","R","BOSS","M","?","AVR","?","M","R","$","E","T","R","M","?","?","?","R","BOSS"],"items_purchased_type":["Relic"],"build_version":"2020-12-22","purchased_purges":2,"victory":false,"max_hp_per_floor":[45,45,45,50,50,50,50,50,50,50,50,50,57,57,57,57,57,57,57,57,57,57,57,57,57,57,57,57,57,57,57,57,57,57,57],"card_choices":[{"not_picked":["DTMod:InvisibleFlame","DTMod:QuickFly"],"picked":"DTMod:ForkedFire","floor":1},{"not_picked":["DTMod:Astonish","DTMod:DeepFocus"],"picked":"DTMod:BurningEnergy","floor":2},{"not_picked":["DTMod:Punisher","DTMod:LightShield"],"picked":"DTMod:InvisibleFlame","floor":6},{"not_picked":["DTMod:InvisibleFlame","DTMod:Cover"],"picked":"DTMod:Training","floor":8},{"not_picked":["DTMod:Punisher","DTMod:BuildUp","DTMod:HeatWave"],"picked":"SKIP","floor":10},{"not_picked":["DTMod:BlazingStrike","DTMod:BuildUp"],"picked":"DTMod:WarmUp","floor":11},{"not_picked":["DTMod:MagiciansMark","DTMod:BreakAttack","DTMod:QuickFly"],"picked":"SKIP","floor":13},{"not_picked":["DTMod:DeepFocus","DTMod:Outburst","DTMod:Dissolve"],"picked":"SKIP","floor":14},{"not_picked":["DTMod:Outburst","DTMod:HeadStart"],"picked":"DTMod:Safeguard","floor":16},{"not_picked":["DTMod:SneakAttack","DTMod:Dissolve"],"picked":"DTMod:WarmUp","floor":18},{"not_picked":["DTMod:Hide","DTMod:Punisher"],"picked":"DTMod:CleansingStrike","floor":21},{"not_picked":["DTMod:ComboAttack+1","DTMod:RecklessFlurry","DTMod:HeatWave"],"picked":"SKIP","floor":22},{"not_picked":["DTMod:Feint","DTMod:Inferno","DTMod:BizarreTactic"],"picked":"SKIP","floor":25},{"not_picked":["DTMod:TagTeam","DTMod:MagicField","DTMod:BurningEnergy"],"picked":"SKIP","floor":28},{"not_picked":["DTMod:RecklessFlurry","DTMod:ShieldDrain","DTMod:Hide"],"picked":"SKIP","floor":28},{"not_picked":["DTMod:Punisher","DTMod:LowKick"],"picked":"DTMod:DragonDance","floor":31},{"not_picked":["DTMod:SneakAttack","DTMod:Feint"],"picked":"DTMod:Cover+1","floor":31}],"player_experience":83632,"relics_obtained":[{"floor":2,"key":"Ancient Tea Set"},{"floor":6,"key":"ReplayTheSpireMod:TigerMarble"},{"floor":9,"key":"Darkstone Periapt"},{"floor":13,"key":"Strawberry"},{"floor":25,"key":"Prayer Wheel"},{"floor":26,"key":"DTMod:TacticalNote"},{"floor":30,"key":"DTMod:AncientBone"}],"event_choices":[{"damage_healed":0,"gold_gain":75,"player_choice":"Gather Gold","damage_taken":11,"max_hp_gain":0,"max_hp_loss":0,"event_name":"World of Goop","floor":3,"gold_loss":0},{"damage_healed":0,"gold_gain":0,"player_choice":"Donut","damage_taken":0,"max_hp_gain":5,"max_hp_loss":0,"event_name":"Big Fish","floor":4,"gold_loss":0},{"damage_healed":0,"gold_gain":57,"player_choice":"Gained Gold","damage_taken":0,"max_hp_gain":0,"max_hp_loss":0,"event_name":"Golden Wing","floor":12,"gold_loss":0},{"damage_healed":0,"gold_gain":90,"player_choice":"GOLD ","damage_taken":12,"max_hp_gain":0,"max_hp_loss":0,"event_name":"Knowing Skull","floor":19,"potions_obtained":[],"gold_loss":0,"cards_obtained":[]},{"damage_healed":0,"gold_gain":0,"player_choice":"Inject Mutagens","damage_taken":0,"relics_obtained":["MutagenicStrength"],"max_hp_gain":0,"max_hp_loss":0,"event_name":"Drug Dealer","floor":29,"gold_loss":0}],"is_beta":false,"boss_relics":[{"not_picked":["Snecko Eye","ReplayTheSpireMod:DimensionalGlitch"],"picked":"DTMod:MagicStone"}],"items_purged_floors":[5,24],"is_endless":false,"potions_floor_spawned":[6,11,13,16,18,22],"killed_by":"Collector","ascension_level":0}}