{"host":"vlqejv0notyktumz","time":1610139100,"event":{"mods":["AchievementEnabler","BaseMod","Googly Eyes","Minty Spire (QoL Compilation)"],"gold_per_floor":[109,109,284,303,303,303,29,29,54,54,73,87,103,137,137,137,137],"floor_reached":16,"playtime":550,"items_purged":["Strike_G"],"score":145,"play_id":"4ee7739f-80bd-4bd3-a599-5a4178830e43","local_time":"20210108145140","is_ascension_mode":true,"campfire_choices":[{"floor":6,"key":"DIG"},{"floor":8,"key":"DIG"},{"data":"Blade Dance","floor":10,"key":"SMITH"},{"data":"Survivor","floor":15,"key":"SMITH"}],"circlet_count":0,"master_deck":["Strike_G","Strike_G","Strike_G","Strike_G","Defend_G","Defend_G","Defend_G","Defend_G","Survivor+1","Neutralize","Backflip","Doubt","Escape Plan","Blade Dance+1","Backstab","Dodge and Roll","Flying Knee"],"relics":["Ring of the Snake","Shovel","Golden Idol","Nunchaku","Lantern","Unceasing Top","Regal Pillow","Bottled Lightning"],"acts_visited":["Exordium"],"potions_floor_usage":[14,14],"damage_taken":[{"damage":0,"enemies":"Small Slimes","floor":1,"turns":4},{"damage":0,"enemies":"2 Louse","floor":4,"turns":3},{"damage":0,"enemies":"Jaw Worm","floor":11,"turns":4},{"damage":0,"enemies":"Blue Slaver","floor":12,"turns":4},{"damage":1,"enemies":"Exordium Thugs","floor":13,"turns":5},{"damage":4,"enemies":"3 Sentries","floor":14,"turns":9},{"damage":43,"enemies":"The Guardian","floor":16,"turns":17}],"seed_played":"1897686804540057426","potions_obtained":[{"floor":11,"key":"AttackPotion"},{"floor":13,"key":"Dexterity Potion"}],"is_trial":false,"path_per_floor":["M","?","?","M","?","R","$","R","T","R","M","M","M","E","R","B"],"character_chosen":"THE_SILENT","items_purchased":["Lantern","Blade Dance"],"campfire_rested":0,"item_purchase_floors":[7,7],"current_hp_per_floor":[45,38,38,38,38,38,38,38,38,38,38,38,37,33,33,0,0],"gold":137,"neow_bonus":"ONE_RARE_RELIC","is_daily":false,"chose_seed":false,"campfire_upgraded":2,"win_rate":0.0,"timestamp":1610139100,"path_taken":["M","?","?","M","?","R","$","R","T","R","M","M","?","E","R","BOSS"],"items_purchased_type":["Relic","Card"],"build_version":"2020-12-22","purchased_purges":1,"victory":false,"max_hp_per_floor":[70,70,70,70,65,65,65,65,65,65,65,65,65,65,65,65,65],"card_choices":[{"not_picked":["Prepared","Dagger Spray"],"picked":"Backflip","floor":1},{"not_picked":["Eviscerate","PiercingWail"],"picked":"Escape Plan","floor":4},{"not_picked":["Underhanded Strike","Flying Knee","PiercingWail"],"picked":"SKIP","floor":11},{"not_picked":["Finisher","Dagger Throw"],"picked":"Backstab","floor":12},{"not_picked":["Bane","Acrobatics"],"picked":"Dodge and Roll","floor":13},{"not_picked":["Dagger Spray","Malaise"],"picked":"Flying Knee","floor":14}],"player_experience":305658,"relics_obtained":[{"floor":6,"key":"Nunchaku"},{"floor":8,"key":"Unceasing Top"},{"floor":9,"key":"Regal Pillow"},{"floor":14,"key":"Bottled Lightning"}],"event_choices":[{"cards_removed":["Defend_G"],"damage_healed":0,"gold_gain":0,"player_choice":"Card Removal","damage_taken":7,"max_hp_gain":0,"max_hp_loss":0,"event_name":"Golden Wing","floor":2,"gold_loss":0},{"damage_healed":0,"gold_gain":175,"player_choice":"AGREE","damage_taken":0,"max_hp_gain":0,"max_hp_loss":0,"event_name":"Liars Game","floor":3,"gold_loss":0,"cards_obtained":["Doubt"]},{"damage_healed":0,"gold_gain":0,"player_choice":"Lose Max HP","damage_taken":0,"relics_obtained":["Golden Idol"],"max_hp_gain":0,"max_hp_loss":5,"event_name":"Golden Idol","floor":5,"gold_loss":0}],"is_beta":false,"boss_relics":[],"items_purged_floors":[7],"is_endless":false,"potions_floor_spawned":[11,13],"killed_by":"The Guardian","ascension_level":9}}