{"host":"oigynbtg272c19pw","time":1610115707,"event":{"mods":["BaseMod","Colored Map","Minty Spire (QoL Compilation)","Relic Stats","StSLib"],"gold_per_floor":[111,127,127,139,64,93,108,108,108,132,159,176,227,47,47,121,121,134,107,107,107,8,8,8],"floor_reached":23,"playtime":955,"items_purged":[],"score":398,"play_id":"023eb932-e361-4968-9e78-9db12fc21503","local_time":"20210108152147","is_ascension_mode":true,"campfire_choices":[{"floor":8,"key":"REST"},{"data":"Apotheosis","floor":15,"key":"SMITH"}],"circlet_count":0,"master_deck":["AscendersBane","Strike_R+1","Strike_R+1","Strike_R+1","Defend_R+1","Defend_R+1","Defend_R+1","Defend_R+1","Bash","Feel No Pain","Fire Breathing","Sword Boomerang","Dropkick","Immolate","Anger","True Grit","Shrug It Off","Pummel","Apotheosis+1","Exhume","Exhume","Panacea"],"relics":["Burning Blood","Dream Catcher","Potion Belt","Gremlin Horn","Odd Mushroom","Singing Bowl","Art of War","Runic Cube"],"acts_visited":["Exordium","TheCity"],"potions_floor_usage":[6,16],"damage_taken":[{"damage":4,"enemies":"Small Slimes","floor":1,"turns":5},{"damage":16,"enemies":"Jaw Worm","floor":2,"turns":5},{"damage":13,"enemies":"2 Louse","floor":4,"turns":3},{"damage":29,"enemies":"Gremlin Nob","floor":6,"turns":4},{"damage":19,"enemies":"Blue Slaver","floor":7,"turns":6},{"damage":1,"enemies":"The Mushroom Lair","floor":10,"turns":2},{"damage":17,"enemies":"Lagavulin","floor":11,"turns":6},{"damage":1,"enemies":"2 Fungi Beasts","floor":12,"turns":2},{"damage":37,"enemies":"The Guardian","floor":16,"turns":15},{"damage":26,"enemies":"3 Byrds","floor":18,"turns":3},{"damage":25,"enemies":"2 Thieves","floor":19,"turns":4},{"damage":23,"enemies":"Gremlin Leader","floor":23,"turns":4}],"seed_played":"-3488963710224718381","potions_obtained":[{"floor":4,"key":"AttackPotion"},{"floor":7,"key":"GamblersBrew"},{"floor":11,"key":"Ancient Potion"},{"floor":12,"key":"Strength Potion"},{"floor":16,"key":"BlessingOfTheForge"}],"is_trial":false,"path_per_floor":["M","M","?","M","?","E","M","R","T","?","E","M","T","$","R","B",null,"M","M","?","?","$","E"],"character_chosen":"IRONCLAD","items_purchased":["Apotheosis","Panacea"],"campfire_rested":1,"item_purchase_floors":[14,22],"current_hp_per_floor":[70,60,60,53,53,30,17,39,39,44,33,38,38,38,38,7,58,40,23,23,23,23,0,0],"gold":8,"neow_bonus":"RANDOM_COMMON_RELIC","is_daily":false,"chose_seed":false,"campfire_upgraded":1,"win_rate":0.0,"timestamp":1610115707,"path_taken":["M","M","?","M","?","E","M","R","T","?","E","M","?","$","R","BOSS","M","M","?","?","$","E"],"items_purchased_type":["Card","Card"],"build_version":"2020-12-13","purchased_purges":0,"victory":false,"max_hp_per_floor":[75,75,75,75,75,75,75,75,75,75,75,75,75,75,75,75,75,77,79,79,79,79,79,79],"relic_stats":{"Dream Catcher":1,"Gremlin Horn":[10,10],"Singing Bowl":4,"counters":[12,59],"Art of War":[3],"obtain_stats":[{"Potion Belt":6,"Dream Catcher":0,"Gremlin Horn":9,"Singing Bowl":11,"Art of War":13,"Odd Mushroom":10,"Burning Blood":0,"Runic Cube":17},{"Potion Belt":4,"Dream Catcher":0,"Gremlin Horn":5,"Singing Bowl":7,"Art of War":8,"Odd Mushroom":6,"Burning Blood":0,"Runic Cube":9},{"Potion Belt":17,"Dream Catcher":0,"Gremlin Horn":23,"Singing Bowl":31,"Art of War":33,"Odd Mushroom":25,"Burning Blood":0,"Runic Cube":48}],"Burning Blood":66,"Runic Cube":[13]},"card_choices":[{"not_picked":["Twin Strike","Thunderclap"],"picked":"Feel No Pain","floor":1},{"not_picked":["Warcry","Heavy Blade","Armaments"],"picked":"SKIP","floor":2},{"not_picked":["Flex","Seeing Red"],"picked":"Sword Boomerang","floor":4},{"not_picked":["Rampage","Pommel Strike"],"picked":"Dropkick","floor":6},{"not_picked":["Spot Weakness","Heavy Blade"],"picked":"Immolate","floor":7},{"not_picked":["Body Slam","Combust"],"picked":"Anger","floor":8},{"not_picked":["Combust","Pommel Strike"],"picked":"True Grit","floor":10},{"not_picked":["Wild Strike","Anger"],"picked":"Shrug It Off","floor":11},{"not_picked":["Blood for Blood","Ghostly Armor"],"picked":"Pummel","floor":12},{"not_picked":["Juggernaut","Immolate"],"picked":"Exhume","floor":16},{"not_picked":["Wild Strike","Cleave+1","Warcry"],"picked":"Singing Bowl","floor":18},{"not_picked":["Rage","Rupture","Rampage"],"picked":"Singing Bowl","floor":19}],"player_experience":1350581,"relics_obtained":[{"floor":6,"key":"Potion Belt"},{"floor":9,"key":"Gremlin Horn"},{"floor":10,"key":"Odd Mushroom"},{"floor":11,"key":"Singing Bowl"},{"floor":13,"key":"Art of War"}],"event_choices":[{"damage_healed":0,"gold_gain":0,"cards_transformed":["Strike_R"],"player_choice":"Change","damage_taken":0,"max_hp_gain":0,"max_hp_loss":0,"event_name":"Living Wall","floor":3,"gold_loss":0,"cards_obtained":["Fire Breathing"]},{"cards_removed":["Strike_R"],"damage_healed":0,"gold_gain":0,"player_choice":"Card Removal","damage_taken":0,"max_hp_gain":0,"max_hp_loss":0,"event_name":"The Cleric","floor":5,"gold_loss":75},{"damage_healed":0,"gold_gain":0,"player_choice":"Fought Mushrooms","damage_taken":0,"max_hp_gain":0,"max_hp_loss":0,"event_name":"Mushrooms","floor":10,"gold_loss":0},{"damage_healed":0,"gold_gain":0,"player_choice":"Simplicity","damage_taken":0,"max_hp_gain":0,"max_hp_loss":0,"event_name":"Back to Basics","floor":20,"gold_loss":0,"cards_upgraded":["Strike_R","Strike_R","Strike_R","Defend_R","Defend_R","Defend_R","Defend_R"]},{"damage_healed":0,"gold_gain":0,"player_choice":"Copied","damage_taken":0,"max_hp_gain":0,"max_hp_loss":0,"event_name":"Duplicator","floor":21,"gold_loss":0,"cards_obtained":["Exhume"]}],"is_beta":false,"boss_relics":[{"not_picked":["Busted Crown","Tiny House"],"picked":"Runic Cube"}],"items_purged_floors":[],"is_endless":false,"potions_floor_spawned":[4,7,11,12,16],"killed_by":"Gremlin Leader","ascension_level":20}}