{"host":"vpaavrwbmey593fx","time":1610148886,"event":{"mods":["AchievementEnabler","BaseMod","Colored Map","Colored Powertips","DeckTracker","Minty Spire (QoL Compilation)","Relic Sorter"],"gold_per_floor":[109,124,135,150,150,182,201,219,242,242,254,254,287,304,304,405,405,425,188,199,218,237,262,262,291,291,291,305,305,316,333,333,438,438,450,470,490,510,528,528,33,61,86,96,96,96,126,141,141,141,141,141,91,120,120,120],"floor_reached":55,"playtime":9404,"items_purged":["Strike_P","Parasite"],"score":828,"play_id":"c25dbddc-5fed-46e3-8e82-c023499f2401","local_time":"20210108153446","is_ascension_mode":true,"campfire_choices":[{"floor":12.0,"key":"REST"},{"data":"Eruption","floor":15.0,"key":"SMITH"},{"floor":24.0,"key":"REST"},{"floor":27.0,"key":"REST"},{"floor":29.0,"key":"RECALL"},{"floor":32.0,"key":"REST"},{"floor":40.0,"key":"REST"},{"floor":45.0,"key":"REST"},{"floor":49.0,"key":"REST"},{"floor":52.0,"key":"REST"}],"circlet_count":0,"master_deck":["Strike_P","Strike_P","Defend_P","Defend_P","Eruption+1","Vigilance","Judgement+1","JustLucky","Weave","ThirdEye+1","Nirvana","Halt","Weave","ThirdEye","ClearTheMind+1","Collect+1","Worship+1","EmptyBody+1","Impatience","Nirvana","CutThroughFate","Vengeance+1","WaveOfTheHand+1","Meditate+1","Scrawl","DeceiveReality+1","Adaptation+1","Perseverance+1","CutThroughFate","Brilliance"],"relics":["PureWater","Vajra","Gremlin Horn","Damaru","Astrolabe","MealTicket","War Paint","Bottled Tornado","Fusion Hammer","Ornamental Fan","TheAbacus","Pear","Pen Nib","Strawberry","Juzu Bracelet","Happy Flower"],"acts_visited":["Exordium","TheCity","TheBeyond","TheEnding"],"potions_floor_usage":[55],"damage_taken":[{"damage":0.0,"enemies":"2 Louse","floor":1.0,"turns":1.0},{"damage":6.0,"enemies":"Jaw Worm","floor":2.0,"turns":2.0},{"damage":0.0,"enemies":"Cultist","floor":3.0,"turns":2.0},{"damage":0.0,"enemies":"Large Slime","floor":4.0,"turns":2.0},{"damage":31.0,"enemies":"3 Sentries","floor":6.0,"turns":7.0},{"damage":0.0,"enemies":"Red Slaver","floor":7.0,"turns":3.0},{"damage":0.0,"enemies":"Exordium Thugs","floor":8.0,"turns":3.0},{"damage":0.0,"enemies":"Exordium Wildlife","floor":11.0,"turns":1.0},{"damage":0.0,"enemies":"Gremlin Nob","floor":13.0,"turns":2.0},{"damage":0.0,"enemies":"Looter","floor":14.0,"turns":2.0},{"damage":42.0,"enemies":"The Guardian","floor":16.0,"turns":9.0},{"damage":15.0,"enemies":"Shell Parasite","floor":18.0,"turns":4.0},{"damage":10.0,"enemies":"3 Byrds","floor":20.0,"turns":5.0},{"damage":6.0,"enemies":"Centurion and Healer","floor":21.0,"turns":6.0},{"damage":13.0,"enemies":"Cultist and Chosen","floor":22.0,"turns":6.0},{"damage":0.0,"enemies":"Gremlin Leader","floor":23.0,"turns":4.0},{"damage":27.0,"enemies":"Slavers","floor":25.0,"turns":5.0},{"damage":0.0,"enemies":"Shelled Parasite and Fungi","floor":28.0,"turns":2.0},{"damage":0.0,"enemies":"Sentry and Sphere","floor":30.0,"turns":2.0},{"damage":10.0,"enemies":"Cultist and Chosen","floor":31.0,"turns":5.0},{"damage":10.0,"enemies":"Collector","floor":33.0,"turns":10.0},{"damage":11.0,"enemies":"3 Darklings","floor":35.0,"turns":3.0},{"damage":0.0,"enemies":"3 Shapes","floor":36.0,"turns":1.0},{"damage":12.0,"enemies":"Transient","floor":37.0,"turns":5.0},{"damage":1.0,"enemies":"Sphere and 2 Shapes","floor":38.0,"turns":4.0},{"damage":2.0,"enemies":"Writhing Mass","floor":39.0,"turns":8.0},{"damage":13.0,"enemies":"Giant Head","floor":42.0,"turns":13.0},{"damage":16.0,"enemies":"Spire Growth","floor":44.0,"turns":3.0},{"damage":5.0,"enemies":"Nemesis","floor":47.0,"turns":7.0},{"damage":18.0,"enemies":"Sphere and 2 Shapes","floor":48.0,"turns":4.0},{"damage":41.0,"enemies":"Time Eater","floor":50.0,"turns":11.0},{"damage":23.0,"enemies":"Shield and Spear","floor":54.0,"turns":7.0},{"damage":93,"enemies":"The Heart","floor":55,"turns":6}],"seed_played":"-9122099103814153673","potions_obtained":[{"floor":4.0,"key":"GamblersBrew"},{"floor":7.0,"key":"Weak Potion"},{"floor":8.0,"key":"GamblersBrew"},{"floor":13.0,"key":"Ambrosia"},{"floor":18.0,"key":"StancePotion"},{"floor":22.0,"key":"AttackPotion"},{"floor":23.0,"key":"FearPotion"},{"floor":30.0,"key":"SneckoOil"},{"floor":33.0,"key":"BottledMiracle"},{"floor":36.0,"key":"BlessingOfTheForge"},{"floor":38.0,"key":"SkillPotion"},{"floor":44.0,"key":"SkillPotion"}],"is_trial":false,"path_per_floor":["M","M","M","M","?","E","M","M","T","?","M","R","E","M","R","B",null,"M","$","M","M","M","E","R","E","T","R","M","R","M","M","R","B",null,"M","M","M","M","M","R","$","E","T","M","R","?","E","M","R","B",null,"R","$","E","B"],"character_chosen":"WATCHER","items_purchased":["Impatience","Nirvana","Ornamental Fan","TheAbacus","AttackPotion"],"campfire_rested":8,"item_purchase_floors":[19,19,41,41,53],"current_hp_per_floor":[51,45,45,45,69,38,38,38,38,38,38,59,59,59,59,17,72,57,57,47,41,28,28,49,22,22,43,43,43,43,33,54,44,72,61,61,49,48,46,67,69,66,66,50,73,80,75,57,82,41,86,86,86,63,0,0],"gold":120,"neow_bonus":"THREE_RARE_CARDS","is_daily":false,"chose_seed":false,"campfire_upgraded":1,"win_rate":0.0,"timestamp":1610148886,"path_taken":["M","M","M","M","?","E","M","M","T","?","M","R","E","?","R","BOSS","M","$","M","M","M","E","R","E","T","R","M","R","M","M","R","BOSS","M","M","M","M","M","R","$","E","T","M","R","?","E","M","R","BOSS","R","$","E","BOSS"],"items_purchased_type":["Card","Card","Relic","Relic","Potion"],"build_version":"2020-12-22","purchased_purges":2,"victory":false,"max_hp_per_floor":[72,72,72,72,72,72,72,72,72,72,72,72,72,72,72,72,72,72,72,72,72,72,72,72,72,72,72,72,72,72,72,72,72,72,72,72,72,72,72,72,69,79,79,79,79,86,86,86,86,86,86,86,86,86,86,86],"card_choices":[{"not_picked":["Vault","Ragnarok"],"picked":"Judgement","floor":0.0},{"not_picked":["Consecrate","BowlingBash"],"picked":"JustLucky","floor":1.0},{"not_picked":["Nirvana","Swivel"],"picked":"Weave","floor":2.0},{"not_picked":["ClearTheMind","CrushJoints"],"picked":"ThirdEye","floor":3.0},{"not_picked":["Indignation","ForeignInfluence","Tantrum"],"picked":"SKIP","floor":4.0},{"not_picked":["DeceiveReality","EmptyBody"],"picked":"Nirvana","floor":6.0},{"not_picked":["ReachHeaven","WheelKick","Study"],"picked":"SKIP","floor":7.0},{"not_picked":["CrushJoints","EmptyBody"],"picked":"Halt","floor":8.0},{"not_picked":["Tantrum","Halt"],"picked":"Weave","floor":11.0},{"not_picked":["Conclude","FollowUp","ReachHeaven"],"picked":"SKIP","floor":13.0},{"not_picked":["SashWhip","Alpha"],"picked":"ThirdEye","floor":14.0},{"not_picked":["Study","Prostrate"],"picked":"EmptyBody+1","floor":18.0},{"not_picked":["Protect+1","MentalFortress","Worship"],"picked":"SKIP","floor":20.0},{"not_picked":["CrushJoints","ThirdEye+1"],"picked":"CutThroughFate","floor":21.0},{"not_picked":["BattleHymn","Nirvana","Worship"],"picked":"SKIP","floor":22.0},{"not_picked":["LikeWater","FlyingSleeves+1"],"picked":"Vengeance+1","floor":23.0},{"not_picked":["ClearTheMind+1","SashWhip+1","Omniscience"],"picked":"SKIP","floor":25.0},{"not_picked":["ReachHeaven","CarveReality"],"picked":"WaveOfTheHand+1","floor":28.0},{"not_picked":["Protect","FlyingSleeves"],"picked":"Meditate+1","floor":30.0},{"not_picked":["TalkToTheHand+1","CrushJoints","FlurryOfBlows"],"picked":"SKIP","floor":31.0},{"not_picked":["ConjureBlade","DeusExMachina"],"picked":"Scrawl","floor":33.0},{"not_picked":["EmptyFist+1","Protect+1"],"picked":"DeceiveReality+1","floor":35.0},{"not_picked":["SignatureMove","PathToVictory"],"picked":"Adaptation+1","floor":36.0},{"not_picked":["TalkToTheHand","Worship"],"picked":"Perseverance+1","floor":37.0},{"not_picked":["Protect+1","SignatureMove","FollowUp"],"picked":"SKIP","floor":38.0},{"not_picked":["EmptyBody","BowlingBash","Halt+1"],"picked":"SKIP","floor":39.0},{"not_picked":["DevaForm","Nirvana"],"picked":"CutThroughFate","floor":42.0},{"not_picked":["EmptyBody","SignatureMove+1","FlyingSleeves"],"picked":"SKIP","floor":44.0},{"not_picked":["Meditate+1","EmptyBody+1"],"picked":"Brilliance","floor":47.0},{"not_picked":["Tantrum+1","FlyingSleeves","FlurryOfBlows"],"picked":"SKIP","floor":48.0},{"not_picked":["EmptyBody","BattleHymn","SashWhip"],"picked":"SKIP","floor":54.0}],"player_experience":122491,"relics_obtained":[{"floor":6.0,"key":"Vajra"},{"floor":10.0,"key":"Gremlin Horn"},{"floor":13.0,"key":"Damaru"},{"floor":23.0,"key":"MealTicket"},{"floor":25.0,"key":"War Paint"},{"floor":26.0,"key":"Bottled Tornado"},{"floor":42.0,"key":"Pear"},{"floor":43.0,"key":"Pen Nib"},{"floor":47.0,"key":"Juzu Bracelet"},{"floor":54.0,"key":"Happy Flower"}],"event_choices":[{"damage_healed":24.0,"max_hp_gain":0.0,"max_hp_loss":0.0,"gold_gain":0.0,"event_name":"Big Fish","player_choice":"Banana","floor":5.0,"gold_loss":0.0,"damage_taken":0.0},{"damage_healed":0.0,"max_hp_gain":0.0,"max_hp_loss":0.0,"gold_gain":0.0,"event_name":"Wheel of Change","player_choice":"Relic","floor":10.0,"gold_loss":0.0,"damage_taken":0.0},{"damage_healed":0.0,"max_hp_gain":0.0,"max_hp_loss":0.0,"gold_gain":0.0,"event_name":"WeMeetAgain","player_choice":"Gave Potion","floor":46.0,"gold_loss":0.0,"damage_taken":0.0,"relics_obtained":["Strawberry"]}],"is_beta":false,"boss_relics":[{"not_picked":["VioletLotus","SlaversCollar"],"picked":"Astrolabe"},{"not_picked":["HolyWater","Velvet Choker"],"picked":"Fusion Hammer"}],"items_purged_floors":[19,41],"is_endless":false,"potions_floor_spawned":[4,7,8,13,18,22,23,30,33,36,38,44],"killed_by":"The Heart","ascension_level":1}}