{"host":"3twtdwjpiqhvvn5s","time":1610072827,"event":{"mods":["AchievementEnabler","Act Like it!","BaseMod","BetterRewards","Colored Map","Colored Powertips","Downfall","Duelist Mod","Friendly Minions","GifTheSpireLib","Hallownest","Hermit","Hubris","Infinite Spire","Jorbs\u0027s Wanderer Trilogy","Koishi","KomeijiMod","Marisa????????","Minty Spire (QoL Compilation)","Random Character Mod","Rare Cards Sparkle","Replay The Spire","Shop Mod","StSLib","Td1madao Mod","The Administrix","The Animator","The Bug Knight","The Caster","The Cursed","The Disciple","The Hierophant","The Necromancer","The Poker Player","The Runesmith","The Servant 0.9.4","TheFirefly"],"gold_per_floor":[114,130,25,43,57,84,98,148,148,3,18,31,62,82,82,179,179,193,193,205,218,238,263,263,263,263,263,277,296,296,316,316,415,415,425,442,442,442,456,484,484,519,519,529,539,564,564,602,629,645],"floor_reached":51,"playtime":7951,"items_purged":["AdministrixMod:Strike_Administrix"],"score":1077,"play_id":"eaa37733-c91c-466b-ac65-68f13ae9001b","local_time":"20210107202707","daily_mods":["Vintage","Lethality"],"is_ascension_mode":false,"campfire_choices":[{"floor":15,"key":"REST"},{"data":"infinitespire:NeuralNetwork","floor":30,"key":"SMITH"},{"data":"infinitespire:DeathsTouch","floor":32,"key":"SMITH"},{"data":"Bite","floor":41,"key":"SMITH"},{"data":"Bite","floor":47,"key":"SMITH"}],"circlet_count":0,"master_deck":["AdministrixMod:RedCloak+1","AdministrixMod:Defend_Administrix+1","AdministrixMod:Defend_Administrix+1","AdministrixMod:Defend_Administrix+1","AdministrixMod:Defend_Administrix+1","AdministrixMod:BlueCloak","hubris:Despair","AdministrixMod:JustRewards+1","AdministrixMod:ExtolVirtue+1","Sickly","Languid","AdministrixMod:BattleforgedBonds+1","Bite","Bite","Bite","Bite+1","Bite+1","hubris:Wrath","AdministrixMod:RisingSunPrince","infinitespire:Punishment","infinitespire:DeathsTouch+1","Clumsy","hubris:DuctTapeCard","AdministrixMod:WickedPunishment+1","AdministrixMod:CastOffRegrets+1","Replay:UnknownCurse","AdministrixMod:Metempsychosis","Voices","Confused","hubris:Fate"],"relics":["AdministrixMod:ConductorRitualBaton","Shuriken","infinitespire:WardingShard","ReplayTheSpireMod:CursedCoin","hexamod:BolsterEngine","Tiny Chest","Bag of Preparation","Strawberry","champ:DeflectingBracers","Ring of Greed","Ring of Panic","Golden Egg","Smiling Mask","Replay:Bottled Eggs","Guide Book","Potion Belt","Singing Bowl","infinitespire:Midas Blood","infinitespire:Bottled Soul","Painkiller Herb","Pantograph","Art of War","hubris:DeckOfHolding","Du-Vu Doll","ReplayTheSpireMod:TigerMarble","Blue Doll","Snecko Heart","hubris:SphereOfDissonance","KyoryuNoHagoromo","Molten Egg 2","Replay:Baseball","expansioncontent:StudyCardRelic","ReplayTheSpireMod:Ninjato","Onion Ring","hubris:DuctTape","Frozen Egg 2","Happy Flower","StoneCalendar","CeramicFish","hubris:Metronome","War Paint","Pen Nib","Bag of Marbles"],"acts_visited":["Hallownest:Greenpath","TheCity","Hallownest:KingdomsEdge"],"potions_floor_usage":[7,12,16,18,33,33,33,33,33,46,50],"damage_taken":[{"damage":0,"enemies":"Hallownest:monsterHuskWarrior","floor":1,"turns":3},{"damage":0,"enemies":"Hallownest:2_MossCreeps","floor":2,"turns":4},{"damage":1,"enemies":"Hallownest:2_Baldur","floor":4,"turns":2},{"damage":1,"enemies":"Hallownest:Wandering_and_Horned","floor":5,"turns":2},{"damage":4,"enemies":"Hallownest:eliteCrystalGuardian","floor":6,"turns":4},{"damage":10,"enemies":"Hallownest:1_Ooma_and_2_Uuma","floor":7,"turns":6},{"damage":9,"enemies":"Hallownest:Guard_and_Warrior","floor":11,"turns":2},{"damage":1,"enemies":"Hallownest:1_Baldur_1_Crawlid_1_Warrior","floor":12,"turns":2},{"damage":0,"enemies":"Hallownest:eliteVengeflyKing","floor":13,"turns":2},{"damage":0,"enemies":"Hallownest:2_Tiktiks_1_Baldur_1_Crawlid","floor":14,"turns":1},{"damage":4,"enemies":"Hallownest:BossBrokenVessel","floor":16,"turns":4},{"damage":0,"enemies":"Chosen","floor":18,"turns":1},{"damage":0,"enemies":"Shell Parasite","floor":20,"turns":1},{"damage":0,"enemies":"3 Cultists","floor":21,"turns":2},{"damage":1,"enemies":"Chosen and Byrds","floor":22,"turns":2},{"damage":0,"enemies":"theDuelist:KaibaA2","floor":23,"turns":2},{"damage":0,"enemies":"Cultist and Chosen","floor":28,"turns":2},{"damage":0,"enemies":"Snake Plant","floor":29,"turns":1},{"damage":0,"enemies":"Centurion and Healer","floor":31,"turns":1},{"damage":5,"enemies":"hubris:MusketHawk","floor":33,"turns":2},{"damage":0,"enemies":"Hallownest:Shield_Heavy","floor":35,"turns":1},{"damage":0,"enemies":"Hallownest:2_Littles","floor":36,"turns":1},{"damage":0,"enemies":"Hallownest:2_Soldiers_and_1_Guardian","floor":39,"turns":1},{"damage":0,"enemies":"Hallownest:eliteCollector","floor":40,"turns":1},{"damage":0,"enemies":"Hallownest:eliteHiveKnight","floor":42,"turns":1},{"damage":0,"enemies":"Hallownest:monsterPrimalAspid","floor":44,"turns":1},{"damage":0,"enemies":"Hallownest:2_Great","floor":45,"turns":1},{"damage":0,"enemies":"Hallownest:2_Wing_and_1_Kings","floor":46,"turns":1},{"damage":0,"enemies":"Hallownest:StalkingDevout","floor":48,"turns":1},{"damage":8,"enemies":"Hallownest:BossGreyPrinceZote","floor":50,"turns":3}],"seed_played":"-7415629691864425025","potions_obtained":[{"floor":1,"key":"Elixir"},{"floor":4,"key":"SpeedPotion"},{"floor":7,"key":"Fire Potion"},{"floor":12,"key":"EntropicBrew"},{"floor":14,"key":"Energy Potion"},{"floor":18,"key":"Toxic Potion"},{"floor":22,"key":"Adrenaline Potion"},{"floor":23,"key":"Languid Potion"},{"floor":29,"key":"Fire Potion"},{"floor":31,"key":"Adrenaline Potion"},{"floor":39,"key":"CalmPotion"},{"floor":42,"key":"sneckomod:MuddlingPotion"},{"floor":45,"key":"GamblersBrew"}],"is_trial":true,"path_per_floor":["M","M","$","M","M","E","M","?","T","$","M","M","E","M","R","B",null,"?","?","?","?","?","E","T","AVR","T","?","?","?","T","?","T","B",null,"?","?","AVR","T","?","E","T","E","T","?","?","?","T","E","T","B",null],"character_chosen":"TheAdministrix","items_purchased":["ReplayTheSpireMod:CursedCoin","AdministrixMod:JustRewards","hexamod:BolsterEngine","Guide Book"],"campfire_rested":1,"item_purchase_floors":[3,3,3,10],"current_hp_per_floor":[65,65,65,64,63,66,56,56,56,56,47,46,48,48,70,66,74,74,51,51,51,51,51,51,51,51,51,51,51,51,51,51,50,51,51,51,51,51,51,51,51,51,51,51,51,51,51,51,51,46],"gold":645,"neow_bonus":"","is_daily":false,"chose_seed":false,"campfire_upgraded":4,"win_rate":0.0,"timestamp":1610072827,"path_taken":["M","M","$","M","M","E","M","?","T","$","M","M","E","M","R","BOSS","?","?","?","?","?","E","T","AVR","T","?","?","?","T","?","T","BOSS","?","?","AVR","?","?","E","T","E","T","?","?","?","T","E","T","BOSS"],"items_purchased_type":["Relic","Card","Relic","Relic"],"build_version":"2020-12-22","purchased_purges":1,"victory":true,"max_hp_per_floor":[65,65,65,65,65,72,72,72,72,72,72,72,74,74,74,74,74,74,51,51,51,51,51,51,51,51,51,51,51,51,51,51,51,51,51,51,51,51,51,51,51,51,51,51,51,51,51,51,51,51],"card_choices":[{"not_picked":["AdministrixMod:NewWardrobe","AdministrixMod:LuminaryPath"],"picked":"AdministrixMod:ExtolVirtue","floor":6},{"not_picked":["AdministrixMod:FeastOfDew","AdministrixMod:Katabasis","AdministrixMod:BloodBargain"],"picked":"Singing Bowl","floor":13},{"not_picked":["AdministrixMod:HopeInTheDark","AdministrixMod:Mastermind"],"picked":"AdministrixMod:BattleforgedBonds","floor":16},{"not_picked":["AdministrixMod:Metempsychosis","AdministrixMod:HopeInTheDark"],"picked":"AdministrixMod:RisingSunPrince","floor":23},{"not_picked":["AdministrixMod:BrewingCloister","AdministrixMod:CosmosControl"],"picked":"AdministrixMod:LifeforceNet+1","floor":33},{"not_picked":["AdministrixMod:SipOfSparks","AdministrixMod:ShadowPlay+1"],"picked":"AdministrixMod:WickedPunishment+1","floor":40},{"not_picked":["AdministrixMod:NewWardrobe+1","AdministrixMod:RebukeDesires+1"],"picked":"AdministrixMod:CastOffRegrets+1","floor":42},{"not_picked":["AdministrixMod:RegentEdict+1","AdministrixMod:DreamsMausoleum"],"picked":"AdministrixMod:Metempsychosis","floor":48},{"not_picked":["Replay:Fractal Strike","infinitespire:Execution"],"picked":"hubris:Fate","floor":49}],"player_experience":1378440,"relics_obtained":[{"floor":1,"key":"Shuriken"},{"floor":2,"key":"infinitespire:WardingShard"},{"floor":4,"key":"Tiny Chest"},{"floor":5,"key":"Bag of Preparation"},{"floor":6,"key":"Strawberry"},{"floor":7,"key":"champ:DeflectingBracers"},{"floor":8,"key":"Ring of Greed"},{"floor":8,"key":"Ring of Panic"},{"floor":8,"key":"Golden Egg"},{"floor":8,"key":"Smiling Mask"},{"floor":9,"key":"Replay:Bottled Eggs"},{"floor":11,"key":"Potion Belt"},{"floor":12,"key":"Singing Bowl"},{"floor":13,"key":"infinitespire:Midas Blood"},{"floor":14,"key":"infinitespire:Bottled Soul"},{"floor":18,"key":"Pantograph"},{"floor":20,"key":"Art of War"},{"floor":21,"key":"hubris:DeckOfHolding"},{"floor":22,"key":"Du-Vu Doll"},{"floor":23,"key":"ReplayTheSpireMod:TigerMarble"},{"floor":26,"key":"hubris:SphereOfDissonance"},{"floor":28,"key":"KyoryuNoHagoromo"},{"floor":29,"key":"Molten Egg 2"},{"floor":31,"key":"Replay:Baseball"},{"floor":35,"key":"ReplayTheSpireMod:Ninjato"},{"floor":36,"key":"Onion Ring"},{"floor":38,"key":"Frozen Egg 2"},{"floor":39,"key":"Happy Flower"},{"floor":40,"key":"StoneCalendar"},{"floor":42,"key":"CeramicFish"},{"floor":43,"key":"hubris:Metronome"},{"floor":45,"key":"War Paint"},{"floor":46,"key":"Pen Nib"},{"floor":48,"key":"Bag of Marbles"}],"event_choices":[{"damage_healed":0,"gold_gain":0,"player_choice":"Became a vampire","damage_taken":0,"max_hp_gain":0,"max_hp_loss":23,"event_name":"Vampires","floor":19,"gold_loss":0,"cards_obtained":["Bite","Bite","Bite","Bite","Bite"]}],"is_beta":false,"boss_relics":[{"not_picked":["Runic Pyramid","Philosopher\u0027s Stone"],"picked":"Painkiller Herb"},{"not_picked":["infinitespire:Cupcake","Tiny House"],"picked":"expansioncontent:StudyCardRelic"}],"items_purged_floors":[3],"is_endless":false,"potions_floor_spawned":[1,4,7,12,14,18,22,23,29,31,39,42,45,46,48],"ascension_level":0}}