{"host":"56ghxnzsglgdq727","time":1610108851,"event":{"mods":["AchievementEnabler","BaseMod","Downfall","Duelist Mod","Hermit","Minty Spire (QoL Compilation)","Rare Cards Sparkle","SOS???????","StSLib","The Bug Knight","The Senshi","The Servant 0.9.4","The Wild Card","Yuri Mod"],"gold_per_floor":[118,118,118,83,83,83,98,23,23,23,51,51,68,81,81,181,181,196,213,230,230,230,230,265,265,316,336,347,119,119,119,119,119,119],"floor_reached":33,"playtime":1639,"items_purged":["Strike_S","Duplication"],"score":313,"play_id":"2ab1bc0e-f261-45f8-91f1-98c53db6107b","local_time":"20210108072731","is_ascension_mode":false,"campfire_choices":[{"data":"theWildCard:Sakuya","floor":6,"key":"SMITH"},{"data":"Ricochet","floor":12,"key":"SMITH"},{"data":"Exchange","floor":15,"key":"SMITH"},{"floor":23,"key":"REST"},{"floor":32,"key":"REST"}],"circlet_count":0,"master_deck":["Strike_S","Strike_S","Strike_S","Defend_S","Defend_S","Defend_S","Defend_S","KidneyShot+1","Exchange+1","FanOfKnives+1","theWildCard:Sakuya+1","KidneyShot","Ricochet+1","Ricochet","Sunlight","BottledTime","SilverBlades","ShatteredReality+1","SoulSculpture","SoulSculpture","SpecialFormula"],"relics":["Uniform","NeowsBlessing","White Beast Statue","theSenshi:FeatherClipsRelic","Lizard Tail","SacredBark","Turnip","Strawberry","Darkstone Periapt"],"acts_visited":["Exordium","TheCity"],"potions_floor_usage":[16,16,19,19,24,27,33],"damage_taken":[{"damage":0,"enemies":"Jaw Worm","floor":1,"turns":1},{"damage":0,"enemies":"2 Louse","floor":7,"turns":1},{"damage":0,"enemies":"3 Sentries","floor":11,"turns":1},{"damage":0,"enemies":"Small Slimes","floor":13,"turns":1},{"damage":11,"enemies":"Exordium Wildlife","floor":14,"turns":3},{"damage":23,"enemies":"Slime Boss","floor":16,"turns":8},{"damage":38,"enemies":"Chosen","floor":18,"turns":7},{"damage":6,"enemies":"Chosen and Byrds","floor":19,"turns":3},{"damage":39,"enemies":"Shelled Parasite and Fungi","floor":20,"turns":4},{"damage":41,"enemies":"theDuelist:KaibaA2","floor":24,"turns":7},{"damage":17,"enemies":"3 Cultists","floor":27,"turns":5},{"damage":10,"enemies":"Snake Plant","floor":28,"turns":7},{"damage":71,"enemies":"Champ","floor":33,"turns":13}],"seed_played":"-5388829551276127230","potions_obtained":[{"floor":1,"key":"Fire Potion"},{"floor":11,"key":"SkillPotion"},{"floor":13,"key":"FearPotion"},{"floor":14,"key":"Ancient Potion"},{"floor":16,"key":"Fruit Juice"},{"floor":18,"key":"LiquidMemories"},{"floor":19,"key":"Ancient Potion"},{"floor":20,"key":"LiquidMemories"},{"floor":24,"key":"Block Potion"},{"floor":27,"key":"SpeedPotion"}],"is_trial":false,"path_per_floor":["M","?","?","?","?","R","M","$","T","T","E","R","M","M","R","B",null,"M","M","M","?","?","R","E","?","T","M","M","$","T","?","R","B"],"character_chosen":"THE_SERVANT","items_purchased":["SpecialFormula","AttackPotion"],"campfire_rested":2,"item_purchase_floors":[29,29],"current_hp_per_floor":[65,65,52,65,65,65,65,65,65,65,65,65,65,60,60,48,70,38,38,41,41,28,50,15,15,22,11,7,7,7,34,58,0,0],"gold":119,"neow_bonus":"THREE_ENEMY_KILL","is_daily":false,"chose_seed":false,"campfire_upgraded":3,"win_rate":0.0,"timestamp":1610108851,"path_taken":["M","?","?","?","?","R","?","$","T","?","E","R","M","M","R","BOSS","M","M","M","?","?","R","E","?","T","?","M","?","?","?","R","BOSS"],"items_purchased_type":["Card","Potion"],"build_version":"2020-12-22","purchased_purges":2,"victory":false,"max_hp_per_floor":[65,65,65,65,65,65,65,65,65,65,65,65,65,65,65,70,70,70,70,70,70,75,75,75,75,82,82,82,82,82,82,82,82,82],"card_choices":[{"not_picked":["Replace","SurpressingFire"],"picked":"FanOfKnives","floor":1},{"not_picked":["Snipe","Alleviate"],"picked":"Ricochet","floor":7},{"not_picked":["Gouge","Alleviate"],"picked":"Ricochet","floor":11},{"not_picked":["Defy","Shuttle","Hightail"],"picked":"SKIP","floor":13},{"not_picked":["TimeWarp","Alleviate","Replace"],"picked":"SKIP","floor":14},{"not_picked":["Deny","Duplication"],"picked":"Sunlight","floor":16},{"not_picked":["Gouge","Misdirection"],"picked":"BottledTime","floor":18},{"not_picked":["Starlight","Rewind"],"picked":"SilverBlades","floor":19},{"not_picked":["Starlight+1","FanOfKnives"],"picked":"ShatteredReality+1","floor":20},{"not_picked":["TimeWarp","Replace"],"picked":"SoulSculpture","floor":24},{"not_picked":["FastForward+1","Starlight","BestPractice"],"picked":"SKIP","floor":27},{"not_picked":["Potential","Replace","Shuttle"],"picked":"SKIP","floor":28}],"player_experience":188179,"relics_obtained":[{"floor":9,"key":"White Beast Statue"},{"floor":10,"key":"theSenshi:FeatherClipsRelic"},{"floor":11,"key":"Lizard Tail"},{"floor":24,"key":"Turnip"},{"floor":26,"key":"Strawberry"},{"floor":30,"key":"Darkstone Periapt"}],"event_choices":[{"damage_healed":0,"gold_gain":0,"player_choice":"Entered Light","damage_taken":13,"max_hp_gain":0,"max_hp_loss":0,"event_name":"Shining Light","floor":3,"gold_loss":0,"cards_upgraded":["FanOfKnives","KidneyShot"]},{"damage_healed":16,"gold_gain":0,"player_choice":"Healed","damage_taken":0,"max_hp_gain":0,"max_hp_loss":0,"event_name":"The Cleric","floor":4,"gold_loss":35},{"damage_healed":0,"gold_gain":0,"player_choice":"2 cards matched","damage_taken":0,"max_hp_gain":0,"max_hp_loss":0,"event_name":"Match and Keep!","floor":5,"gold_loss":0,"cards_obtained":["KidneyShot","Duplication"]},{"damage_healed":0,"gold_gain":0,"player_choice":"Ignored","damage_taken":0,"max_hp_gain":0,"max_hp_loss":0,"event_name":"Ghosts","floor":21,"gold_loss":0},{"damage_healed":0,"gold_gain":0,"player_choice":"Shed Blood","damage_taken":18,"max_hp_gain":5,"max_hp_loss":0,"event_name":"Forgotten Altar","floor":22,"gold_loss":0},{"damage_healed":0,"gold_gain":0,"player_choice":"Copied","damage_taken":0,"max_hp_gain":0,"max_hp_loss":0,"event_name":"Duplicator","floor":25,"gold_loss":0,"cards_obtained":["SoulSculpture"]},{"damage_healed":27,"gold_gain":0,"player_choice":"Heal","damage_taken":0,"max_hp_gain":0,"max_hp_loss":0,"event_name":"The Library","floor":31,"gold_loss":0}],"is_beta":false,"boss_relics":[{"not_picked":["Coffee Dripper","MysterySword"],"picked":"SacredBark"}],"items_purged_floors":[8,29],"is_endless":false,"potions_floor_spawned":[1,11,13,14,16,18,19,20,24,27,28],"killed_by":"Champ","ascension_level":0}}