{"host":"q206iib20se9i6w7","time":1610075163,"event":{"mods":["AchievementEnabler","BaseMod","Block Reminder","Colored Map","Colored Powertips","Highlight Path","Minty Spire (QoL Compilation)","Quick Restart","Random Character Button","Relic Stats","StSLib","SuperFastMode","Unceasing Turn Reminder"],"gold_per_floor":[115,135,135,153,153,187,14,14,37,64,64,75,104,104,104,205,205,220,310,321,236,236,267,267,286,586,605,31,31,59,59,59,154,154,173,188,238,258,308,343,343,343,343,343,12,32,43,73,73,73],"floor_reached":51,"playtime":5078,"items_purged":["Strike_P"],"score":921,"play_id":"d51b8ccc-6927-498a-9cfa-38f54269bf3e","local_time":"20210107210603","is_ascension_mode":true,"campfire_choices":[{"data":"Consecrate","floor":8.0,"key":"SMITH"},{"floor":11.0,"key":"REST"},{"data":"Conclude","floor":15.0,"key":"SMITH"},{"floor":24.0,"key":"REST"},{"floor":29.0,"key":"REST"},{"floor":32.0,"key":"REST"},{"floor":41.0,"key":"REST"},{"floor":44.0,"key":"RECALL"},{"floor":49,"key":"REST"}],"circlet_count":1,"master_deck":["Strike_P","Strike_P","Strike_P","Defend_P","Defend_P","Defend_P","Defend_P","Eruption+1","Vigilance","EmptyMind+1","BowlingBash","Consecrate+1","Halt","Brilliance","Prostrate","FlurryOfBlows+1","Judgement","FlyingSleeves","Conclude+1","EmptyBody","Wallop","ClearTheMind+1","Sanctity+1","EmptyBody+1","Vengeance","MentalFortress","FlurryOfBlows+1","LessonLearned","Wallop+1","FlurryOfBlows+1","Tantrum+1","Study+1","Crescendo+1","Vault","Adaptation","Prostrate+1","EmptyMind+1"],"relics":["SlaversCollar","Damaru","Boot","Bottled Lightning","Anchor","Fusion Hammer","MealTicket","GoldenEye","Old Coin","Gremlin Horn","OrangePellets","Gambling Chip","Meat on the Bone","VioletLotus","CaptainsWheel","TungstenRod","Regal Pillow","Singing Bowl","Circlet","Shuriken","Toxic Egg 2"],"acts_visited":["Exordium","TheCity","TheBeyond"],"potions_floor_usage":[47,50,50],"damage_taken":[{"damage":8.0,"enemies":"Small Slimes","floor":1.0,"turns":4.0},{"damage":6.0,"enemies":"Cultist","floor":2.0,"turns":3.0},{"damage":2.0,"enemies":"Jaw Worm","floor":4.0,"turns":6.0},{"damage":20.0,"enemies":"3 Sentries","floor":6.0,"turns":6.0},{"damage":35.0,"enemies":"Lagavulin","floor":10.0,"turns":5.0},{"damage":1.0,"enemies":"Red Slaver","floor":12.0,"turns":3.0},{"damage":8.0,"enemies":"Gremlin Nob","floor":13.0,"turns":3.0},{"damage":21.0,"enemies":"The Guardian","floor":16.0,"turns":7.0},{"damage":8.0,"enemies":"2 Thieves","floor":18.0,"turns":3.0},{"damage":0.0,"enemies":"Shell Parasite","floor":20.0,"turns":2.0},{"damage":15.0,"enemies":"Gremlin Leader","floor":23.0,"turns":5.0},{"damage":37.0,"enemies":"Snake Plant","floor":25.0,"turns":5.0},{"damage":1.0,"enemies":"Centurion and Healer","floor":27.0,"turns":3.0},{"damage":26.0,"enemies":"Book of Stabbing","floor":30.0,"turns":5.0},{"damage":26.0,"enemies":"Automaton","floor":33.0,"turns":7.0},{"damage":9.0,"enemies":"Orb Walker","floor":35.0,"turns":3.0},{"damage":0.0,"enemies":"3 Darklings","floor":36.0,"turns":4.0},{"damage":4.0,"enemies":"2 Orb Walkers","floor":37.0,"turns":2.0},{"damage":11.0,"enemies":"Transient","floor":38.0,"turns":5.0},{"damage":1.0,"enemies":"Mind Bloom Boss Battle","floor":39.0,"turns":5.0},{"damage":1.0,"enemies":"Reptomancer","floor":40.0,"turns":4.0},{"damage":0,"enemies":"Writhing Mass","floor":46,"turns":4},{"damage":49,"enemies":"Maw","floor":47,"turns":5},{"damage":0,"enemies":"Giant Head","floor":48,"turns":4},{"damage":5,"enemies":"Time Eater","floor":50,"turns":6}],"seed_played":"-1591461285522455500","potions_obtained":[{"floor":6.0,"key":"BottledMiracle"},{"floor":12.0,"key":"SteroidPotion"},{"floor":13.0,"key":"Swift Potion"},{"floor":16.0,"key":"PowerPotion"},{"floor":20.0,"key":"Swift Potion"},{"floor":30.0,"key":"CultistPotion"},{"floor":33.0,"key":"EssenceOfSteel"},{"floor":35.0,"key":"SkillPotion"},{"floor":38.0,"key":"SpeedPotion"},{"floor":42.0,"key":"AttackPotion"},{"floor":47,"key":"SkillPotion"}],"is_trial":false,"path_per_floor":["M","M","?","M","?","E","$","R","T","E","R","M","E","?","R","B",null,"M","?","M","?","?","E","R","M","T","M","$","R","E","T","R","B",null,"M","M","?","M","?","E","R","?","T","R","$","M","M","E","R","B",null],"character_chosen":"WATCHER","items_purchased":["Brilliance","Prostrate","FlurryOfBlows","Gremlin Horn","Vengeance","MentalFortress","OrangePellets","Shuriken","Adaptation"],"campfire_rested":6,"item_purchase_floors":[7,7,7,28,28,28,28,45,45],"current_hp_per_floor":[64,58,72,70,70,50,50,50,50,15,36,35,27,51,51,30,72,64,52,52,52,52,37,58,21,21,20,35,56,30,30,51,37,72,63,63,59,48,47,46,72,72,72,72,72,72,37,49,74,69],"gold":73,"neow_bonus":"BOSS_RELIC","is_daily":false,"chose_seed":false,"campfire_upgraded":2,"win_rate":0.0,"timestamp":1610075163,"path_taken":["M","M","?","?","?","E","$","R","T","E","R","?","E","?","R","BOSS","M","?","?","?","?","E","R","M","T","M","?","R","E","?","R","BOSS","M","M","?","M","?","E","R","?","T","R","$","M","?","E","R","BOSS"],"items_purchased_type":["Card","Card","Card","Relic","Card","Card","Relic","Relic","Card"],"build_version":"2020-12-22","purchased_purges":1,"victory":true,"max_hp_per_floor":[72,72,72,72,72,72,72,72,72,72,72,72,72,72,72,72,72,72,72,72,72,72,72,72,72,72,72,72,72,72,72,72,72,72,72,72,72,72,72,72,72,72,72,72,72,72,74,74,74,74],"relic_stats":{"Regal Pillow":8,"Gremlin Horn":[10,10],"Singing Bowl":2,"counters":[25,109],"Boot":[97],"GoldenEye":[0],"OrangePellets":[6],"Shuriken":[20],"Gambling Chip":[29],"MealTicket":15,"VioletLotus":[17],"obtain_stats":[{"Regal Pillow":40,"Gremlin Horn":28,"Singing Bowl":43,"Damaru":6,"Circlet":0,"Boot":9,"GoldenEye":23,"Old Coin":26,"keyreminder:keyreminder":44,"SlaversCollar":0,"OrangePellets":28,"Anchor":13,"CaptainsWheel":37,"Shuriken":45,"Gambling Chip":30,"MealTicket":21,"Fusion Hammer":17,"VioletLotus":34,"Bottled Lightning":10,"PureWater":0,"Toxic Egg 2":48,"TungstenRod":39,"Meat on the Bone":31},{"Regal Pillow":21,"Gremlin Horn":13,"Singing Bowl":21,"Damaru":4,"Circlet":0,"Boot":4,"GoldenEye":11,"Old Coin":12,"keyreminder:keyreminder":21,"SlaversCollar":0,"OrangePellets":13,"Anchor":7,"CaptainsWheel":18,"Shuriken":21,"Gambling Chip":14,"MealTicket":10,"Fusion Hammer":8,"VioletLotus":15,"Bottled Lightning":5,"PureWater":0,"Toxic Egg 2":24,"TungstenRod":20,"Meat on the Bone":14},{"Regal Pillow":90,"Gremlin Horn":55,"Singing Bowl":90,"Damaru":19,"Circlet":0,"Boot":19,"GoldenEye":47,"Old Coin":52,"keyreminder:keyreminder":90,"SlaversCollar":0,"OrangePellets":55,"Anchor":30,"CaptainsWheel":76,"Shuriken":90,"Gambling Chip":60,"MealTicket":42,"Fusion Hammer":37,"VioletLotus":67,"Bottled Lightning":24,"PureWater":0,"Toxic Egg 2":103,"TungstenRod":86,"Meat on the Bone":60}],"TungstenRod":5,"Meat on the Bone":36},"card_choices":[{"not_picked":["CutThroughFate","Prostrate"],"picked":"EmptyMind","floor":1.0},{"not_picked":["JustLucky","WaveOfTheHand"],"picked":"BowlingBash","floor":2.0},{"not_picked":["JustLucky","FlyingSleeves"],"picked":"Consecrate","floor":4.0},{"not_picked":["Evaluate","JustLucky"],"picked":"Halt","floor":6.0},{"not_picked":["SashWhip","CarveReality"],"picked":"Judgement","floor":10.0},{"not_picked":["EmptyFist","EmptyMind"],"picked":"FlyingSleeves","floor":12.0},{"not_picked":["Nirvana","Fasting2"],"picked":"Conclude","floor":13.0},{"not_picked":["FlyingSleeves+1","FollowUp"],"picked":"EmptyBody","floor":18.0},{"not_picked":["FlyingSleeves+1","EmptyFist"],"picked":"Wallop","floor":20.0},{"not_picked":["FollowUp","CutThroughFate"],"picked":"ClearTheMind+1","floor":23.0},{"not_picked":["Evaluate","EmptyBody+1"],"picked":"Sanctity","floor":25.0},{"not_picked":["ConjureBlade","BowlingBash"],"picked":"EmptyBody+1","floor":27.0},{"not_picked":["DeceiveReality+1","ThirdEye"],"picked":"FlurryOfBlows+1","floor":30.0},{"not_picked":["Scrawl","SpiritShield"],"picked":"LessonLearned","floor":33.0},{"not_picked":["Consecrate+1","FollowUp"],"picked":"Wallop+1","floor":35.0},{"not_picked":["Vengeance","WindmillStrike"],"picked":"FlurryOfBlows+1","floor":36.0},{"not_picked":["Consecrate+1","Sanctity"],"picked":"Tantrum+1","floor":37.0},{"not_picked":["Consecrate+1","PathToVictory"],"picked":"Study+1","floor":38.0},{"not_picked":["JustLucky+1","Judgement"],"picked":"Crescendo+1","floor":39.0},{"not_picked":["Consecrate","LessonLearned"],"picked":"Vault","floor":40.0},{"not_picked":["Evaluate","Crescendo+1"],"picked":"Prostrate+1","floor":46},{"not_picked":["SignatureMove+1","Prostrate","Evaluate+1"],"picked":"Singing Bowl","floor":47},{"not_picked":["Indignation+1","EmptyFist+1"],"picked":"EmptyMind+1","floor":48}],"player_experience":202342,"relics_obtained":[{"floor":6.0,"key":"Damaru"},{"floor":9.0,"key":"Boot"},{"floor":10.0,"key":"Bottled Lightning"},{"floor":13.0,"key":"Anchor"},{"floor":23.0,"key":"GoldenEye"},{"floor":26.0,"key":"Old Coin"},{"floor":30.0,"key":"Gambling Chip"},{"floor":31.0,"key":"Meat on the Bone"},{"floor":37.0,"key":"CaptainsWheel"},{"floor":39.0,"key":"TungstenRod"},{"floor":40.0,"key":"Regal Pillow"},{"floor":43.0,"key":"Singing Bowl"},{"floor":48,"key":"Toxic Egg 2"}],"event_choices":[{"damage_healed":14.0,"max_hp_gain":0.0,"max_hp_loss":0.0,"gold_gain":0.0,"event_name":"Wheel of Change","player_choice":"Full Heal","floor":3.0,"gold_loss":0.0,"damage_taken":0.0},{"damage_healed":0.0,"max_hp_gain":0.0,"max_hp_loss":0.0,"gold_gain":0.0,"event_name":"Upgrade Shrine","player_choice":"Upgraded","floor":5.0,"gold_loss":0.0,"damage_taken":0.0,"cards_upgraded":["Eruption"]},{"damage_healed":24.0,"max_hp_gain":0.0,"max_hp_loss":0.0,"gold_gain":0.0,"event_name":"Big Fish","player_choice":"Banana","floor":14.0,"gold_loss":0.0,"damage_taken":0.0},{"damage_healed":0.0,"max_hp_gain":0.0,"max_hp_loss":0.0,"gold_gain":90.0,"event_name":"Knowing Skull","player_choice":"GOLD ","floor":19.0,"potions_obtained":[],"gold_loss":0.0,"damage_taken":12.0,"cards_obtained":[]},{"damage_healed":0.0,"max_hp_gain":0.0,"max_hp_loss":0.0,"gold_gain":0.0,"event_name":"Addict","player_choice":"Obtained Relic","floor":21.0,"gold_loss":85.0,"damage_taken":0.0,"relics_obtained":["MealTicket"]},{"damage_healed":0.0,"max_hp_gain":0.0,"max_hp_loss":0.0,"gold_gain":0.0,"event_name":"Ghosts","player_choice":"Ignored","floor":22.0,"gold_loss":0.0,"damage_taken":0.0},{"damage_healed":0.0,"max_hp_gain":0.0,"max_hp_loss":0.0,"gold_gain":0.0,"event_name":"Mysterious Sphere","player_choice":"Fight","floor":37.0,"gold_loss":0.0,"damage_taken":0.0},{"damage_healed":0.0,"max_hp_gain":0.0,"max_hp_loss":0.0,"gold_gain":0.0,"event_name":"MindBloom","player_choice":"Fight","floor":39.0,"gold_loss":0.0,"damage_taken":0.0},{"damage_healed":0.0,"max_hp_gain":0.0,"max_hp_loss":0.0,"gold_gain":0.0,"event_name":"Lab","player_choice":"Got Potions","floor":42.0,"gold_loss":0.0,"damage_taken":0.0}],"is_beta":false,"boss_relics":[{"not_picked":["Coffee Dripper","Velvet Choker"],"picked":"Fusion Hammer"},{"not_picked":["Runic Dome","Pandora\u0027s Box"],"picked":"VioletLotus"}],"items_purged_floors":[28],"is_endless":false,"potions_floor_spawned":[6,12,13,16,20,25,30,33,35,38,47,48],"ascension_level":3}}