{"host":"6gwm7y0tp7acoxay","time":1610104952,"event":{"mods":["BaseMod","Colored Map","Keyboard Shortcuts","Minty Spire (QoL Compilation)","Quick Restart","StSLib","SuperFastMode","everything is the same but u backflip on backflip"],"gold_per_floor":[118,118,31,31,31,62,62,92,173,183,212,247,247,280,280,358,358,375,447,204,204,204,204,230,262,262,289,339,365,365,379,379,454,454,464,464,483,508,508,539,568,243,243,262,287,303,328,363,363,363,363,363,363,79,113,113],"floor_reached":57,"playtime":2641,"items_purged":["Sunder"],"score":3487,"play_id":"cfe1e9fa-21a2-41e0-8141-a0d9deb19dcb","local_time":"20210108202232","daily_mods":["SealedDeck","Heirloom","Flight"],"is_ascension_mode":true,"campfire_choices":[{"data":"Hologram","floor":7.0,"key":"SMITH"},{"data":"Capacitor","floor":13.0,"key":"SMITH"},{"data":"Genetic Algorithm","floor":15.0,"key":"SMITH"},{"floor":23.0,"key":"RECALL"},{"data":"Compile Driver","floor":32.0,"key":"PURGE"},{"data":"Cold Snap","floor":49.0,"key":"PURGE"},{"data":"Conserve Battery","floor":53.0,"key":"PURGE"}],"circlet_count":0,"master_deck":["AscendersBane","Go for the Eyes+1","Blizzard+1","Double Energy+1","Hologram+1","Chill","Self Repair","Coolheaded","Capacitor+1","Genetic Algorithm+1","Core Surge+1","Glacier","Seek","Reboot","Chaos","Consume","Recycle+1","Capacitor","Apotheosis","White Noise+1","Fission+1"],"relics":["Cracked Core","Peace Pipe","Pear","Prayer Wheel","Molten Egg 2","Blue Candle","Potion Belt","Fusion Hammer","Mercury Hourglass","Medical Kit","Strawberry","Du-Vu Doll","White Beast Statue","Nunchaku","Unceasing Top","Runic Dome","Torii","Akabeko","Bottled Flame","FossilizedHelix","Gremlin Horn","Oddly Smooth Stone","Thread and Needle","Blood Vial","Sundial","War Paint"],"acts_visited":["Exordium","TheCity","TheBeyond","TheEnding"],"potions_floor_usage":[56,56,56,56],"damage_taken":[{"damage":0.0,"enemies":"Small Slimes","floor":1.0,"turns":2.0},{"damage":4.0,"enemies":"Lagavulin","floor":6.0,"turns":4.0},{"damage":0.0,"enemies":"3 Sentries","floor":8.0,"turns":6.0},{"damage":0.0,"enemies":"Cultist","floor":10.0,"turns":3.0},{"damage":1.0,"enemies":"Lagavulin","floor":11.0,"turns":5.0},{"damage":8.0,"enemies":"3 Sentries","floor":12.0,"turns":7.0},{"damage":18.0,"enemies":"Gremlin Nob","floor":14.0,"turns":4.0},{"damage":57.0,"enemies":"Slime Boss","floor":16.0,"turns":9.0},{"damage":12.0,"enemies":"2 Thieves","floor":18.0,"turns":4.0},{"damage":2.0,"enemies":"Book of Stabbing","floor":24.0,"turns":5.0},{"damage":19.0,"enemies":"Slavers","floor":25.0,"turns":5.0},{"damage":6.0,"enemies":"Book of Stabbing","floor":27.0,"turns":7.0},{"damage":2.0,"enemies":"Slavers","floor":29.0,"turns":4.0},{"damage":4.0,"enemies":"Chosen","floor":31.0,"turns":5.0},{"damage":10.0,"enemies":"Automaton","floor":33.0,"turns":10.0},{"damage":5.0,"enemies":"Orb Walker","floor":35.0,"turns":3.0},{"damage":1.0,"enemies":"3 Darklings","floor":37.0,"turns":3.0},{"damage":1.0,"enemies":"Mind Bloom Boss Battle","floor":38.0,"turns":3.0},{"damage":16.0,"enemies":"Nemesis","floor":40.0,"turns":7.0},{"damage":0.0,"enemies":"Giant Head","floor":41.0,"turns":5.0},{"damage":1.0,"enemies":"Transient","floor":44.0,"turns":6.0},{"damage":0.0,"enemies":"Reptomancer","floor":45.0,"turns":5.0},{"damage":0.0,"enemies":"Sphere and 2 Shapes","floor":46.0,"turns":3.0},{"damage":15.0,"enemies":"Nemesis","floor":47.0,"turns":9.0},{"damage":0.0,"enemies":"Giant Head","floor":48.0,"turns":6.0},{"damage":15.0,"enemies":"Time Eater","floor":50.0,"turns":16.0},{"damage":0.0,"enemies":"Donu and Deca","floor":51.0,"turns":6.0},{"damage":0.0,"enemies":"Shield and Spear","floor":55.0,"turns":6.0},{"damage":24,"enemies":"The Heart","floor":56,"turns":6}],"seed_played":"8454863079094337733","potions_obtained":[{"floor":10.0,"key":"LiquidMemories"},{"floor":12.0,"key":"FearPotion"},{"floor":14.0,"key":"PotionOfCapacity"},{"floor":16.0,"key":"Block Potion"},{"floor":27.0,"key":"SmokeBomb"},{"floor":29.0,"key":"LiquidMemories"},{"floor":33.0,"key":"Fire Potion"},{"floor":35.0,"key":"PotionOfCapacity"},{"floor":44.0,"key":"PowerPotion"},{"floor":47.0,"key":"DuplicationPotion"}],"is_trial":true,"path_per_floor":["M","?","$","?","?","E","R","E","T","M","E","E","R","E","R","B",null,"M","T","$","?","?","R","E","E","T","E","?","E","?","M","R","B",null,"M","?","M","?","?","E","E","$","T","M","E","M","E","E","R","B","B",null,"R","$","E","B",null],"character_chosen":"DEFECT","items_purchased":["Chill","Medical Kit","FossilizedHelix","Sundial"],"campfire_rested":0,"item_purchase_floors":[3,20,42,54],"current_hp_per_floor":[64,64,64,64,64,70,70,70,70,70,76,75,75,64,64,14,64,59,59,59,59,59,59,71,59,59,60,60,65,65,61,61,58,81,83,83,88,88,88,82,88,88,88,88,88,88,83,88,88,83,88,88,88,88,88,74],"gold":113,"neow_bonus":"","is_daily":false,"chose_seed":false,"campfire_upgraded":3,"win_rate":0.0,"timestamp":1610104952,"path_taken":["M","?","?","?","?","E","R","E","T","M","E","E","R","E","R","BOSS","M","?","$","?","?","R","E","E","T","E","?","E","?","M","R","BOSS","M","?","?","?","?","E","E","$","T","?","E","M","E","E","R","BOSS","BOSS","R","$","E","BOSS"],"items_purchased_type":["Card","Relic","Relic","Relic"],"build_version":"2020-12-22","purchased_purges":1,"victory":true,"max_hp_per_floor":[71,71,71,71,71,81,81,81,81,81,81,81,81,81,81,81,81,81,81,81,81,81,81,88,88,88,88,88,88,88,88,88,88,88,88,88,88,88,88,88,88,88,88,88,88,88,88,88,88,88,88,88,88,88,88,88],"card_choices":[{"not_picked":["Go for the Eyes","Turbo"],"picked":"Hologram","floor":1.0},{"not_picked":["Beam Cell","Sweeping Beam","Turbo"],"picked":"SKIP","floor":6.0},{"not_picked":["BootSequence","Ball Lightning","Undo"],"picked":"SKIP","floor":8.0},{"not_picked":["Hologram","Leap"],"picked":"Self Repair","floor":10.0},{"not_picked":["Redo","Rebound","Cold Snap"],"picked":"SKIP","floor":10.0},{"not_picked":["Consume","Conserve Battery"],"picked":"Coolheaded","floor":11.0},{"not_picked":["Scrape+1","Sweeping Beam+1"],"picked":"Capacitor","floor":12.0},{"not_picked":["BootSequence","Static Discharge"],"picked":"Genetic Algorithm","floor":14.0},{"not_picked":["Machine Learning","Seek"],"picked":"Core Surge+1","floor":16.0},{"not_picked":["Ball Lightning+1","Cold Snap+1"],"picked":"Glacier","floor":18.0},{"not_picked":["Streamline+1","Undo","Conserve Battery"],"picked":"SKIP","floor":18.0},{"not_picked":["Ball Lightning+1","Barrage+1","Compile Driver+1"],"picked":"SKIP","floor":24.0},{"not_picked":["Redo","Tempest","Beam Cell+1"],"picked":"SKIP","floor":25.0},{"not_picked":["Go for the Eyes+1","Seek"],"picked":"Chaos","floor":27.0},{"not_picked":["Reprogram","Barrage+1"],"picked":"Consume","floor":29.0},{"not_picked":["Hello World","Ball Lightning+1","Beam Cell+1"],"picked":"SKIP","floor":31.0},{"not_picked":["Go for the Eyes+1","Compile Driver+1","Rebound+1"],"picked":"SKIP","floor":31.0},{"not_picked":["Steam+1","Streamline+1","Compile Driver+1"],"picked":"SKIP","floor":35.0},{"not_picked":["Lockon+1","Gash+1","Redo"],"picked":"SKIP","floor":35.0},{"not_picked":["Leap","Amplify"],"picked":"Recycle","floor":37.0},{"not_picked":["Fusion","Conserve Battery+1","Hello World"],"picked":"SKIP","floor":37.0},{"not_picked":["Fusion","Lockon+1"],"picked":"Capacitor","floor":38.0},{"not_picked":["Swift Strike+1","Transmutation"],"picked":"Apotheosis","floor":39.0},{"not_picked":["Double Energy","Leap","Streamline+1"],"picked":"SKIP","floor":40.0},{"not_picked":["Scrape+1","Compile Driver+1","Force Field+1"],"picked":"SKIP","floor":41.0},{"not_picked":["Darkness+1","Cold Snap+1"],"picked":"White Noise+1","floor":44.0},{"not_picked":["Double Energy","Ball Lightning+1","Rebound+1"],"picked":"SKIP","floor":44.0},{"not_picked":["Beam Cell+1","Ball Lightning+1","Redo"],"picked":"SKIP","floor":45.0},{"not_picked":["Coolheaded","Doom and Gloom+1"],"picked":"Fission","floor":46.0},{"not_picked":["Storm","Streamline+1","Heatsinks"],"picked":"SKIP","floor":46.0},{"not_picked":["Go for the Eyes+1","Leap","Scrape+1"],"picked":"SKIP","floor":47.0},{"not_picked":["Ball Lightning+1","Auto Shields+1","Conserve Battery"],"picked":"SKIP","floor":48.0},{"not_picked":["Beam Cell+1","Glacier+1","Lockon+1"],"picked":"SKIP","floor":55.0}],"player_experience":4376614,"relics_obtained":[{"floor":6.0,"key":"Pear"},{"floor":8.0,"key":"Prayer Wheel"},{"floor":11.0,"key":"Molten Egg 2"},{"floor":12.0,"key":"Blue Candle"},{"floor":14.0,"key":"Potion Belt"},{"floor":19.0,"key":"Mercury Hourglass"},{"floor":24.0,"key":"Strawberry"},{"floor":25.0,"key":"Du-Vu Doll"},{"floor":26.0,"key":"White Beast Statue"},{"floor":27.0,"key":"Nunchaku"},{"floor":29.0,"key":"Unceasing Top"},{"floor":38.0,"key":"Torii"},{"floor":40.0,"key":"Akabeko"},{"floor":41.0,"key":"Bottled Flame"},{"floor":43.0,"key":"Gremlin Horn"},{"floor":45.0,"key":"Oddly Smooth Stone"},{"floor":47.0,"key":"Thread and Needle"},{"floor":48.0,"key":"Blood Vial"},{"floor":55.0,"key":"War Paint"}],"event_choices":[{"damage_healed":0.0,"max_hp_gain":0.0,"max_hp_loss":0.0,"gold_gain":0.0,"event_name":"Accursed Blacksmith","player_choice":"Forge","floor":2.0,"gold_loss":0.0,"damage_taken":0.0,"cards_upgraded":["Blizzard"]},{"damage_healed":0.0,"max_hp_gain":0.0,"max_hp_loss":0.0,"gold_gain":0.0,"event_name":"Living Wall","player_choice":"Grow","floor":4.0,"gold_loss":0.0,"damage_taken":0.0,"cards_upgraded":["Double Energy"]},{"damage_healed":0.0,"max_hp_gain":0.0,"max_hp_loss":0.0,"gold_gain":0.0,"event_name":"Upgrade Shrine","player_choice":"Upgraded","floor":5.0,"gold_loss":0.0,"damage_taken":0.0,"cards_upgraded":["Go for the Eyes"]},{"damage_healed":0.0,"max_hp_gain":0.0,"max_hp_loss":0.0,"gold_gain":0.0,"cards_transformed":["Gash","Beam Cell"],"event_name":"Drug Dealer","player_choice":"Became Test Subject","floor":21.0,"gold_loss":0.0,"damage_taken":0.0,"cards_obtained":["Seek","Reboot"]},{"damage_healed":0.0,"max_hp_gain":0.0,"max_hp_loss":0.0,"gold_gain":0.0,"event_name":"Vampires","player_choice":"Ignored","floor":22.0,"gold_loss":0.0,"damage_taken":0.0},{"damage_healed":0.0,"max_hp_gain":0.0,"max_hp_loss":0.0,"gold_gain":50.0,"event_name":"Nest","player_choice":"Stole From Cult","floor":28.0,"gold_loss":0.0,"damage_taken":0.0},{"damage_healed":0.0,"max_hp_gain":0.0,"max_hp_loss":0.0,"gold_gain":0.0,"event_name":"Ghosts","player_choice":"Ignored","floor":30.0,"gold_loss":0.0,"damage_taken":0.0},{"cards_removed":["BootSequence"],"damage_healed":0.0,"max_hp_gain":0.0,"max_hp_loss":0.0,"gold_gain":0.0,"event_name":"Wheel of Change","player_choice":"Card Removal","floor":36.0,"gold_loss":0.0,"damage_taken":0.0},{"damage_healed":0.0,"max_hp_gain":0.0,"max_hp_loss":0.0,"gold_gain":0.0,"event_name":"MindBloom","player_choice":"Fight","floor":38.0,"gold_loss":0.0,"damage_taken":0.0},{"damage_healed":0.0,"max_hp_gain":0.0,"max_hp_loss":0.0,"gold_gain":0.0,"event_name":"SensoryStone","player_choice":"Memory 1","floor":39.0,"gold_loss":0.0,"damage_taken":0.0}],"is_beta":false,"boss_relics":[{"not_picked":["FrozenCore","Empty Cage"],"picked":"Fusion Hammer"},{"not_picked":["Runic Pyramid","Velvet Choker"],"picked":"Runic Dome"}],"items_purged_floors":[20],"is_endless":false,"potions_floor_spawned":[10,12,14,16,25,27,29,31,33,35,37,38,40,41,44,45,46,47,48,55],"ascension_level":20}}