{"host":"oy4pyvr762z5n0bb","time":1610087789,"event":{"mods":["AchievementEnabler","BaseMod","Colored Map","Colored Powertips","Googly Eyes","Key Reminder","Minty Spire (QoL Compilation)","Quick Restart","Relic Sorter","StSLib","SuperFastMode","Unceasing Turn Reminder","slay the spire mod where everything is the same but ironclad has a cowboy hat"],"gold_per_floor":[109,124,190,163,18,18,51,71,71,71,101,112,127,188,188,284,284,301,319,15,15,34,34,66,66,66,66,78,98,98,111,111,111,111],"floor_reached":33,"playtime":851,"items_purged":["Strike_R"],"score":360,"play_id":"86d37355-525d-4ae6-96f9-794bb51b6a85","local_time":"20210107223629","is_ascension_mode":true,"campfire_choices":[{"data":"Rampage","floor":10,"key":"SMITH"},{"data":"Burning Pact","floor":15,"key":"SMITH"},{"floor":23,"key":"REST"},{"floor":25,"key":"REST"},{"data":"Inflame","floor":27,"key":"SMITH"},{"floor":32,"key":"REST"}],"circlet_count":0,"master_deck":["Strike_R","Strike_R","Defend_R","Defend_R","Defend_R","Defend_R","Bash","Heavy Blade","Headbutt","Wild Strike","Rampage+1","Warcry","Burning Pact+1","Whirlwind","Armaments","Reaper","Disarm+1","Corruption+1","Uppercut+1","Pommel Strike","Anger","Feel No Pain","Headbutt","Flex","Inflame+1","Cleave+1","Anger"],"relics":["Burning Blood","Red Skull","Eternal Feather","Paper Frog","FossilizedHelix","Bottled Flame","Astrolabe","DollysMirror","Dream Catcher","Omamori"],"acts_visited":["Exordium","TheCity"],"potions_floor_usage":[7,16,16,22,24,29],"damage_taken":[{"damage":0,"enemies":"2 Louse","floor":1,"turns":2},{"damage":7,"enemies":"Small Slimes","floor":2,"turns":4},{"damage":32,"enemies":"Gremlin Nob","floor":7,"turns":4},{"damage":1,"enemies":"Cultist","floor":8,"turns":3},{"damage":40,"enemies":"3 Sentries","floor":11,"turns":6},{"damage":0,"enemies":"Blue Slaver","floor":12,"turns":2},{"damage":0,"enemies":"2 Fungi Beasts","floor":13,"turns":1},{"damage":20,"enemies":"3 Sentries","floor":14,"turns":6},{"damage":21,"enemies":"Hexaghost","floor":16,"turns":8},{"damage":38,"enemies":"Spheric Guardian","floor":18,"turns":6},{"damage":17,"enemies":"Shell Parasite","floor":19,"turns":5},{"damage":23,"enemies":"Shelled Parasite and Fungi","floor":22,"turns":4},{"damage":52,"enemies":"Book of Stabbing","floor":24,"turns":6},{"damage":0,"enemies":"Centurion and Healer","floor":28,"turns":5},{"damage":64,"enemies":"Cultist and Chosen","floor":29,"turns":7},{"damage":12,"enemies":"Snake Plant","floor":31,"turns":3},{"damage":77,"enemies":"Collector","floor":33,"turns":5}],"seed_played":"11345901418280723","potions_obtained":[{"floor":1,"key":"FearPotion"},{"floor":11,"key":"PowerPotion"},{"floor":12,"key":"Energy Potion"},{"floor":14,"key":"FearPotion"},{"floor":19,"key":"Dexterity Potion"},{"floor":28,"key":"GamblersBrew"},{"floor":29,"key":"GamblersBrew"}],"is_trial":false,"path_per_floor":["M","M","?","?","$","?","E","M","T","R","E","M","M","?","R","B",null,"M","M","$","?","M","R","E","R","T","R","M","M","?","M","R","B"],"character_chosen":"IRONCLAD","items_purchased":["Red Skull","Anger","Feel No Pain","DollysMirror"],"campfire_rested":3,"item_purchase_floors":[5,20,20,20],"current_hp_per_floor":[78,77,77,77,77,77,51,56,56,65,31,37,43,29,38,23,66,41,30,30,24,21,57,11,47,47,62,68,20,20,14,53,0,0],"gold":111,"neow_bonus":"THREE_CARDS","is_daily":false,"chose_seed":false,"campfire_upgraded":3,"win_rate":0.0,"timestamp":1610087789,"path_taken":["M","M","?","?","$","?","E","?","T","R","E","M","M","?","R","BOSS","M","M","$","?","?","R","E","R","T","R","M","M","?","M","R","BOSS"],"items_purchased_type":["Relic","Card","Card","Relic"],"build_version":"2020-12-22","purchased_purges":1,"victory":false,"max_hp_per_floor":[80,80,80,80,80,80,80,80,80,80,80,80,80,80,80,80,80,80,80,80,80,80,80,80,80,80,80,80,80,80,80,80,80,80],"card_choices":[{"not_picked":["Headbutt","Combust"],"picked":"Heavy Blade","floor":0},{"not_picked":["Fire Breathing","Perfected Strike"],"picked":"Headbutt","floor":1},{"not_picked":["Armaments","Dark Embrace"],"picked":"Wild Strike","floor":2},{"not_picked":["Demon Form","Havoc"],"picked":"Rampage","floor":7},{"not_picked":["Sever Soul","Uppercut"],"picked":"Warcry","floor":8},{"not_picked":["Thunderclap","Clothesline"],"picked":"Burning Pact","floor":11},{"not_picked":["Rampage","Clash"],"picked":"Whirlwind","floor":12},{"not_picked":["Heavy Blade","Reckless Charge","Clothesline"],"picked":"SKIP","floor":13},{"not_picked":["Perfected Strike","Bludgeon"],"picked":"Armaments","floor":14},{"not_picked":["Juggernaut","Exhume"],"picked":"Reaper","floor":16},{"not_picked":["Fire Breathing","Body Slam+1","Iron Wave"],"picked":"SKIP","floor":18},{"not_picked":["Body Slam","Evolve"],"picked":"Pommel Strike","floor":19},{"not_picked":["Spot Weakness","Havoc+1"],"picked":"Flex","floor":22},{"not_picked":["Havoc","Sword Boomerang+1","Body Slam"],"picked":"SKIP","floor":24},{"not_picked":["Flex+1","Cleave"],"picked":"Inflame","floor":25},{"not_picked":["Sever Soul+1","Perfected Strike","Iron Wave"],"picked":"SKIP","floor":28},{"not_picked":["Offering","Rupture+1"],"picked":"Cleave+1","floor":29},{"not_picked":["Pummel","Clothesline+1"],"picked":"Anger","floor":31}],"player_experience":718086,"relics_obtained":[{"floor":7,"key":"Eternal Feather"},{"floor":9,"key":"Paper Frog"},{"floor":11,"key":"FossilizedHelix"},{"floor":14,"key":"Bottled Flame"},{"floor":24,"key":"Dream Catcher"},{"floor":26,"key":"Omamori"}],"event_choices":[{"damage_healed":0,"gold_gain":66,"player_choice":"Gained Gold","damage_taken":0,"max_hp_gain":0,"max_hp_loss":0,"event_name":"Golden Wing","floor":3,"gold_loss":0},{"damage_healed":0,"gold_gain":0,"player_choice":"Left Gold","damage_taken":0,"max_hp_gain":0,"max_hp_loss":0,"event_name":"World of Goop","floor":4,"gold_loss":27},{"damage_healed":0,"gold_gain":0,"player_choice":"1 cards matched","damage_taken":0,"max_hp_gain":0,"max_hp_loss":0,"event_name":"Match and Keep!","floor":6,"gold_loss":0,"cards_obtained":["Clash"]},{"damage_healed":0,"gold_gain":0,"player_choice":"Searched \u00271\u0027 times","damage_taken":0,"max_hp_gain":0,"max_hp_loss":0,"event_name":"Dead Adventurer","floor":14,"gold_loss":0},{"damage_healed":0,"gold_gain":0,"player_choice":"","damage_taken":6,"max_hp_gain":0,"max_hp_loss":0,"event_name":"Knowing Skull","floor":21,"potions_obtained":[],"gold_loss":0,"cards_obtained":[]},{"damage_healed":0,"gold_gain":0,"player_choice":"Ignored","damage_taken":0,"max_hp_gain":0,"max_hp_loss":0,"event_name":"Ghosts","floor":30,"gold_loss":0}],"is_beta":false,"boss_relics":[{"not_picked":["Runic Dome","Calling Bell"],"picked":"Astrolabe"}],"items_purged_floors":[20],"is_endless":false,"potions_floor_spawned":[1,11,12,14,19,28,29],"killed_by":"Collector","ascension_level":6}}