{"host":"v4pe0ixo3k7iwzp0","time":1610136436,"event":{"mods":["Ascension Reborn","BaseMod","Bestiary","Highlight Path","Minty Spire (QoL Compilation)","StSLib","The Marked"],"gold_per_floor":[119,135,155,114,114,146,146,160,160,173,193,204,204,223,223,326,326,345,359,359,372,388,388,408,408,408],"floor_reached":25,"playtime":1486,"items_purged":[],"score":211,"play_id":"6c0f403a-f87d-485e-980d-033fe8a04324","local_time":"20210108120716","is_ascension_mode":true,"campfire_choices":[{"data":"Inflame","floor":7.0,"key":"SMITH"},{"data":"Inflame","floor":13.0,"key":"SMITH"},{"data":"Heavy Blade","floor":15.0,"key":"SMITH"},{"floor":23,"key":"REST"}],"circlet_count":0,"master_deck":["Strike_R+1","Strike_R+1","Strike_R+1","Strike_R+1","Defend_R+1","Defend_R+1","Defend_R+1","Defend_R+1","Bash+1","Shrug It Off","Anger","Inflame+1","Flame Barrier","Inflame+1","Heavy Blade+1","Pommel Strike","Sever Soul","Warcry","Double Tap","Headbutt","Dual Wield","Perfected Strike","Thunderclap"],"relics":["Black Blood","Torii","InkBottle","Shuriken"],"acts_visited":["Exordium","TheCity"],"potions_floor_usage":[16,16,16],"damage_taken":[{"damage":0.0,"enemies":"2 Louse","floor":1.0,"turns":3.0},{"damage":8.0,"enemies":"Small Slimes","floor":2.0,"turns":3.0},{"damage":0.0,"enemies":"Cultist","floor":3.0,"turns":2.0},{"damage":2.0,"enemies":"Lagavulin","floor":6.0,"turns":6.0},{"damage":1.0,"enemies":"Large Slime","floor":8.0,"turns":4.0},{"damage":1.0,"enemies":"Exordium Thugs","floor":10.0,"turns":5.0},{"damage":1.0,"enemies":"3 Louse","floor":11.0,"turns":3.0},{"damage":0.0,"enemies":"Gremlin Gang","floor":12.0,"turns":5.0},{"damage":1.0,"enemies":"2 Fungi Beasts","floor":14.0,"turns":3.0},{"damage":6,"enemies":"Hexaghost","floor":16,"turns":6},{"damage":18,"enemies":"Spheric Guardian","floor":18,"turns":4},{"damage":20,"enemies":"Chosen","floor":19,"turns":5},{"damage":26,"enemies":"Snake Plant","floor":21,"turns":4},{"damage":32,"enemies":"Centurion and Healer","floor":22,"turns":6},{"damage":36,"enemies":"3 Cultists","floor":24,"turns":5},{"damage":35,"enemies":"Slavers","floor":25,"turns":3}],"seed_played":"-522552149789485898","potions_obtained":[{"floor":2.0,"key":"LiquidMemories"},{"floor":6.0,"key":"Swift Potion"},{"floor":8.0,"key":"EssenceOfSteel"},{"floor":11.0,"key":"SpeedPotion"},{"floor":14.0,"key":"Weak Potion"},{"floor":21,"key":"SpeedPotion"},{"floor":24,"key":"AttackPotion"}],"is_trial":true,"path_per_floor":["M","M","M","$","?","E","R","M","T","M","M","M","R","M","R","B",null,"M","M","?","M","M","R","M","E"],"character_chosen":"IRONCLAD","items_purchased":["Flame Barrier"],"campfire_rested":1,"item_purchase_floors":[4],"current_hp_per_floor":[80,78,80,80,77,80,80,80,80,80,80,80,80,80,80,80,80,74,66,66,52,32,56,32,0,0],"gold":408,"neow_bonus":"","is_daily":false,"chose_seed":false,"campfire_upgraded":3,"win_rate":0.0,"timestamp":1610136436,"path_taken":["M","M","M","$","?","E","R","M","T","M","M","M","R","M","R","BOSS","M","M","?","M","M","R","M","E"],"items_purchased_type":["Card"],"build_version":"2020-12-22","purchased_purges":0,"victory":false,"max_hp_per_floor":[80,80,80,80,80,80,80,80,80,80,80,80,80,80,80,80,80,80,80,80,80,80,80,80,80,80],"card_choices":[{"not_picked":["Heavy Blade","Reckless Charge"],"picked":"Shrug It Off","floor":1.0},{"not_picked":["Second Wind","Heavy Blade"],"picked":"Anger","floor":2.0},{"not_picked":["Rage","Clothesline"],"picked":"Inflame","floor":3.0},{"not_picked":["Barricade","Shrug It Off"],"picked":"Inflame","floor":6.0},{"not_picked":["Evolve","Body Slam","Headbutt"],"picked":"SKIP","floor":8.0},{"not_picked":["Warcry","Entrench"],"picked":"Heavy Blade","floor":10.0},{"not_picked":["Feel No Pain","Searing Blow"],"picked":"Pommel Strike","floor":11.0},{"not_picked":["Cleave","Sword Boomerang"],"picked":"Sever Soul","floor":12.0},{"not_picked":["Sword Boomerang","Hemokinesis"],"picked":"Warcry","floor":14.0},{"not_picked":["Exhume","Impervious"],"picked":"Double Tap","floor":16},{"not_picked":["Burning Pact+1","Pommel Strike"],"picked":"Headbutt","floor":18},{"not_picked":["Blood for Blood","Pommel Strike+1"],"picked":"Dual Wield","floor":19},{"not_picked":["Clothesline","Thunderclap","True Grit"],"picked":"SKIP","floor":21},{"not_picked":["Carnage","Entrench"],"picked":"Perfected Strike","floor":22},{"not_picked":["True Grit","Blood for Blood+1"],"picked":"Thunderclap","floor":24}],"player_experience":104816,"relics_obtained":[{"floor":6.0,"key":"InkBottle"},{"floor":9.0,"key":"Shuriken"}],"event_choices":[{"damage_healed":0.0,"max_hp_gain":0.0,"max_hp_loss":0.0,"gold_gain":0.0,"event_name":"Scrap Ooze","player_choice":"Success","floor":5.0,"gold_loss":0.0,"damage_taken":3.0,"relics_obtained":["Torii"]},{"cards_removed":["Strike_R"],"damage_healed":0,"gold_gain":0,"player_choice":"Elegance","damage_taken":0,"max_hp_gain":0,"max_hp_loss":0,"event_name":"Back to Basics","floor":20,"gold_loss":0}],"is_beta":false,"boss_relics":[{"not_picked":["Philosopher\u0027s Stone","SlaversCollar"],"picked":"Black Blood"}],"items_purged_floors":[],"is_endless":false,"potions_floor_spawned":[2,6,8,11,14,21,24],"killed_by":"Slavers","ascension_level":0}}