{"host":"xpk7f5wncxr280f7","time":1610138139,"event":{"mods":["AchievementEnabler","Astrologer","BaseMod","Colored Map","Colored Powertips","Highlight Path","Hubris","Ironclad Rager","Luminous","Minty Spire (QoL Compilation)","Permanent Neow","Quick Restart","Rare Cards Sparkle","Relic Stats","Remove Card Discount Mod","Reorder Act Four","StSLib","The Senshi","TheArtist"],"gold_per_floor":[115,65,82,82,95,95,110,110,110],"floor_reached":8,"playtime":232,"items_purged":[],"score":48,"play_id":"2eea6dc4-413f-4268-a22b-1b4ebfa64682","local_time":"20210108123539","is_ascension_mode":false,"campfire_choices":[{"data":"astrologer:NeutronStar","floor":6,"key":"SMITH"}],"circlet_count":0,"master_deck":["astrologer:Strike","astrologer:Strike","astrologer:Defend","astrologer:Defend","astrologer:Defend","astrologer:Defend","astrologer:NorthStar","astrologer:TheFool","astrologer:CometStrike","astrologer:Radiance","astrologer:NeutronStar+1","astrologer:Stardust"],"relics":["Runic Dome"],"acts_visited":["Exordium"],"potions_floor_usage":[],"damage_taken":[{"damage":0,"enemies":"Small Slimes","floor":1,"turns":4},{"damage":0,"enemies":"2 Louse","floor":3,"turns":2},{"damage":11,"enemies":"Jaw Worm","floor":5,"turns":3},{"damage":5,"enemies":"2 Fungi Beasts","floor":7,"turns":3},{"damage":9,"enemies":"3 Sentries","floor":8,"turns":2}],"seed_played":"3383032854360006792","potions_obtained":[{"floor":5,"key":"Dexterity Potion"}],"is_trial":false,"path_per_floor":["M","?","M","?","M","R","M","E"],"character_chosen":"ASTROLOGER","items_purchased":[],"campfire_rested":0,"item_purchase_floors":[],"current_hp_per_floor":[70,70,70,70,59,59,54,45,45],"gold":110,"neow_bonus":"BOSS_RELIC","is_daily":false,"chose_seed":false,"campfire_upgraded":1,"win_rate":0.0,"timestamp":1610138139,"path_taken":["M","?","M","?","M","R","M","E"],"items_purchased_type":[],"build_version":"2020-12-22","purchased_purges":0,"victory":false,"max_hp_per_floor":[70,70,70,70,70,70,70,70,70],"relic_stats":{"counters":[5,14],"obtain_stats":[{"Runic Dome":0,"astrologer:SkyMirror":0},{"Runic Dome":0,"astrologer:SkyMirror":0},{"Runic Dome":0,"astrologer:SkyMirror":0}]},"card_choices":[{"not_picked":["astrologer:FrozenStar","astrologer:Quincunx"],"picked":"astrologer:CometStrike","floor":1},{"not_picked":["astrologer:Conjunction","astrologer:Opposition"],"picked":"astrologer:Radiance","floor":3},{"not_picked":["astrologer:Observe","astrologer:Conjunction","astrologer:MeteorShower"],"picked":"SKIP","floor":5},{"not_picked":["astrologer:SolarFlare","astrologer:TheStar"],"picked":"astrologer:Stardust","floor":7}],"player_experience":255438,"relics_obtained":[],"event_choices":[{"cards_removed":["astrologer:Strike"],"damage_healed":0,"gold_gain":0,"player_choice":"Card Removal","damage_taken":0,"max_hp_gain":0,"max_hp_loss":0,"event_name":"The Cleric","floor":2,"gold_loss":50},{"damage_healed":0,"gold_gain":0,"cards_transformed":["astrologer:Strike"],"player_choice":"Change","damage_taken":0,"max_hp_gain":0,"max_hp_loss":0,"event_name":"Living Wall","floor":4,"gold_loss":0,"cards_obtained":["astrologer:NeutronStar"]}],"is_beta":false,"boss_relics":[],"items_purged_floors":[],"is_endless":false,"potions_floor_spawned":[5],"killed_by":"3 Sentries","ascension_level":0}}