{"host":"e038uio4n76x5ina","time":1610145166,"event":{"mods":["2.2 Compatiblity","AchievementEnabler","Act Like it!","AlwaysNeverKeys","Aspiration","BaseMod","Better Altar","Better Match","Better Skull","Better Third Choice","Better Vampires","ChefMod","Colored Map","Colored Powertips","Curses Come First","Disable Question Mark Monsters","Evolution","Marked Mod","Minty Spire (QoL Compilation)","Permanent Neow","Quick Restart","Random Character Button","Retaliation","Robot Space Explorer","Spicy Shops","StSLib","The Dragon Tamer","The Marked","UnlockEverythingMod","Wandering Minibosses"],"gold_per_floor":[111,111,111,124,124,169,26,26,96,118,118,118,141,174,174,312,312,334,334,366,409,29,29,61,61,61,61,33,167,167,194,194,323,323,339,339,360,65,99,146,146,20,43,52,52,75,99,133,133,133],"floor_reached":51,"playtime":1800,"items_purged":["RobotSpaceExplorer:Strike","RobotSpaceExplorer:Strike","RobotSpaceExplorer:Strike","RobotSpaceExplorer:Defend"],"score":925,"play_id":"fb0eafb9-aa13-4ec0-83d2-48652d7330e6","local_time":"20210108173246","is_ascension_mode":false,"campfire_choices":[{"data":"RobotSpaceExplorer:Counterblock","floor":8.0,"key":"SMITH"},{"data":"RobotSpaceExplorer:MiniLasers","floor":11.0,"key":"SMITH"},{"data":"RobotSpaceExplorer:LuckyStrike","floor":15,"key":"SMITH"},{"data":"RobotSpaceExplorer:MetalStrike","floor":23,"key":"SMITH"},{"data":"RobotSpaceExplorer:Comet","floor":25,"key":"SMITH"},{"data":"RobotSpaceExplorer:MiniDrones","floor":27,"key":"SMITH"},{"data":"RobotSpaceExplorer:ExhaustFan","floor":30,"key":"SMITH"},{"data":"RobotSpaceExplorer:ScrapMissile","floor":32,"key":"SMITH"},{"data":"RobotSpaceExplorer:ChargingLaser","floor":41,"key":"SMITH"},{"data":"RobotSpaceExplorer:ScrapMissile","floor":49,"key":"SMITH"}],"circlet_count":0,"master_deck":["RobotSpaceExplorer:Strike","RobotSpaceExplorer:Defend","RobotSpaceExplorer:Defend","RobotSpaceExplorer:Defend","RobotSpaceExplorer:Scan","RobotSpaceExplorer:MiniLasers+1","Apotheosis+1","RobotSpaceExplorer:Counterblock+1","RobotSpaceExplorer:LuckyStrike+1","RobotSpaceExplorer:ScrapMissile+1","RobotSpaceExplorer:Probe","RobotSpaceExplorer:MiniDrones+1","RobotSpaceExplorer:Comet+1","RobotSpaceExplorer:FranticSearch+1","RobotSpaceExplorer:MetalStrike+1","RobotSpaceExplorer:ExhaustFan+1","RobotSpaceExplorer:ExhaustFan+1","RobotSpaceExplorer:Probe+1","RobotSpaceExplorer:ScrapMissile+1","RobotSpaceExplorer:ChargingLaser+1","RobotSpaceExplorer:Probe+1","RobotSpaceExplorer:FranticSearch+1","RobotSpaceExplorer:ExhaustFan+1","RobotSpaceExplorer:ScrapMissile+1","RobotSpaceExplorer:PowerCollector+1"],"relics":["RobotSpaceExplorer:RoboCore","EVO:Axolotl","Golden Idol","CeramicFish","StrikeDummy","Ornamental Fan","RobotSpaceExplorer:Reprocessor","Red Mask","TheAbacus","Mummified Hand","Mango","Shuriken","aspiration:WatcherSkillbook","Gambling Chip","Ancient Tea Set","White Beast Statue","aspiration:Lifesprig"],"acts_visited":["Exordium","TheCity","TheBeyond"],"potions_floor_usage":[40,47],"damage_taken":[{"damage":0.0,"enemies":"2 Louse","floor":1.0,"turns":4.0},{"damage":0.0,"enemies":"Cultist","floor":4.0,"turns":2.0},{"damage":17.0,"enemies":"Lagavulin","floor":6.0,"turns":10.0},{"damage":0.0,"enemies":"Small Slimes","floor":10.0,"turns":3.0},{"damage":0.0,"enemies":"Red Slaver","floor":13.0,"turns":3.0},{"damage":4,"enemies":"Exordium Thugs","floor":14,"turns":4},{"damage":0,"enemies":"Slime Boss","floor":16,"turns":8},{"damage":0,"enemies":"Chosen","floor":18,"turns":3},{"damage":0,"enemies":"3 Byrds","floor":20,"turns":3},{"damage":0,"enemies":"Masked Bandits","floor":21,"turns":3},{"damage":0,"enemies":"Snecko","floor":24,"turns":3},{"damage":0,"enemies":"Colosseum Slavers","floor":29,"turns":4},{"damage":4,"enemies":"Colosseum Nobs","floor":29,"turns":4},{"damage":0,"enemies":"Cultist and Chosen","floor":31,"turns":4},{"damage":0,"enemies":"Automaton","floor":33,"turns":6},{"damage":0,"enemies":"Orb Walker","floor":35,"turns":3},{"damage":0,"enemies":"3 Darklings","floor":37,"turns":5},{"damage":0,"enemies":"Writhing Mass","floor":39,"turns":4},{"damage":0,"enemies":"Reptomancer","floor":40,"turns":4},{"damage":0,"enemies":"Spire Growth","floor":46,"turns":3},{"damage":0,"enemies":"3 Darklings","floor":47,"turns":2},{"damage":0,"enemies":"Writhing Mass","floor":48,"turns":4},{"damage":0,"enemies":"Awakened One","floor":50,"turns":6}],"seed_played":"4735982210281673498","potions_obtained":[{"floor":6.0,"key":"FairyPotion"},{"floor":14,"key":"LiquidMemories"},{"floor":20,"key":"Fire Potion"},{"floor":46,"key":"SkillPotion"},{"floor":47,"key":"Weak Potion"}],"is_trial":false,"path_per_floor":["M","?","?","M","?","E","$","R","T","M","R","?","M","M","R","B",null,"M","?","M","?","$","R","M","R","T","R","$","?","R","M","R","B",null,"M","?","M","$","M","E","R","$","T","?","$","M","M","M","R","B",null],"character_chosen":"RobotSpaceExplorer","items_purchased":["RobotSpaceExplorer:LuckyStrike","TheAbacus","RobotSpaceExplorer:ExhaustFan","Gambling Chip","White Beast Statue"],"campfire_rested":0,"item_purchase_floors":[7,22,28,38,42],"current_hp_per_floor":[75,69,69,69,69,52,52,52,52,52,52,52,52,48,48,48,69,69,69,69,69,69,69,69,69,69,69,69,79,79,79,79,79,83,83,79,79,79,79,79,79,79,79,79,79,79,79,79,79,79],"gold":133,"neow_bonus":"THREE_CARDS","is_daily":false,"chose_seed":false,"campfire_upgraded":10,"win_rate":0.0,"timestamp":1610145166,"path_taken":["M","?","?","M","?","E","$","R","T","?","R","?","M","?","R","BOSS","M","?","M","?","?","R","M","R","T","R","?","?","R","M","R","BOSS","M","?","M","$","M","E","R","$","T","?","$","M","M","M","R","BOSS"],"items_purchased_type":["Card","Relic","Card","Relic","Relic"],"build_version":"2020-12-22","purchased_purges":4,"victory":true,"max_hp_per_floor":[75,69,69,69,69,69,69,69,69,69,69,69,69,69,69,69,69,69,69,69,69,69,69,69,69,69,69,69,83,83,83,83,83,83,83,79,79,79,79,79,79,79,79,79,79,79,79,79,79,79],"card_choices":[{"not_picked":["RobotSpaceExplorer:ShockKick","RobotSpaceExplorer:ShovelStrike"],"picked":"RobotSpaceExplorer:SlimeMissile","floor":1.0},{"not_picked":["RobotSpaceExplorer:SurgingStrike","RobotSpaceExplorer:Probe","RobotSpaceExplorer:ShovelStrike"],"picked":"SKIP","floor":4.0},{"not_picked":["RobotSpaceExplorer:StunGrenade","RobotSpaceExplorer:GlueShot"],"picked":"RobotSpaceExplorer:Counterblock","floor":6.0},{"not_picked":["RobotSpaceExplorer:MetalStrike","RobotSpaceExplorer:SlimeMissile"],"picked":"RobotSpaceExplorer:ScrapMissile","floor":10.0},{"not_picked":["RobotSpaceExplorer:FranticSearch","RobotSpaceExplorer:FrostMissile"],"picked":"RobotSpaceExplorer:Probe","floor":13.0},{"not_picked":["RobotSpaceExplorer:IronShell","RobotSpaceExplorer:MakeshiftVolley"],"picked":"RobotSpaceExplorer:MiniDrones","floor":14},{"not_picked":["RobotSpaceExplorer:Scanner","RobotSpaceExplorer:DroneSwarm"],"picked":"RobotSpaceExplorer:Comet","floor":16},{"not_picked":["RobotSpaceExplorer:Ammunition+1","RobotSpaceExplorer:SurgingStrike"],"picked":"RobotSpaceExplorer:FranticSearch+1","floor":18},{"not_picked":["RobotSpaceExplorer:Ammunition","RobotSpaceExplorer:LaserBurst"],"picked":"RobotSpaceExplorer:MetalStrike","floor":20},{"not_picked":["RobotSpaceExplorer:LuckyStrike","RobotSpaceExplorer:Reload+1"],"picked":"RobotSpaceExplorer:ExhaustFan+1","floor":24},{"not_picked":["RobotSpaceExplorer:RigExplosive","RobotSpaceExplorer:MetalStrike"],"picked":"RobotSpaceExplorer:Probe+1","floor":29},{"not_picked":["RobotSpaceExplorer:TurboDodge+1","RobotSpaceExplorer:FrostMissile"],"picked":"RobotSpaceExplorer:ScrapMissile","floor":31},{"not_picked":["RobotSpaceExplorer:DroneSwarm","RobotSpaceExplorer:Multitool"],"picked":"RobotSpaceExplorer:ChargingLaser","floor":33},{"not_picked":["Vengeance","RobotSpaceExplorer:Discharger","RobotSpaceExplorer:ImprovisedAttack","SashWhip+1"],"picked":"SKIP","floor":35},{"not_picked":["MarkedMod:Acupuncture","RobotSpaceExplorer:MakeshiftVolley+1","RobotSpaceExplorer:ShockKick+1","ThirdEye"],"picked":"SKIP","floor":37},{"not_picked":["RobotSpaceExplorer:GlueShot","Vault","Indignation+1"],"picked":"RobotSpaceExplorer:Probe+1","floor":39},{"not_picked":["RobotSpaceExplorer:Asteroid","TalkToTheHand","RobotSpaceExplorer:BigMissile"],"picked":"RobotSpaceExplorer:FranticSearch+1","floor":40},{"not_picked":["LikeWater+1","RobotSpaceExplorer:DoubleFind+1","MarkedMod:FirstStrike"],"picked":"RobotSpaceExplorer:ScrapMissile+1","floor":46},{"not_picked":["RobotSpaceExplorer:SurgingShield","RobotSpaceExplorer:Pulsar","RobotSpaceExplorer:TrailblazerForm","CutThroughFate"],"picked":"SKIP","floor":47},{"not_picked":["RobotSpaceExplorer:Fix+1","FlyingSleeves+1","RobotSpaceExplorer:MiniDrones+1"],"picked":"RobotSpaceExplorer:PowerCollector+1","floor":48}],"player_experience":115843,"relics_obtained":[{"floor":6.0,"key":"StrikeDummy"},{"floor":9.0,"key":"Ornamental Fan"},{"floor":21,"key":"Red Mask"},{"floor":26,"key":"Mummified Hand"},{"floor":29,"key":"Mango"},{"floor":29,"key":"Shuriken"},{"floor":40,"key":"Ancient Tea Set"},{"floor":43,"key":"aspiration:Lifesprig"}],"event_choices":[{"damage_healed":0.0,"max_hp_gain":0.0,"max_hp_loss":6.0,"gold_gain":0.0,"event_name":"Golden Idol","player_choice":"Lose Max HP","floor":2.0,"gold_loss":0.0,"damage_taken":0.0,"relics_obtained":["Golden Idol"]},{"damage_healed":69.0,"max_hp_gain":0.0,"max_hp_loss":69.0,"gold_gain":0.0,"event_name":"betterThird:BetterShining","player_choice":"Embrace","floor":3.0,"gold_loss":0.0,"damage_taken":0.0},{"cards_removed":["RobotSpaceExplorer:SlimeMissile"],"damage_healed":0.0,"max_hp_gain":0.0,"max_hp_loss":0.0,"gold_gain":0.0,"event_name":"WeMeetAgain","player_choice":"Gave Card","floor":5.0,"gold_loss":0.0,"damage_taken":0.0,"relics_obtained":["CeramicFish"]},{"damage_healed":0.0,"max_hp_gain":0.0,"max_hp_loss":0.0,"gold_gain":0.0,"event_name":"The Woman in Blue","player_choice":"Bought 0 Potions","floor":12.0,"gold_loss":0.0,"damage_taken":0.0},{"damage_healed":0,"gold_gain":0,"player_choice":"Fought Bandits","damage_taken":0,"max_hp_gain":0,"max_hp_loss":0,"event_name":"Masked Bandits","floor":21,"gold_loss":0},{"damage_healed":0,"gold_gain":0,"player_choice":"Fight","damage_taken":0,"max_hp_gain":0,"max_hp_loss":0,"event_name":"Colosseum","floor":29,"gold_loss":0},{"damage_healed":0,"gold_gain":0,"player_choice":"Fought Nobs","damage_taken":0,"max_hp_gain":0,"max_hp_loss":0,"event_name":"Colosseum","floor":29,"gold_loss":0},{"damage_healed":0,"gold_gain":0,"player_choice":"Max HP","damage_taken":0,"max_hp_gain":0,"max_hp_loss":4,"event_name":"Winding Halls","floor":36,"gold_loss":0},{"damage_healed":0,"gold_gain":0,"player_choice":"Copied","damage_taken":0,"max_hp_gain":0,"max_hp_loss":0,"event_name":"Duplicator","floor":44,"gold_loss":0,"cards_obtained":["RobotSpaceExplorer:ExhaustFan"]}],"is_beta":false,"boss_relics":[{"not_picked":["Velvet Choker","aspiration:IroncladSkillbook"],"picked":"RobotSpaceExplorer:Reprocessor"},{"not_picked":["aspiration:SecretTechniqueScroll","aspiration:RunicSpoon"],"picked":"aspiration:WatcherSkillbook"}],"items_purged_floors":[7,22,22,38],"is_endless":false,"potions_floor_spawned":[6,14,20,29,31,37,46,47,48],"ascension_level":0}}