{"host":"5x08nt64u3vxxcfi","time":1610104731,"event":{"mods":["BaseMod","Minty Spire (QoL Compilation)","StSLib","SuperFastMode"],"gold_per_floor":[15,15,90,90,106,137,137,168,168,343,343,366,410,491,503,641,653,690,702,714,747,858,909,921,933,933],"floor_reached":25,"playtime":488,"items_purged":[],"score":319,"play_id":"b2591e6c-e385-4cb8-84ee-1745f00d7981","local_time":"20210108201851","is_ascension_mode":true,"campfire_choices":[{"floor":7.0,"key":"REST"},{"floor":11.0,"key":"REST"},{"data":"Storm","floor":15.0,"key":"SMITH"},{"data":"Creative AI","floor":24,"key":"SMITH"}],"circlet_count":0,"master_deck":["Defend_B","Defend_B","Defend_B","Defend_B","Zap","Dualcast","Ball Lightning","Steam","Creative AI+1","Storm+1","Doubt","Go for the Eyes","Hologram","Consume","Seek","Heatsinks","Bite","Bite","Bite","Bite","Bite","Deep Breath","Deep Breath","Redo+1","Recycle"],"relics":["Cracked Core","Emotion Chip","The Courier","Golden Idol","Bag of Preparation","Pantograph","Strawberry","MawBank","Bottled Flame","Coffee Dripper","Matryoshka"],"acts_visited":["Exordium","TheCity"],"potions_floor_usage":[23,23],"damage_taken":[{"damage":1.0,"enemies":"Cultist","floor":1.0,"turns":3.0},{"damage":0.0,"enemies":"Small Slimes","floor":5.0,"turns":2.0},{"damage":27.0,"enemies":"Gremlin Nob","floor":6.0,"turns":5.0},{"damage":34.0,"enemies":"3 Sentries","floor":8.0,"turns":6.0},{"damage":1.0,"enemies":"Jaw Worm","floor":12.0,"turns":2.0},{"damage":6.0,"enemies":"Gremlin Nob","floor":13.0,"turns":3.0},{"damage":16.0,"enemies":"Lagavulin Event","floor":14.0,"turns":5.0},{"damage":25.0,"enemies":"The Guardian","floor":16.0,"turns":8.0},{"damage":6.0,"enemies":"Spheric Guardian","floor":18.0,"turns":3.0},{"damage":3.0,"enemies":"Chosen","floor":21.0,"turns":3.0},{"damage":17,"enemies":"Book of Stabbing","floor":23,"turns":5},{"damage":29,"enemies":"Snake Plant","floor":25,"turns":2}],"seed_played":"5752228357172574058","potions_obtained":[{"floor":1.0,"key":"EssenceOfSteel"},{"floor":8.0,"key":"FocusPotion"},{"floor":13.0,"key":"SneckoOil"},{"floor":21.0,"key":"SkillPotion"}],"is_trial":false,"path_per_floor":["M","$","T","?","M","E","R","E","T","?","R","M","E","?","R","B",null,"M","?","?","M","?","E","R","M"],"character_chosen":"DEFECT","items_purchased":[],"campfire_rested":2,"item_purchase_floors":[],"current_hp_per_floor":[74,74,74,56,56,29,51,17,24,24,48,47,41,25,25,25,68,62,57,25,30,30,23,23,0,0],"gold":933,"neow_bonus":"ONE_RARE_RELIC","is_daily":false,"chose_seed":false,"campfire_upgraded":2,"win_rate":0.0,"timestamp":1610104731,"path_taken":["M","$","?","?","M","E","R","E","T","?","R","M","E","?","R","BOSS","M","?","?","?","?","E","R","M"],"items_purchased_type":[],"build_version":"2020-12-22","purchased_purges":0,"victory":false,"max_hp_per_floor":[75,75,75,75,75,75,75,75,82,82,82,82,82,82,82,82,82,82,57,57,57,57,57,57,57,57],"card_choices":[{"not_picked":["Streamline","Melter"],"picked":"Ball Lightning","floor":1.0},{"not_picked":["Streamline","Hello World"],"picked":"Steam","floor":5.0},{"not_picked":["Sunder","Storm"],"picked":"Creative AI","floor":6.0},{"not_picked":["Fusion","Stack"],"picked":"Storm","floor":8.0},{"not_picked":["Barrage","Conserve Battery"],"picked":"Go for the Eyes","floor":12.0},{"not_picked":["Rip and Tear","Compile Driver"],"picked":"Hologram","floor":13.0},{"not_picked":["Go for the Eyes","Reinforced Body"],"picked":"Consume","floor":14.0},{"not_picked":["Meteor Strike","Core Surge"],"picked":"Seek","floor":16.0},{"not_picked":["Redo","Hologram"],"picked":"Heatsinks","floor":18.0},{"not_picked":["Gash+1","Beam Cell"],"picked":"Redo+1","floor":21.0},{"not_picked":["Fission","Compile Driver"],"picked":"Recycle","floor":23}],"player_experience":64942,"relics_obtained":[{"floor":3.0,"key":"The Courier"},{"floor":6.0,"key":"Bag of Preparation"},{"floor":8.0,"key":"Pantograph"},{"floor":9.0,"key":"Strawberry"},{"floor":13.0,"key":"MawBank"},{"floor":14.0,"key":"Bottled Flame"},{"floor":23,"key":"Matryoshka"}],"event_choices":[{"damage_healed":0.0,"max_hp_gain":0.0,"max_hp_loss":0.0,"gold_gain":0.0,"event_name":"Golden Idol","player_choice":"Take Damage","floor":4.0,"gold_loss":0.0,"damage_taken":18.0,"relics_obtained":["Golden Idol"]},{"damage_healed":0.0,"max_hp_gain":0.0,"max_hp_loss":0.0,"gold_gain":175.0,"event_name":"Liars Game","player_choice":"AGREE","floor":10.0,"gold_loss":0.0,"damage_taken":0.0,"cards_obtained":["Doubt"]},{"damage_healed":0.0,"max_hp_gain":0.0,"max_hp_loss":0.0,"gold_gain":0.0,"event_name":"Dead Adventurer","player_choice":"Searched \u00271\u0027 times","floor":14.0,"gold_loss":0.0,"damage_taken":0.0},{"damage_healed":0.0,"max_hp_gain":0.0,"max_hp_loss":25.0,"gold_gain":0.0,"event_name":"Vampires","player_choice":"Became a vampire","floor":19.0,"gold_loss":0.0,"damage_taken":0.0,"cards_obtained":["Bite","Bite","Bite","Bite","Bite"]},{"damage_healed":0.0,"max_hp_gain":0.0,"max_hp_loss":0.0,"gold_gain":0.0,"event_name":"Knowing Skull","player_choice":"CARD CARD POTION POTION ","floor":20.0,"potions_obtained":["SpeedPotion","Dexterity Potion"],"gold_loss":0.0,"damage_taken":32.0,"cards_obtained":["Deep Breath","Deep Breath"]},{"damage_healed":0.0,"max_hp_gain":0.0,"max_hp_loss":0.0,"gold_gain":99.0,"event_name":"Nest","player_choice":"Stole From Cult","floor":22.0,"gold_loss":0.0,"damage_taken":0.0}],"is_beta":false,"boss_relics":[{"not_picked":["Runic Pyramid","Cursed Key"],"picked":"Coffee Dripper"}],"items_purged_floors":[],"is_endless":false,"potions_floor_spawned":[1,8,13,21],"killed_by":"Snake Plant","ascension_level":5}}