{"host":"s41rn2jhghpwfrvz","time":1610117967,"event":{"mods":["BaseMod","Minty Spire (QoL Compilation)","Quick Restart","Relic Stats","SuperFastMode"],"gold_per_floor":[119,42,59,74,149,181,30,55,82,104,132,132,32,42,42,118,118,138,148,148,148,173,201,201,228,228,143,143,157,194,204,204,275,275,293,309,359,370,382,382,415,247,272,272,272,286,319,353,353,353,353,353,353,27,53,53],"floor_reached":57,"playtime":1877,"items_purged":["Warcry","Hologram"],"score":3722,"play_id":"219a4d22-4ae1-49f9-a644-47bd27712615","local_time":"20210108165927","daily_mods":["SealedDeck","Diverse","DeadlyEvents"],"is_ascension_mode":true,"campfire_choices":[{"data":"Rampage","floor":12,"key":"SMITH"},{"data":"Recycle","floor":15,"key":"SMITH"},{"data":"Dark Embrace","floor":24,"key":"SMITH"},{"data":"EmptyMind","floor":32,"key":"SMITH"},{"data":"Grand Finale","floor":40,"key":"SMITH"},{"floor":44,"key":"RECALL"},{"data":"Seeing Red","floor":49,"key":"SMITH"},{"data":"Undo","floor":53,"key":"SMITH"}],"circlet_count":0,"master_deck":["AscendersBane","EmptyMind+1","Collect+1","Recycle+1","Backflip+1","Undo+1","Seeing Red+1","Evolve","Dark Embrace+1","Grand Finale+1","TalkToTheHand+1","Master of Strategy"],"relics":["Burning Blood","Happy Flower","Oddly Smooth Stone","Odd Mushroom","Nunchaku","Empty Cage","MutagenicStrength","Magic Flower","Kunai","CeramicFish","HornCleat","Torii","Coffee Dripper","Mango","InkBottle","War Paint","Lantern","The Courier","Bag of Preparation","Membership Card","Bottled Lightning","Gremlin Horn"],"acts_visited":["Exordium","TheCity","TheBeyond","TheEnding"],"potions_floor_usage":[11,56,56],"damage_taken":[{"damage":1,"enemies":"Cultist","floor":1,"turns":3},{"damage":0,"enemies":"Small Slimes","floor":3,"turns":3},{"damage":0,"enemies":"Jaw Worm","floor":4,"turns":4},{"damage":55,"enemies":"Gremlin Nob","floor":6,"turns":4},{"damage":0,"enemies":"Lagavulin","floor":8,"turns":5},{"damage":5,"enemies":"The Mushroom Lair","floor":10,"turns":4},{"damage":14,"enemies":"3 Sentries","floor":11,"turns":7},{"damage":0,"enemies":"Exordium Thugs","floor":14,"turns":3},{"damage":0,"enemies":"Hexaghost","floor":16,"turns":6},{"damage":5,"enemies":"2 Thieves","floor":18,"turns":2},{"damage":0,"enemies":"Chosen","floor":19,"turns":5},{"damage":4,"enemies":"Gremlin Leader","floor":22,"turns":2},{"damage":1,"enemies":"Slavers","floor":23,"turns":2},{"damage":0,"enemies":"Book of Stabbing","floor":25,"turns":2},{"damage":0,"enemies":"Centurion and Healer","floor":29,"turns":2},{"damage":0,"enemies":"Slavers","floor":30,"turns":2},{"damage":0,"enemies":"Sentry and Sphere","floor":31,"turns":3},{"damage":0,"enemies":"Champ","floor":33,"turns":3},{"damage":0,"enemies":"3 Shapes","floor":35,"turns":2},{"damage":0,"enemies":"3 Darklings","floor":36,"turns":1},{"damage":0,"enemies":"2 Orb Walkers","floor":37,"turns":1},{"damage":0,"enemies":"Jaw Worm Horde","floor":38,"turns":1},{"damage":0,"enemies":"Spire Growth","floor":39,"turns":2},{"damage":0,"enemies":"Reptomancer","floor":41,"turns":1},{"damage":26,"enemies":"Transient","floor":46,"turns":4},{"damage":0,"enemies":"Nemesis","floor":47,"turns":1},{"damage":0,"enemies":"Reptomancer","floor":48,"turns":1},{"damage":0,"enemies":"Awakened One","floor":50,"turns":2},{"damage":0,"enemies":"Donu and Deca","floor":51,"turns":1},{"damage":0,"enemies":"Shield and Spear","floor":55,"turns":1},{"damage":20,"enemies":"The Heart","floor":56,"turns":5}],"seed_played":"2826832127834289473","potions_obtained":[{"floor":4,"key":"DistilledChaos"},{"floor":8,"key":"EssenceOfSteel"},{"floor":10,"key":"SpeedPotion"},{"floor":14,"key":"LiquidBronze"},{"floor":19,"key":"Block Potion"}],"is_trial":true,"path_per_floor":["M","$","M","M","?","E","$","E","T","?","E","R","$","M","R","B",null,"M","M","?","?","E","E","R","E","T","?","$","M","E","M","R","B",null,"M","M","?","M","M","R","E","$","T","R","$","M","E","E","R","B","B",null,"R","$","E","B",null],"character_chosen":"IRONCLAD","items_purchased":["Evolve","Dark Embrace","War Paint","Membership Card","Master of Strategy","Bottled Lightning","ColorlessPotion"],"campfire_rested":0,"item_purchase_floors":[2,7,42,54,54,54,54],"current_hp_per_floor":[73,73,75,75,64,15,15,21,21,22,14,14,14,20,20,26,63,64,70,70,70,72,75,75,75,75,75,75,75,75,75,75,75,75,75,75,89,89,89,89,89,89,89,89,89,72,81,89,89,89,89,89,89,89,89,78],"gold":53,"neow_bonus":"","is_daily":false,"chose_seed":false,"campfire_upgraded":7,"win_rate":0.0,"timestamp":1610117967,"path_taken":["M","?","M","M","?","E","$","E","T","?","?","R","$","M","R","BOSS","M","M","?","?","?","E","R","E","T","?","$","M","E","M","R","BOSS","M","M","?","M","M","R","E","$","T","R","?","?","?","E","R","BOSS","BOSS","R","$","E","BOSS"],"items_purchased_type":["Card","Card","Relic","Relic","Card","Relic","Potion"],"build_version":"2020-12-22","purchased_purges":2,"victory":true,"max_hp_per_floor":[75,75,75,75,75,75,75,75,75,75,75,75,75,75,75,75,75,75,75,75,75,75,75,75,75,75,75,75,75,75,75,75,75,75,75,75,89,89,89,89,89,89,89,89,89,89,89,89,89,89,89,89,89,89,89,89],"relic_stats":{"Happy Flower":[23],"Torii":16,"Gremlin Horn":[0,0],"counters":[31,85],"CeramicFish":18,"Magic Flower":[11],"Bag of Preparation":[8],"War Paint":["Backflip","Collect"],"Burning Blood":101,"Nunchaku":[14],"Kunai":[25],"obtain_stats":[{"Lantern":43,"Happy Flower":6,"Torii":30,"Gremlin Horn":55,"CeramicFish":26,"Oddly Smooth Stone":8,"Magic Flower":22,"Mango":37,"The Courier":47,"Bag of Preparation":48,"Odd Mushroom":10,"War Paint":42,"Empty Cage":17,"Burning Blood":0,"Nunchaku":11,"HornCleat":27,"MutagenicStrength":20,"Coffee Dripper":34,"Kunai":23,"Membership Card":54,"Bottled Lightning":54,"InkBottle":41},{"Lantern":24,"Happy Flower":4,"Torii":16,"Gremlin Horn":30,"CeramicFish":14,"Oddly Smooth Stone":5,"Magic Flower":12,"Mango":21,"The Courier":26,"Bag of Preparation":27,"Odd Mushroom":6,"War Paint":24,"Empty Cage":9,"Burning Blood":0,"Nunchaku":7,"HornCleat":14,"MutagenicStrength":11,"Coffee Dripper":18,"Kunai":13,"Membership Card":29,"Bottled Lightning":29,"InkBottle":24},{"Lantern":70,"Happy Flower":14,"Torii":56,"Gremlin Horn":80,"CeramicFish":52,"Oddly Smooth Stone":19,"Magic Flower":48,"Mango":66,"The Courier":75,"Bag of Preparation":76,"Odd Mushroom":23,"War Paint":70,"Empty Cage":39,"Burning Blood":0,"Nunchaku":30,"HornCleat":52,"MutagenicStrength":46,"Coffee Dripper":62,"Kunai":50,"Membership Card":79,"Bottled Lightning":79,"InkBottle":70}],"InkBottle":[8]},"card_choices":[{"not_picked":["Perfected Strike","Storm","Carnage"],"picked":"SKIP","floor":1},{"not_picked":["CrushJoints","Prepared","EmptyBody"],"picked":"SKIP","floor":3},{"not_picked":["Collect","Undo","ThirdEye"],"picked":"SKIP","floor":4},{"not_picked":["Berserk","Thunderclap","Fusion"],"picked":"SKIP","floor":6},{"not_picked":["Carnage","Core Surge","Wild Strike"],"picked":"SKIP","floor":8},{"not_picked":["Dark Embrace","Flame Barrier","Prepared"],"picked":"SKIP","floor":11},{"not_picked":["LikeWater","Cloak And Dagger","Finisher"],"picked":"SKIP","floor":14},{"not_picked":["DeusExMachina","Vault"],"picked":"Grand Finale","floor":16},{"not_picked":["EmptyFist","White Noise","Heavy Blade+1"],"picked":"SKIP","floor":18},{"not_picked":["Poisoned Stab","Dagger Spray+1","CutThroughFate"],"picked":"SKIP","floor":19},{"not_picked":["White Noise","Turbo","Perfected Strike"],"picked":"SKIP","floor":22},{"not_picked":["BowlingBash","Sanctity","Beam Cell"],"picked":"SKIP","floor":23},{"not_picked":["Disarm","Evaluate","Biased Cognition"],"picked":"SKIP","floor":25},{"not_picked":["Cloak And Dagger","Streamline","Disarm"],"picked":"SKIP","floor":29},{"not_picked":["Exhume","EmptyMind"],"picked":"TalkToTheHand+1","floor":30},{"not_picked":["Heavy Blade","Auto Shields","Halt"],"picked":"SKIP","floor":31},{"not_picked":["Dual Wield","Outmaneuver","Cleave"],"picked":"SKIP","floor":35},{"not_picked":["Entrench","WindmillStrike","BowlingBash"],"picked":"SKIP","floor":36},{"not_picked":["Seeing Red","Consecrate","CutThroughFate"],"picked":"SKIP","floor":38},{"not_picked":["Warcry+1","Wild Strike","Deflect"],"picked":"SKIP","floor":39},{"not_picked":["Storm of Steel","Caltrops","Poisoned Stab"],"picked":"SKIP","floor":41},{"not_picked":["Deflect","JustLucky","Stack+1"],"picked":"SKIP","floor":46},{"not_picked":["Chaos+1","Leap","Power Through"],"picked":"SKIP","floor":47},{"not_picked":["Flame Barrier","DeceiveReality","EmptyFist+1"],"picked":"SKIP","floor":48},{"not_picked":["EmptyFist","Heatsinks","Clothesline+1"],"picked":"SKIP","floor":55}],"player_experience":1675391,"relics_obtained":[{"floor":6,"key":"Happy Flower"},{"floor":8,"key":"Oddly Smooth Stone"},{"floor":10,"key":"Odd Mushroom"},{"floor":11,"key":"Nunchaku"},{"floor":22,"key":"Magic Flower"},{"floor":23,"key":"Kunai"},{"floor":26,"key":"CeramicFish"},{"floor":30,"key":"Torii"},{"floor":37,"key":"Mango"},{"floor":41,"key":"InkBottle"},{"floor":43,"key":"Lantern"},{"floor":47,"key":"The Courier"},{"floor":48,"key":"Bag of Preparation"},{"floor":55,"key":"Gremlin Horn"}],"event_choices":[{"damage_healed":0,"gold_gain":75,"player_choice":"Gather Gold","damage_taken":11,"max_hp_gain":0,"max_hp_loss":0,"event_name":"World of Goop","floor":5,"gold_loss":0},{"damage_healed":0,"gold_gain":0,"player_choice":"Fought Mushrooms","damage_taken":0,"max_hp_gain":0,"max_hp_loss":0,"event_name":"Mushrooms","floor":10,"gold_loss":0},{"damage_healed":0,"gold_gain":0,"player_choice":"Inject Mutagens","damage_taken":0,"relics_obtained":["MutagenicStrength"],"max_hp_gain":0,"max_hp_loss":0,"event_name":"Drug Dealer","floor":20,"gold_loss":0},{"damage_healed":0,"gold_gain":0,"player_choice":"Ignored","damage_taken":0,"max_hp_gain":0,"max_hp_loss":0,"event_name":"The Mausoleum","floor":21,"gold_loss":0},{"damage_healed":0,"gold_gain":0,"player_choice":"Obtained Relic","damage_taken":0,"relics_obtained":["HornCleat"],"max_hp_gain":0,"max_hp_loss":0,"event_name":"Addict","floor":27,"gold_loss":85},{"damage_healed":0,"gold_gain":0,"player_choice":"Fight","damage_taken":0,"max_hp_gain":0,"max_hp_loss":0,"event_name":"Mysterious Sphere","floor":37,"gold_loss":0}],"is_beta":false,"boss_relics":[{"not_picked":["SacredBark","Runic Cube"],"picked":"Empty Cage"},{"not_picked":["SlaversCollar","Black Blood"],"picked":"Coffee Dripper"}],"items_purged_floors":[7,13],"is_endless":false,"potions_floor_spawned":[4,8,10,14,18,19,30,33,35,39,41,55],"ascension_level":20}}