{"host":"0cm5wy4nhuju7tij","time":1610150093,"event":{"mods":["100% Spire Juice","2.2 Compatiblity","AchievementEnabler","Arknights The Spire","Aspiration","BaseMod","Better Third Choice","BetterRewards","CCEM","CapriCore","Colored Powertips","Curses Come First","Custom Start","Displayed Cursed Tome","Downfall","Energized Spire","Evolution","Filter the Spire","Fireblade Mod","Hermit","Highlight Path","Jess\u0027s Bottle","Minty Spire (QoL Compilation)","Permanent Neow","Railgun Mod","Relic Stats","Shop Mod","Spicy Shops","StSLib","The Cursed","The Servant 0.9.4"],"gold_per_floor":[116,128,128,138,148,182,182,197,197,197,227,238,256,266,266,367,367,380,392,426,100,120,120,120],"floor_reached":23,"playtime":1883,"items_purged":["Strike_R","Strike_R"],"score":217,"play_id":"b5e95684-52a8-4d13-ab0d-5e13bc173cfe","local_time":"20210108185453","is_ascension_mode":true,"campfire_choices":[{"data":"Armaments","floor":7,"key":"SMITH"},{"floor":10,"key":"REST"},{"data":"Anger","floor":15,"key":"SMITH"}],"circlet_count":0,"master_deck":["Strike_R","Strike_R","Strike_R","Defend_R","Defend_R","Defend_R","Defend_R","Bash","Anger+1","Armaments+1","Anger","Evolve","expansioncontent:Torchfire+1","Twin Strike","expansioncontent:DonusPower+1","Shrug It Off","Blind+1","Inflame","Iron Wave","Flex","Flex","Rupture","Anger","Immolate","FollowUp","Wallop","CarveReality+1","Collect","Flame Barrier"],"relics":["Burning Blood","EVO:Axolotl","aspiration:Nostalgia","TheRailgun:CoinRelic","CCEMRelics:FestiveHat","Prayer Wheel","FossilizedHelix","aspiration:WatcherSkillbook","Red Mask","Oddly Smooth Stone"],"acts_visited":["Exordium","TheCity"],"potions_floor_usage":[16,18],"damage_taken":[{"damage":17,"enemies":"Jaw Worm","floor":1,"turns":5},{"damage":1,"enemies":"Cultist","floor":2,"turns":3},{"damage":5,"enemies":"2 Louse","floor":4,"turns":3},{"damage":2,"enemies":"Blue Slaver","floor":5,"turns":4},{"damage":33,"enemies":"3 Sentries","floor":6,"turns":7},{"damage":16,"enemies":"Exordium Wildlife","floor":8,"turns":4},{"damage":40,"enemies":"Lagavulin","floor":11,"turns":6},{"damage":5,"enemies":"Looter","floor":12,"turns":3},{"damage":2,"enemies":"3 Louse","floor":13,"turns":3},{"damage":0,"enemies":"Large Slime","floor":14,"turns":5},{"damage":13,"enemies":"Hexaghost","floor":16,"turns":8},{"damage":20,"enemies":"2 Thieves","floor":18,"turns":4},{"damage":2,"enemies":"Chosen","floor":19,"turns":4},{"damage":9,"enemies":"Masked Bandits","floor":20,"turns":3},{"damage":27,"enemies":"Shelled Parasite and Fungi","floor":22,"turns":8},{"damage":52,"enemies":"Gremlin Leader","floor":23,"turns":5}],"seed_played":"-3044399131451282734","potions_obtained":[{"floor":1,"key":"HeartOfIron"},{"floor":8,"key":"FearPotion"},{"floor":12,"key":"AttackPotion"},{"floor":18,"key":"ElixirPotion"},{"floor":20,"key":"SkillPotion"}],"is_trial":false,"path_per_floor":["M","M","?","M","M","E","R","M","T","R","E","M","M","M","R","B",null,"M","M","?","$","M","E"],"character_chosen":"IRONCLAD","items_purchased":["Oddly Smooth Stone"],"campfire_rested":1,"item_purchase_floors":[21],"current_hp_per_floor":[69,74,80,80,80,53,53,43,43,67,33,34,38,44,44,37,80,66,70,67,67,46,0,0],"gold":120,"neow_bonus":"NOSTALGIA","is_daily":false,"chose_seed":false,"campfire_upgraded":2,"win_rate":0.0,"timestamp":1610150093,"path_taken":["M","M","?","M","M","E","R","M","T","R","E","M","?","M","R","BOSS","M","M","?","$","M","E"],"items_purchased_type":["Relic"],"build_version":"2020-12-22","purchased_purges":2,"victory":false,"max_hp_per_floor":[80,80,80,80,80,80,80,80,80,80,80,80,80,80,80,80,80,80,80,80,80,80,80,80],"relic_stats":{"counters":[16,75],"Prayer Wheel":6,"obtain_stats":[{"CCEMRelics:FestiveHat":6,"aspiration:Nostalgia":0,"TheRailgun:CoinRelic":0,"aspiration:WatcherSkillbook":17,"Oddly Smooth Stone":21,"Prayer Wheel":9,"Red Mask":20,"EVO:Axolotl":0,"Burning Blood":0,"FossilizedHelix":11},{"CCEMRelics:FestiveHat":5,"aspiration:Nostalgia":0,"TheRailgun:CoinRelic":0,"aspiration:WatcherSkillbook":11,"Oddly Smooth Stone":14,"Prayer Wheel":6,"Red Mask":14,"EVO:Axolotl":0,"Burning Blood":0,"FossilizedHelix":7},{"CCEMRelics:FestiveHat":22,"aspiration:Nostalgia":0,"TheRailgun:CoinRelic":0,"aspiration:WatcherSkillbook":51,"Oddly Smooth Stone":62,"Prayer Wheel":26,"Red Mask":62,"EVO:Axolotl":0,"Burning Blood":0,"FossilizedHelix":32}],"Burning Blood":85},"card_choices":[{"not_picked":["Rupture","Iron Wave"],"picked":"Anger","floor":1},{"not_picked":["Hemokinesis","Twin Strike"],"picked":"Carnage","floor":2},{"not_picked":["Rampage","Twin Strike"],"picked":"Armaments","floor":4},{"not_picked":["Rampage","Heavy Blade"],"picked":"Anger","floor":5},{"not_picked":["Reckless Charge","Sentinel"],"picked":"Evolve","floor":6},{"not_picked":["Deep Breath+1","expansioncontent:DecasProtection+1"],"picked":"expansioncontent:Torchfire+1","floor":8},{"not_picked":["Blood for Blood","Headbutt"],"picked":"Twin Strike","floor":8},{"not_picked":["Secret Weapon+1","Forethought+1"],"picked":"expansioncontent:DonusPower+1","floor":11},{"not_picked":["True Grit","Armaments"],"picked":"Shrug It Off","floor":11},{"not_picked":["expansioncontent:ManipulateTime+1","expansioncontent:AwakenDeath+1"],"picked":"Blind+1","floor":12},{"not_picked":["Sentinel","Evolve"],"picked":"Inflame","floor":12},{"not_picked":["Clothesline","Body Slam"],"picked":"Iron Wave","floor":12},{"not_picked":["Bloodletting","Clothesline"],"picked":"Flex","floor":13},{"not_picked":["Perfected Strike","Limit Break"],"picked":"Flex","floor":13},{"not_picked":["Pommel Strike","Hemokinesis"],"picked":"Rupture","floor":14},{"not_picked":["Heavy Blade","True Grit"],"picked":"Anger","floor":14},{"not_picked":["Exhume","Double Tap"],"picked":"Immolate","floor":16},{"not_picked":["Shrug It Off","Swivel","Flex+1"],"picked":"FollowUp","floor":18},{"not_picked":["Sentinel","FlurryOfBlows","Dropkick"],"picked":"Wallop","floor":18},{"not_picked":["EmptyBody","Iron Wave","JustLucky+1"],"picked":"CarveReality+1","floor":19},{"not_picked":["Inflame","Whirlwind","Dropkick"],"picked":"Collect","floor":19},{"not_picked":["FlyingSleeves+1","InnerPeace","Intimidate"],"picked":"Flame Barrier","floor":22},{"not_picked":["Double Tap","Dual Wield+1","Headbutt+1","Heavy Blade"],"picked":"SKIP","floor":22}],"player_experience":338738,"relics_obtained":[{"floor":6,"key":"CCEMRelics:FestiveHat"},{"floor":9,"key":"Prayer Wheel"},{"floor":11,"key":"FossilizedHelix"},{"floor":20,"key":"Red Mask"}],"event_choices":[{"cards_removed":["Carnage"],"damage_healed":6,"gold_gain":0,"player_choice":"Offered Uncommon","damage_taken":0,"max_hp_gain":0,"max_hp_loss":0,"event_name":"Bonfire Elementals","floor":3,"gold_loss":0},{"damage_healed":0,"gold_gain":0,"player_choice":"Fought Bandits","damage_taken":0,"max_hp_gain":0,"max_hp_loss":0,"event_name":"Masked Bandits","floor":20,"gold_loss":0}],"is_beta":false,"boss_relics":[{"not_picked":["Fusion Hammer","Sozu"],"picked":"aspiration:WatcherSkillbook"}],"items_purged_floors":[21,21],"is_endless":false,"potions_floor_spawned":[1,8,12,13,14,18,20],"killed_by":"Gremlin Leader","ascension_level":1}}