{"host":"7tvb1em0d2fx72q7","time":1610090488,"event":{"mods":["BaseMod","Challenge The Spire","Minty Spire (QoL Compilation)","StSLib","everything is the same but u backflip on backflip"],"gold_per_floor":[112,66,81,100,100,100,113,145,145,145,156,191,191,253,253,332,332,348,348,193,193,27,55,55,67,112,112,112,112],"floor_reached":28,"playtime":1250,"items_purged":["Strike_B"],"score":488,"play_id":"db70761d-7158-4142-a467-d458fa8348aa","local_time":"20210108022128","is_ascension_mode":true,"campfire_choices":[{"data":"Doom and Gloom","floor":6,"key":"SMITH"},{"data":"Genetic Algorithm","floor":10,"key":"SMITH"},{"data":"Biased Cognition","floor":13,"key":"SMITH"},{"data":"Go for the Eyes","floor":15,"key":"SMITH"},{"data":"Defragment","floor":24,"key":"SMITH"},{"data":"Loop","floor":27,"key":"SMITH"}],"circlet_count":0,"master_deck":["AscendersBane","Strike_B","Strike_B","Defend_B","Defend_B","Defend_B","Defend_B","Zap","Dualcast","Rebound","Doom and Gloom+1","Reinforced Body","Genetic Algorithm+1","Electrodynamics","Force Field","Biased Cognition+1","Go for the Eyes+1","Machine Learning+1","Compile Driver","Loop+1","Defragment+1","Redo","Ball Lightning","Heatsinks"],"relics":["Coffee Dripper","Eternal Feather","Kunai","Symbiotic Virus","Darkstone Periapt","Inserter","Regal Pillow","Omamori"],"acts_visited":["Exordium","TheCity"],"potions_floor_usage":[3,12,23,23],"damage_taken":[{"damage":14,"enemies":"Jaw Worm","floor":1,"turns":4},{"damage":0,"enemies":"2 Louse","floor":3,"turns":3},{"damage":0,"enemies":"Cultist","floor":4,"turns":4},{"damage":8,"enemies":"Large Slime","floor":7,"turns":5},{"damage":24,"enemies":"3 Sentries","floor":8,"turns":5},{"damage":0,"enemies":"Exordium Wildlife","floor":11,"turns":3},{"damage":14,"enemies":"Lagavulin","floor":12,"turns":6},{"damage":6,"enemies":"3 Sentries","floor":14,"turns":4},{"damage":5,"enemies":"The Guardian","floor":16,"turns":10},{"damage":19,"enemies":"Spheric Guardian","floor":18,"turns":4},{"damage":26,"enemies":"Gremlin Leader","floor":23,"turns":6},{"damage":9,"enemies":"Chosen","floor":25,"turns":5},{"damage":30,"enemies":"Slavers","floor":28,"turns":1}],"seed_played":"4697153126589750902","potions_obtained":[{"floor":1,"key":"Fire Potion"},{"floor":8,"key":"Block Potion"},{"floor":14,"key":"SpeedPotion"},{"floor":16,"key":"Regen Potion"},{"floor":18,"key":"Energy Potion"}],"is_trial":false,"path_per_floor":["M","?","M","M","?","R","M","E","T","R","M","E","R","?","R","B",null,"M","?","$","?","$","E","R","M","T","R","E"],"character_chosen":"DEFECT","items_purchased":["Loop","Defragment","Redo","Ball Lightning"],"campfire_rested":0,"item_purchase_floors":[20,22,22,22],"current_hp_per_floor":[50,50,50,50,50,50,42,18,18,27,27,13,22,16,25,20,58,39,19,19,19,19,8,20,11,11,23,0,0],"gold":112,"neow_bonus":"BOSS_RELIC","is_daily":false,"chose_seed":false,"campfire_upgraded":6,"win_rate":0.0,"timestamp":1610090488,"path_taken":["M","?","M","M","?","R","?","E","T","R","M","E","R","?","R","BOSS","M","?","$","?","$","E","R","?","T","R","E"],"items_purchased_type":["Card","Card","Card","Card"],"build_version":"2020-12-22","purchased_purges":1,"victory":false,"max_hp_per_floor":[71,71,71,71,71,71,71,71,71,71,71,71,71,71,71,71,71,71,76,76,76,76,76,76,76,76,76,76,76],"card_choices":[{"not_picked":["Hologram","Force Field"],"picked":"Rebound","floor":1},{"not_picked":["BootSequence","Cold Snap"],"picked":"Doom and Gloom","floor":3},{"not_picked":["Streamline","Consume"],"picked":"Reinforced Body","floor":4},{"not_picked":["Steam","Hologram"],"picked":"Genetic Algorithm","floor":7},{"not_picked":["Steam Power","Hologram"],"picked":"Electrodynamics","floor":8},{"not_picked":["Stack","Darkness"],"picked":"Force Field","floor":11},{"not_picked":["Rip and Tear","Barrage"],"picked":"Biased Cognition","floor":12},{"not_picked":["Beam Cell","Stack"],"picked":"Go for the Eyes","floor":14},{"not_picked":["Seek","Creative AI"],"picked":"Machine Learning","floor":16},{"not_picked":["Sweeping Beam","Beam Cell"],"picked":"Compile Driver","floor":18},{"not_picked":["Go for the Eyes","Scrape"],"picked":"Heatsinks","floor":23},{"not_picked":["Steam","Beam Cell","Sweeping Beam"],"picked":"SKIP","floor":25}],"player_experience":1903787,"relics_obtained":[{"floor":8,"key":"Eternal Feather"},{"floor":9,"key":"Kunai"},{"floor":12,"key":"Symbiotic Virus"},{"floor":14,"key":"Darkstone Periapt"},{"floor":23,"key":"Regal Pillow"},{"floor":26,"key":"Omamori"}],"event_choices":[{"damage_healed":0,"gold_gain":0,"player_choice":"Left Gold","damage_taken":0,"max_hp_gain":0,"max_hp_loss":0,"event_name":"World of Goop","floor":2,"gold_loss":46},{"cards_removed":["Strike_B"],"damage_healed":0,"gold_gain":0,"player_choice":"Offered Basic","damage_taken":0,"max_hp_gain":0,"max_hp_loss":0,"event_name":"Bonfire Elementals","floor":5,"gold_loss":0},{"damage_healed":0,"gold_gain":0,"player_choice":"Searched \u00271\u0027 times","damage_taken":0,"max_hp_gain":0,"max_hp_loss":0,"event_name":"Dead Adventurer","floor":14,"gold_loss":0},{"damage_healed":0,"gold_gain":0,"player_choice":"Shed Blood","damage_taken":25,"max_hp_gain":5,"max_hp_loss":0,"event_name":"Forgotten Altar","floor":19,"gold_loss":0},{"damage_healed":0,"gold_gain":0,"player_choice":"Upgraded","damage_taken":0,"max_hp_gain":0,"max_hp_loss":0,"event_name":"Upgrade Shrine","floor":21,"gold_loss":0,"cards_upgraded":["Machine Learning"]}],"is_beta":false,"boss_relics":[{"not_picked":["Black Star","Velvet Choker"],"picked":"Inserter"}],"items_purged_floors":[20],"is_endless":false,"potions_floor_spawned":[1,8,14,16,18],"killed_by":"Slavers","ascension_level":20}}