{"host":"y3h3n3f7seyagppx","time":1610126511,"event":{"mods":["BaseMod","Colored Map","Colored Powertips","DeckTracker","Minty Spire (QoL Compilation)","Random Character Button","Rare Cards Sparkle","Relic Sorter","Relic Stats","StSLib"],"gold_per_floor":[117,129,129,140,153,185,205,237,237,271,281,281,313,333,333,410,410,420,434,80,98,98,132,132,160,160,160,174,174,174],"floor_reached":29,"playtime":2948,"items_purged":["Strike_R"],"score":594,"play_id":"42a55c99-9ced-4438-bc1b-4918facbf51d","local_time":"20210108122151","is_ascension_mode":true,"campfire_choices":[{"data":"Immolate","floor":12,"key":"SMITH"},{"data":"Bash","floor":15,"key":"SMITH"},{"floor":24,"key":"REST"},{"data":"Shrug It Off","floor":27,"key":"SMITH"}],"circlet_count":0,"master_deck":["AscendersBane","Strike_R","Strike_R","Strike_R","Defend_R","Defend_R+1","Defend_R","Defend_R","Bash+1","Battle Trance","Anger","Rage+1","Flame Barrier","Ghostly Armor","Bludgeon","Immolate+1","Shrug It Off+1","Second Wind+1","Havoc+1","Barricade","Impervious+1"],"relics":["Burning Blood","Lizard Tail","Paper Frog","War Paint","Toxic Egg 2","Runic Dome","Letter Opener","Sundial","Kunai","Darkstone Periapt"],"acts_visited":["Exordium","TheCity"],"potions_floor_usage":[6,8,21,23],"damage_taken":[{"damage":9,"enemies":"Jaw Worm","floor":1,"turns":5},{"damage":1,"enemies":"Cultist","floor":2,"turns":3},{"damage":7,"enemies":"Small Slimes","floor":4,"turns":3},{"damage":2,"enemies":"Looter","floor":5,"turns":4},{"damage":55,"enemies":"Gremlin Nob","floor":6,"turns":5},{"damage":13,"enemies":"Red Slaver","floor":7,"turns":6},{"damage":20,"enemies":"3 Sentries","floor":8,"turns":8},{"damage":5,"enemies":"Lagavulin","floor":10,"turns":6},{"damage":3,"enemies":"Large Slime","floor":11,"turns":5},{"damage":10,"enemies":"3 Sentries","floor":13,"turns":5},{"damage":1,"enemies":"Looter","floor":14,"turns":2},{"damage":21,"enemies":"Slime Boss","floor":16,"turns":8},{"damage":8,"enemies":"2 Thieves","floor":18,"turns":3},{"damage":7,"enemies":"Chosen","floor":19,"turns":5},{"damage":15,"enemies":"Centurion and Healer","floor":21,"turns":6},{"damage":78,"enemies":"Book of Stabbing","floor":23,"turns":6},{"damage":22,"enemies":"Slavers","floor":25,"turns":5},{"damage":19,"enemies":"Snake Plant","floor":28,"turns":6},{"damage":45,"enemies":"Masked Bandits","floor":29,"turns":4}],"seed_played":"-6350960074007753531","potions_obtained":[{"floor":1,"key":"PowerPotion"},{"floor":2,"key":"GamblersBrew"},{"floor":6,"key":"FairyPotion"},{"floor":8,"key":"SpeedPotion"},{"floor":19,"key":"Regen Potion"},{"floor":21,"key":"FearPotion"}],"is_trial":false,"path_per_floor":["M","M","?","M","M","E","M","E","T","E","M","R","E","M","R","B",null,"M","M","$","M","$","E","R","E","T","R","M","?"],"character_chosen":"IRONCLAD","items_purchased":["Letter Opener"],"campfire_rested":1,"item_purchase_floors":[20],"current_hp_per_floor":[72,77,77,76,80,31,24,10,10,11,14,14,10,15,15,30,69,67,66,66,72,72,47,71,55,55,55,42,0,0],"gold":174,"neow_bonus":"TEN_PERCENT_HP_BONUS","is_daily":false,"chose_seed":false,"campfire_upgraded":3,"win_rate":0.0,"timestamp":1610126511,"path_taken":["M","M","?","M","M","E","M","E","T","E","M","R","E","M","R","BOSS","M","?","$","M","?","E","R","E","T","R","M","?"],"items_purchased_type":["Relic"],"build_version":"2020-12-22","purchased_purges":1,"victory":false,"max_hp_per_floor":[82,82,82,82,82,82,82,82,82,82,82,82,82,82,82,82,82,82,82,82,82,82,82,82,82,82,82,82,82,82],"relic_stats":{"Darkstone Periapt":0,"Lizard Tail":41,"counters":[19,95],"Sundial":[2],"Letter Opener":[63],"Kunai":[2],"War Paint":["Defend_R","Rage"],"obtain_stats":[{"Darkstone Periapt":26,"Runic Dome":17,"Lizard Tail":6,"Sundial":23,"Letter Opener":20,"Kunai":25,"War Paint":10,"Toxic Egg 2":13,"Burning Blood":0,"Paper Frog":8},{"Darkstone Periapt":17,"Runic Dome":12,"Lizard Tail":5,"Sundial":16,"Letter Opener":14,"Kunai":17,"War Paint":8,"Toxic Egg 2":10,"Burning Blood":0,"Paper Frog":7},{"Darkstone Periapt":85,"Runic Dome":60,"Lizard Tail":20,"Sundial":80,"Letter Opener":68,"Kunai":85,"War Paint":40,"Toxic Egg 2":50,"Burning Blood":0,"Paper Frog":34}],"Burning Blood":108},"card_choices":[{"not_picked":["Flex","Ghostly Armor"],"picked":"Battle Trance","floor":1},{"not_picked":["Shrug It Off","Disarm"],"picked":"Anger","floor":2},{"not_picked":["Clash","Blood for Blood","Infernal Blade"],"picked":"SKIP","floor":4},{"not_picked":["Heavy Blade","Sword Boomerang"],"picked":"Flame Barrier","floor":5},{"not_picked":["Havoc","Clash"],"picked":"Ghostly Armor","floor":6},{"not_picked":["Evolve","Dark Embrace"],"picked":"Bludgeon","floor":7},{"not_picked":["Perfected Strike","Cleave","Body Slam"],"picked":"SKIP","floor":8},{"not_picked":["Flame Barrier","Headbutt"],"picked":"Immolate","floor":10},{"not_picked":["Disarm","Warcry"],"picked":"Shrug It Off","floor":11},{"not_picked":["Metallicize","Bloodletting+1"],"picked":"Second Wind+1","floor":13},{"not_picked":["Thunderclap","Body Slam"],"picked":"Havoc+1","floor":14},{"not_picked":["Offering+1","Reaper"],"picked":"Barricade","floor":16},{"not_picked":["Clash+1","Pommel Strike","Searing Blow"],"picked":"SKIP","floor":18},{"not_picked":["Headbutt","Twin Strike","Whirlwind"],"picked":"SKIP","floor":19},{"not_picked":["Armaments+1","Cleave+1","Havoc+1"],"picked":"SKIP","floor":21},{"not_picked":["Pummel","Fire Breathing"],"picked":"Impervious+1","floor":23},{"not_picked":["Havoc+1","Sword Boomerang","Whirlwind"],"picked":"SKIP","floor":25},{"not_picked":["Havoc+1","Heavy Blade","Twin Strike"],"picked":"SKIP","floor":28}],"player_experience":20486333,"relics_obtained":[{"floor":6,"key":"Lizard Tail"},{"floor":8,"key":"Paper Frog"},{"floor":10,"key":"War Paint"},{"floor":13,"key":"Toxic Egg 2"},{"floor":23,"key":"Sundial"},{"floor":25,"key":"Kunai"},{"floor":26,"key":"Darkstone Periapt"}],"event_choices":[{"damage_healed":0,"gold_gain":0,"cards_transformed":["Strike_R"],"player_choice":"Transformed","damage_taken":0,"max_hp_gain":0,"max_hp_loss":0,"event_name":"Transmorgrifier","floor":3,"gold_loss":0,"cards_obtained":["Rage"]},{"damage_healed":0,"gold_gain":0,"player_choice":"Fought Bandits","damage_taken":0,"max_hp_gain":0,"max_hp_loss":0,"event_name":"Masked Bandits","floor":29,"gold_loss":0}],"is_beta":false,"boss_relics":[{"not_picked":["SacredBark","Black Star"],"picked":"Runic Dome"}],"items_purged_floors":[20],"is_endless":false,"potions_floor_spawned":[1,2,6,7,8,10,14,19,21],"killed_by":"Masked Bandits","ascension_level":20}}