{"host":"ymknu7vcxiutstwp","time":1610150286,"event":{"mods":["AchievementEnabler","BaseMod","Colored Powertips","Highlight Path","Minty Spire (QoL Compilation)","Relic Stats","StSLib"],"gold_per_floor":[219,231,3,20,31,63,63,94,121,133,163,175,187,216,228,344,356,385,397,459,482,507,519,547,559,598,610,622,654,666,688,700,808,820,843,102,115,128,128,128,163,163,213,213,213,223,252,264,264,264],"floor_reached":51,"playtime":8288,"items_purged":[],"score":1069,"play_id":"0ae65227-2746-43ed-b336-f6e99b4d41c4","local_time":"20210108235806","is_ascension_mode":true,"campfire_choices":[{"floor":7.0,"key":"REST"},{"floor":10.0,"key":"REST"},{"floor":13.0,"key":"REST"},{"floor":15.0,"key":"REST"},{"floor":23.0,"key":"REST"},{"floor":25.0,"key":"REST"},{"data":"Accuracy","floor":27.0,"key":"SMITH"},{"floor":32.0,"key":"REST"},{"floor":40.0,"key":"REST"},{"floor":44.0,"key":"REST"},{"floor":49.0,"key":"REST"}],"circlet_count":0,"master_deck":["AscendersBane","Strike_G","Strike_G","Defend_G","Defend_G","Defend_G","Defend_G","Defend_G","Survivor","Neutralize","Accuracy+1","Footwork","Terror","PiercingWail","Burst","Blade Dance","Dagger Throw","Blur","Storm of Steel","Blade Dance+1","Doppelganger+1","Bane+1","Dagger Throw","Backstab","Finisher","Leg Sweep+1","Acrobatics+1","Blur+1","Panache","After Image","Sucker Punch+1","Parasite","Footwork+1"],"relics":["Ring of the Snake","TwistedFunnel","MealTicket","Snake Skull","MawBank","Astrolabe","Nunchaku","MutagenicStrength","Blue Candle","Runic Pyramid","Dead Branch","Bag of Marbles","Juzu Bracelet","Pantograph"],"acts_visited":["TheCity","TheBeyond"],"potions_floor_usage":[50,50,50],"damage_taken":[{"damage":2.0,"enemies":"Cultist","floor":1.0,"turns":5.0},{"damage":6.0,"enemies":"Jaw Worm","floor":2.0,"turns":8.0},{"damage":0.0,"enemies":"2 Louse","floor":4.0,"turns":2.0},{"damage":3.0,"enemies":"Lots of Slimes","floor":5.0,"turns":3.0},{"damage":26.0,"enemies":"3 Sentries","floor":6.0,"turns":16.0},{"damage":41.0,"enemies":"Lagavulin","floor":8.0,"turns":10.0},{"damage":4.0,"enemies":"Looter","floor":11.0,"turns":3.0},{"damage":6.0,"enemies":"Blue Slaver","floor":14.0,"turns":3.0},{"damage":27.0,"enemies":"Hexaghost","floor":16.0,"turns":9.0},{"damage":1.0,"enemies":"Shell Parasite","floor":18.0,"turns":2.0},{"damage":16.0,"enemies":"Spheric Guardian","floor":21.0,"turns":6.0},{"damage":18.0,"enemies":"Snake Plant","floor":22.0,"turns":4.0},{"damage":3.0,"enemies":"Chosen and Byrds","floor":24.0,"turns":4.0},{"damage":0.0,"enemies":"Centurion and Healer","floor":29.0,"turns":5.0},{"damage":13.0,"enemies":"Snecko","floor":31.0,"turns":4.0},{"damage":64.0,"enemies":"Automaton","floor":33.0,"turns":14.0},{"damage":11.0,"enemies":"Orb Walker","floor":35.0,"turns":3.0},{"damage":0.0,"enemies":"3 Shapes","floor":37.0,"turns":3.0},{"damage":6.0,"enemies":"Writhing Mass","floor":38.0,"turns":5.0},{"damage":46.0,"enemies":"Reptomancer","floor":41.0,"turns":5.0},{"damage":1.0,"enemies":"Transient","floor":42.0,"turns":5.0},{"damage":3.0,"enemies":"Spire Growth","floor":46.0,"turns":3.0},{"damage":0.0,"enemies":"Giant Head","floor":47.0,"turns":5.0},{"damage":0.0,"enemies":"Maw","floor":48.0,"turns":8.0},{"damage":47,"enemies":"Awakened One","floor":50,"turns":13}],"seed_played":"4215625459037280390","potions_obtained":[{"floor":2.0,"key":"Energy Potion"},{"floor":5.0,"key":"FearPotion"},{"floor":14.0,"key":"Energy Potion"},{"floor":16.0,"key":"SteroidPotion"},{"floor":21.0,"key":"DuplicationPotion"},{"floor":22.0,"key":"SmokeBomb"},{"floor":31.0,"key":"AttackPotion"},{"floor":33.0,"key":"SteroidPotion"},{"floor":48.0,"key":"GhostInAJar"}],"is_trial":false,"path_per_floor":["M","M","$","M","M","E","R","E","T","R","M","$","R","M","R","B",null,"M","?","?","M","M","R","M","R","T","R","?","M","T","M","R","B",null,"M","$","M","M","?","R","E","M","T","R","?","M","E","M","R","B",null],"character_chosen":"THE_SILENT","items_purchased":["TwistedFunnel","Terror","Dead Branch","CultistPotion","Panache","After Image"],"campfire_rested":10,"item_purchase_floors":[3,3,36,36,36,36],"current_hp_per_floor":[61,55,55,55,52,26,47,6,6,27,23,38,59,53,70,43,63,62,62,62,46,28,49,46,67,67,67,67,67,67,54,70,6,54,43,58,58,52,52,70,24,23,23,44,44,41,41,41,62,23],"gold":264,"neow_bonus":"HUNDRED_GOLD","is_daily":false,"chose_seed":false,"campfire_upgraded":1,"win_rate":0.0,"timestamp":1610150286,"path_taken":["M","M","$","M","M","E","R","E","T","R","M","?","R","M","R","BOSS","M","?","?","M","?","R","M","R","T","R","?","M","?","M","R","BOSS","M","$","M","M","?","R","E","M","T","R","?","M","E","M","R","BOSS"],"items_purchased_type":["Relic","Card","Relic","Potion","Card","Card"],"build_version":"2020-12-22","purchased_purges":0,"victory":true,"max_hp_per_floor":[70,70,70,70,70,70,70,70,70,70,70,70,70,70,70,70,70,70,70,70,70,70,70,70,70,70,70,70,70,70,70,70,70,70,70,70,70,70,70,70,70,70,70,70,70,70,70,70,70,70],"relic_stats":{"Nunchaku":[22],"counters":[25,148],"Astrolabe":["Blade Dance","Doppelganger","Bane"],"Blue Candle":[2],"Dead Branch":[126],"Pantograph":8,"MealTicket":30,"Snake Skull":[48],"Juzu Bracelet":0,"MawBank":324,"obtain_stats":[{"TwistedFunnel":3,"Astrolabe":17,"Blue Candle":30,"Dead Branch":36,"Snake Skull":8,"Juzu Bracelet":43,"MawBank":9,"Nunchaku":26,"MutagenicStrength":28,"Pantograph":47,"MealTicket":6,"Bag of Marbles":41,"Ring of the Snake":0,"Runic Pyramid":34},{"TwistedFunnel":2,"Astrolabe":9,"Blue Candle":14,"Dead Branch":17,"Snake Skull":6,"Juzu Bracelet":21,"MawBank":6,"Nunchaku":13,"MutagenicStrength":13,"Pantograph":23,"MealTicket":5,"Bag of Marbles":20,"Ring of the Snake":0,"Runic Pyramid":16},{"TwistedFunnel":13,"Astrolabe":59,"Blue Candle":80,"Dead Branch":101,"Snake Skull":44,"Juzu Bracelet":119,"MawBank":44,"Nunchaku":75,"MutagenicStrength":75,"Pantograph":127,"MealTicket":34,"Bag of Marbles":114,"Ring of the Snake":0,"Runic Pyramid":98}],"Ring of the Snake":[50]},"card_choices":[{"not_picked":["Underhanded Strike","Backflip"],"picked":"Accuracy","floor":1.0},{"not_picked":["Backflip","Heel Hook"],"picked":"Footwork","floor":2.0},{"not_picked":["Flechettes","Choke","Terror"],"picked":"SKIP","floor":4.0},{"not_picked":["Dodge and Roll","Slice"],"picked":"PiercingWail","floor":5.0},{"not_picked":["Escape Plan","Quick Slash"],"picked":"Burst","floor":6.0},{"not_picked":["Backstab","Bane"],"picked":"Blade Dance","floor":8.0},{"not_picked":["Deadly Poison","Masterful Stab"],"picked":"Dagger Throw","floor":11.0},{"not_picked":["Bane","Deflect"],"picked":"Blur","floor":14.0},{"not_picked":["A Thousand Cuts","Bullet Time"],"picked":"Storm of Steel","floor":16.0},{"not_picked":["Prepared","Underhanded Strike"],"picked":"Dagger Throw","floor":18.0},{"not_picked":["Acrobatics","Underhanded Strike"],"picked":"Backstab","floor":21.0},{"not_picked":["PiercingWail","Setup+1"],"picked":"Finisher","floor":22.0},{"not_picked":["Flying Knee","Deflect"],"picked":"Leg Sweep+1","floor":24.0},{"not_picked":["Well Laid Plans","Poisoned Stab"],"picked":"Acrobatics+1","floor":29.0},{"not_picked":["Endless Agony+1","Bane"],"picked":"Blur+1","floor":31.0},{"not_picked":["Die Die Die","Storm of Steel"],"picked":"Tools of the Trade","floor":33.0},{"not_picked":["Deadly Poison+1","Skewer+1","Dodge and Roll"],"picked":"SKIP","floor":35.0},{"not_picked":["Riddle With Holes","Deflect"],"picked":"Sucker Punch+1","floor":37.0},{"not_picked":["Quick Slash","Doppelganger","Sucker Punch+1"],"picked":"SKIP","floor":38.0},{"not_picked":["Bane","Backflip+1","Poisoned Stab"],"picked":"SKIP","floor":41.0},{"not_picked":["Acrobatics+1","Slice+1","Dash"],"picked":"SKIP","floor":46.0},{"not_picked":["Outmaneuver","Die Die Die"],"picked":"Footwork+1","floor":47.0},{"not_picked":["Blade Dance","Quick Slash","Dodge and Roll"],"picked":"SKIP","floor":48.0}],"player_experience":644501,"relics_obtained":[{"floor":6.0,"key":"MealTicket"},{"floor":8.0,"key":"Snake Skull"},{"floor":9.0,"key":"MawBank"},{"floor":26.0,"key":"Nunchaku"},{"floor":30.0,"key":"Blue Candle"},{"floor":41.0,"key":"Bag of Marbles"},{"floor":43.0,"key":"Juzu Bracelet"},{"floor":47.0,"key":"Pantograph"}],"event_choices":[{"damage_healed":0.0,"max_hp_gain":0.0,"max_hp_loss":0.0,"gold_gain":0.0,"event_name":"Vampires","player_choice":"Ignored","floor":19.0,"gold_loss":0.0,"damage_taken":0.0},{"damage_healed":0.0,"max_hp_gain":0.0,"max_hp_loss":0.0,"gold_gain":100.0,"event_name":"The Joust","player_choice":"Bet on Murderer","floor":20.0,"gold_loss":50.0,"damage_taken":0.0},{"damage_healed":0.0,"max_hp_gain":0.0,"max_hp_loss":0.0,"gold_gain":0.0,"event_name":"Drug Dealer","player_choice":"Inject Mutagens","floor":28.0,"gold_loss":0.0,"damage_taken":0.0,"relics_obtained":["MutagenicStrength"]},{"cards_removed":["Tools of the Trade"],"damage_healed":0.0,"max_hp_gain":0.0,"max_hp_loss":0.0,"gold_gain":0.0,"event_name":"Falling","player_choice":"Removed Power","floor":39.0,"gold_loss":0.0,"damage_taken":0.0},{"damage_healed":0.0,"max_hp_gain":0.0,"max_hp_loss":0.0,"gold_gain":0.0,"event_name":"Mysterious Sphere","player_choice":"Ignored","floor":45.0,"gold_loss":0.0,"damage_taken":0.0}],"is_beta":false,"boss_relics":[{"not_picked":["HoveringKite","Runic Dome"],"picked":"Astrolabe"},{"not_picked":["Tiny House","Black Star"],"picked":"Runic Pyramid"}],"items_purged_floors":[],"is_endless":false,"potions_floor_spawned":[2,5,14,16,21,22,31,33,38,41,48],"ascension_level":10}}