{"host":"cv77zuuuekizn3ic","time":1610105804,"event":{"mods":["AchievementEnabler","BaseMod","Marisa£®ÏF”Í°°ƒß¿Ì…≥£©","Minty Spire (QoL Compilation)","StSLib","Waifu the Spire","everything is the same but u backflip on backflip","slay the spire mod where everything is the same but ironclad has a cowboy hat"],"gold_per_floor":[113,113,113,175,186,213,213,263,288,288,68,68,101,118,118,118,118],"floor_reached":16,"playtime":502,"items_purged":[],"score":216,"play_id":"550aa8d2-bac3-497b-abbb-39a81d83584e","local_time":"20210108193644","is_ascension_mode":true,"campfire_choices":[{"data":"Disarm","floor":7,"key":"SMITH"},{"data":"Sword Boomerang","floor":10,"key":"SMITH"},{"data":"Bash","floor":12,"key":"SMITH"},{"data":"Uppercut","floor":15,"key":"SMITH"}],"circlet_count":0,"master_deck":["AscendersBane","Strike_R","Strike_R","Strike_R","Strike_R","Strike_R","Defend_R","Defend_R","Defend_R","Bash+1","Disarm+1","Evolve","Sword Boomerang+1","Barricade","Thunderclap","Uppercut+1"],"relics":["Burning Blood","NeowsBlessing","SsserpentHead","Strawberry","Juzu Bracelet","Medical Kit","Bronze Scales"],"acts_visited":["Exordium"],"potions_floor_usage":[6,13,14,16],"damage_taken":[{"damage":0,"enemies":"Small Slimes","floor":1,"turns":1},{"damage":0,"enemies":"2 Louse","floor":4,"turns":1},{"damage":0,"enemies":"Cultist","floor":5,"turns":1},{"damage":55,"enemies":"3 Sentries","floor":6,"turns":11},{"damage":19,"enemies":"Lagavulin","floor":13,"turns":6},{"damage":11,"enemies":"Blue Slaver","floor":14,"turns":5},{"damage":18,"enemies":"Slime Boss","floor":16,"turns":4}],"seed_played":"5227026829018372900","potions_obtained":[{"floor":5,"key":"Energy Potion"},{"floor":6,"key":"Fire Potion"},{"floor":8,"key":"DuplicationPotion"},{"floor":8,"key":"PowerPotion"},{"floor":13,"key":"GamblersBrew"}],"is_trial":false,"path_per_floor":["M","?","?","M","M","E","R","?","T","R","$","R","E","M","R","B"],"character_chosen":"IRONCLAD","items_purchased":["Medical Kit","Thunderclap"],"campfire_rested":0,"item_purchase_floors":[11,11],"current_hp_per_floor":[74,67,67,73,75,33,33,33,33,33,33,33,20,15,15,0,0],"gold":118,"neow_bonus":"THREE_ENEMY_KILL","is_daily":false,"chose_seed":false,"campfire_upgraded":4,"win_rate":0.0,"timestamp":1610105804,"path_taken":["M","?","?","?","M","E","R","?","T","R","$","R","E","M","R","BOSS"],"items_purchased_type":["Relic","Card"],"build_version":"2020-12-22","purchased_purges":0,"victory":false,"max_hp_per_floor":[75,75,75,75,75,82,82,82,82,82,82,82,82,82,82,82,82],"card_choices":[{"not_picked":["Pommel Strike","Anger"],"picked":"Disarm","floor":1},{"not_picked":["Shrug It Off","Rupture"],"picked":"Evolve","floor":4},{"not_picked":["Wild Strike","Blood for Blood"],"picked":"Sword Boomerang","floor":5},{"not_picked":["Dual Wield","Flame Barrier"],"picked":"Barricade","floor":6},{"not_picked":["Combust","Twin Strike","Uppercut"],"picked":"SKIP","floor":13},{"not_picked":["Headbutt","Iron Wave"],"picked":"Uppercut","floor":14}],"player_experience":789164,"relics_obtained":[{"floor":6,"key":"Strawberry"},{"floor":9,"key":"Juzu Bracelet"},{"floor":13,"key":"Bronze Scales"}],"event_choices":[{"cards_removed":["Defend_R"],"damage_healed":0,"gold_gain":0,"player_choice":"Card Removal","damage_taken":7,"max_hp_gain":0,"max_hp_loss":0,"event_name":"Golden Wing","floor":2,"gold_loss":0},{"damage_healed":0,"gold_gain":0,"player_choice":"Trade","damage_taken":0,"relics_obtained":["SsserpentHead"],"max_hp_gain":0,"max_hp_loss":0,"event_name":"FaceTrader","floor":3,"gold_loss":0},{"damage_healed":0,"gold_gain":0,"player_choice":"Got Potions","damage_taken":0,"max_hp_gain":0,"max_hp_loss":0,"event_name":"Lab","floor":8,"gold_loss":0}],"is_beta":false,"boss_relics":[],"items_purged_floors":[],"is_endless":false,"potions_floor_spawned":[5,6,13],"killed_by":"Slime Boss","ascension_level":20}}