{"host":"l0ccjemsrct3bo1s","time":1610080559,"event":{"mods":["Act Like it!","BaseMod","Gensokyo","Koishi","Lobotomy","LobotomyExtend","Marisa£®ÏF”Í°°ƒß¿Ì…≥£©","Minty Spire (QoL Compilation)","Reimu£®≤©¿ˆ¡È√Œ£©","Remilia£®¿Ÿ√◊¿Ú—«£©","RumiaBox-¬∂√◊Ê´µƒ…Ò√ÿ∫–◊”","StSLib","The Administrix","The Cursed","The Servant 0.9.4","Yakumo Yukari mod","Youmu£®ªÍ∆«—˝√Œ£©","Yuyuko"],"gold_per_floor":[137,137,150,117,127,147,181,28,79,79,79,79,4,17,17,121,121,61,61,76,76,88,88,106,106,406,406,422,422,441,441,441,544,544,560,560,560],"floor_reached":36,"playtime":1975,"items_purged":["AT_purpleEX"],"score":362,"play_id":"b99cad78-b95b-4218-b000-e02719c4762f","local_time":"20210108123559","is_ascension_mode":false,"campfire_choices":[{"data":"LoveAcrossDimensions_purple","floor":10,"key":"SMITH"},{"data":"Yakumo_Ran_purple","floor":12,"key":"SMITH"},{"data":"MonsterNeedle_purple","floor":15,"key":"SMITH"},{"data":"OmniscientAndOmnipotent_Monster_purple","floor":23,"key":"SMITH"},{"floor":25,"key":"REST"},{"floor":32,"key":"REST"}],"circlet_count":0,"master_deck":["AT_purpleEX","AT_purpleEX","AT_purpleEX","Defend_purpleEX","Defend_purpleEX","Defend_purpleEX","Defend_purpleEX","Observe_purple_1","Observe_purple_2","MonsterNeedle_purple+1","Yakumo_Ran_purple+1","GreedKing","Fantasy_PerpetualMotionMachine_purple","Anti_communist_purple","MHz","Worldmountain_purple","UniverseFragment","CherryBlossoms","CommonSense_AntiCommonSense_purple","LoveAcrossDimensions_purple+1","Parasite","Murderer","OmniscientAndOmnipotent_Monster_purple+1","Monsters_DoubleDeathButterfly_purple","VoidDream","Mirror_FourBoundary_purple+1","OSAHOGD","Charmbait_purple+1","FairyFestival","Anti_communist_purple+1","Porccubus","BarrageBoundary_PipeDream_purple","Wellcheers","Scorched"],"relics":["Boundary_crack","Memoryfragments_purpleEX","CogitoBucket","LetterFromLob","Tea:ReiMu","PreservedInsect","ShedSkin_r","FleshIdol","SoulBox","ChangeAnything","Old Coin","Mastiff:ReiMu","Nilry\u0027s Codex","EasyGame_NEW"],"acts_visited":["Exordium","TheCity","TheBeyond"],"potions_floor_usage":[7,14,16,22,24,30,30,36],"damage_taken":[{"damage":4,"enemies":"2 Louse","floor":1,"turns":3},{"damage":0,"enemies":"Cultist","floor":3,"turns":4},{"damage":6,"enemies":"Jaw Worm","floor":5,"turns":5},{"damage":0,"enemies":"Looter","floor":6,"turns":5},{"damage":33,"enemies":"Gremlin Nob","floor":7,"turns":6},{"damage":3,"enemies":"Large Slime","floor":14,"turns":7},{"damage":14,"enemies":"Hexaghost","floor":16,"turns":7},{"damage":39,"enemies":"2 Thieves","floor":18,"turns":4},{"damage":15,"enemies":"Chosen","floor":20,"turns":8},{"damage":6,"enemies":"Snecko","floor":22,"turns":8},{"damage":28,"enemies":"Shelled Parasite and Fungi","floor":24,"turns":3},{"damage":25,"enemies":"Snake Plant","floor":28,"turns":5},{"damage":8,"enemies":"Centurion and Healer","floor":30,"turns":4},{"damage":44,"enemies":"Collector","floor":33,"turns":10},{"damage":52,"enemies":"3 Darklings","floor":35,"turns":3},{"damage":26,"enemies":"Orb Walker","floor":36,"turns":1}],"seed_played":"5808808777862942967","potions_obtained":[{"floor":3,"key":"MagicPotion:ReiMu"},{"floor":6,"key":"EssenceOfSteel"},{"floor":7,"key":"DuplicationPotion"},{"floor":16,"key":"GrandPatriotsElixir:ReiMu"},{"floor":22,"key":"Fruit Juice"},{"floor":24,"key":"PowerPotion"},{"floor":28,"key":"Regen Potion"},{"floor":33,"key":"EssenceOfSteel"}],"is_trial":false,"path_per_floor":["M","?","M","$","M","M","E","$","T","R","M","R","$","M","R","B",null,"M","$","M","?","M","R","M","R","T","T","M","?","M","?","R","B",null,"M","M"],"character_chosen":"Youkari","items_purchased":["Fantasy_PerpetualMotionMachine_purple","LoveAcrossDimensions_purple"],"campfire_rested":2,"item_purchase_floors":[4,8],"current_hp_per_floor":[67,70,70,70,64,65,33,33,33,33,15,15,15,16,37,29,70,31,31,22,22,28,28,19,41,41,41,18,2,10,35,57,44,75,24,0,0],"gold":560,"neow_bonus":"","is_daily":false,"chose_seed":false,"campfire_upgraded":4,"win_rate":0.0,"timestamp":1610080559,"path_taken":["M","?","?","$","M","M","E","?","T","R","M","R","$","?","R","BOSS","M","$","?","?","M","R","M","R","T","?","M","?","M","?","R","BOSS","M","M"],"items_purchased_type":["Card","Card"],"build_version":"2020-12-22","purchased_purges":1,"victory":false,"max_hp_per_floor":[70,70,70,70,70,70,70,70,70,70,70,70,70,70,70,70,70,70,70,70,70,75,75,75,75,75,75,75,75,75,75,75,75,75,75,75,75],"card_choices":[{"not_picked":["CherryBlossoms","FairyFestival"],"picked":"WallGazer","floor":1},{"not_picked":["StateDuplicate_purple","Line_surface_state_purple"],"picked":"MonsterNeedle_purple","floor":1},{"not_picked":["OmniscientAndOmnipotent_Monster_purple","Boundary_ObjectiveBoundary_purple"],"picked":"Yakumo_Ran_purple","floor":3},{"not_picked":["ShyLook","Variant"],"picked":"GreedKing","floor":3},{"not_picked":["ExistenceContinue_purple","OmniscientAndOmnipotent_Monster_purple"],"picked":"Anti_communist_purple","floor":5},{"not_picked":["OSAHOGD","Bloodbath"],"picked":"MHz","floor":5},{"not_picked":["WeekHit_purple","ExistenceContinue_purple"],"picked":"Worldmountain_purple","floor":6},{"not_picked":["CrumblingArmor","BeautyBeast"],"picked":"UniverseFragment","floor":6},{"not_picked":["VoidDream","BlackSwan"],"picked":"CherryBlossoms","floor":7},{"not_picked":["Umbrella_purple","Anti_communist_purple"],"picked":"CommonSense_AntiCommonSense_purple","floor":7},{"not_picked":["RedShoes","VoidDream"],"picked":"Murderer","floor":14},{"not_picked":["Mirror_FourBoundary_purple","StateDuplicate_purple"],"picked":"OmniscientAndOmnipotent_Monster_purple","floor":14},{"not_picked":["D_absorption_purple","Theboundaryofcreation_purpleEX"],"picked":"Monsters_DoubleDeathButterfly_purple","floor":16},{"not_picked":["SnowQueen","Rudolta"],"picked":"VoidDream","floor":16},{"not_picked":["QueenOfHatred","NakedNest"],"picked":"Yin","floor":18},{"not_picked":["SharpContractionReality_purple","Boundary_DynamicStaticEquilibrium_purple","Worldmountain_purple"],"picked":"SKIP","floor":18},{"not_picked":["Boundary_LifeAndDeath_purple","AdvanceAttack_purple"],"picked":"Mirror_FourBoundary_purple+1","floor":20},{"not_picked":["Funeral","Porccubus"],"picked":"OSAHOGD","floor":22},{"not_picked":["Realm_recovery_purpleEX","StretchesForeverDream_purple","MetroBOOM_purple"],"picked":"SKIP","floor":22},{"not_picked":["Realm_recovery_purpleEX","StretchesForeverDream_purple","MetroBOOM_purple"],"picked":"SKIP","floor":22},{"not_picked":["Umbrella_purple","Realm_recovery_purpleEX"],"picked":"Charmbait_purple+1","floor":24},{"not_picked":["Freischutz","WallGazer"],"picked":"FairyFestival","floor":24},{"not_picked":["StateErode_purple","Mirror_Drifter_purple+1","Charmbait_purple"],"picked":"SKIP","floor":28},{"not_picked":["StateErode_purple","Mirror_Drifter_purple+1","Charmbait_purple"],"picked":"SKIP","floor":28},{"not_picked":["SharpContractionReality_purple","MagicEyes_LaplaceDemon_purple"],"picked":"Anti_communist_purple+1","floor":30},{"not_picked":["DespairKnight","WallGazer"],"picked":"Porccubus","floor":30},{"not_picked":["Fancifulhole_purple","LoveAcrossDimensions_purple"],"picked":"BarrageBoundary_PipeDream_purple","floor":33},{"not_picked":["HeroicMonk","FieryBird"],"picked":"Wellcheers","floor":33},{"not_picked":["WhitesApple","QueenBee"],"picked":"Scorched","floor":35},{"not_picked":["Boundary_ObjectiveBoundary_purple","Mirror_FormAndEmptin_purple+1","Charmbait_purple"],"picked":"SKIP","floor":35},{"not_picked":["Boundary_ObjectiveBoundary_purple","Mirror_FormAndEmptin_purple+1","Charmbait_purple"],"picked":"SKIP","floor":35}],"player_experience":366284,"relics_obtained":[{"floor":1,"key":"LetterFromLob"},{"floor":7,"key":"Tea:ReiMu"},{"floor":9,"key":"PreservedInsect"},{"floor":26,"key":"Old Coin"},{"floor":27,"key":"Mastiff:ReiMu"},{"floor":29,"key":"Nilry\u0027s Codex"}],"event_choices":[{"cards_removed":["WallGazer"],"damage_healed":5,"gold_gain":0,"player_choice":"Offered Common","damage_taken":0,"max_hp_gain":0,"max_hp_loss":0,"event_name":"Bonfire Elementals","floor":2,"gold_loss":0},{"cards_removed":["WallGazer"],"damage_healed":5,"gold_gain":0,"player_choice":"Offered Special","damage_taken":0,"max_hp_gain":0,"max_hp_loss":0,"event_name":"Bonfire Elementals","floor":2,"gold_loss":0},{"damage_healed":0,"gold_gain":0,"player_choice":"Ignored","damage_taken":0,"max_hp_gain":0,"max_hp_loss":0,"event_name":"Ghosts","floor":21,"gold_loss":0},{"damage_healed":0,"gold_gain":0,"player_choice":"Obtained Book","damage_taken":16,"max_hp_gain":0,"max_hp_loss":0,"event_name":"Cursed Tome","floor":29,"gold_loss":0},{"damage_healed":25,"gold_gain":0,"player_choice":"Heal","damage_taken":0,"max_hp_gain":0,"max_hp_loss":0,"event_name":"TheLibraryeventEX","floor":31,"gold_loss":0}],"is_beta":false,"boss_relics":[{"not_picked":["Seventeenyearold_girl_Forever","Empty Cage"],"picked":"SoulBox"},{"not_picked":["Fusion Hammer","Cursed Key"],"picked":"EasyGame_NEW"}],"items_purged_floors":[13],"is_endless":false,"potions_floor_spawned":[3,6,7,16,22,24,28,33],"killed_by":"Orb Walker","ascension_level":0}}