{"host":"dmdprxj8bosbz96f","time":1610074323,"event":{"mods":["AchievementEnabler","BaseMod","Colored Map","DeckTracker","Minty Spire (QoL Compilation)","Permanent Neow","Quick Restart","SuperFastMode","everything is the same but u backflip on backflip"],"gold_per_floor":[116,17,17,42,57,87,87,87,87],"floor_reached":8,"playtime":110,"items_purged":[],"score":99,"play_id":"78ddde76-23ae-40ac-9638-b7e4309a3a7f","local_time":"20210108115203","is_ascension_mode":true,"campfire_choices":[{"data":"Cloak And Dagger","floor":7,"key":"SMITH"}],"circlet_count":0,"master_deck":["Strike_G","Strike_G","Strike_G","Strike_G","Strike_G","Defend_G","Defend_G","Defend_G","Defend_G","Defend_G","Survivor","Neutralize","Well Laid Plans","Deadly Poison","Blade Dance","Cloak And Dagger+1","Blur"],"relics":["Ring of the Snake","NeowsBlessing","Tiny Chest","FossilizedHelix"],"acts_visited":["Exordium"],"potions_floor_usage":[],"damage_taken":[{"damage":0,"enemies":"Small Slimes","floor":1,"turns":1},{"damage":0,"enemies":"Jaw Worm","floor":5,"turns":1},{"damage":0,"enemies":"Lagavulin","floor":6,"turns":1},{"damage":25,"enemies":"Gremlin Nob","floor":8,"turns":5}],"seed_played":"-2293679200708579791","potions_obtained":[{"floor":1,"key":"Energy Potion"}],"is_trial":false,"path_per_floor":["M","$","?","T","M","E","R","E"],"character_chosen":"THE_SILENT","items_purchased":["Deadly Poison","Blade Dance"],"campfire_rested":0,"item_purchase_floors":[2,2],"current_hp_per_floor":[70,70,70,70,70,70,70,45,45],"gold":87,"neow_bonus":"THREE_ENEMY_KILL","is_daily":false,"chose_seed":false,"campfire_upgraded":1,"win_rate":0.0,"timestamp":1610074323,"path_taken":["M","$","?","?","M","E","R","E"],"items_purchased_type":["Card","Card"],"build_version":"2020-12-22","purchased_purges":0,"victory":false,"max_hp_per_floor":[70,70,70,70,70,70,70,70,70],"card_choices":[{"not_picked":["Flechettes","Choke"],"picked":"Well Laid Plans","floor":1},{"not_picked":["Dagger Spray","Concentrate"],"picked":"Cloak And Dagger","floor":5},{"not_picked":["Bane","Catalyst"],"picked":"Blur","floor":6}],"player_experience":173827,"relics_obtained":[{"floor":4,"key":"Tiny Chest"},{"floor":6,"key":"FossilizedHelix"}],"event_choices":[{"damage_healed":0,"gold_gain":0,"player_choice":"Ignored","damage_taken":0,"max_hp_gain":0,"max_hp_loss":0,"event_name":"Shining Light","floor":3,"gold_loss":0}],"is_beta":false,"boss_relics":[],"items_purged_floors":[],"is_endless":false,"potions_floor_spawned":[1],"killed_by":"Gremlin Nob","ascension_level":5}}