{"host":"2zc57igszyqgae0y","time":1610120656,"event":{"mods":["Act Like it!","Aspiration","BaseMod","Chen","Gensokyo","GifTheSpireLib","Marisa£¨ìFÓê¡¡Ä§ÀíÉ³£©","Minty Spire (QoL Compilation)","Reimu£¨²©ÀöÁéÃÎ£©","Remilia£¨ÀÙÃ×ÀòÑÇ£©","Replay The Spire","RumiaBox-Â¶Ã×æ«µÄÉñÃØºÐ×Ó","Shop Mod","StSLib","The Administrix","The Servant 0.9.4","Youmu£¨»êÆÇÑýÃÎ£©","[IsaacMod]ÒÔÈö¼âËþ","[µØ¾«Ê×ÁìÅÀËþ]The Maniac","vexMod"],"gold_per_floor":[144,19,19,64,64,64,109,154,179,254,358,415,468,468,468,817,817,878,952,1032,1114,609,609,715,715,740,255,316,379,379,379,379,725,725,828,828,828,887,894,998,1063,1163,1163,1228,722,722,447,571,571,594],"floor_reached":51,"playtime":2693,"items_purged":["CeremonyResonance:ReiMu+1","NineCharacters:ReiMu+1","RunawayExorcism:ReiMu"],"score":925,"play_id":"f1f2a1f3-c083-4c73-8a04-116e6e0fde91","local_time":"20210108234416","daily_mods":["Draft","Vintage","Midas"],"is_ascension_mode":false,"campfire_choices":[{"floor":6,"key":"REST"},{"floor":15,"key":"DIG"},{"floor":23,"key":"REST"},{"floor":32,"key":"DIG"},{"floor":46,"key":"DIG"},{"floor":49,"key":"REST"}],"circlet_count":0,"master_deck":["CareerPray:ReiMu","WonderfulDomain:ReiMu","SealNeedle:ReiMu","Revelation:ReiMu","EmergencyTakeOff:ReiMu","SafetyPray:ReiMu","Conquer:ReiMu","Amulet:ReiMu","OrbThrow:ReiMu","Enchanting:ReiMu","OrbThrow:ReiMu","SpiritualOutbreak2:ReiMu","EmergencyTakeOff:ReiMu","Gathering:ReiMu","Violence","Heel Hook","Adrenaline","Mayhem","ReplayTheSpireMod:Uncanny Aura","Envenom","Adrenaline","Madness","Madness","RainPray2:ReiMu","Draining Mist","Impatience","KamiSacrifice:ReiMu+1"],"relics":["FlyPower:ReiMu","HushsDoor","SteamSale","PillsDrop","Divine Protection","Letter Opener","Blood Vial","Sundial","Replay:Bandana","aspiration:ChemicalBlood","SalivaCoin","vexMod:BarristanHead","aspiration:SilentSkillbook","NineVolt","vexMod:FocusSash","Smiling Mask","Onion Ring","Nunchaku","Replay:Multitool","vexMod:CardConverter","RuthlessExorcism:ReiMu","Replay:Wax Seal","EdensBlessing","DonationBox:ReiMu","aspiration:FrozenJewel","Calipers","GuppysPaw","aspiration:FetidBarrel","TheBean","White Beast Statue","InkBottle","BlankCard","Dead Branch","Lee\u0027s Waffle","BodyOfKamiR:ReiMu","SharpPlug","Regal Pillow","ClockworkSouvenir","Toy Ornithopter"],"acts_visited":["Exordium","TheCity","TheBeyond"],"potions_floor_usage":[20,21,21,21,22,24,29,33,33,44,50],"damage_taken":[{"damage":1.0,"enemies":"2 Louse","floor":1.0,"turns":4.0},{"damage":0.0,"enemies":"Small Slimes","floor":4.0,"turns":2.0},{"damage":0,"enemies":"Jaw Worm","floor":7,"turns":2},{"damage":4,"enemies":"Gremlin Gang","floor":8,"turns":4},{"damage":9,"enemies":"Gremlin Nob","floor":11,"turns":5},{"damage":0,"enemies":"2 Fungi Beasts","floor":12,"turns":3},{"damage":0,"enemies":"3 Louse","floor":13,"turns":2},{"damage":24,"enemies":"The Guardian","floor":16,"turns":10},{"damage":0,"enemies":"Chosen","floor":18,"turns":6},{"damage":15,"enemies":"Shell Parasite","floor":20,"turns":10},{"damage":18,"enemies":"Sentry and Sphere","floor":21,"turns":7},{"damage":0,"enemies":"Book of Stabbing","floor":24,"turns":5},{"damage":0,"enemies":"Shelled Parasite and Fungi","floor":28,"turns":3},{"damage":0,"enemies":"Centurion and Healer","floor":29,"turns":3},{"damage":54,"enemies":"Automaton","floor":33,"turns":10},{"damage":18,"enemies":"3 Darklings","floor":35,"turns":4},{"damage":0,"enemies":"3 Shapes","floor":38,"turns":3},{"damage":0,"enemies":"Giant Head","floor":40,"turns":6},{"damage":0,"enemies":"Jaw Worm Horde","floor":41,"turns":3},{"damage":0,"enemies":"Maw","floor":44,"turns":5},{"damage":5,"enemies":"R_Hoarder","floor":48,"turns":5},{"damage":20,"enemies":"Time Eater","floor":50,"turns":8}],"seed_played":"-6062085814737979882","potions_obtained":[{"floor":1.0,"key":"LiquidFlight:ReiMu"},{"floor":7,"key":"LifebloodPotion"},{"floor":8,"key":"LiquidMemories"},{"floor":12,"key":"LiquidFlight:ReiMu"},{"floor":21,"key":"Toxic Potion"},{"floor":29,"key":"GrandPatriotsElixir:ReiMu"},{"floor":35,"key":"Regen Potion"},{"floor":44,"key":"EssenceOfSteel"}],"is_trial":false,"path_per_floor":["M","$","?","M","?","R","M","M","T","?","E","M","M","?","R","B",null,"M","?","M","M","$","R","E","R","T","$","M","M","?","?","R","B",null,"M","?","?","M","?","E","M","?","T","M","$","R","$","E","R","B",null],"character_chosen":"REIMU","items_purchased":["Divine Protection","Onion Ring","Nunchaku","Gathering:ReiMu","Fruit Juice","EssenceOfSteel","Violence","ManaGlint:ReiMu","vexMod:CardConverter","RuthlessExorcism:ReiMu","Adrenaline","Mayhem","ReplayTheSpireMod:Uncanny Aura","BlankCard","Dead Branch","Lee\u0027s Waffle","Draining Mist","Impatience","SharpPlug","Regal Pillow","ClockworkSouvenir"],"campfire_rested":3,"item_purchase_floors":[2,22,22,22,22,22,22,22,27,27,27,27,27,45,45,45,45,45,47,47,47],"current_hp_per_floor":[64,64,64,64,64,65,65,61,61,50,43,48,50,50,50,28,68,68,53,40,24,29,50,55,55,55,61,63,65,65,65,65,15,84,66,66,68,73,66,70,72,72,72,74,96,96,96,96,101,81],"gold":594,"neow_bonus":"","is_daily":true,"chose_seed":false,"campfire_upgraded":0,"win_rate":0.0,"timestamp":1610120656,"path_taken":["M","$","?","M","?","R","M","?","T","?","E","M","M","?","R","BOSS","M","?","M","M","$","R","E","R","T","$","M","?","?","?","R","BOSS","M","?","?","M","?","E","M","?","T","M","$","R","$","E","R","BOSS"],"items_purchased_type":["Relic","Relic","Relic","Card","Potion","Potion","Card","Card","Relic","Relic","Card","Card","Card","Relic","Relic","Relic","Card","Card","Relic","Relic","Relic"],"build_version":"2020-12-22","purchased_purges":3,"victory":true,"max_hp_per_floor":[65,65,65,65,65,65,65,65,65,65,65,68,68,68,68,68,68,68,68,68,68,73,73,76,76,76,82,82,82,82,82,82,84,84,79,79,81,84,88,85,85,85,85,85,96,96,96,101,101,101],"card_choices":[{"not_picked":["DoubleButterfly:ReiMu","LearningPray:ReiMu"],"picked":"CareerPray:ReiMu","floor":0.0},{"not_picked":["BarrageOfMoneybags:ReiMu","NineCharacters:ReiMu"],"picked":"WonderfulDomain:ReiMu","floor":0.0},{"not_picked":["CareerPray:ReiMu","UniversalSpiritual:ReiMu"],"picked":"SealNeedle:ReiMu","floor":0.0},{"not_picked":["MountainWay:ReiMu","TightArray:ReiMu"],"picked":"NineCharacters:ReiMu","floor":0.0},{"not_picked":["LearningPray:ReiMu","YinYangSign:ReiMu"],"picked":"Revelation:ReiMu","floor":0.0},{"not_picked":["Intuition:ReiMu","SealNeedle:ReiMu"],"picked":"MikOfLucky:ReiMu","floor":0.0},{"not_picked":["WonderfulDomain:ReiMu","Gathering:ReiMu"],"picked":"EmergencyTakeOff:ReiMu","floor":0.0},{"not_picked":["FineLineFantasy:ReiMu","SubcavityInstant:ReiMu"],"picked":"SafetyPray:ReiMu","floor":0.0},{"not_picked":["TakeOff:ReiMu","Intuition:ReiMu"],"picked":"Conquer:ReiMu","floor":0.0},{"not_picked":["PhosphorusFlame:ReiMu","RainPray2:ReiMu"],"picked":"Amulet:ReiMu","floor":0.0},{"not_picked":["CareerPray:ReiMu","Meditation:ReiMu"],"picked":"OrbThrow:ReiMu","floor":0.0},{"not_picked":["Meditation:ReiMu","SubcavityInstant:ReiMu"],"picked":"Enchanting:ReiMu","floor":0.0},{"not_picked":["PassingAway:ReiMu","TightArray:ReiMu"],"picked":"OrbThrow:ReiMu","floor":0.0},{"not_picked":["TightArray:ReiMu","SubcavityInstant:ReiMu"],"picked":"SpiritualOutbreak2:ReiMu","floor":0.0},{"not_picked":["TightArray:ReiMu","Meditation:ReiMu"],"picked":"EmergencyTakeOff:ReiMu","floor":0.0},{"not_picked":["AirStrike:ReiMu","YinYang:ReiMu","Dreaming2:ReiMu"],"picked":"SKIP","floor":11},{"not_picked":["Dreaming:ReiMu","SubcavityFantasy:ReiMu"],"picked":"RunawayExorcism:ReiMu","floor":16},{"not_picked":["Flechettes+1","Deflect","Draining Mist+1","Intuition:ReiMu"],"picked":"SKIP","floor":24},{"not_picked":["Shading:ReiMu","Burst","Phantasmal Killer"],"picked":"Envenom","floor":33},{"not_picked":["FineLineFantasy:ReiMu","FoulBorder2:ReiMu+1","ReplayTheSpireMod:Shiv Toss"],"picked":"RainPray2:ReiMu","floor":40},{"not_picked":["Footwork","PrayRite:ReiMu","PayForSelf:ReiMu"],"picked":"KamiSacrifice:ReiMu+1","floor":48}],"player_experience":352639,"relics_obtained":[{"floor":1.0,"key":"PillsDrop"},{"floor":4.0,"key":"Letter Opener"},{"floor":7,"key":"Blood Vial"},{"floor":8,"key":"Sundial"},{"floor":9,"key":"Replay:Bandana"},{"floor":11,"key":"aspiration:ChemicalBlood"},{"floor":12,"key":"SalivaCoin"},{"floor":15,"key":"vexMod:BarristanHead"},{"floor":18,"key":"NineVolt"},{"floor":20,"key":"vexMod:FocusSash"},{"floor":21,"key":"Smiling Mask"},{"floor":24,"key":"Replay:Multitool"},{"floor":28,"key":"Replay:Wax Seal"},{"floor":32,"key":"EdensBlessing"},{"floor":35,"key":"aspiration:FrozenJewel"},{"floor":38,"key":"GuppysPaw"},{"floor":40,"key":"aspiration:FetidBarrel"},{"floor":41,"key":"TheBean"},{"floor":43,"key":"White Beast Statue"},{"floor":44,"key":"InkBottle"},{"floor":46,"key":"BodyOfKamiR:ReiMu"},{"floor":48,"key":"Toy Ornithopter"}],"event_choices":[{"damage_healed":0,"gold_gain":75,"player_choice":"Gather Gold","damage_taken":11,"max_hp_gain":0,"max_hp_loss":0,"event_name":"World of Goop","floor":10,"gold_loss":0},{"damage_healed":0,"gold_gain":0,"player_choice":"Upgraded","damage_taken":0,"max_hp_gain":0,"max_hp_loss":0,"event_name":"Upgrade Shrine","floor":14,"gold_loss":0,"cards_upgraded":["NineCharacters:ReiMu"]},{"damage_healed":0,"gold_gain":0,"player_choice":"Gave Potion","damage_taken":0,"relics_obtained":["Calipers"],"max_hp_gain":0,"max_hp_loss":0,"event_name":"WeMeetAgain","floor":36,"gold_loss":0},{"damage_healed":0,"gold_gain":0,"player_choice":"Copied","damage_taken":0,"max_hp_gain":0,"max_hp_loss":0,"event_name":"Duplicator","floor":37,"gold_loss":0,"cards_obtained":["Adrenaline"]},{"damage_healed":0,"gold_gain":0,"player_choice":"Embrace Madness","damage_taken":11,"max_hp_gain":0,"max_hp_loss":0,"event_name":"Winding Halls","floor":39,"gold_loss":0,"cards_obtained":["Madness","Madness"]},{"damage_healed":0,"gold_gain":100,"player_choice":"Pray","damage_taken":0,"max_hp_gain":0,"max_hp_loss":0,"event_name":"Golden Shrine","floor":42,"gold_loss":0}],"is_beta":false,"boss_relics":[{"not_picked":["Abe\u0027s Treasure","vexMod:NewClearReactor"],"picked":"aspiration:SilentSkillbook"},{"not_picked":[]},{"not_picked":["Cursed Key","Ring of Chaos"],"picked":"DonationBox:ReiMu"},{"not_picked":[]}],"items_purged_floors":[22,27,45],"is_endless":false,"potions_floor_spawned":[1,7,8,12,13,18,21,29,33,35,44,48],"ascension_level":0}}