{"host":"3y2rtlgteqp2nuo3","time":1610109068,"event":{"mods":["2.2 Compatiblity","AchievementEnabler","BaseMod","Colored Map","DeckTracker","Highlight Path","Keyboard Shortcuts","Minty Spire (QoL Compilation)","Permanent Neow","Quick Restart","StSLib","SuperFastMode","everything is the same but u backflip on backflip"],"gold_per_floor":[116,116,135,154,168,195,195,223,223,223,241,259,219,239,239,341,341,361,55,42,5,22,22,22,22,22,33,45,65,65,77,77,77,77],"floor_reached":33,"playtime":940,"items_purged":["Strike_B"],"score":276,"play_id":"5d48255b-a0e8-4641-b717-535031d32da2","local_time":"20210108213108","is_ascension_mode":true,"campfire_choices":[{"data":"Darkness","floor":7.0,"key":"SMITH"},{"floor":10.0,"key":"REST"},{"floor":15.0,"key":"REST"},{"floor":23,"key":"REST"},{"floor":30,"key":"REST"},{"floor":32,"key":"REST"}],"circlet_count":0,"master_deck":["Strike_B","Defend_B","Defend_B","Defend_B","Defend_B","Zap+1","Dualcast","Auto Shields","Tempest","Go for the Eyes","Darkness+1","Thunder Strike+1","Redo","Hologram","Conserve Battery","Stack","Compile Driver+1","Core Surge","Darkness+1","Undo","Turbo","Meteor Strike","Beam Cell","Reinforced Body","Meteor Strike","Turbo+1"],"relics":["Cracked Core","Omamori","Ancient Tea Set","Vajra","Black Star","DollysMirror","Orichalcum"],"acts_visited":["Exordium","TheCity"],"potions_floor_usage":[27,33,33],"damage_taken":[{"damage":0.0,"enemies":"2 Louse","floor":1.0,"turns":2.0},{"damage":0.0,"enemies":"Cultist","floor":3.0,"turns":3.0},{"damage":6.0,"enemies":"Jaw Worm","floor":4.0,"turns":3.0},{"damage":25.0,"enemies":"Lots of Slimes","floor":5.0,"turns":4.0},{"damage":13.0,"enemies":"Lagavulin","floor":6.0,"turns":6.0},{"damage":22.0,"enemies":"3 Sentries","floor":8.0,"turns":4.0},{"damage":5.0,"enemies":"Gremlin Gang","floor":11.0,"turns":3.0},{"damage":15.0,"enemies":"3 Louse","floor":12.0,"turns":2.0},{"damage":2.0,"enemies":"Exordium Thugs","floor":14.0,"turns":3.0},{"damage":10.0,"enemies":"Hexaghost","floor":16.0,"turns":8.0},{"damage":28.0,"enemies":"Spheric Guardian","floor":18.0,"turns":5.0},{"damage":24,"enemies":"2 Thieves","floor":20,"turns":5},{"damage":12,"enemies":"Chosen and Byrds","floor":22,"turns":6},{"damage":4,"enemies":"Snake Plant","floor":27,"turns":3},{"damage":14,"enemies":"Centurion and Healer","floor":28,"turns":8},{"damage":23,"enemies":"Sentry and Sphere","floor":29,"turns":5},{"damage":15,"enemies":"Shelled Parasite and Fungi","floor":31,"turns":5},{"damage":95,"enemies":"Collector","floor":33,"turns":10}],"seed_played":"-6997168178220660410","potions_obtained":[{"floor":1.0,"key":"FairyPotion"},{"floor":3.0,"key":"LiquidMemories"},{"floor":6.0,"key":"ColorlessPotion"},{"floor":13.0,"key":"FairyPotion"},{"floor":13.0,"key":"Swift Potion"},{"floor":28,"key":"EssenceOfSteel"},{"floor":29,"key":"PowerPotion"}],"is_trial":false,"path_per_floor":["M","?","M","M","M","E","R","E","T","R","M","M","?","M","R","B",null,"M","$","M","$","M","R","?","?","T","M","M","M","R","M","R","B"],"character_chosen":"DEFECT","items_purchased":["Core Surge","DollysMirror","Undo"],"campfire_rested":5,"item_purchase_floors":[19,19,21],"current_hp_per_floor":[75,75,75,69,44,31,31,9,9,31,26,11,11,9,31,21,75,47,47,23,23,11,33,33,33,33,29,15,17,39,24,46,0,0],"gold":77,"neow_bonus":"UPGRADE_CARD","is_daily":false,"chose_seed":false,"campfire_upgraded":1,"win_rate":0.0,"timestamp":1610109068,"path_taken":["M","?","M","M","M","E","R","E","T","R","M","M","?","M","R","BOSS","M","$","M","$","?","R","?","?","T","M","M","M","R","M","R","BOSS"],"items_purchased_type":["Card","Relic","Card"],"build_version":"2020-12-22","purchased_purges":1,"victory":false,"max_hp_per_floor":[75,75,75,75,75,75,75,75,75,75,75,75,75,75,75,75,75,75,75,75,75,75,75,75,75,75,75,75,75,75,75,75,75,75],"card_choices":[{"not_picked":["Steam","Hello World"],"picked":"Auto Shields","floor":1.0},{"not_picked":["Scrape","Beam Cell"],"picked":"Tempest","floor":3.0},{"not_picked":["Stack","Beam Cell"],"picked":"Go for the Eyes","floor":4.0},{"not_picked":["Hologram","Double Energy"],"picked":"Darkness","floor":5.0},{"not_picked":["Leap","Redo"],"picked":"Thunder Strike","floor":6.0},{"not_picked":["Double Energy","Blizzard"],"picked":"Redo","floor":8.0},{"not_picked":["Consume","Barrage"],"picked":"Hologram","floor":11.0},{"not_picked":["Tempest","Beam Cell"],"picked":"Conserve Battery","floor":12.0},{"not_picked":["Cold Snap","Amplify"],"picked":"Stack","floor":14.0},{"not_picked":["Streamline+1","Recycle"],"picked":"Compile Driver+1","floor":18.0},{"not_picked":["Hologram","Steam","Turbo"],"picked":"SKIP","floor":20},{"not_picked":["Stack","Rip and Tear"],"picked":"Turbo","floor":22},{"not_picked":["Ball Lightning+1","Auto Shields"],"picked":"Reinforced Body","floor":27},{"not_picked":["Coolheaded","Redo"],"picked":"Meteor Strike","floor":28},{"not_picked":["Capacitor","Go for the Eyes"],"picked":"Turbo+1","floor":29},{"not_picked":["Beam Cell","Barrage","Conserve Battery"],"picked":"SKIP","floor":31}],"player_experience":639054,"relics_obtained":[{"floor":6.0,"key":"Omamori"},{"floor":8.0,"key":"Ancient Tea Set"},{"floor":9.0,"key":"Vajra"},{"floor":26,"key":"Orichalcum"}],"event_choices":[{"damage_healed":0.0,"max_hp_gain":0.0,"max_hp_loss":0.0,"gold_gain":0.0,"event_name":"Shining Light","player_choice":"Ignored","floor":2.0,"gold_loss":0.0,"damage_taken":0.0},{"damage_healed":0.0,"max_hp_gain":0.0,"max_hp_loss":0.0,"gold_gain":0.0,"event_name":"The Woman in Blue","player_choice":"Bought 3 Potions","floor":13.0,"gold_loss":0.0,"damage_taken":0.0},{"damage_healed":0,"gold_gain":0,"cards_transformed":["Strike_B","Strike_B"],"player_choice":"Became Test Subject","damage_taken":0,"max_hp_gain":0,"max_hp_loss":0,"event_name":"Drug Dealer","floor":24,"gold_loss":0,"cards_obtained":["Meteor Strike","Beam Cell"]},{"damage_healed":0,"gold_gain":0,"player_choice":"Forge","damage_taken":0,"max_hp_gain":0,"max_hp_loss":0,"event_name":"Accursed Blacksmith","floor":25,"gold_loss":0,"cards_upgraded":["Thunder Strike"]}],"is_beta":false,"boss_relics":[{"not_picked":["Snecko Eye","Inserter"],"picked":"Black Star"}],"items_purged_floors":[19],"is_endless":false,"potions_floor_spawned":[1,3,6,14,16,28,29,31],"killed_by":"Collector","ascension_level":1}}