{"host":"nqsrckqog5ia9mbo","time":1610136571,"event":{"mods":["AchievementEnabler","BaseMod","Colored Map","Highlight Path","Minty Spire (QoL Compilation)","StSLib"],"gold_per_floor":[112,130,141,153,166,166,193,193,193,118,137,137,154,119,119,221,221,237,336,336,336,336,336,369,369,396,396,396,411,411,426,426,526,526,543,553,553,117,127,127,160,160,160,193,0,50,50,66,66,66,66],"floor_reached":50,"playtime":3176,"items_purged":["Strike_G","A Thousand Cuts"],"score":624,"play_id":"d7da473c-4fe6-40da-b297-1924de0f52aa","local_time":"20210108210931","is_ascension_mode":true,"campfire_choices":[{"data":"Catalyst","floor":6,"key":"SMITH"},{"data":"Noxious Fumes","floor":8,"key":"SMITH"},{"data":"Survivor","floor":12,"key":"SMITH"},{"floor":15,"key":"REST"},{"data":"Venomology","floor":23,"key":"SMITH"},{"data":"Crippling Poison","floor":25,"key":"SMITH"},{"data":"Dagger Spray","floor":27,"key":"SMITH"},{"data":"Burst","floor":30,"key":"SMITH"},{"floor":32,"key":"REST"},{"floor":40,"key":"REST"},{"floor":42,"key":"REST"},{"floor":47,"key":"REST"},{"floor":49,"key":"REST"}],"circlet_count":0,"master_deck":["Survivor+1","Neutralize+1","Catalyst+1","Noxious Fumes+1","Poisoned Stab","Dagger Spray+1","Envenom","Crippling Poison+1","Burst+1","Backflip","Backflip","Venomology+1","Catalyst","Prepared","Footwork","Wraith Form v2","Phantasmal Killer","Blade Dance","Blade Dance+1","Bouncing Flask+1","Deadly Poison+1"],"relics":["Ring of the Snake","Orichalcum","Kunai","HoveringKite","Nilry\u0027s Codex","Darkstone Periapt","Pen Nib","Mercury Hourglass","Pandora\u0027s Box","HornCleat","Ninja Scroll","Bottled Tornado","Shuriken","Red Mask","Bird Faced Urn"],"acts_visited":["Exordium","TheCity","TheBeyond"],"potions_floor_usage":[11,16,16,18,24,31,33,35,41,44,44,46,50,50,50,50],"damage_taken":[{"damage":5,"enemies":"Cultist","floor":1,"turns":5},{"damage":0,"enemies":"2 Louse","floor":2,"turns":4},{"damage":0,"enemies":"Small Slimes","floor":3,"turns":3},{"damage":8,"enemies":"3 Louse","floor":4,"turns":6},{"damage":0,"enemies":"Large Slime","floor":5,"turns":6},{"damage":35,"enemies":"Gremlin Nob","floor":7,"turns":5},{"damage":6,"enemies":"Lots of Slimes","floor":11,"turns":2},{"damage":2,"enemies":"Looter","floor":13,"turns":4},{"damage":8,"enemies":"The Guardian","floor":16,"turns":9},{"damage":16,"enemies":"Chosen","floor":18,"turns":6},{"damage":10,"enemies":"Gremlin Leader","floor":24,"turns":9},{"damage":0,"enemies":"3 Byrds","floor":29,"turns":3},{"damage":35,"enemies":"3 Cultists","floor":31,"turns":5},{"damage":26,"enemies":"Automaton","floor":33,"turns":8},{"damage":6,"enemies":"Orb Walker","floor":35,"turns":2},{"damage":10,"enemies":"3 Shapes","floor":36,"turns":3},{"damage":24,"enemies":"Spire Growth","floor":39,"turns":4},{"damage":24,"enemies":"Nemesis","floor":41,"turns":5},{"damage":22,"enemies":"Giant Head","floor":44,"turns":6},{"damage":9,"enemies":"Mind Bloom Boss Battle","floor":46,"turns":5},{"damage":3,"enemies":"Writhing Mass","floor":48,"turns":3},{"damage":65,"enemies":"Awakened One","floor":50,"turns":6}],"seed_played":"1984936174189963098","potions_obtained":[{"floor":2,"key":"PowerPotion"},{"floor":5,"key":"GamblersBrew"},{"floor":7,"key":"AttackPotion"},{"floor":13,"key":"Regen Potion"},{"floor":16,"key":"SkillPotion"},{"floor":31,"key":"FearPotion"},{"floor":33,"key":"AttackPotion"},{"floor":44,"key":"Explosive Potion"}],"is_trial":false,"path_per_floor":["M","M","M","M","M","R","E","R","T","$","M","R","M","?","R","B",null,"M","?","?","?","?","R","E","R","T","R","T","M","R","M","R","B",null,"M","M","?","$","M","R","E","R","T","E","?","?","R","M","R","B"],"character_chosen":"THE_SILENT","items_purchased":["HornCleat","DuplicationPotion"],"campfire_rested":6,"item_purchase_floors":[38,38],"current_hp_per_floor":[65,65,65,57,57,57,22,22,22,22,16,16,14,31,52,59,70,54,54,38,61,61,61,51,51,51,51,51,51,51,16,37,11,70,64,54,54,54,30,51,27,48,48,26,26,17,38,37,58,0,0],"gold":66,"neow_bonus":"UPGRADE_CARD","is_daily":false,"chose_seed":false,"campfire_upgraded":7,"win_rate":0.0,"timestamp":1610136571,"path_taken":["M","M","M","M","M","R","E","R","T","$","M","R","M","?","R","BOSS","M","?","?","?","?","R","E","R","T","R","?","M","R","M","R","BOSS","M","?","?","$","M","R","E","R","T","E","?","?","R","M","R","BOSS"],"items_purchased_type":["Relic","Potion"],"build_version":"2020-12-22","purchased_purges":2,"victory":false,"max_hp_per_floor":[70,70,70,70,70,70,70,70,70,70,70,70,70,70,70,70,70,70,70,70,70,70,70,70,70,70,70,70,70,70,70,70,70,70,70,70,70,70,70,70,70,70,70,70,70,70,70,70,70,70,70],"card_choices":[{"not_picked":["Cloak And Dagger","Bane"],"picked":"Catalyst","floor":1},{"not_picked":["Sucker Punch","Acrobatics"],"picked":"Noxious Fumes","floor":2},{"not_picked":["Cloak And Dagger","Prepared"],"picked":"Poisoned Stab","floor":3},{"not_picked":["Well Laid Plans","Choke"],"picked":"Dagger Spray","floor":4},{"not_picked":["Backflip","Footwork"],"picked":"Envenom","floor":5},{"not_picked":["Poisoned Stab","Endless Agony"],"picked":"Crippling Poison","floor":7},{"not_picked":["Bane","Endless Agony","Tactician"],"picked":"SKIP","floor":11},{"not_picked":["Acrobatics","Dash","Tactician"],"picked":"SKIP","floor":13},{"not_picked":["Malaise","Bullet Time"],"picked":"Burst","floor":16},{"not_picked":["Prepared+1","Sucker Punch"],"picked":"Backflip","floor":18},{"not_picked":["Glass Knife","PiercingWail","Outmaneuver"],"picked":"SKIP","floor":24},{"not_picked":["Deflect","Backflip","Acrobatics"],"picked":"SKIP","floor":29},{"not_picked":["Cloak And Dagger","Quick Slash"],"picked":"Catalyst","floor":31},{"not_picked":["Reflex+1","Quick Slash"],"picked":"Blade Dance+1","floor":35},{"not_picked":["Quick Slash","Blur+1"],"picked":"Bouncing Flask+1","floor":36},{"not_picked":["Outmaneuver+1","Noxious Fumes"],"picked":"Deadly Poison+1","floor":39},{"not_picked":["Flying Knee+1","Bane+1","Glass Knife"],"picked":"SKIP","floor":41},{"not_picked":["Cloak And Dagger+1","Eviscerate","Dagger Spray"],"picked":"SKIP","floor":44},{"not_picked":["Corpse Explosion","Crippling Poison","Slice+1"],"picked":"SKIP","floor":48}],"player_experience":166648,"relics_obtained":[{"floor":7,"key":"Orichalcum"},{"floor":9,"key":"Kunai"},{"floor":20,"key":"Nilry\u0027s Codex"},{"floor":24,"key":"Darkstone Periapt"},{"floor":26,"key":"Pen Nib"},{"floor":28,"key":"Mercury Hourglass"},{"floor":41,"key":"Ninja Scroll"},{"floor":43,"key":"Bottled Tornado"},{"floor":44,"key":"Shuriken"},{"floor":46,"key":"Bird Faced Urn"}],"event_choices":[{"damage_healed":17,"gold_gain":0,"player_choice":"Healed","damage_taken":0,"max_hp_gain":0,"max_hp_loss":0,"event_name":"The Cleric","floor":14,"gold_loss":35},{"damage_healed":0,"gold_gain":99,"player_choice":"Stole From Cult","damage_taken":0,"max_hp_gain":0,"max_hp_loss":0,"event_name":"Nest","floor":19,"gold_loss":0},{"damage_healed":0,"gold_gain":0,"player_choice":"Obtained Book","damage_taken":16,"max_hp_gain":0,"max_hp_loss":0,"event_name":"Cursed Tome","floor":20,"gold_loss":0},{"damage_healed":23,"gold_gain":0,"player_choice":"Heal","damage_taken":0,"max_hp_gain":0,"max_hp_loss":0,"event_name":"The Library","floor":21,"gold_loss":0},{"damage_healed":0,"gold_gain":0,"cards_transformed":["Strike_G","Strike_G"],"player_choice":"Became Test Subject","damage_taken":0,"max_hp_gain":0,"max_hp_loss":0,"event_name":"Drug Dealer","floor":22,"gold_loss":0,"cards_obtained":["Backflip","Venomology"]},{"cards_removed":["Endless Agony"],"damage_healed":0,"gold_gain":0,"player_choice":"Removed Attack","damage_taken":0,"max_hp_gain":0,"max_hp_loss":0,"event_name":"Falling","floor":37,"gold_loss":0},{"damage_healed":0,"gold_gain":0,"player_choice":"Paid","damage_taken":0,"relics_obtained":["Red Mask"],"max_hp_gain":0,"max_hp_loss":0,"event_name":"Tomb of Lord Red Mask","floor":45,"gold_loss":193},{"damage_healed":0,"gold_gain":0,"player_choice":"Fight","damage_taken":0,"max_hp_gain":0,"max_hp_loss":0,"event_name":"MindBloom","floor":46,"gold_loss":0}],"is_beta":false,"boss_relics":[{"not_picked":["Tiny House","Empty Cage"],"picked":"HoveringKite"},{"not_picked":["Coffee Dripper","Velvet Choker"],"picked":"Pandora\u0027s Box"}],"items_purged_floors":[10,38],"is_endless":false,"potions_floor_spawned":[2,5,7,13,16,31,33,39,44,46],"killed_by":"Awakened One","ascension_level":3}}