{"host":"2se5dq1do2gp0x9k","time":1610075671,"event":{"mods":["AchievementEnabler","BaseMod","Block Reminder","Colored Map","Colored Powertips","Minty Spire (QoL Compilation)","Relic Stats","StSLib","SuperFastMode"],"gold_per_floor":[113,113,126,126,126,126,155,155,182,194,226,226,266,293,293],"floor_reached":14,"playtime":295,"items_purged":[],"score":233,"play_id":"378f8f1e-cc9b-4e82-8155-db194d8e1e70","local_time":"20210107191431","is_ascension_mode":true,"campfire_choices":[{"data":"ForeignInfluence","floor":6,"key":"SMITH"},{"data":"Eruption","floor":8,"key":"SMITH"},{"data":"Vigilance","floor":12,"key":"SMITH"}],"circlet_count":0,"master_deck":["AscendersBane","Strike_P","Strike_P","Strike_P","Defend_P","Defend_P","Defend_P","Eruption+1","Vigilance+1","Weave","ForeignInfluence+1","TalkToTheHand","CarveReality","ThirdEye"],"relics":["PureWater","NeowsBlessing","Gremlin Horn","Anchor","Bottled Lightning","Akabeko"],"acts_visited":["Exordium"],"potions_floor_usage":[11],"damage_taken":[{"damage":0,"enemies":"2 Louse","floor":1,"turns":1},{"damage":0,"enemies":"Small Slimes","floor":3,"turns":1},{"damage":0,"enemies":"Lagavulin","floor":7,"turns":2},{"damage":0,"enemies":"Cultist","floor":10,"turns":2},{"damage":12,"enemies":"3 Sentries","floor":11,"turns":5},{"damage":0,"enemies":"Exordium Thugs","floor":13,"turns":2},{"damage":14,"enemies":"Gremlin Nob","floor":14,"turns":4}],"seed_played":"7498750856510176125","potions_obtained":[{"floor":3,"key":"Fire Potion"},{"floor":10,"key":"ColorlessPotion"}],"is_trial":false,"path_per_floor":["M","?","M","$","?","R","E","R","T","M","E","R","M","E"],"character_chosen":"WATCHER","items_purchased":[],"campfire_rested":0,"item_purchase_floors":[],"current_hp_per_floor":[61,54,54,54,54,54,54,54,54,54,42,42,42,28,28],"gold":293,"neow_bonus":"THREE_ENEMY_KILL","is_daily":false,"chose_seed":false,"campfire_upgraded":3,"win_rate":0.0,"timestamp":1610075671,"path_taken":["M","?","M","$","?","R","E","R","T","?","E","R","M","E"],"items_purchased_type":[],"build_version":"2020-12-22","purchased_purges":0,"victory":false,"max_hp_per_floor":[68,68,68,68,68,68,68,68,68,68,68,68,68,68,68],"relic_stats":{"Gremlin Horn":[3,3],"counters":[7,17],"obtain_stats":[{"Anchor":9,"NeowsBlessing":0,"Gremlin Horn":7,"Bottled Lightning":11,"PureWater":0,"Akabeko":14},{"Anchor":3,"NeowsBlessing":0,"Gremlin Horn":3,"Bottled Lightning":5,"PureWater":0,"Akabeko":7},{"Anchor":4,"NeowsBlessing":0,"Gremlin Horn":4,"Bottled Lightning":11,"PureWater":0,"Akabeko":17}]},"card_choices":[{"not_picked":["Protect","WindmillStrike"],"picked":"Weave","floor":1},{"not_picked":["Wallop","Worship"],"picked":"ForeignInfluence","floor":3},{"not_picked":["PathToVictory","Protect"],"picked":"TalkToTheHand","floor":7},{"not_picked":["Wallop","Consecrate"],"picked":"CarveReality","floor":10},{"not_picked":["Crescendo","ReachHeaven"],"picked":"ThirdEye","floor":11},{"not_picked":["Prostrate","Worship","Fasting2"],"picked":"SKIP","floor":13}],"player_experience":3799316,"relics_obtained":[{"floor":7,"key":"Gremlin Horn"},{"floor":9,"key":"Anchor"},{"floor":11,"key":"Bottled Lightning"},{"floor":14,"key":"Akabeko"}],"event_choices":[{"cards_removed":["Defend_P"],"damage_healed":0,"gold_gain":0,"player_choice":"Card Removal","damage_taken":7,"max_hp_gain":0,"max_hp_loss":0,"event_name":"Golden Wing","floor":2,"gold_loss":0},{"cards_removed":["Strike_P"],"damage_healed":0,"gold_gain":0,"player_choice":"Purged","damage_taken":0,"max_hp_gain":0,"max_hp_loss":0,"event_name":"Purifier","floor":5,"gold_loss":0}],"is_beta":false,"boss_relics":[],"items_purged_floors":[],"is_endless":false,"potions_floor_spawned":[3,10],"killed_by":"Gremlin Nob","ascension_level":15}}