{"host":"u1dfzl6o6mfmauc3","time":1610133094,"event":{"mods":["2.2 Compatiblity","BaseMod","Block Reminder","Hermit","Minty Spire (QoL Compilation)","Relic Stats","StSLib"],"gold_per_floor":[99,99,99,99,99,99,99,99,99,99,99,99,99,99,99,99,99,99,99,99,99,99,99,99,99,99,99,99,99,99,99,99,99,99,99,30,30,30,30,30,30,30,30,30,30,30,30,30,30,30],"floor_reached":51,"playtime":2768,"items_purged":[],"score":718,"play_id":"1e2ab17f-006c-4e97-843c-81fc78c4e140","local_time":"20210108141134","is_ascension_mode":false,"campfire_choices":[{"floor":8,"key":"REST"},{"data":"Terror","floor":13,"key":"SMITH"},{"data":"Dagger Throw","floor":15,"key":"SMITH"},{"data":"Predator","floor":23,"key":"SMITH"},{"data":"After Image","floor":25,"key":"SMITH"},{"floor":32,"key":"REST"},{"data":"A Thousand Cuts","floor":45,"key":"SMITH"},{"data":"Footwork","floor":47,"key":"SMITH"},{"floor":49,"key":"REST"}],"circlet_count":0,"master_deck":["Strike_G","Strike_G","Strike_G","Strike_G","Defend_G","Defend_G","Defend_G","Defend_G","Survivor","Neutralize","Dagger Throw+1","Well Laid Plans","Leg Sweep","Terror+1","Blur","Backflip","Dagger Spray","Malaise","Dagger Throw+1","Dash","Riddle With Holes","Predator+1","After Image+1","Slice+1","Footwork+1","Escape Plan","A Thousand Cuts+1","Footwork","Writhe","Prepared"],"relics":["Ectoplasm","Gambling Chip","Shuriken","Bottled Flame","Mummified Hand","Empty Cage","Dream Catcher","Meat on the Bone","Sozu","Bronze Scales","Bag of Preparation","Unceasing Top"],"acts_visited":["Exordium","TheCity","TheBeyond"],"potions_floor_usage":[10,12,29,29,33,44],"damage_taken":[{"damage":1,"enemies":"Cultist","floor":1,"turns":4},{"damage":0,"enemies":"Small Slimes","floor":2,"turns":3},{"damage":0,"enemies":"Jaw Worm","floor":3,"turns":4},{"damage":0,"enemies":"Large Slime","floor":5,"turns":7},{"damage":47,"enemies":"Gremlin Nob","floor":6,"turns":6},{"damage":0,"enemies":"3 Louse","floor":7,"turns":5},{"damage":7,"enemies":"Lagavulin","floor":10,"turns":8},{"damage":2,"enemies":"Blue Slaver","floor":11,"turns":5},{"damage":0,"enemies":"Exordium Wildlife","floor":12,"turns":6},{"damage":12,"enemies":"Slime Boss","floor":16,"turns":7},{"damage":4,"enemies":"3 Byrds","floor":18,"turns":6},{"damage":14,"enemies":"Spheric Guardian","floor":20,"turns":4},{"damage":6,"enemies":"Centurion and Healer","floor":21,"turns":5},{"damage":0,"enemies":"Cultist and Chosen","floor":22,"turns":7},{"damage":8,"enemies":"Snake Plant","floor":24,"turns":4},{"damage":13,"enemies":"3 Cultists","floor":28,"turns":6},{"damage":4,"enemies":"Slavers","floor":29,"turns":6},{"damage":0,"enemies":"Snecko","floor":30,"turns":4},{"damage":6,"enemies":"Sentry and Sphere","floor":31,"turns":6},{"damage":10,"enemies":"Collector","floor":33,"turns":12},{"damage":18,"enemies":"3 Shapes","floor":35,"turns":5},{"damage":12,"enemies":"Giant Head","floor":40,"turns":9},{"damage":1,"enemies":"Orb Walker","floor":41,"turns":3},{"damage":14,"enemies":"Nemesis","floor":44,"turns":8},{"damage":10,"enemies":"Writhing Mass","floor":46,"turns":6},{"damage":15,"enemies":"Sphere and 2 Shapes","floor":48,"turns":5},{"damage":28,"enemies":"Donu and Deca","floor":50,"turns":12}],"seed_played":"7032456680224569287","potions_obtained":[{"floor":1,"key":"Strength Potion"},{"floor":6,"key":"FearPotion"},{"floor":7,"key":"GhostInAJar"},{"floor":11,"key":"Energy Potion"},{"floor":12,"key":"FearPotion"},{"floor":22,"key":"Dexterity Potion"},{"floor":29,"key":"Block Potion"},{"floor":30,"key":"SpeedPotion"}],"is_trial":false,"path_per_floor":["M","M","M","$","M","E","M","R","T","E","M","M","R","?","R","B",null,"M","?","M","M","M","R","M","R","T","?","M","E","M","M","R","B",null,"M","$","?","?","?","E","M","?","T","E","R","M","R","M","R","B",null],"character_chosen":"THE_SILENT","items_purchased":["Footwork"],"campfire_rested":3,"item_purchase_floors":[36],"current_hp_per_floor":[69,69,69,69,69,22,22,43,43,36,34,34,34,34,34,22,70,66,66,52,46,46,46,38,38,38,38,25,21,33,39,60,50,70,52,52,70,70,70,58,57,57,57,43,43,45,45,42,63,47],"gold":30,"neow_bonus":"BOSS_RELIC","is_daily":false,"chose_seed":false,"campfire_upgraded":6,"win_rate":0.0,"timestamp":1610133094,"path_taken":["M","M","M","?","M","E","?","R","T","E","M","M","R","?","R","BOSS","M","?","M","M","M","R","M","R","T","?","M","E","M","M","R","BOSS","M","$","?","?","?","E","?","?","T","E","R","M","R","M","R","BOSS"],"items_purchased_type":["Card"],"build_version":"2020-12-22","purchased_purges":0,"victory":true,"max_hp_per_floor":[70,70,70,70,70,70,70,70,70,70,70,70,70,70,70,70,70,70,70,70,70,70,70,70,70,70,70,70,70,70,70,70,70,70,70,70,70,70,70,70,70,70,70,70,70,70,70,70,70,70],"relic_stats":{"Sozu":2,"Dream Catcher":2,"counters":[27,163],"Shuriken":[54],"Mummified Hand":[51],"Gambling Chip":[31],"Bronze Scales":[103],"Ectoplasm":659,"Bag of Preparation":[8],"obtain_stats":[{"Bag of Preparation":43,"Empty Cage":17,"Sozu":34,"Bottled Flame":10,"Dream Catcher":26,"Shuriken":9,"Mummified Hand":14,"Gambling Chip":6,"Bronze Scales":40,"Ectoplasm":0,"Unceasing Top":44,"Ring of the Snake":0,"Meat on the Bone":29},{"Bag of Preparation":23,"Empty Cage":10,"Sozu":20,"Bottled Flame":7,"Dream Catcher":15,"Shuriken":6,"Mummified Hand":9,"Gambling Chip":5,"Bronze Scales":22,"Ectoplasm":0,"Unceasing Top":24,"Ring of the Snake":0,"Meat on the Bone":17},{"Bag of Preparation":132,"Empty Cage":55,"Sozu":115,"Bottled Flame":37,"Dream Catcher":81,"Shuriken":29,"Mummified Hand":48,"Gambling Chip":24,"Bronze Scales":129,"Ectoplasm":0,"Unceasing Top":140,"Ring of the Snake":0,"Meat on the Bone":93}],"Unceasing Top":[11],"Meat on the Bone":60},"card_choices":[{"not_picked":["Reflex","Flying Knee"],"picked":"Dagger Throw","floor":1},{"not_picked":["Prepared","All Out Attack"],"picked":"Well Laid Plans","floor":2},{"not_picked":["Quick Slash","Backstab"],"picked":"Leg Sweep","floor":3},{"not_picked":["Expertise","Predator"],"picked":"Terror","floor":5},{"not_picked":["Blade Dance","Tactician"],"picked":"Blur","floor":6},{"not_picked":["Acrobatics","Heel Hook","Blade Dance"],"picked":"SKIP","floor":7},{"not_picked":["Unload","Acrobatics","Poisoned Stab"],"picked":"SKIP","floor":10},{"not_picked":["Dagger Throw","Dagger Spray"],"picked":"Backflip","floor":11},{"not_picked":["Deadly Poison","Skewer"],"picked":"Dagger Spray","floor":12},{"not_picked":["Doppelganger","Glass Knife"],"picked":"Malaise","floor":16},{"not_picked":["Deflect","Poisoned Stab+1"],"picked":"Dagger Throw+1","floor":18},{"not_picked":["Choke","Acrobatics+1"],"picked":"Dash","floor":20},{"not_picked":["Quick Slash","Prepared"],"picked":"Riddle With Holes","floor":21},{"not_picked":["Deadly Poison","Finisher"],"picked":"Predator","floor":22},{"not_picked":["Finisher","Flying Knee+1"],"picked":"After Image","floor":24},{"not_picked":["Poisoned Stab","Flying Knee","Deflect"],"picked":"SKIP","floor":28},{"not_picked":["Blade Dance","Dodge and Roll"],"picked":"Slice+1","floor":29},{"not_picked":["Masterful Stab","Crippling Poison"],"picked":"Footwork","floor":30},{"not_picked":["Skewer","Leg Sweep"],"picked":"Escape Plan","floor":31},{"not_picked":["Quick Slash","Dagger Spray"],"picked":"Acrobatics","floor":32},{"not_picked":["Venomology","Unload"],"picked":"A Thousand Cuts","floor":33},{"not_picked":["Sucker Punch","Quick Slash","Underhanded Strike"],"picked":"SKIP","floor":35},{"not_picked":["Prepared+1","Sucker Punch+1","Distraction"],"picked":"SKIP","floor":40},{"not_picked":["Riddle With Holes+1","Blur+1"],"picked":"Prepared","floor":41},{"not_picked":["Dagger Throw+1","Phantasmal Killer","Backstab"],"picked":"SKIP","floor":44},{"not_picked":["Outmaneuver","Poisoned Stab+1","Quick Slash"],"picked":"SKIP","floor":46},{"not_picked":["Underhanded Strike+1","Deflect+1","Quick Slash"],"picked":"SKIP","floor":48}],"player_experience":6970,"relics_obtained":[{"floor":6,"key":"Gambling Chip"},{"floor":9,"key":"Shuriken"},{"floor":10,"key":"Bottled Flame"},{"floor":26,"key":"Dream Catcher"},{"floor":29,"key":"Meat on the Bone"},{"floor":40,"key":"Bronze Scales"},{"floor":43,"key":"Bag of Preparation"},{"floor":44,"key":"Unceasing Top"}],"event_choices":[{"damage_healed":0,"gold_gain":0,"player_choice":"Searched \u00271\u0027 times","damage_taken":0,"relics_obtained":["Mummified Hand"],"max_hp_gain":0,"max_hp_loss":0,"event_name":"Dead Adventurer","floor":14,"gold_loss":0},{"damage_healed":0,"gold_gain":0,"player_choice":"Ignored","damage_taken":0,"max_hp_gain":0,"max_hp_loss":0,"event_name":"Ghosts","floor":19,"gold_loss":0},{"damage_healed":0,"gold_gain":0,"player_choice":"Ignored","damage_taken":0,"max_hp_gain":0,"max_hp_loss":0,"event_name":"The Mausoleum","floor":27,"gold_loss":0},{"damage_healed":18,"gold_gain":0,"player_choice":"Writhe","damage_taken":0,"max_hp_gain":0,"max_hp_loss":0,"event_name":"Winding Halls","floor":37,"gold_loss":0,"cards_obtained":["Writhe"]},{"damage_healed":0,"gold_gain":0,"player_choice":"Memory 1","damage_taken":0,"max_hp_gain":0,"max_hp_loss":0,"event_name":"SensoryStone","floor":38,"gold_loss":0},{"cards_removed":["Acrobatics"],"damage_healed":0,"gold_gain":0,"player_choice":"Removed Skill","damage_taken":0,"max_hp_gain":0,"max_hp_loss":0,"event_name":"Falling","floor":39,"gold_loss":0},{"damage_healed":0,"gold_gain":0,"player_choice":"Ignored","damage_taken":0,"max_hp_gain":0,"max_hp_loss":0,"event_name":"Mysterious Sphere","floor":42,"gold_loss":0}],"is_beta":false,"boss_relics":[{"not_picked":["Runic Pyramid","SlaversCollar"],"picked":"Empty Cage"},{"not_picked":["Tiny House","Runic Dome"],"picked":"Sozu"}],"items_purged_floors":[],"is_endless":false,"potions_floor_spawned":[1,6,7,11,12,22,24,29,30,35,44],"ascension_level":0}}