{"host":"f5n4tidiz2n5sooh","time":1610097733,"event":{"mods":["BaseMod","Colored Map","Minty Spire (QoL Compilation)","Relic Stats","StSLib"],"gold_per_floor":[115,134,59,59,59,59,70,100,100,100,100,100],"floor_reached":11,"playtime":340,"items_purged":[],"score":142,"play_id":"d9c63cfe-58b1-4f20-85f1-8c277eb3e0c7","local_time":"20210108032213","is_ascension_mode":true,"campfire_choices":[{"floor":6,"key":"REST"},{"floor":10,"key":"REST"}],"circlet_count":0,"master_deck":["AscendersBane","Strike_G","Strike_G","Strike_G","Defend_G","Defend_G","Defend_G","Defend_G","Defend_G","Survivor","Neutralize","Terror","Caltrops","Catalyst","Dagger Throw","Blade Dance"],"relics":["Fusion Hammer","Dead Branch","Peace Pipe"],"acts_visited":["Exordium"],"potions_floor_usage":[8],"damage_taken":[{"damage":8,"enemies":"Jaw Worm","floor":1,"turns":6},{"damage":1,"enemies":"2 Louse","floor":2,"turns":4},{"damage":14,"enemies":"Small Slimes","floor":7,"turns":4},{"damage":15,"enemies":"Lagavulin","floor":8,"turns":7},{"damage":82,"enemies":"Gremlin Nob","floor":11,"turns":4}],"seed_played":"3049086551788066428","potions_obtained":[{"floor":2,"key":"SteroidPotion"}],"is_trial":false,"path_per_floor":["M","M","?","?","?","R","M","E","T","R","E"],"character_chosen":"THE_SILENT","items_purchased":[],"campfire_rested":2,"item_purchase_floors":[],"current_hp_per_floor":[51,50,50,50,50,66,52,37,37,56,0,0],"gold":100,"neow_bonus":"BOSS_RELIC","is_daily":false,"chose_seed":false,"campfire_upgraded":0,"win_rate":0.0,"timestamp":1610097733,"path_taken":["M","M","?","?","?","R","M","E","T","R","E"],"items_purchased_type":[],"build_version":"2020-12-22","purchased_purges":0,"victory":false,"max_hp_per_floor":[66,66,66,66,66,66,66,66,66,66,66,66],"relic_stats":{"Peace Pipe":0,"counters":[5,25],"Dead Branch":[8],"obtain_stats":[{"Peace Pipe":9,"Dead Branch":8,"Fusion Hammer":0,"Ring of the Snake":0},{"Peace Pipe":4,"Dead Branch":4,"Fusion Hammer":0,"Ring of the Snake":0},{"Peace Pipe":21,"Dead Branch":21,"Fusion Hammer":0,"Ring of the Snake":0}]},"card_choices":[{"not_picked":["Prepared","Deflect"],"picked":"Terror","floor":1},{"not_picked":["Outmaneuver","Calculated Gamble"],"picked":"Caltrops","floor":2},{"not_picked":["Outmaneuver","Concentrate"],"picked":"Dagger Throw","floor":7},{"not_picked":["Terror","Sucker Punch"],"picked":"Blade Dance","floor":8}],"player_experience":1981173,"relics_obtained":[{"floor":8,"key":"Dead Branch"},{"floor":9,"key":"Peace Pipe"}],"event_choices":[{"cards_removed":["Strike_G"],"damage_healed":0,"gold_gain":0,"player_choice":"Card Removal","damage_taken":0,"max_hp_gain":0,"max_hp_loss":0,"event_name":"The Cleric","floor":3,"gold_loss":75},{"damage_healed":0,"gold_gain":0,"cards_transformed":["Strike_G"],"player_choice":"Change","damage_taken":0,"max_hp_gain":0,"max_hp_loss":0,"event_name":"Living Wall","floor":4,"gold_loss":0,"cards_obtained":["Catalyst"]},{"damage_healed":0,"gold_gain":0,"player_choice":"Ignored","damage_taken":0,"max_hp_gain":0,"max_hp_loss":0,"event_name":"Liars Game","floor":5,"gold_loss":0}],"is_beta":false,"boss_relics":[],"items_purged_floors":[],"is_endless":false,"potions_floor_spawned":[2],"killed_by":"Gremlin Nob","ascension_level":20}}