{"host":"t0dtoggyaif518ut","time":1610116559,"event":{"mods":["BaseMod","Best Route Mod","Bestiary","Better Altar","Better Match","Better Note","Better Sensory Stone","Better Silent Start","Better Skull","Better Synergies","Better Third Choice","Better Vampires","BetterRewards","Block Reminder","Colored Powertips","Displayed Cursed Tome","Minty Spire (QoL Compilation)","RNG Fix","Random Character Button","StSLib"],"gold_per_floor":[118,132,82,82,97,97,126,126,126,126,126,126,141,164,164,294,294,308,308,583,21,41,41,75,75,122,141,121,165,181,224,224,353,353,372,372,388,313,313,313,346,367,367,407,407,441,441,519,519,519],"floor_reached":51,"playtime":4517,"items_purged":["Strike_R","Regret"],"score":1237,"play_id":"1a3f2238-2269-4636-88dd-e3623e0802b5","local_time":"20210108213559","is_ascension_mode":true,"campfire_choices":[{"data":"Inflame","floor":6,"key":"SMITH"},{"data":"Pummel","floor":8,"key":"SMITH"},{"data":"Bash","floor":10,"key":"SMITH"},{"data":"Cleave","floor":12,"key":"SMITH"},{"data":"Battle Trance","floor":15,"key":"SMITH"},{"data":"Limit Break","floor":23,"key":"SMITH"},{"data":"Shrug It Off","floor":25,"key":"SMITH"},{"data":"Clothesline","floor":32,"key":"SMITH"},{"data":"Limit Break","floor":40,"key":"SMITH"},{"data":"Deep Breath","floor":47,"key":"SMITH"},{"data":"Shrug It Off","floor":49,"key":"SMITH"}],"circlet_count":0,"master_deck":["AscendersBane","Strike_R","Strike_R","Defend_R","Defend_R","Defend_R","Bash+1","Inflame+1","Cleave+1","Pummel+1","Injury","Battle Trance+1","Limit Break+1","Twin Strike+1","Pummel+1","Shrug It Off+1","Shrug It Off+1","Heavy Blade+1","Clothesline+1","Headbutt","Limit Break+1","Shrug It Off+1","True Grit+1","Iron Wave+1","Deep Breath+1","Panacea"],"relics":["Black Blood","Sundial","Lee\u0027s Waffle","Toy Ornithopter","Pear","Golden Idol","SlaversCollar","Bottled Tornado","Bag of Marbles","Meat on the Bone","Lantern","PreservedInsect","Strawberry","Potion Belt","Art of War","StoneCalendar","Torii","Eternal Feather"],"acts_visited":["Exordium","TheCity","TheBeyond"],"potions_floor_usage":[18,22,29,31,33,37,39,42,50,50],"damage_taken":[{"damage":14,"enemies":"2 Louse","floor":1,"turns":4},{"damage":4,"enemies":"Jaw Worm","floor":2,"turns":3},{"damage":1,"enemies":"Cultist","floor":5,"turns":3},{"damage":30,"enemies":"Lagavulin","floor":7,"turns":4},{"damage":12,"enemies":"Looter","floor":13,"turns":3},{"damage":6,"enemies":"Exordium Thugs","floor":14,"turns":2},{"damage":16,"enemies":"The Guardian","floor":16,"turns":11},{"damage":2,"enemies":"Chosen","floor":18,"turns":4},{"damage":6,"enemies":"3 Byrds","floor":22,"turns":3},{"damage":36,"enemies":"Slavers","floor":24,"turns":7},{"damage":16,"enemies":"Sentry and Sphere","floor":27,"turns":4},{"damage":7,"enemies":"Book of Stabbing","floor":29,"turns":2},{"damage":14,"enemies":"Centurion and Healer","floor":30,"turns":3},{"damage":20,"enemies":"Slavers","floor":31,"turns":2},{"damage":44,"enemies":"Collector","floor":33,"turns":7},{"damage":10,"enemies":"3 Darklings","floor":35,"turns":3},{"damage":6,"enemies":"Orb Walker","floor":37,"turns":2},{"damage":0,"enemies":"Transient","floor":39,"turns":1},{"damage":24,"enemies":"Reptomancer","floor":41,"turns":3},{"damage":18,"enemies":"Maw","floor":42,"turns":4},{"damage":15,"enemies":"Nemesis","floor":44,"turns":3},{"damage":0,"enemies":"Giant Head","floor":46,"turns":4},{"damage":13,"enemies":"Donu and Deca","floor":50,"turns":5}],"seed_played":"-6826319948421232034","potions_obtained":[{"floor":13,"key":"SmokeBomb"},{"floor":14,"key":"Explosive Potion"},{"floor":18,"key":"LiquidBronze"},{"floor":24,"key":"Explosive Potion"},{"floor":28,"key":"Dexterity Potion"},{"floor":29,"key":"Dexterity Potion"},{"floor":33,"key":"Fire Potion"},{"floor":35,"key":"SteroidPotion"},{"floor":36,"key":"Strength Potion"},{"floor":37,"key":"Swift Potion"},{"floor":41,"key":"EssenceOfSteel"}],"is_trial":false,"path_per_floor":["M","M","?","?","M","R","E","R","T","R","?","R","M","M","R","B",null,"M","?","?","$","M","R","E","R","T","M","?","E","M","E","R","B",null,"M","?","M","?","M","R","E","M","T","E","?","E","R","T","R","B",null],"character_chosen":"IRONCLAD","items_purchased":["Sundial","Lee\u0027s Waffle","Bottled Tornado","Shrug It Off","Bag of Marbles"],"campfire_rested":0,"item_purchase_floors":[0,0,21,21,21],"current_hp_per_floor":[79,81,81,74,79,79,55,55,65,65,65,65,59,59,59,49,85,94,94,94,94,97,97,67,67,67,57,57,61,65,63,63,42,89,91,91,102,102,104,104,92,91,91,88,88,100,100,100,104,103],"gold":519,"neow_bonus":"","is_daily":false,"chose_seed":false,"campfire_upgraded":11,"win_rate":0.0,"timestamp":1610116559,"path_taken":["M","M","?","?","M","R","E","R","T","R","?","R","?","M","R","BOSS","M","?","?","$","?","R","E","R","T","M","?","E","M","E","R","BOSS","M","?","?","?","M","R","E","M","T","E","?","E","R","?","R","BOSS"],"items_purchased_type":["Relic","Relic","Relic","Card","Relic"],"build_version":"2020-12-22","purchased_purges":2,"victory":true,"max_hp_per_floor":[87,87,87,87,87,87,87,87,97,97,97,97,97,97,97,97,97,97,97,97,97,97,97,97,97,97,97,97,97,97,104,104,104,104,104,104,104,104,104,104,104,104,104,104,104,104,104,104,104,104],"card_choices":[{"not_picked":["Havoc","Flame Barrier"],"picked":"Cleave","floor":1},{"not_picked":["Dropkick","Sword Boomerang","Disarm"],"picked":"SKIP","floor":2},{"not_picked":["Sword Boomerang","Entrench"],"picked":"Pummel","floor":5},{"not_picked":["Sword Boomerang","Second Wind","Thunderclap"],"picked":"SKIP","floor":7},{"not_picked":["Cleave","Power Through"],"picked":"Battle Trance","floor":13},{"not_picked":["Carnage","Barricade","Burning Pact"],"picked":"SKIP","floor":14},{"not_picked":["Demon Form","Juggernaut"],"picked":"Limit Break","floor":16},{"not_picked":["Inflame","Sentinel+1"],"picked":"Twin Strike+1","floor":18},{"not_picked":["Combust+1","Cleave+1","Anger"],"picked":"SKIP","floor":22},{"not_picked":["Dark Embrace","Searing Blow+1"],"picked":"Shrug It Off","floor":24},{"not_picked":["Armaments+1","Dual Wield","Body Slam+1"],"picked":"SKIP","floor":27},{"not_picked":["Seeing Red+1","True Grit+1"],"picked":"Heavy Blade+1","floor":29},{"not_picked":["Sword Boomerang","Pummel"],"picked":"Clothesline","floor":30},{"not_picked":["Rupture","Pummel"],"picked":"Headbutt","floor":31},{"not_picked":["Immolate","Reaper"],"picked":"Limit Break","floor":33},{"not_picked":["Flex","Anger+1"],"picked":"Shrug It Off+1","floor":35},{"not_picked":["Cleave+1","Clothesline","Clash+1"],"picked":"SKIP","floor":37},{"not_picked":["Wild Strike+1","Havoc+1"],"picked":"True Grit+1","floor":38},{"not_picked":["Ghostly Armor","Thunderclap+1","Barricade"],"picked":"SKIP","floor":41},{"not_picked":["Seeing Red","Clash","Flex+1"],"picked":"SKIP","floor":42},{"not_picked":["Anger","Warcry"],"picked":"Iron Wave+1","floor":44},{"not_picked":["Metamorphosis","Dark Shackles"],"picked":"Deep Breath","floor":45},{"not_picked":["Mind Blast","Finesse"],"picked":"Panacea","floor":45},{"not_picked":["Heavy Blade+1","Impervious","Warcry"],"picked":"SKIP","floor":46}],"player_experience":263329,"relics_obtained":[{"floor":7,"key":"Toy Ornithopter"},{"floor":9,"key":"Pear"},{"floor":24,"key":"Meat on the Bone"},{"floor":26,"key":"Lantern"},{"floor":29,"key":"PreservedInsect"},{"floor":31,"key":"Strawberry"},{"floor":41,"key":"Potion Belt"},{"floor":43,"key":"Art of War"},{"floor":44,"key":"StoneCalendar"},{"floor":46,"key":"Torii"},{"floor":48,"key":"Eternal Feather"}],"event_choices":[{"cards_removed":["Strike_R"],"damage_healed":0,"gold_gain":0,"player_choice":"Card Removal","damage_taken":0,"max_hp_gain":0,"max_hp_loss":0,"event_name":"The Cleric","floor":3,"gold_loss":50},{"cards_removed":["Strike_R"],"damage_healed":0,"gold_gain":0,"player_choice":"Card Removal","damage_taken":7,"max_hp_gain":0,"max_hp_loss":0,"event_name":"Golden Wing","floor":4,"gold_loss":0},{"damage_healed":0,"gold_gain":0,"player_choice":"Take Wound","damage_taken":0,"relics_obtained":["Golden Idol"],"max_hp_gain":0,"max_hp_loss":0,"event_name":"Golden Idol","floor":11,"gold_loss":0,"cards_obtained":["Injury"]},{"damage_healed":0,"gold_gain":0,"player_choice":"Copied","damage_taken":0,"max_hp_gain":0,"max_hp_loss":0,"event_name":"Duplicator","floor":19,"gold_loss":0,"cards_obtained":["Pummel"]},{"damage_healed":0,"gold_gain":275,"player_choice":"Desecrate","damage_taken":0,"max_hp_gain":0,"max_hp_loss":0,"event_name":"Golden Shrine","floor":20,"gold_loss":0,"cards_obtained":["Regret"]},{"damage_healed":0,"gold_gain":0,"player_choice":"Bought 1 Potion","damage_taken":0,"max_hp_gain":0,"max_hp_loss":0,"event_name":"The Woman in Blue","floor":28,"gold_loss":0},{"damage_healed":0,"gold_gain":0,"player_choice":"Got Potions","damage_taken":0,"max_hp_gain":0,"max_hp_loss":0,"event_name":"Lab","floor":36,"gold_loss":0},{"damage_healed":0,"gold_gain":0,"player_choice":"Random: Orange","damage_taken":0,"max_hp_gain":0,"max_hp_loss":0,"event_name":"betterThird:BetterPortal","floor":38,"gold_loss":0},{"damage_healed":0,"gold_gain":0,"player_choice":"2","damage_taken":0,"max_hp_gain":0,"max_hp_loss":0,"event_name":"betterMatch:BetterMatch","floor":38,"gold_loss":0,"cards_obtained":["betterMatch:CommonCard"]},{"damage_healed":0,"gold_gain":3,"player_choice":"1","damage_taken":0,"max_hp_gain":0,"max_hp_loss":0,"event_name":"betterStone:BetterStone","floor":45,"gold_loss":0}],"is_beta":false,"boss_relics":[{"not_picked":["Runic Cube","Runic Dome"],"picked":"SlaversCollar"},{"not_picked":["Runic Pyramid","Pandora\u0027s Box"],"picked":"Black Blood"}],"items_purged_floors":[0,21],"is_endless":false,"potions_floor_spawned":[13,14,18,24,29,33,35,37,41],"ascension_level":10}}