{"host":"61r95uy0hn86b9iu","time":1610067529,"event":{"mods":["AchievementEnabler","BaseMod","Better Vampires","BetterRewards","Colored Powertips","Hubris","Minty Spire (QoL Compilation)","Shop Mod","StSLib"],"gold_per_floor":[114,114,134,44,57,89,89,102,127,146,71,121,138,138,138,209,209,221,10,30,47,59,59,59,75,150,175,175,175,188,188,188,265,265,283,283,283,300,300,300],"floor_reached":39,"playtime":1537,"items_purged":["Strike_R"],"score":1051,"play_id":"09a1b136-c776-46e4-9020-66093a47c4e4","local_time":"20210107185849","is_ascension_mode":true,"campfire_choices":[{"floor":15.0,"key":"REST"},{"data":"Whirlwind","floor":23.0,"key":"SMITH"},{"data":"Barricade","floor":29.0,"key":"SMITH"},{"floor":32.0,"key":"REST"}],"circlet_count":0,"master_deck":["AscendersBane","Strike_R","Strike_R","Strike_R","Defend_R","Defend_R","Defend_R","Defend_R","Bash","Inflame","Whirlwind+1","Apotheosis+1","Clothesline","Secret Weapon","Shrug It Off","Iron Wave","Body Slam","Swift Strike","Pommel Strike","Disarm","Barricade+1","Metallicize","Disarm","Inflame","Writhe","Offering","Inflame","HandOfGreed","Whirlwind+1"],"relics":["Burning Blood","Bronze Scales","Kunai","Boot","Sozu","Oddly Smooth Stone","hubris:Icosahedron","hubris:BottledRain","Regal Pillow","Letter Opener","Busted Crown"],"acts_visited":["Exordium","TheCity","TheBeyond"],"potions_floor_usage":[],"damage_taken":[{"damage":0.0,"enemies":"Small Slimes","floor":1.0,"turns":2.0},{"damage":0.0,"enemies":"Cultist","floor":3.0,"turns":3.0},{"damage":4.0,"enemies":"Jaw Worm","floor":5.0,"turns":3.0},{"damage":12.0,"enemies":"Lagavulin","floor":6.0,"turns":4.0},{"damage":17.0,"enemies":"Gremlin Gang","floor":8.0,"turns":2.0},{"damage":8.0,"enemies":"Looter","floor":10.0,"turns":3.0},{"damage":10.0,"enemies":"Blue Slaver","floor":13.0,"turns":3.0},{"damage":28.0,"enemies":"The Guardian","floor":16.0,"turns":11.0},{"damage":11.0,"enemies":"Chosen","floor":18.0,"turns":5.0},{"damage":6.0,"enemies":"3 Byrds","floor":20.0,"turns":3.0},{"damage":18.0,"enemies":"Snake Plant","floor":21.0,"turns":5.0},{"damage":1.0,"enemies":"Snecko","floor":22.0,"turns":5.0},{"damage":12.0,"enemies":"Shelled Parasite and Fungi","floor":25.0,"turns":4.0},{"damage":15.0,"enemies":"Book of Stabbing","floor":27.0,"turns":5.0},{"damage":3.0,"enemies":"Chosen and Byrds","floor":30.0,"turns":7.0},{"damage":30.0,"enemies":"Automaton","floor":33.0,"turns":8.0},{"damage":44.0,"enemies":"3 Shapes","floor":35.0,"turns":3.0},{"damage":11.0,"enemies":"3 Darklings","floor":38.0,"turns":4.0},{"damage":28,"enemies":"Jaw Worm Horde","floor":39,"turns":2}],"seed_played":"-8857151650961439292","potions_obtained":[{"floor":1.0,"key":"LiquidMemories"},{"floor":3.0,"key":"DistilledChaos"},{"floor":16.0,"key":"BlessingOfTheForge"}],"is_trial":false,"path_per_floor":["M","?","M","$","M","E","?","M","T","M","$","?","M","?","R","B",null,"M","$","M","M","M","R","?","M","T","E","?","R","M","?","R","B",null,"M","?","?","M","M"],"character_chosen":"IRONCLAD","items_purchased":["Inflame","Whirlwind","Apotheosis","Bronze Scales","Shrug It Off","BlessingOfTheForge","Swift Strike","Oddly Smooth Stone","Metallicize"],"campfire_rested":2,"item_purchase_floors":[0,0,0,0,0,0,4,19,19],"current_hp_per_floor":[58,75,75,75,75,69,69,58,58,56,56,49,45,45,67,45,68,63,63,63,51,56,56,56,50,50,41,41,41,44,23,62,38,70,32,32,32,27,0,0],"gold":300,"neow_bonus":"","is_daily":false,"chose_seed":false,"campfire_upgraded":2,"win_rate":0.0,"timestamp":1610067529,"path_taken":["M","?","M","?","M","E","?","?","T","M","$","?","?","?","R","BOSS","M","$","M","M","M","R","?","M","T","E","?","R","M","?","R","BOSS","M","?","?","?","M"],"items_purchased_type":["Card","Card","Card","Relic","Card","Potion","Card","Relic","Card"],"build_version":"2020-12-22","purchased_purges":1,"victory":false,"max_hp_per_floor":[75,75,75,75,75,75,75,75,75,75,75,75,75,75,75,75,75,75,75,75,75,75,75,75,75,75,75,75,75,75,80,80,80,80,80,80,80,80,80,80],"card_choices":[{"not_picked":["Searing Blow","Clash"],"picked":"Iron Wave","floor":1.0},{"not_picked":["Sentinel","Wild Strike"],"picked":"Body Slam","floor":3.0},{"not_picked":["Warcry","Sentinel"],"picked":"Pommel Strike","floor":5.0},{"not_picked":["Wild Strike","Blood for Blood","Sever Soul"],"picked":"SKIP","floor":6.0},{"not_picked":["Sever Soul","Clash","Sentinel"],"picked":"SKIP","floor":8.0},{"not_picked":["Sentinel","Twin Strike","Rampage"],"picked":"SKIP","floor":10.0},{"not_picked":["Second Wind","Twin Strike"],"picked":"Disarm","floor":13.0},{"not_picked":["Bludgeon","hubris:StunningStrike"],"picked":"Barricade","floor":16.0},{"not_picked":["Ghostly Armor","Warcry","Feel No Pain"],"picked":"SKIP","floor":18.0},{"not_picked":["Pommel Strike","Anger"],"picked":"Disarm","floor":20.0},{"not_picked":["Searing Blow","Blood for Blood","Sword Boomerang+1"],"picked":"SKIP","floor":21.0},{"not_picked":["Wild Strike","Iron Wave","Combust"],"picked":"SKIP","floor":22.0},{"not_picked":["Combust","Body Slam","Havoc"],"picked":"SKIP","floor":25.0},{"not_picked":["Pommel Strike","Headbutt"],"picked":"Inflame","floor":27.0},{"not_picked":["Thunderclap+1","Exhume","hubris:CleavingFinish"],"picked":"SKIP","floor":30.0},{"not_picked":["Immolate","Impervious"],"picked":"Offering","floor":33.0},{"not_picked":[],"picked":"Inflame","floor":35.0},{"not_picked":[],"picked":"HandOfGreed","floor":36.0},{"not_picked":["hubris:ReadiedAction"],"picked":"SKIP","floor":38.0}],"player_experience":3248494,"relics_obtained":[{"floor":6.0,"key":"Kunai"},{"floor":9.0,"key":"Boot"},{"floor":26.0,"key":"hubris:BottledRain"},{"floor":27.0,"key":"Regal Pillow"}],"event_choices":[{"cards_removed":["Power Through"],"damage_healed":17.0,"max_hp_gain":0.0,"max_hp_loss":0.0,"gold_gain":0.0,"event_name":"Bonfire Elementals","player_choice":"Offered Uncommon","floor":2.0,"gold_loss":0.0,"damage_taken":0.0},{"damage_healed":0.0,"max_hp_gain":0.0,"max_hp_loss":0.0,"gold_gain":0.0,"event_name":"Upgrade Shrine","player_choice":"Upgraded","floor":7.0,"gold_loss":0.0,"damage_taken":0.0,"cards_upgraded":["Apotheosis"]},{"damage_healed":0.0,"max_hp_gain":0.0,"max_hp_loss":0.0,"gold_gain":50.0,"event_name":"FaceTrader","player_choice":"Touch","floor":12.0,"gold_loss":0.0,"damage_taken":7.0},{"cards_removed":["Strike_R"],"damage_healed":0.0,"max_hp_gain":0.0,"max_hp_loss":0.0,"gold_gain":0.0,"event_name":"Living Wall","player_choice":"Forget","floor":14.0,"gold_loss":0.0,"damage_taken":0.0},{"damage_healed":0.0,"max_hp_gain":0.0,"max_hp_loss":0.0,"gold_gain":0.0,"event_name":"The Mausoleum","player_choice":"Opened","floor":28.0,"gold_loss":0.0,"damage_taken":0.0,"relics_obtained":["Letter Opener"],"cards_obtained":["Writhe"]},{"damage_healed":0.0,"max_hp_gain":5.0,"max_hp_loss":0.0,"gold_gain":0.0,"event_name":"Forgotten Altar","player_choice":"Shed Blood","floor":31.0,"gold_loss":0.0,"damage_taken":26.0},{"damage_healed":0.0,"max_hp_gain":0.0,"max_hp_loss":0.0,"gold_gain":0.0,"event_name":"SensoryStone","player_choice":"Memory 1","floor":36.0,"gold_loss":0.0,"damage_taken":0.0},{"damage_healed":0.0,"max_hp_gain":0.0,"max_hp_loss":0.0,"gold_gain":0.0,"event_name":"Duplicator","player_choice":"Copied","floor":37.0,"gold_loss":0.0,"damage_taken":0.0,"cards_obtained":["Whirlwind"]}],"is_beta":false,"boss_relics":[{"not_picked":["hubris:BlackHole","hubris:VirtuousBlindfold"],"picked":"Sozu"},{"not_picked":["Astrolabe","SacredBark"],"picked":"Busted Crown"}],"items_purged_floors":[11],"is_endless":false,"potions_floor_spawned":[1,3,16,20,21,22,27],"killed_by":"Jaw Worm Horde","ascension_level":18}}