{"host":"4rvakrj1idbgia3f","time":1610147277,"event":{"mods":["BaseMod","Colored Map","Colored Powertips","DeckTracker","Highlight Path","Minty Spire (QoL Compilation)","Random Character Button","StSLib"],"gold_per_floor":[117,117,127,144,164,164,52,87,87,100,114,114,114,146,146,146,146],"floor_reached":16,"playtime":581,"items_purged":["Strike_P"],"score":224,"play_id":"086f91cd-33e1-4b12-9f34-bbc983004ef1","local_time":"20210109080757","is_ascension_mode":true,"campfire_choices":[{"data":"Eruption","floor":6.0,"key":"SMITH"},{"data":"LessonLearned","floor":12.0,"key":"SMITH"},{"data":"MentalFortress","floor":15,"key":"SMITH"}],"circlet_count":0,"master_deck":["AscendersBane","Strike_P","Strike_P","Strike_P","Defend_P+1","Defend_P","Defend_P","Defend_P","Eruption+1","Vigilance","FlurryOfBlows","Omniscience+1","Conclude","EmptyBody","SashWhip","EmptyFist","MentalFortress+1","WheelKick","LessonLearned+1","Brilliance"],"relics":["PureWater","NeowsBlessing","Matryoshka","Blood Vial","Toxic Egg 2","Tiny Chest"],"acts_visited":["Exordium"],"potions_floor_usage":[],"damage_taken":[{"damage":0.0,"enemies":"Jaw Worm","floor":1.0,"turns":1.0},{"damage":0.0,"enemies":"Cultist","floor":3.0,"turns":1.0},{"damage":0.0,"enemies":"Small Slimes","floor":4.0,"turns":1.0},{"damage":2.0,"enemies":"Exordium Wildlife","floor":5.0,"turns":2.0},{"damage":5.0,"enemies":"3 Sentries","floor":8.0,"turns":5.0},{"damage":9.0,"enemies":"Lots of Slimes","floor":10.0,"turns":3.0},{"damage":4.0,"enemies":"Red Slaver","floor":11.0,"turns":3.0},{"damage":22,"enemies":"Lagavulin","floor":14,"turns":5},{"damage":21,"enemies":"Hexaghost","floor":16,"turns":9}],"seed_played":"3783944999905740308","potions_obtained":[{"floor":3.0,"key":"DistilledChaos"},{"floor":4.0,"key":"Ancient Potion"},{"floor":8.0,"key":"PowerPotion"}],"is_trial":false,"path_per_floor":["M","?","M","M","M","R","$","E","T","M","M","R","?","E","R","B"],"character_chosen":"WATCHER","items_purchased":["WheelKick"],"campfire_rested":0,"item_purchase_floors":[7],"current_hp_per_floor":[61,61,61,61,59,59,59,54,54,47,45,45,45,25,25,6,6],"gold":146,"neow_bonus":"THREE_ENEMY_KILL","is_daily":false,"chose_seed":false,"campfire_upgraded":3,"win_rate":0.0,"timestamp":1610147277,"path_taken":["M","?","M","?","M","R","$","E","T","M","M","R","?","E","R","BOSS"],"items_purchased_type":["Card"],"build_version":"2020-12-22","purchased_purges":1,"victory":false,"max_hp_per_floor":[68,68,68,68,68,68,68,68,68,68,68,68,68,68,68,68,68],"card_choices":[{"not_picked":["FlyingSleeves","EmptyMind"],"picked":"FlurryOfBlows","floor":1.0},{"not_picked":["Sanctity","EmptyBody"],"picked":"SashWhip","floor":3.0},{"not_picked":["Crescendo","ClearTheMind"],"picked":"EmptyFist","floor":4.0},{"not_picked":["JustLucky","Worship"],"picked":"MentalFortress","floor":5.0},{"not_picked":["Omniscience","CutThroughFate"],"picked":"LessonLearned","floor":8.0},{"not_picked":["Halt+1","FollowUp","Consecrate"],"picked":"SKIP","floor":10.0},{"not_picked":["FlyingSleeves","CrushJoints","EmptyFist"],"picked":"SKIP","floor":11.0},{"not_picked":["Indignation+1","Pray+1"],"picked":"Brilliance","floor":14}],"player_experience":1969595,"relics_obtained":[{"floor":8.0,"key":"Matryoshka"},{"floor":9.0,"key":"Blood Vial"},{"floor":9.0,"key":"Toxic Egg 2"},{"floor":14,"key":"Tiny Chest"}],"event_choices":[{"damage_healed":0.0,"max_hp_gain":0.0,"max_hp_loss":0.0,"gold_gain":0.0,"event_name":"Match and Keep!","player_choice":"3 cards matched","floor":2.0,"gold_loss":0.0,"damage_taken":0.0,"cards_obtained":["Omniscience","Conclude","EmptyBody"]},{"damage_healed":0.0,"max_hp_gain":0.0,"max_hp_loss":0.0,"gold_gain":0.0,"event_name":"Shining Light","player_choice":"Ignored","floor":13.0,"gold_loss":0.0,"damage_taken":0.0}],"is_beta":false,"boss_relics":[],"items_purged_floors":[7],"is_endless":false,"potions_floor_spawned":[3,4,8],"killed_by":"Hexaghost","ascension_level":20}}