{"host":"ao4lxi9bhtts409i","time":1610138423,"event":{"mods":["AchievementEnabler","BaseMod","Colored Map","Colored Powertips","Minty Spire (QoL Compilation)","SuperFastMode"],"gold_per_floor":[112,112,35,35,53,80,80,93,145,180,180,206,206,221,221,316,316,335,358,358,358,358,384,396,408,445,174,206,217,217,244,244,348,348,368,383,431,431,449,449,499,511,535,551,551,363,363,378,378,378,378],"floor_reached":50,"playtime":3365,"items_purged":["Defend_B"],"score":591,"play_id":"ee89bc06-51dc-4e3a-a958-15b98e321f8d","local_time":"20210108214023","is_ascension_mode":true,"campfire_choices":[{"data":"Strike_B","floor":11,"key":"PURGE"},{"data":"Strike_B","floor":13,"key":"PURGE"},{"data":"Strike_B","floor":15,"key":"PURGE"},{"data":"Defend_B","floor":25,"key":"PURGE"},{"data":"Creative AI","floor":30,"key":"SMITH"},{"floor":32,"key":"REST"},{"floor":40,"key":"RECALL"},{"data":"Buffer","floor":45,"key":"SMITH"},{"data":"Echo Form","floor":47,"key":"SMITH"},{"data":"Seek","floor":49,"key":"SMITH"}],"circlet_count":0,"master_deck":["Defend_B","Defend_B+1","Zap","Dualcast","Genetic Algorithm","Self Repair","Coolheaded+1","Sweeping Beam","Echo Form+1","White Noise","Ball Lightning","Buffer+1","Redo","RitualDagger","Bite","Bite","Bite","Bite","Bite","Creative AI+1","Leap","Seek+1","Leap","Reboot","Sunder+1","Self Repair"],"relics":["Cracked Core","NeowsBlessing","Juzu Bracelet","Mercury Hourglass","War Paint","Peace Pipe","Bottled Flame","Nuclear Battery","Strawberry","MawBank","Nunchaku","Orichalcum","Bag of Marbles","Busted Crown","Calipers","Centennial Puzzle"],"acts_visited":["Exordium","TheCity","TheBeyond"],"potions_floor_usage":[10,10,10,12,12,16,28,31,41,42,42,48,48,48],"damage_taken":[{"damage":0,"enemies":"Small Slimes","floor":1,"turns":1},{"damage":0,"enemies":"Cultist","floor":5,"turns":1},{"damage":0,"enemies":"3 Sentries","floor":6,"turns":2},{"damage":5,"enemies":"2 Louse","floor":8,"turns":2},{"damage":14,"enemies":"Lagavulin","floor":10,"turns":6},{"damage":18,"enemies":"3 Sentries","floor":12,"turns":5},{"damage":12,"enemies":"2 Fungi Beasts","floor":14,"turns":3},{"damage":22,"enemies":"Hexaghost","floor":16,"turns":9},{"damage":10,"enemies":"Shell Parasite","floor":18,"turns":6},{"damage":41,"enemies":"Gremlin Leader","floor":23,"turns":8},{"damage":39,"enemies":"Book of Stabbing","floor":28,"turns":5},{"damage":5,"enemies":"3 Byrds","floor":29,"turns":5},{"damage":41,"enemies":"Slavers","floor":31,"turns":4},{"damage":24,"enemies":"Champ","floor":33,"turns":9},{"damage":46,"enemies":"3 Darklings","floor":35,"turns":5},{"damage":0,"enemies":"3 Shapes","floor":36,"turns":6},{"damage":22,"enemies":"Spire Growth","floor":39,"turns":5},{"damage":0,"enemies":"Mind Bloom Boss Battle","floor":41,"turns":8},{"damage":38,"enemies":"3 Darklings","floor":42,"turns":5},{"damage":16,"enemies":"4 Shapes","floor":44,"turns":5},{"damage":23,"enemies":"Sphere and 2 Shapes","floor":48,"turns":6},{"damage":107,"enemies":"Time Eater","floor":50,"turns":12}],"seed_played":"3904991622551754002","potions_obtained":[{"floor":1,"key":"EntropicBrew"},{"floor":6,"key":"Explosive Potion"},{"floor":14,"key":"AttackPotion"},{"floor":23,"key":"Energy Potion"},{"floor":29,"key":"SpeedPotion"},{"floor":33,"key":"PotionOfCapacity"},{"floor":35,"key":"GamblersBrew"},{"floor":41,"key":"AttackPotion"}],"is_trial":false,"path_per_floor":["M","?","$","?","M","E","?","M","T","E","R","E","R","M","R","B",null,"M","T","?","?","?","E","?","R","T","$","E","M","R","E","R","B",null,"M","M","T","?","M","R","?","M","T","M","R","$","R","M","R","B"],"character_chosen":"DEFECT","items_purchased":["Self Repair","Creative AI","Leap","FocusPotion","Fire Potion","Self Repair","ColorlessPotion"],"campfire_rested":1,"item_purchase_floors":[3,27,27,46,46,46,46],"current_hp_per_floor":[75,68,68,61,61,68,61,63,63,56,56,45,45,40,40,25,75,72,79,73,57,52,41,46,46,46,46,31,43,43,15,32,41,57,24,48,48,48,50,50,57,28,28,34,34,34,34,57,57,0,0],"gold":378,"neow_bonus":"THREE_ENEMY_KILL","is_daily":false,"chose_seed":false,"campfire_upgraded":4,"win_rate":0.0,"timestamp":1610138423,"path_taken":["M","?","$","?","M","E","?","M","T","E","R","E","R","M","R","BOSS","M","?","?","?","?","E","?","R","T","?","E","M","R","E","R","BOSS","M","M","?","?","M","R","?","M","T","M","R","$","R","M","R","BOSS"],"items_purchased_type":["Card","Card","Card","Potion","Potion","Card","Potion"],"build_version":"2020-12-22","purchased_purges":1,"victory":false,"max_hp_per_floor":[75,75,75,75,75,75,75,75,75,75,75,75,75,75,75,75,75,75,82,82,57,57,57,57,57,57,57,57,57,57,57,57,57,57,57,57,57,57,57,57,57,57,57,57,57,57,57,57,57,57,57],"card_choices":[{"not_picked":["BootSequence","Ball Lightning"],"picked":"Genetic Algorithm","floor":1},{"not_picked":["Steam","Glacier"],"picked":"Rebound","floor":5},{"not_picked":["Hologram","Undo"],"picked":"Coolheaded","floor":6},{"not_picked":["Rebound","Go for the Eyes"],"picked":"Sweeping Beam","floor":8},{"not_picked":["Electrodynamics","Streamline"],"picked":"Echo Form","floor":10},{"not_picked":["Cold Snap","Streamline"],"picked":"White Noise","floor":12},{"not_picked":["Force Field","Go for the Eyes"],"picked":"Ball Lightning","floor":14},{"not_picked":["All For One","Amplify"],"picked":"Buffer","floor":16},{"not_picked":["Reprogram+1","Go for the Eyes"],"picked":"Redo","floor":18},{"not_picked":["Streamline+1","Reprogram","Gash"],"picked":"SKIP","floor":23},{"not_picked":["Leap+1","Loop"],"picked":"Seek","floor":28},{"not_picked":["Ball Lightning","Rebound","Barrage+1"],"picked":"SKIP","floor":29},{"not_picked":["Streamline","Capacitor+1"],"picked":"Leap","floor":31},{"not_picked":["Fission","Echo Form"],"picked":"Reboot","floor":33},{"not_picked":["Streamline"],"picked":"SKIP","floor":35},{"not_picked":["Hologram"],"picked":"SKIP","floor":36},{"not_picked":[],"picked":"Sunder+1","floor":39},{"not_picked":["Sweeping Beam+1"],"picked":"SKIP","floor":42},{"not_picked":["Reprogram"],"picked":"SKIP","floor":44},{"not_picked":["Ball Lightning+1"],"picked":"SKIP","floor":48}],"player_experience":182142,"relics_obtained":[{"floor":6,"key":"Mercury Hourglass"},{"floor":9,"key":"War Paint"},{"floor":10,"key":"Peace Pipe"},{"floor":12,"key":"Bottled Flame"},{"floor":19,"key":"Strawberry"},{"floor":23,"key":"MawBank"},{"floor":26,"key":"Nunchaku"},{"floor":28,"key":"Orichalcum"},{"floor":31,"key":"Bag of Marbles"},{"floor":41,"key":"Calipers"},{"floor":43,"key":"Centennial Puzzle"}],"event_choices":[{"damage_healed":0,"gold_gain":0,"player_choice":"Success","damage_taken":7,"relics_obtained":["Juzu Bracelet"],"max_hp_gain":0,"max_hp_loss":0,"event_name":"Scrap Ooze","floor":2,"gold_loss":0},{"cards_removed":["Strike_B"],"damage_healed":0,"gold_gain":0,"player_choice":"Card Removal","damage_taken":7,"max_hp_gain":0,"max_hp_loss":0,"event_name":"Golden Wing","floor":4,"gold_loss":0},{"damage_healed":0,"gold_gain":0,"player_choice":"Damaged","damage_taken":7,"max_hp_gain":0,"max_hp_loss":0,"event_name":"Wheel of Change","floor":7,"gold_loss":0},{"damage_healed":0,"gold_gain":0,"player_choice":"Joined the Cult","damage_taken":6,"max_hp_gain":0,"max_hp_loss":0,"event_name":"Nest","floor":20,"gold_loss":0,"cards_obtained":["RitualDagger"]},{"damage_healed":0,"gold_gain":0,"player_choice":"Became a vampire","damage_taken":0,"max_hp_gain":0,"max_hp_loss":25,"event_name":"Vampires","floor":21,"gold_loss":0,"cards_obtained":["Bite","Bite","Bite","Bite","Bite"]},{"damage_healed":0,"gold_gain":0,"player_choice":"Damaged","damage_taken":5,"max_hp_gain":0,"max_hp_loss":0,"event_name":"Wheel of Change","floor":22,"gold_loss":0},{"cards_removed":["Rebound"],"damage_healed":5,"gold_gain":0,"player_choice":"Offered Common","damage_taken":0,"max_hp_gain":0,"max_hp_loss":0,"event_name":"Bonfire Elementals","floor":24,"gold_loss":0},{"cards_removed":["Rebound"],"damage_healed":5,"gold_gain":0,"player_choice":"Offered Special","damage_taken":0,"max_hp_gain":0,"max_hp_loss":0,"event_name":"Bonfire Elementals","floor":24,"gold_loss":0},{"damage_healed":0,"gold_gain":0,"player_choice":"Ignored","damage_taken":0,"max_hp_gain":0,"max_hp_loss":0,"event_name":"Tomb of Lord Red Mask","floor":38,"gold_loss":0},{"damage_healed":0,"gold_gain":0,"player_choice":"Fight","damage_taken":0,"max_hp_gain":0,"max_hp_loss":0,"event_name":"MindBloom","floor":41,"gold_loss":0}],"is_beta":false,"boss_relics":[{"not_picked":["Black Star","Ectoplasm"],"picked":"Nuclear Battery"},{"not_picked":["Empty Cage","Inserter"],"picked":"Busted Crown"}],"items_purged_floors":[27],"is_endless":false,"potions_floor_spawned":[1,6,14,23,29,33,35,41],"killed_by":"Time Eater","ascension_level":1}}