{"host":"3l86636hmmefx41a","time":1610149941,"event":{"mods":["BaseMod","Hermit","Marked Mod","Minty Spire (QoL Compilation)","StSLib"],"gold_per_floor":[114,131,131,81,98,98,125,125,152,172,185,197,197,217,217,320,320,332,342,358,370,384,384,384],"floor_reached":23,"playtime":2174,"items_purged":[],"score":374,"play_id":"385983d3-774c-452f-a5f3-4a316c5e6e05","local_time":"20210109005221","daily_mods":["Draft"],"is_ascension_mode":false,"campfire_choices":[{"data":"Havoc","floor":6,"key":"SMITH"},{"data":"Havoc","floor":13,"key":"SMITH"},{"data":"Barricade","floor":15,"key":"SMITH"}],"circlet_count":0,"master_deck":["Havoc+1","Perfected Strike+1","Intimidate","Havoc+1","Body Slam","Shrug It Off","Shrug It Off","Cleave","Iron Wave","Pommel Strike","Havoc","Metallicize","Inflame","Thunderclap+1","Shrug It Off","Infernal Blade","Sentinel","Barricade+1","Anger","Fire Breathing","Double Tap","Disarm","Fire Breathing","Power Through+1","Body Slam"],"relics":["Burning Blood","Anchor","Orichalcum","Whetstone","Black Star"],"acts_visited":["TheCity"],"potions_floor_usage":[7,7,16,16,20,21],"damage_taken":[{"damage":7,"enemies":"Small Slimes","floor":1,"turns":3},{"damage":6,"enemies":"Cultist","floor":2,"turns":3},{"damage":7,"enemies":"Jaw Worm","floor":5,"turns":3},{"damage":0,"enemies":"Lagavulin","floor":7,"turns":6},{"damage":3,"enemies":"Large Slime","floor":10,"turns":4},{"damage":0,"enemies":"Blue Slaver","floor":11,"turns":3},{"damage":4,"enemies":"Exordium Thugs","floor":12,"turns":3},{"damage":0,"enemies":"Red Slaver","floor":14,"turns":5},{"damage":0,"enemies":"Slime Boss","floor":16,"turns":7},{"damage":0,"enemies":"Shell Parasite","floor":18,"turns":5},{"damage":9,"enemies":"Chosen","floor":19,"turns":6},{"damage":23,"enemies":"Centurion and Healer","floor":20,"turns":6},{"damage":0,"enemies":"Snake Plant","floor":21,"turns":7},{"damage":48,"enemies":"3 Cultists","floor":22,"turns":6},{"damage":17,"enemies":"Slavers","floor":23,"turns":4}],"seed_played":"723904105474878995","potions_obtained":[{"floor":1,"key":"HeartOfIron"},{"floor":5,"key":"PowerPotion"},{"floor":10,"key":"LiquidMemories"},{"floor":12,"key":"SkillPotion"},{"floor":19,"key":"SneckoOil"},{"floor":20,"key":"Ancient Potion"},{"floor":22,"key":"ElixirPotion"}],"is_trial":true,"path_per_floor":["M","M","?","?","M","R","E","?","T","M","M","M","R","M","R","B",null,"M","M","M","M","M","E"],"character_chosen":"IRONCLAD","items_purchased":[],"campfire_rested":0,"item_purchase_floors":[],"current_hp_per_floor":[79,79,79,79,78,78,80,80,80,80,80,80,80,80,80,80,80,80,77,60,66,24,7,7],"gold":384,"neow_bonus":"","is_daily":false,"chose_seed":false,"campfire_upgraded":3,"win_rate":0.0,"timestamp":1610149941,"path_taken":["M","M","?","?","M","R","E","?","T","M","M","M","R","M","R","BOSS","M","M","M","M","M","E"],"items_purchased_type":[],"build_version":"2020-12-22","purchased_purges":0,"victory":false,"max_hp_per_floor":[80,80,80,80,80,80,80,80,80,80,80,80,80,80,80,80,80,80,80,80,80,80,80,80],"card_choices":[{"not_picked":["Dual Wield","Iron Wave"],"picked":"Havoc","floor":0},{"not_picked":["Warcry","Flex"],"picked":"Perfected Strike","floor":0},{"not_picked":["Perfected Strike","Bloodletting"],"picked":"Intimidate","floor":0},{"not_picked":["Warcry","Bloodletting"],"picked":"Perfected Strike","floor":0},{"not_picked":["Iron Wave","Power Through"],"picked":"Havoc","floor":0},{"not_picked":["Clothesline","Burning Pact"],"picked":"Body Slam","floor":0},{"not_picked":["Rupture","Headbutt"],"picked":"Shrug It Off","floor":0},{"not_picked":["True Grit","Armaments"],"picked":"Shrug It Off","floor":0},{"not_picked":["Flex","Infernal Blade"],"picked":"Cleave","floor":0},{"not_picked":["Combust","Armaments"],"picked":"Iron Wave","floor":0},{"not_picked":["Entrench","Battle Trance"],"picked":"Pommel Strike","floor":0},{"not_picked":["Iron Wave","Clothesline"],"picked":"Havoc","floor":0},{"not_picked":["Sword Boomerang","Pommel Strike"],"picked":"Metallicize","floor":0},{"not_picked":["Sever Soul","Headbutt"],"picked":"Inflame","floor":0},{"not_picked":["Dual Wield","Flex"],"picked":"Thunderclap","floor":0},{"not_picked":["Thunderclap","Flex"],"picked":"Shrug It Off","floor":1},{"not_picked":["Clash","Clothesline"],"picked":"Rampage","floor":2},{"not_picked":["Power Through","Clothesline"],"picked":"Infernal Blade","floor":5},{"not_picked":["Headbutt","Spot Weakness"],"picked":"Sentinel","floor":7},{"not_picked":["Shrug It Off","Ghostly Armor"],"picked":"Barricade","floor":10},{"not_picked":["Hemokinesis","True Grit"],"picked":"Anger","floor":11},{"not_picked":["Shrug It Off","Clash"],"picked":"Fire Breathing","floor":12},{"not_picked":["Perfected Strike","Disarm","Battle Trance"],"picked":"SKIP","floor":14},{"not_picked":["Immolate","Fiend Fire"],"picked":"Double Tap","floor":16},{"not_picked":["Warcry","Uppercut","Searing Blow"],"picked":"SKIP","floor":18},{"not_picked":["Twin Strike","Rupture"],"picked":"Disarm","floor":19},{"not_picked":["Perfected Strike","Iron Wave"],"picked":"Fire Breathing","floor":20},{"not_picked":["Thunderclap","Heavy Blade"],"picked":"Power Through+1","floor":21},{"not_picked":["Twin Strike+1","Iron Wave+1"],"picked":"Body Slam","floor":22}],"player_experience":85806,"relics_obtained":[{"floor":7,"key":"Anchor"},{"floor":9,"key":"Whetstone"}],"event_choices":[{"damage_healed":0,"gold_gain":0,"player_choice":"Ignored","damage_taken":0,"max_hp_gain":0,"max_hp_loss":0,"event_name":"Golden Wing","floor":3,"gold_loss":0},{"cards_removed":["Perfected Strike"],"damage_healed":0,"gold_gain":0,"player_choice":"Card Removal","damage_taken":0,"max_hp_gain":0,"max_hp_loss":0,"event_name":"The Cleric","floor":4,"gold_loss":50},{"cards_removed":["Rampage"],"damage_healed":0,"gold_gain":0,"player_choice":"Gave Card","damage_taken":0,"relics_obtained":["Orichalcum"],"max_hp_gain":0,"max_hp_loss":0,"event_name":"WeMeetAgain","floor":8,"gold_loss":0}],"is_beta":false,"boss_relics":[{"not_picked":["Fusion Hammer","Astrolabe"],"picked":"Black Star"}],"items_purged_floors":[],"is_endless":true,"potions_floor_spawned":[1,5,10,12,19,20,22],"killed_by":"Slavers","ascension_level":0}}