{"host":"alk2ftu785mujiir","time":1610121759,"event":{"mods":["BaseMod","Colored Map","Downfall","Minty Spire (QoL Compilation)","StSLib"],"gold_per_floor":[111,129,129,149,167,201,201,211,258,289,119,119,47,47,47,150,150,164,177,77,94,105,137,137,152,152,182,182,217,317,35,35,35,35],"floor_reached":33,"playtime":1662,"items_purged":["Strike_R","Strike_R","Strike_R"],"score":295,"play_id":"02af5f54-3247-4c5f-9ac6-43b2a6cb9b60","local_time":"20210108110239","is_ascension_mode":false,"campfire_choices":[{"data":"Uppercut","floor":7.0,"key":"SMITH"},{"data":"Jack Of All Trades","floor":12,"key":"SMITH"},{"floor":15,"key":"REST"},{"data":"Berserk","floor":24,"key":"SMITH"},{"floor":32,"key":"REST"}],"circlet_count":0,"master_deck":["Strike_R","Defend_R","Defend_R","Defend_R","Bash","Flex","Uppercut+1","Rampage","Shrug It Off","Headbutt","Ghostly Armor","Jack Of All Trades+1","Double Tap","Berserk+1","Seeing Red+1","Disarm"],"relics":["Burning Blood","FossilizedHelix","Toy Ornithopter","HornCleat","Black Star","Boot","Bottled Tornado","InkBottle","Red Mask","Bird Faced Urn","Pocketwatch","Thread and Needle","Charon\u0027s Ashes","Letter Opener","hexamod:BolsterEngine"],"acts_visited":["Exordium","TheCity"],"potions_floor_usage":[22,23],"damage_taken":[{"damage":6.0,"enemies":"Jaw Worm","floor":1.0,"turns":3.0},{"damage":1.0,"enemies":"Cultist","floor":2.0,"turns":3.0},{"damage":2.0,"enemies":"Small Slimes","floor":4.0,"turns":4.0},{"damage":0.0,"enemies":"Looter","floor":5.0,"turns":1.0},{"damage":24.0,"enemies":"Gremlin Nob","floor":6.0,"turns":4.0},{"damage":7.0,"enemies":"3 Louse","floor":8.0,"turns":3.0},{"damage":15,"enemies":"3 Sentries","floor":10,"turns":6},{"damage":34,"enemies":"Slime Boss","floor":16,"turns":14},{"damage":0,"enemies":"2 Thieves","floor":18,"turns":4},{"damage":10,"enemies":"Spheric Guardian","floor":19,"turns":4},{"damage":1,"enemies":"Snecko","floor":21,"turns":5},{"damage":9,"enemies":"Cultist and Chosen","floor":22,"turns":8},{"damage":25,"enemies":"Slavers","floor":23,"turns":7},{"damage":18,"enemies":"Shelled Parasite and Fungi","floor":25,"turns":6},{"damage":14,"enemies":"Masked Bandits","floor":27,"turns":5},{"damage":8,"enemies":"Book of Stabbing","floor":29,"turns":5},{"damage":14,"enemies":"Colosseum Slavers","floor":30,"turns":5},{"damage":12,"enemies":"Colosseum Nobs","floor":30,"turns":5},{"damage":69,"enemies":"Collector","floor":33,"turns":11}],"seed_played":"4551275905664413786","potions_obtained":[{"floor":2.0,"key":"GamblersBrew"},{"floor":4.0,"key":"AttackPotion"},{"floor":5.0,"key":"LiquidBronze"},{"floor":14,"key":"HeartOfIron"},{"floor":14,"key":"EssenceOfSteel"},{"floor":22,"key":"GamblersBrew"},{"floor":25,"key":"ElixirPotion"},{"floor":29,"key":"DuplicationPotion"}],"is_trial":false,"path_per_floor":["M","M","?","M","M","E","R","M","T","E","$","R","$","?","R","B",null,"M","M","$","M","M","E","R","M","T","?","?","E","?","$","R","B"],"character_chosen":"IRONCLAD","items_purchased":["Jack Of All Trades","Double Tap","hexamod:BolsterEngine"],"campfire_rested":2,"item_purchase_floors":[11,13,31],"current_hp_per_floor":[56,61,61,65,71,53,53,52,52,43,43,43,43,43,67,39,80,80,76,76,80,77,61,61,49,49,41,41,43,39,39,63,0,0],"gold":35,"neow_bonus":"REMOVE_TWO","is_daily":false,"chose_seed":false,"campfire_upgraded":3,"win_rate":0.0,"timestamp":1610121759,"path_taken":["M","M","?","M","M","E","R","M","T","E","?","R","$","?","R","BOSS","M","M","?","M","M","E","R","M","T","?","?","E","?","$","R","BOSS"],"items_purchased_type":["Card","Card","Relic"],"build_version":"2020-12-22","purchased_purges":3,"victory":false,"max_hp_per_floor":[80,80,80,80,80,80,80,80,80,80,80,80,80,80,80,80,80,80,80,80,80,80,80,80,80,80,80,80,80,80,80,80,80,80],"card_choices":[{"not_picked":["True Grit","Sever Soul"],"picked":"Flex","floor":1.0},{"not_picked":["Armaments","Cleave"],"picked":"Uppercut","floor":2.0},{"not_picked":["Disarm","Flame Barrier"],"picked":"Rampage","floor":4.0},{"not_picked":["Sentinel","Inflame"],"picked":"Shrug It Off","floor":5.0},{"not_picked":["Exhume","Flex","Perfected Strike"],"picked":"SKIP","floor":6.0},{"not_picked":["Blood for Blood","Cleave"],"picked":"Headbutt","floor":8.0},{"not_picked":["Rupture","Clash"],"picked":"Ghostly Armor","floor":10},{"not_picked":["Feed","Barricade"],"picked":"Berserk","floor":16},{"not_picked":["True Grit+1","Pommel Strike","Havoc"],"picked":"SKIP","floor":18},{"not_picked":["Iron Wave","Bloodletting","Perfected Strike"],"picked":"SKIP","floor":19},{"not_picked":["Warcry","True Grit","Perfected Strike+1"],"picked":"SKIP","floor":21},{"not_picked":["Shrug It Off","Dual Wield"],"picked":"Seeing Red+1","floor":22},{"not_picked":["Havoc","Sentinel+1","Fiend Fire"],"picked":"SKIP","floor":23},{"not_picked":["Clash","Pommel Strike","Rupture"],"picked":"SKIP","floor":25},{"not_picked":["Perfected Strike+1","Armaments"],"picked":"Disarm","floor":29}],"player_experience":1743654,"relics_obtained":[{"floor":6.0,"key":"FossilizedHelix"},{"floor":9.0,"key":"Toy Ornithopter"},{"floor":10,"key":"HornCleat"},{"floor":23,"key":"Boot"},{"floor":23,"key":"Bottled Tornado"},{"floor":26,"key":"InkBottle"},{"floor":27,"key":"Red Mask"},{"floor":29,"key":"Pocketwatch"},{"floor":29,"key":"Thread and Needle"},{"floor":30,"key":"Charon\u0027s Ashes"},{"floor":30,"key":"Letter Opener"}],"event_choices":[{"damage_healed":0.0,"max_hp_gain":0.0,"max_hp_loss":0.0,"gold_gain":0.0,"event_name":"NoteForYourself","player_choice":"Ignored","floor":3.0,"gold_loss":0.0,"damage_taken":0.0},{"damage_healed":0,"gold_gain":0,"player_choice":"Got Potions","damage_taken":0,"max_hp_gain":0,"max_hp_loss":0,"event_name":"Lab","floor":14,"gold_loss":0},{"damage_healed":0,"gold_gain":0,"player_choice":"Fought Bandits","damage_taken":0,"max_hp_gain":0,"max_hp_loss":0,"event_name":"Masked Bandits","floor":27,"gold_loss":0},{"damage_healed":0,"gold_gain":0,"player_choice":"Opened","damage_taken":0,"relics_obtained":["Bird Faced Urn"],"max_hp_gain":0,"max_hp_loss":0,"event_name":"The Mausoleum","floor":28,"gold_loss":0},{"damage_healed":0,"gold_gain":0,"player_choice":"Fight","damage_taken":0,"max_hp_gain":0,"max_hp_loss":0,"event_name":"Colosseum","floor":30,"gold_loss":0},{"damage_healed":0,"gold_gain":0,"player_choice":"Fought Nobs","damage_taken":0,"max_hp_gain":0,"max_hp_loss":0,"event_name":"Colosseum","floor":30,"gold_loss":0}],"is_beta":false,"boss_relics":[{"not_picked":["Calling Bell","Astrolabe"],"picked":"Black Star"}],"items_purged_floors":[11,20,31],"is_endless":false,"potions_floor_spawned":[2,4,5,22,25,29,30],"killed_by":"Collector","ascension_level":0}}