{"host":"i0avyit1s6jb1siw","time":1610117429,"event":{"mods":["BaseMod","DeckTracker","Dota2Spire","Highlight Path","Minty Spire (QoL Compilation)","Quick Restart","StSLib","SuperFastMode"],"gold_per_floor":[16,32,46,63,113,113,146,146,169,180,180,192,15,44,44,116,116,128,28,28,28,42,42,42,14,39,59,59,59],"floor_reached":28,"playtime":528,"items_purged":["Strike_G","Strike_G"],"score":456,"play_id":"fa3d007e-d508-4f49-9051-a632020733ea","local_time":"20210108155029","is_ascension_mode":true,"campfire_choices":[{"data":"Mayhem","floor":6,"key":"SMITH"},{"floor":8,"key":"REST"},{"floor":11,"key":"REST"},{"data":"Accuracy","floor":15,"key":"SMITH"},{"floor":23,"key":"REST"}],"circlet_count":0,"master_deck":["AscendersBane","Strike_G","Strike_G","Strike_G","Defend_G","Defend_G","Defend_G","Defend_G","Defend_G","Survivor","Neutralize","Mayhem+1","Masterful Stab","Eviscerate","Flying Knee","Corpse Explosion","Blade Dance","Acrobatics","Predator","Accuracy+1","Malaise","Sucker Punch+1","Dash","Backflip","Injury","Cloak And Dagger"],"relics":["Ring of the Snake","Boot","Toy Ornithopter","Dota2Spire:PhaseBoots","Cursed Key","GremlinMask","Ice Cream","Lantern"],"acts_visited":["Exordium","TheCity"],"potions_floor_usage":[7,16,16],"damage_taken":[{"damage":9,"enemies":"2 Louse","floor":1,"turns":6},{"damage":6,"enemies":"Cultist","floor":2,"turns":4},{"damage":7,"enemies":"Jaw Worm","floor":3,"turns":4},{"damage":6,"enemies":"Looter","floor":4,"turns":4},{"damage":17,"enemies":"Lagavulin","floor":7,"turns":5},{"damage":27,"enemies":"Exordium Thugs","floor":10,"turns":5},{"damage":0,"enemies":"Lots of Slimes","floor":12,"turns":1},{"damage":6,"enemies":"Gremlin Nob","floor":14,"turns":3},{"damage":48,"enemies":"Slime Boss","floor":16,"turns":10},{"damage":26,"enemies":"Shell Parasite","floor":18,"turns":5},{"damage":10,"enemies":"3 Byrds","floor":22,"turns":4},{"damage":19,"enemies":"Cultist and Chosen","floor":27,"turns":5},{"damage":24,"enemies":"3 Cultists","floor":28,"turns":4}],"seed_played":"749186213792281795","potions_obtained":[{"floor":1,"key":"Regen Potion"},{"floor":2,"key":"SkillPotion"},{"floor":14,"key":"Dota2Spire:HealingSalve"},{"floor":16,"key":"Dota2Spire:Clarity"},{"floor":27,"key":"Dota2Spire:Clarity"}],"is_trial":false,"path_per_floor":["M","M","M","M","?","R","E","R","T","M","R","M","$","E","R","B",null,"M","$","?","?","M","R","?","$","T","M","M"],"character_chosen":"THE_SILENT","items_purchased":["Acrobatics","Predator","Backflip"],"campfire_rested":3,"item_purchase_floors":[13,13,25],"current_hp_per_floor":[50,44,37,31,31,31,14,33,33,6,25,25,25,19,19,11,52,26,26,26,26,16,35,35,35,35,16,0,0],"gold":59,"neow_bonus":"RANDOM_COLORLESS_2","is_daily":false,"chose_seed":false,"campfire_upgraded":2,"win_rate":0.0,"timestamp":1610117429,"path_taken":["M","M","M","M","?","R","E","R","T","M","R","?","$","E","R","BOSS","M","$","?","?","?","R","?","$","T","?","M"],"items_purchased_type":["Card","Card","Card"],"build_version":"2020-12-22","purchased_purges":2,"victory":false,"max_hp_per_floor":[66,66,66,66,66,66,66,66,66,66,66,66,66,66,66,66,66,66,66,66,66,66,66,66,66,66,66,66,66],"card_choices":[{"not_picked":["Metamorphosis","Panache"],"picked":"Mayhem","floor":0},{"not_picked":["Quick Slash","Dagger Throw"],"picked":"Masterful Stab","floor":1},{"not_picked":["Calculated Gamble","Dagger Spray"],"picked":"Eviscerate","floor":2},{"not_picked":["PiercingWail","Flechettes"],"picked":"Flying Knee","floor":3},{"not_picked":["Underhanded Strike","Choke","Accuracy"],"picked":"SKIP","floor":4},{"not_picked":["Calculated Gamble","Bouncing Flask"],"picked":"Corpse Explosion","floor":7},{"not_picked":["Underhanded Strike","Dodge and Roll"],"picked":"Blade Dance","floor":10},{"not_picked":["Dagger Throw","Deflect","Flying Knee"],"picked":"SKIP","floor":12},{"not_picked":["Prepared","Blade Dance"],"picked":"Accuracy","floor":14},{"not_picked":["Bullet Time","Wraith Form v2"],"picked":"Malaise","floor":16},{"not_picked":["Prepared","Heel Hook+1"],"picked":"Sucker Punch+1","floor":18},{"not_picked":["Flying Knee","Blade Dance","Slice"],"picked":"SKIP","floor":22},{"not_picked":["Noxious Fumes+1","Backflip"],"picked":"Cloak And Dagger","floor":27}],"player_experience":2185946,"relics_obtained":[{"floor":7,"key":"Boot"},{"floor":9,"key":"Toy Ornithopter"},{"floor":14,"key":"Dota2Spire:PhaseBoots"},{"floor":26,"key":"Lantern"}],"event_choices":[{"damage_healed":0,"gold_gain":50,"player_choice":"Pray","damage_taken":0,"max_hp_gain":0,"max_hp_loss":0,"event_name":"Golden Shrine","floor":5,"gold_loss":0},{"damage_healed":0,"gold_gain":0,"player_choice":"Read","damage_taken":0,"max_hp_gain":0,"max_hp_loss":0,"event_name":"The Library","floor":20,"gold_loss":0,"cards_obtained":["Dash"]},{"damage_healed":0,"gold_gain":0,"player_choice":"Trade","damage_taken":0,"relics_obtained":["GremlinMask"],"max_hp_gain":0,"max_hp_loss":0,"event_name":"FaceTrader","floor":21,"gold_loss":0},{"damage_healed":0,"gold_gain":0,"player_choice":"Gave Potion","damage_taken":0,"relics_obtained":["Ice Cream"],"max_hp_gain":0,"max_hp_loss":0,"event_name":"WeMeetAgain","floor":24,"gold_loss":0}],"is_beta":false,"boss_relics":[{"not_picked":["SlaversCollar","Velvet Choker"],"picked":"Cursed Key"}],"items_purged_floors":[13,19],"is_endless":false,"potions_floor_spawned":[1,2,14,16,27],"killed_by":"3 Cultists","ascension_level":20}}