{"host":"ik8ww1p4uabx5gam","time":1610076012,"event":{"mods":["Always Whale","Aspiration","BaseMod","Better Third Choice","BetterRewards","Colored Map","Conspire","Energized Spire","FetchMod","Hubris","Infinite Spire","Ironclad Rager","Jedi Mod","Minty Spire (QoL Compilation)","Random Character Button","Replay The Spire","Shop Mod","Spicy Shops","Spikes Relics","StSLib","The Blue Laboratory","Wandering Minibosses","??????REMEMod"],"gold_per_floor":[20,20,0,0,17,47,61,61,61,79,110,110,123,157,157,256,256,273,290,303,218,218,218,238,238,309,339,353,366,366,395,395,395,395],"floor_reached":33,"playtime":1715,"items_purged":[],"score":426,"play_id":"851ccec4-48ec-429e-bfba-ce28bac4a792","local_time":"20210107212012","is_ascension_mode":true,"campfire_choices":[{"data":"Armaments","floor":8,"key":"SMITH"},{"data":"ReplayReversal","floor":12,"key":"SMITH"},{"floor":15,"key":"REST"},{"data":"conspire:Charge","floor":23,"key":"SMITH"},{"data":"Hidden Blade","floor":25,"key":"SMITH"},{"data":"Enlightenment","floor":32,"key":"SMITH"}],"circlet_count":0,"master_deck":["Bash","Overencumbered","Twin Strike","Twin Strike","Twin Strike","Twin Strike","Twin Strike","Iron Wave","Iron Wave","Iron Wave","Iron Wave","Perfected Strike","Predator","Enlightenment+1","ReplayReversal+1","Deep Breath","Armaments+1","conspire:Charge+1","Feed","Deflect","Shrug It Off+1","Outmaneuver+1","Hidden Blade+1","Poisoned Stab+1","Acrobatics+1","Backflip"],"relics":["Burning Blood","REME_ComplimentaryCards","aspiration:HiddenCompartment","FaceOfCleric","hubris:MysteriousPyramids","Darkstone Periapt","infinitespire:Satchel","Nunchaku","aspiration:SilentSkillbook","wanderingMiniBosses:CarrionFlame","InkBottle","RetroEgg","Omamori","aspiration:TomeofQuesting"],"acts_visited":["Exordium","TheCity"],"potions_floor_usage":[14,16,19,20,27,33],"damage_taken":[{"damage":1,"enemies":"Jaw Worm","floor":1,"turns":2},{"damage":0,"enemies":"conspire:RoseBush","floor":5,"turns":2},{"damage":9,"enemies":"Gremlin Nob","floor":6,"turns":4},{"damage":3,"enemies":"Small Slimes","floor":7,"turns":2},{"damage":5,"enemies":"Looter","floor":10,"turns":3},{"damage":26,"enemies":"Lagavulin","floor":11,"turns":5},{"damage":10,"enemies":"Large Slime","floor":13,"turns":7},{"damage":0,"enemies":"3 Sentries","floor":14,"turns":5},{"damage":12,"enemies":"Slime Boss","floor":16,"turns":3},{"damage":38,"enemies":"Chosen","floor":18,"turns":6},{"damage":0,"enemies":"conspire:FuzzyDice","floor":19,"turns":7},{"damage":22,"enemies":"Chosen and Byrds","floor":20,"turns":6},{"damage":6,"enemies":"Centurion and Healer","floor":24,"turns":6},{"damage":18,"enemies":"Gremlin Leader","floor":27,"turns":6},{"damage":9,"enemies":"conspire:HollyBat","floor":28,"turns":6},{"damage":12,"enemies":"Snecko","floor":29,"turns":4},{"damage":16,"enemies":"Replay:Snechameleon","floor":31,"turns":3},{"damage":31,"enemies":"Collector","floor":33,"turns":8}],"seed_played":"-8210346155414269804","potions_obtained":[{"floor":7,"key":"jedi:wingpotion"},{"floor":13,"key":"Block Potion"},{"floor":14,"key":"Death Potion"},{"floor":16,"key":"Reflective Coating"},{"floor":18,"key":"jedi:StrikingPotion"},{"floor":19,"key":"blueLaboratory:PhilterOfMotion"},{"floor":24,"key":"SneckoOil"}],"is_trial":false,"path_per_floor":["M","?","?","?","M","E","M","R","T","M","E","R","M","E","R","B",null,"M","M","M","?","?","R","M","R","T","E","M","M","?","E","R","B"],"character_chosen":"IRONCLAD","items_purchased":[],"campfire_rested":1,"item_purchase_floors":[],"current_hp_per_floor":[56,30,36,36,43,41,45,45,45,47,28,28,25,32,57,52,86,55,66,54,54,54,54,55,55,55,44,45,40,40,31,31,0,0],"gold":395,"neow_bonus":"IRONCLAD_BERSERKER","is_daily":false,"chose_seed":false,"campfire_upgraded":5,"win_rate":0.0,"timestamp":1610076012,"path_taken":["M","?","?","?","M","E","M","R","T","M","E","R","?","E","R","BOSS","M","M","M","?","?","R","M","R","T","E","M","?","?","E","R","BOSS"],"items_purchased_type":[],"build_version":"2020-12-22","purchased_purges":0,"victory":false,"max_hp_per_floor":[72,72,78,78,79,80,81,81,81,82,83,83,84,85,85,86,86,87,92,96,96,96,96,97,97,97,98,102,103,103,104,104,104,104],"card_choices":[{"not_picked":["Heavy Blade","hubris:ReadiedAction"],"picked":"Perfected Strike","floor":1},{"not_picked":["True Grit","Combust"],"picked":"ReplayReversal","floor":5},{"not_picked":["jedi:MakeshiftSword","Anger","Headbutt"],"picked":"SKIP","floor":6},{"not_picked":["Warcry","Anger"],"picked":"Armaments","floor":7},{"not_picked":["Flex","Reaper"],"picked":"conspire:Charge","floor":10},{"not_picked":["Hemokinesis","Run Through","Sword Boomerang"],"picked":"SKIP","floor":11},{"not_picked":["Armaments","Pommel Strike","True Grit"],"picked":"SKIP","floor":13},{"not_picked":["Iron Wave","Rampage","Searing Blow"],"picked":"SKIP","floor":14},{"not_picked":["Immolate","Reaper"],"picked":"Feed","floor":16},{"not_picked":["Heavy Blade","Wild Strike+1","True Grit","Deflect"],"picked":"SKIP","floor":18},{"not_picked":["Heavy Blade","Wild Strike+1","True Grit"],"picked":"Deflect","floor":18},{"not_picked":["Flying Knee+1","Sucker Punch","REME_ShadowStrike"],"picked":"Shrug It Off+1","floor":19},{"not_picked":["Twin Strike+1","Clothesline","Accuracy+1"],"picked":"Outmaneuver+1","floor":20},{"not_picked":["Dagger Throw","Bane","True Grit"],"picked":"Hidden Blade","floor":24},{"not_picked":["Uppercut","conspire:HitWhereItHurts","ReplayTheSpireMod:Strike From Hell","Night Terror"],"picked":"SKIP","floor":27},{"not_picked":["Predator","Run Through","Sucker Punch"],"picked":"Poisoned Stab+1","floor":28},{"not_picked":["Hidden Blade","Underhanded Strike","Hemokinesis"],"picked":"Acrobatics+1","floor":29},{"not_picked":["Well Laid Plans","Deflect","Predator"],"picked":"Backflip","floor":31}],"player_experience":938037,"relics_obtained":[{"floor":6,"key":"hubris:MysteriousPyramids"},{"floor":9,"key":"Darkstone Periapt"},{"floor":11,"key":"infinitespire:Satchel"},{"floor":14,"key":"Nunchaku"},{"floor":19,"key":"wanderingMiniBosses:CarrionFlame"},{"floor":26,"key":"RetroEgg"},{"floor":27,"key":"Omamori"},{"floor":31,"key":"aspiration:TomeofQuesting"}],"event_choices":[{"damage_healed":0,"gold_gain":0,"player_choice":"RENOUNCE","damage_taken":20,"max_hp_gain":0,"max_hp_loss":0,"event_name":"betterThird:BetterSerpent","floor":3,"gold_loss":20,"cards_obtained":["Enlightenment"]},{"damage_healed":0,"gold_gain":0,"player_choice":"Trade","damage_taken":0,"relics_obtained":["FaceOfCleric"],"max_hp_gain":0,"max_hp_loss":0,"event_name":"FaceTrader","floor":4,"gold_loss":0},{"damage_healed":0,"gold_gain":0,"player_choice":"Obtained Relic","damage_taken":0,"relics_obtained":["InkBottle"],"max_hp_gain":0,"max_hp_loss":0,"event_name":"Addict","floor":21,"gold_loss":85},{"damage_healed":0,"gold_gain":0,"player_choice":"0 cards matched","damage_taken":0,"max_hp_gain":0,"max_hp_loss":0,"event_name":"Match and Keep!","floor":22,"gold_loss":0,"cards_obtained":[]}],"is_beta":false,"boss_relics":[{"not_picked":["Tiny House","conspire:RunicOctahedron"],"picked":"aspiration:SilentSkillbook"}],"items_purged_floors":[],"is_endless":false,"potions_floor_spawned":[7,13,14,16,18,19,24],"killed_by":"Collector","ascension_level":1}}