{"host":"5fasz840ryq7obdf","time":1610114604,"event":{"mods":["2.2 Compatiblity","AchievementEnabler","BaseMod","Bestiary","Better Altar","Better Skull","Better Third Choice","BetterRewards","Block Reminder","Colored Powertips","Curses Come First","Minty Spire (QoL Compilation)","Quick Restart","Relic Sorter","Relic Stats","Shop Mod","Spicy Shops","StSLib","SuperFastMode","ojb\u0027s Better Paths Mod","ojb\u0027s Info Mod"],"gold_per_floor":[111,386,404,414,414,414,440,451,520,28,60,75,91,125,125,196,196,215,230,230,12,12,12,43,43,43,70,81,81,93,128,128,199,199,216,226,239,26,74,108,108,133,158,172,172,6,6,6],"floor_reached":47,"playtime":4014,"items_purged":["Strike_P","Strike_P","Regret"],"score":1826,"play_id":"32993785-e319-4baf-9ede-ceb35f991b3b","local_time":"20210108140324","is_ascension_mode":true,"campfire_choices":[{"floor":6.0,"key":"REST"},{"data":"DeusExMachina","floor":15.0,"key":"SMITH"},{"data":"Eruption","floor":23.0,"key":"SMITH"},{"floor":29.0,"key":"RECALL"},{"data":"Adaptation","floor":32.0,"key":"SMITH"},{"data":"Ragnarok","floor":45.0,"key":"SMITH"}],"circlet_count":0,"master_deck":["AscendersBane","Strike_P+1","Defend_P","Defend_P","Defend_P","Eruption+1","Vigilance","BattleHymn","TalkToTheHand+1","Adaptation+1","Protect","CrushJoints","FearNoEvil","Indignation","Ragnarok+1","Apotheosis+1","SpiritShield","Consecrate","Wallop","Wireheading","Indignation","Devotion","EmptyBody+1","MentalFortress","ThirdEye","CutThroughFate","DevaForm","DeusExMachina+1","Blasphemy","Establishment","Wallop","WreathOfFlame","CrushJoints","JustLucky","Alpha","Crescendo+1","Protect+1","FlurryOfBlows","Wireheading","Wallop","Scrawl","FlurryOfBlows+1","WaveOfTheHand+1"],"relics":["PureWater","Torii","Pen Nib","HandDrill","OrangePellets","Orrery","Singing Bowl","Matryoshka","Yang","Pocketwatch","Letter Opener","War Paint","Lee\u0027s Waffle","TheAbacus","Bag of Preparation","Whetstone","Empty Cage","Membership Card","TeardropLocket","Boot","Happy Flower","Meat on the Bone","Toy Ornithopter","Bag of Marbles","Coffee Dripper","Kunai","Ginger","Bird Faced Urn","Pear","Oddly Smooth Stone","Akabeko"],"acts_visited":["Exordium","TheCity","TheBeyond"],"potions_floor_usage":[],"damage_taken":[{"damage":0.0,"enemies":"2 Louse","floor":1.0,"turns":2.0},{"damage":4.0,"enemies":"Cultist","floor":3.0,"turns":4.0},{"damage":9.0,"enemies":"Jaw Worm","floor":4.0,"turns":4.0},{"damage":22.0,"enemies":"Lagavulin","floor":7.0,"turns":6.0},{"damage":1.0,"enemies":"Exordium Wildlife","floor":8.0,"turns":4.0},{"damage":1.0,"enemies":"3 Sentries","floor":11.0,"turns":4.0},{"damage":1.0,"enemies":"2 Fungi Beasts","floor":12.0,"turns":4.0},{"damage":1.0,"enemies":"Large Slime","floor":13.0,"turns":4.0},{"damage":9.0,"enemies":"Gremlin Nob","floor":14.0,"turns":4.0},{"damage":0.0,"enemies":"The Guardian","floor":16.0,"turns":6.0},{"damage":18.0,"enemies":"Shell Parasite","floor":18.0,"turns":5.0},{"damage":0.0,"enemies":"Chosen","floor":19.0,"turns":5.0},{"damage":21.0,"enemies":"Book of Stabbing","floor":24.0,"turns":4.0},{"damage":31.0,"enemies":"Slavers","floor":27.0,"turns":5.0},{"damage":15.0,"enemies":"Shelled Parasite and Fungi","floor":28.0,"turns":3.0},{"damage":8.0,"enemies":"Sentry and Sphere","floor":30.0,"turns":6.0},{"damage":1.0,"enemies":"Book of Stabbing","floor":31.0,"turns":3.0},{"damage":0.0,"enemies":"Champ","floor":33.0,"turns":7.0},{"damage":6.0,"enemies":"3 Darklings","floor":35.0,"turns":4.0},{"damage":0.0,"enemies":"3 Shapes","floor":36.0,"turns":1.0},{"damage":2.0,"enemies":"Writhing Mass","floor":37.0,"turns":5.0},{"damage":26.0,"enemies":"2 Orb Walkers","floor":39.0,"turns":4.0},{"damage":82.0,"enemies":"Reptomancer","floor":40.0,"turns":6.0},{"damage":0.0,"enemies":"Giant Head","floor":42.0,"turns":8.0},{"damage":12.0,"enemies":"Jaw Worm Horde","floor":44.0,"turns":3.0},{"damage":64,"enemies":"Reptomancer","floor":47,"turns":3}],"seed_played":"-4209302990076217192","potions_obtained":[{"floor":3.0,"key":"Energy Potion"},{"floor":7.0,"key":"Ancient Potion"},{"floor":12.0,"key":"PowerPotion"},{"floor":14.0,"key":"FairyPotion"},{"floor":30.0,"key":"DistilledChaos"},{"floor":31.0,"key":"SkillPotion"},{"floor":35.0,"key":"SpeedPotion"}],"is_trial":false,"path_per_floor":["M","?","M","M","?","R","E","M","T","$","E","M","M","E","R","B",null,"M","M","?","$","?","R","E","$","T","E","M","R","M","E","R","B",null,"M","M","M","$","?","E","?","E","T","M","R","$","E"],"character_chosen":"WATCHER","items_purchased":["Torii","Pen Nib","HandDrill","OrangePellets","BattleHymn","TalkToTheHand","Orrery","Singing Bowl","Ragnarok","Matryoshka","Apotheosis","SpiritShield","Consecrate","Wallop","Wireheading","Yang","Indignation","Lee\u0027s Waffle","ThirdEye","TheAbacus","Membership Card","TeardropLocket","Kunai","FlurryOfBlows","Wireheading","Oddly Smooth Stone","Akabeko"],"campfire_rested":1,"item_purchase_floors":[0,0,0,0,0,0,0,0,0,0,0,0,0,0,0,0,0,10,10,10,21,21,38,38,38,46,46],"current_hp_per_floor":[21,21,17,8,8,29,7,8,8,79,78,79,78,69,69,69,78,62,62,62,62,62,62,43,43,43,24,26,26,30,46,46,46,75,74,76,74,74,53,19,19,53,53,59,59,59,0,0],"gold":6,"neow_bonus":"","is_daily":false,"chose_seed":false,"campfire_upgraded":4,"win_rate":0.0,"timestamp":1610114604,"path_taken":["M","?","?","M","?","R","E","M","T","?","E","M","M","E","R","BOSS","M","M","?","$","?","R","E","?","T","E","M","R","M","E","R","BOSS","M","M","M","?","?","E","?","E","T","M","R","$","E"],"items_purchased_type":["Relic","Relic","Relic","Relic","Card","Card","Relic","Relic","Card","Relic","Card","Card","Card","Card","Card","Relic","Card","Relic","Card","Relic","Relic","Relic","Relic","Card","Card","Relic","Relic"],"build_version":"2020-12-22","purchased_purges":3,"victory":false,"max_hp_per_floor":[70,70,70,70,70,70,70,72,72,79,79,81,81,81,81,81,81,83,83,83,83,83,83,85,85,85,85,85,85,85,85,85,85,85,85,87,87,87,87,87,84,94,94,94,94,94,94,94],"relic_stats":{"Lee\u0027s Waffle":71,"Torii":55,"Singing Bowl":12,"Happy Flower":[78],"counters":[145,536],"Yang":[281],"Pen Nib":[41],"Bag of Preparation":[146],"Letter Opener":[1081],"Whetstone":["Weave","TalkToTheHand","LessonLearned","CutThroughFate","Strike_P","TalkToTheHand"],"Ginger":[2],"War Paint":["ThirdEye","Protect","EmptyBody","Apotheosis"],"Boot":[19],"OrangePellets":[60],"TheAbacus":[66],"Bird Faced Urn":[154],"HandDrill":[136],"Kunai":[21],"obtain_stats":[{"Whetstone":54,"Ginger":39,"Bottled Tornado":26,"Sling":37,"Boot":38,"Ring of Searing":44,"Replay:Ringing Soul":37,"MealTicket":7,"Fusion Hammer":17,"Replay:Bottled Flurry":45,"HandDrill":0,"Kunai":53,"Replay:Wax Seal":20,"Replay:Bottled Steam":49,"Pear":42,"Counterbalance":48,"ReplayTheSpireMod:Ring of Addiction":8,"Blue Candle":55,"Eternal Feather":8,"Pen Nib":42,"Guardian:PocketSentry":37,"Akabeko":0,"SlaversCollar":17,"Bird Faced Urn":0,"Pandora\u0027s Box":0,"StrikeDummy":31,"Lantern":29,"Torii":0,"Singing Bowl":0,"Replay:Purple Gloves":0,"Painkiller Herb":17,"StoneCalendar":11,"Bag of Preparation":10,"Ancient Tea Set":24,"Cursed Key":34,"Pet Ghost":8,"Shovel":6,"Matryoshka":0,"WingedGreaves":0,"Ring of Panic":44,"InkBottle":54,"Potion Belt":8,"Lee\u0027s Waffle":10,"Thread and Needle":36,"PreservedInsect":14,"Omamori":26,"Frozen Egg 2":40,"GoldenEye":30,"MawBank":40,"Orrery":37,"Turnip":44,"Garlic":20,"Art of War":24,"Bottled Lightning":3,"Toy Ornithopter":11,"Ice Cream":14,"champ:DuelingGlove":0,"Calipers":21,"Gremlin Horn":6,"Vajra":20,"Sozu":34,"Centennial Puzzle":45,"HornCleat":21,"Strawberry":55,"Iron Hammer":43,"Toxic Egg 2":41,"Happy Flower":0,"ReplayTheSpireMod:CursedCoin":2,"Dead Branch":47,"Oddly Smooth Stone":9,"Replay:Kaleidoscope":0,"Letter Opener":9,"War Paint":41,"Du-Vu Doll":25,"OrangePellets":0,"Bottled Flame":26,"ReplayTheSpireMod:Shallot":0,"Shuriken":55,"Bronze Scales":54,"Molten Egg 2":6,"Simple Rune":54,"Grinning Jar":22,"Meat on the Bone":0,"Pocketwatch":7,"ReplayTheSpireMod:Ring of Exchange":8,"SacredBark":8,"Yang":49,"CloakClasp":0,"Juzu Bracelet":21,"TeardropLocket":0,"Replay:Mystery Machine":23,"Empty Cage":17,"ClockworkSouvenir":39,"Replay:Bandana":0,"Nunchaku":0,"TheAbacus":10,"Pantograph":15,"Tiny Chest":31,"Red Mask":19,"ReplayTheSpireMod:Ninjato":6,"Replay:Towering Pillar of Hats":28,"Odd Mushroom":10,"Orichalcum":44,"White Beast Statue":11,"Mercury Hourglass":9,"Cauldron":20,"Strange Spoon":21,"CaptainsWheel":27,"Anchor":0,"Pondfish Scales":54,"ChewingGum":34,"Bag of Marbles":26,"Snack Pack":31,"Coffee Dripper":34,"Membership Card":54,"PureWater":0,"TungstenRod":20},{"Whetstone":86,"Ginger":141,"Bottled Tornado":42,"Sling":77,"Boot":77,"Ring of Searing":23,"Replay:Ringing Soul":77,"MealTicket":64,"Fusion Hammer":69,"Replay:Bottled Flurry":24,"HandDrill":27,"Kunai":117,"Replay:Wax Seal":11,"Replay:Bottled Steam":84,"Pear":143,"Counterbalance":25,"ReplayTheSpireMod:Ring of Addiction":64,"Blue Candle":118,"Eternal Feather":95,"Pen Nib":80,"Guardian:PocketSentry":110,"Akabeko":58,"SlaversCollar":36,"Bird Faced Urn":88,"Pandora\u0027s Box":0,"StrikeDummy":75,"Lantern":43,"Torii":119,"Singing Bowl":119,"Replay:Purple Gloves":58,"Painkiller Herb":9,"StoneCalendar":33,"Bag of Preparation":65,"Ancient Tea Set":14,"Cursed Key":108,"Pet Ghost":32,"Shovel":93,"Matryoshka":119,"WingedGreaves":58,"Ring of Panic":23,"InkBottle":117,"Potion Belt":64,"Lee\u0027s Waffle":124,"Thread and Needle":47,"PreservedInsect":35,"Omamori":103,"Frozen Egg 2":79,"GoldenEye":43,"MawBank":110,"Orrery":19,"Turnip":81,"Garlic":70,"Art of War":71,"Bottled Lightning":60,"Toy Ornithopter":96,"Ice Cream":68,"champ:DuelingGlove":88,"Calipers":70,"Gremlin Horn":63,"Vajra":70,"Sozu":17,"Centennial Puzzle":52,"HornCleat":101,"Strawberry":87,"Iron Hammer":80,"Toxic Egg 2":79,"Happy Flower":58,"ReplayTheSpireMod:CursedCoin":28,"Dead Branch":53,"Oddly Smooth Stone":32,"Replay:Kaleidoscope":58,"Letter Opener":124,"War Paint":22,"Du-Vu Doll":103,"OrangePellets":88,"Bottled Flame":72,"ReplayTheSpireMod:Shallot":58,"Shuriken":57,"Bronze Scales":117,"Molten Egg 2":31,"Simple Rune":86,"Grinning Jar":70,"Meat on the Bone":27,"Pocketwatch":123,"ReplayTheSpireMod:Ring of Exchange":64,"SacredBark":64,"Yang":115,"CloakClasp":58,"Juzu Bracelet":101,"TeardropLocket":58,"Replay:Mystery Machine":40,"Empty Cage":99,"ClockworkSouvenir":48,"Replay:Bandana":27,"Nunchaku":27,"TheAbacus":124,"Pantograph":98,"Tiny Chest":44,"Red Mask":11,"ReplayTheSpireMod:Ninjato":4,"Replay:Towering Pillar of Hats":73,"Odd Mushroom":96,"Orichalcum":111,"White Beast Statue":5,"Mercury Hourglass":4,"Cauldron":11,"Strange Spoon":101,"CaptainsWheel":15,"Anchor":27,"Pondfish Scales":56,"ChewingGum":45,"Bag of Marbles":14,"Snack Pack":16,"Coffee Dripper":137,"Membership Card":56,"PureWater":0,"TungstenRod":70},{"Whetstone":316,"Ginger":516,"Bottled Tornado":158,"Sling":290,"Boot":290,"Ring of Searing":97,"Replay:Ringing Soul":290,"MealTicket":260,"Fusion Hammer":270,"Replay:Bottled Flurry":101,"HandDrill":118,"Kunai":414,"Replay:Wax Seal":42,"Replay:Bottled Steam":310,"Pear":530,"Counterbalance":103,"ReplayTheSpireMod:Ring of Addiction":260,"Blue Candle":416,"Eternal Feather":346,"Pen Nib":299,"Guardian:PocketSentry":397,"Akabeko":243,"SlaversCollar":143,"Bird Faced Urn":326,"Pandora\u0027s Box":0,"StrikeDummy":286,"Lantern":159,"Torii":422,"Singing Bowl":422,"Replay:Purple Gloves":243,"Painkiller Herb":36,"StoneCalendar":133,"Bag of Preparation":262,"Ancient Tea Set":55,"Cursed Key":390,"Pet Ghost":131,"Shovel":344,"Matryoshka":422,"WingedGreaves":243,"Ring of Panic":97,"InkBottle":414,"Potion Belt":260,"Lee\u0027s Waffle":442,"Thread and Needle":173,"PreservedInsect":138,"Omamori":373,"Frozen Egg 2":296,"GoldenEye":159,"MawBank":397,"Orrery":76,"Turnip":302,"Garlic":273,"Art of War":275,"Bottled Lightning":247,"Toy Ornithopter":347,"Ice Cream":267,"champ:DuelingGlove":326,"Calipers":273,"Gremlin Horn":257,"Vajra":273,"Sozu":69,"Centennial Puzzle":197,"HornCleat":364,"Strawberry":319,"Iron Hammer":299,"Toxic Egg 2":296,"Happy Flower":243,"ReplayTheSpireMod:CursedCoin":120,"Dead Branch":202,"Oddly Smooth Stone":131,"Replay:Kaleidoscope":243,"Letter Opener":442,"War Paint":93,"Du-Vu Doll":373,"OrangePellets":326,"Bottled Flame":278,"ReplayTheSpireMod:Shallot":243,"Shuriken":234,"Bronze Scales":414,"Molten Egg 2":128,"Simple Rune":316,"Grinning Jar":273,"Meat on the Bone":118,"Pocketwatch":438,"ReplayTheSpireMod:Ring of Exchange":260,"SacredBark":260,"Yang":406,"CloakClasp":243,"Juzu Bracelet":364,"TeardropLocket":243,"Replay:Mystery Machine":153,"Empty Cage":362,"ClockworkSouvenir":175,"Replay:Bandana":118,"Nunchaku":118,"TheAbacus":442,"Pantograph":356,"Tiny Chest":161,"Red Mask":42,"ReplayTheSpireMod:Ninjato":16,"Replay:Towering Pillar of Hats":280,"Odd Mushroom":347,"Orichalcum":398,"White Beast Statue":21,"Mercury Hourglass":16,"Cauldron":42,"Strange Spoon":364,"CaptainsWheel":59,"Anchor":118,"Pondfish Scales":229,"ChewingGum":169,"Bag of Marbles":55,"Snack Pack":63,"Coffee Dripper":502,"Membership Card":229,"PureWater":0,"TungstenRod":273}],"Toy Ornithopter":20,"Pocketwatch":[59],"Meat on the Bone":84},"card_choices":[{"not_picked":["Perseverance","EmptyFist"],"picked":"Adaptation","floor":0.0},{"not_picked":["BowlingBash","ClearTheMind"],"picked":"Protect","floor":0.0},{"not_picked":["WreathOfFlame","JustLucky"],"picked":"CrushJoints","floor":0.0},{"not_picked":["Halt","BowlingBash"],"picked":"FearNoEvil","floor":0.0},{"not_picked":["JustLucky","ConjureBlade"],"picked":"Indignation","floor":0.0},{"not_picked":["Evaluate","FlyingSleeves","FearNoEvil"],"picked":"Singing Bowl","floor":1.0},{"not_picked":["Protect","FollowUp"],"picked":"Devotion","floor":3.0},{"not_picked":["ForeignInfluence","WheelKick"],"picked":"EmptyBody","floor":4.0},{"not_picked":["SashWhip","Prostrate"],"picked":"MentalFortress","floor":7.0},{"not_picked":["ForeignInfluence","Sanctity","Indignation"],"picked":"Singing Bowl","floor":8.0},{"not_picked":["ThirdEye","SashWhip"],"picked":"CutThroughFate","floor":11.0},{"not_picked":["Study","PathToVictory","ThirdEye"],"picked":"Singing Bowl","floor":12.0},{"not_picked":["BowlingBash","Crescendo"],"picked":"DevaForm","floor":13.0},{"not_picked":["Perseverance","Halt"],"picked":"DeusExMachina","floor":14.0},{"not_picked":["ConjureBlade","Ragnarok"],"picked":"Blasphemy","floor":16.0},{"not_picked":["FlyingSleeves+1","EmptyFist","SashWhip"],"picked":"Singing Bowl","floor":18.0},{"not_picked":["SashWhip","FlyingSleeves"],"picked":"Establishment","floor":19.0},{"not_picked":["FollowUp","Pray","BowlingBash"],"picked":"Singing Bowl","floor":24.0},{"not_picked":["EmptyMind","WheelKick"],"picked":"Wallop","floor":27.0},{"not_picked":["EmptyBody","Prostrate"],"picked":"WreathOfFlame","floor":28.0},{"not_picked":["LikeWater","Prostrate"],"picked":"CrushJoints","floor":30.0},{"not_picked":["Worship","FlyingSleeves"],"picked":"JustLucky","floor":31.0},{"not_picked":["DevaForm","Judgement"],"picked":"Alpha","floor":33.0},{"not_picked":["FollowUp","EmptyBody"],"picked":"Crescendo+1","floor":35.0},{"not_picked":["Halt","Conclude","Nirvana+1"],"picked":"Singing Bowl","floor":36.0},{"not_picked":["DeceiveReality","EmptyFist"],"picked":"Protect+1","floor":37.0},{"not_picked":["SashWhip","CarveReality"],"picked":"Wallop","floor":39.0},{"not_picked":["WreathOfFlame+1","Pray+1"],"picked":"Scrawl","floor":40.0},{"not_picked":["EmptyBody+1","FlyingSleeves+1"],"picked":"FlurryOfBlows+1","floor":42.0},{"not_picked":["WreathOfFlame+1","CutThroughFate"],"picked":"WaveOfTheHand+1","floor":44.0}],"player_experience":1456473,"relics_obtained":[{"floor":7.0,"key":"Pocketwatch"},{"floor":9.0,"key":"Letter Opener"},{"floor":9.0,"key":"War Paint"},{"floor":11.0,"key":"Bag of Preparation"},{"floor":14.0,"key":"Whetstone"},{"floor":24.0,"key":"Boot"},{"floor":26.0,"key":"Happy Flower"},{"floor":26.0,"key":"Meat on the Bone"},{"floor":27.0,"key":"Toy Ornithopter"},{"floor":31.0,"key":"Bag of Marbles"},{"floor":39.0,"key":"Ginger"},{"floor":40.0,"key":"Bird Faced Urn"},{"floor":42.0,"key":"Pear"}],"event_choices":[{"damage_healed":0.0,"max_hp_gain":0.0,"max_hp_loss":0.0,"gold_gain":275.0,"event_name":"Golden Shrine","player_choice":"Desecrate","floor":2.0,"gold_loss":0.0,"damage_taken":0.0,"cards_obtained":["Regret"]},{"damage_healed":8.0,"max_hp_gain":0.0,"max_hp_loss":70.0,"gold_gain":0.0,"event_name":"betterThird:BetterShining","player_choice":"Leave","floor":5.0,"gold_loss":0.0,"damage_taken":0.0},{"damage_healed":0.0,"max_hp_gain":0.0,"max_hp_loss":0.0,"gold_gain":0.0,"event_name":"Vampires","player_choice":"Ignored","floor":20.0,"gold_loss":0.0,"damage_taken":0.0},{"damage_healed":0.0,"max_hp_gain":0.0,"max_hp_loss":0.0,"gold_gain":0.0,"event_name":"Cursed Tome","player_choice":"Ignored","floor":22.0,"gold_loss":0.0,"damage_taken":0.0},{"damage_healed":0.0,"max_hp_gain":0.0,"max_hp_loss":0.0,"gold_gain":0.0,"event_name":"Mysterious Sphere","player_choice":"Fight","floor":39.0,"gold_loss":0.0,"damage_taken":0.0},{"cards_removed":["Parasite"],"damage_healed":0.0,"max_hp_gain":0.0,"max_hp_loss":0.0,"gold_gain":0.0,"event_name":"Purifier","player_choice":"Purged","floor":41.0,"gold_loss":0.0,"damage_taken":0.0}],"is_beta":false,"boss_relics":[{"not_picked":["Velvet Choker","SacredBark"],"picked":"Empty Cage"},{"not_picked":["HolyWater","Runic Dome"],"picked":"Coffee Dripper"}],"items_purged_floors":[0,0,10],"is_endless":false,"potions_floor_spawned":[3,7,12,14,16,19,30,31,35,36,37],"killed_by":"Reptomancer","ascension_level":20}}