{"host":"g7trc0x2teqyd8ye","time":1610124777,"event":{"mods":["BaseMod","Key Reminder","Minty Spire (QoL Compilation)","Relic Stats"],"gold_per_floor":[109,184,184,195,209,235,251,251,251,264,264,264],"floor_reached":11,"playtime":421,"items_purged":[],"score":116,"play_id":"ff1720fc-9246-433f-884f-2f8220ff152c","local_time":"20210108175257","is_ascension_mode":true,"campfire_choices":[{"floor":8,"key":"REST"}],"circlet_count":0,"master_deck":["AscendersBane","Strike_B","Strike_B","Strike_B","Defend_B","Defend_B","Defend_B","Defend_B","Zap","Dualcast","Undo","Stack","Coolheaded","Storm","Glacier","Hologram"],"relics":["Cracked Core","NeowsBlessing","Mercury Hourglass","White Beast Statue"],"acts_visited":["Exordium"],"potions_floor_usage":[11,11],"damage_taken":[{"damage":0,"enemies":"Jaw Worm","floor":1,"turns":1},{"damage":0,"enemies":"Small Slimes","floor":4,"turns":1},{"damage":0,"enemies":"Cultist","floor":5,"turns":1},{"damage":33,"enemies":"3 Sentries","floor":6,"turns":13},{"damage":13,"enemies":"Large Slime","floor":7,"turns":6},{"damage":1,"enemies":"Blue Slaver","floor":10,"turns":4},{"damage":35,"enemies":"Gremlin Nob","floor":11,"turns":5}],"seed_played":"-5979429345073541788","potions_obtained":[{"floor":6,"key":"Block Potion"},{"floor":10,"key":"FearPotion"}],"is_trial":false,"path_per_floor":["M","?","?","M","M","E","M","R","T","M","E"],"character_chosen":"DEFECT","items_purchased":[],"campfire_rested":1,"item_purchase_floors":[],"current_hp_per_floor":[68,57,57,57,57,24,11,33,33,32,0,0],"gold":264,"neow_bonus":"THREE_ENEMY_KILL","is_daily":false,"chose_seed":false,"campfire_upgraded":0,"win_rate":0.0,"timestamp":1610124777,"path_taken":["M","?","?","?","M","E","M","R","T","M","E"],"items_purchased_type":[],"build_version":"2020-12-22","purchased_purges":0,"victory":false,"max_hp_per_floor":[75,75,75,75,75,75,75,75,75,75,75,75],"relic_stats":{"counters":[7,31],"obtain_stats":[{"NeowsBlessing":0,"Cracked Core":0,"White Beast Statue":9,"Mercury Hourglass":6},{"NeowsBlessing":0,"Cracked Core":0,"White Beast Statue":5,"Mercury Hourglass":4},{"NeowsBlessing":0,"Cracked Core":0,"White Beast Statue":22,"Mercury Hourglass":16}],"Mercury Hourglass":[53]},"card_choices":[{"not_picked":["Leap","Steam"],"picked":"Undo","floor":1},{"not_picked":["Skim","Hello World"],"picked":"Stack","floor":4},{"not_picked":["Gash","Leap"],"picked":"Coolheaded","floor":5},{"not_picked":["Redo","All For One"],"picked":"Storm","floor":6},{"not_picked":["Beam Cell","Lockon"],"picked":"Glacier","floor":7},{"not_picked":["Darkness","Streamline"],"picked":"Hologram","floor":10}],"player_experience":890774,"relics_obtained":[{"floor":6,"key":"Mercury Hourglass"},{"floor":9,"key":"White Beast Statue"}],"event_choices":[{"damage_healed":0,"gold_gain":75,"player_choice":"Gather Gold","damage_taken":11,"max_hp_gain":0,"max_hp_loss":0,"event_name":"World of Goop","floor":2,"gold_loss":0},{"cards_removed":["Strike_B"],"damage_healed":0,"gold_gain":0,"player_choice":"Card Removal","damage_taken":0,"max_hp_gain":0,"max_hp_loss":0,"event_name":"Wheel of Change","floor":3,"gold_loss":0}],"is_beta":false,"boss_relics":[],"items_purged_floors":[],"is_endless":false,"potions_floor_spawned":[6,10],"killed_by":"Gremlin Nob","ascension_level":11}}