{"host":"v1m5rkjj38qutr02","time":1610106719,"event":{"mods":["Act Like it!","BaseMod","Conspire","Gensokyo","GungeonMod","Hallownest","Minty Spire (QoL Compilation)","Replay The Spire","StSLib","The Bug Knight","Youmu£®ªÍ∆«—˝√Œ£©"],"gold_per_floor":[116,116,24,24,47,88,101,114,114,37,37,37],"floor_reached":11,"playtime":218,"items_purged":[],"score":142,"play_id":"29714b83-6648-4b4c-aacc-230c8c4ce130","local_time":"20210108195159","is_ascension_mode":true,"campfire_choices":[],"circlet_count":0,"master_deck":["Strike_B","Strike_B","Strike_B","Strike_B","Defend_B","Defend_B","Defend_B","Defend_B","Zap","Dualcast","Injury","Static Discharge","Turbo","Defragment","Ball Lightning","Capacitor","Echo Form"],"relics":["Cracked Core","NeowsBlessing","Golden Idol","DemoMod:LamentConfigurum","Letter Opener"],"acts_visited":["Exordium"],"potions_floor_usage":[8,11],"damage_taken":[{"damage":0,"enemies":"2 Louse","floor":1,"turns":1},{"damage":0,"enemies":"Small Slimes","floor":5,"turns":1},{"damage":0,"enemies":"3 Sentries","floor":6,"turns":1},{"damage":15,"enemies":"Cultist","floor":7,"turns":5},{"damage":18,"enemies":"Lots of Slimes","floor":8,"turns":4},{"damage":14,"enemies":"Lagavulin","floor":11,"turns":3}],"seed_played":"-859635919583071156","potions_obtained":[{"floor":7,"key":"Energy Potion"},{"floor":8,"key":"Adrenaline Potion"}],"is_trial":false,"path_per_floor":["M","?","$","?","M","E","M","M","T","$","E"],"character_chosen":"DEFECT","items_purchased":["Static Discharge","Turbo","Echo Form"],"campfire_rested":0,"item_purchase_floors":[3,3,10],"current_hp_per_floor":[68,68,68,68,68,68,53,35,35,35,21,21],"gold":37,"neow_bonus":"THREE_ENEMY_KILL","is_daily":false,"chose_seed":false,"campfire_upgraded":0,"win_rate":0.0,"timestamp":1610106719,"path_taken":["M","?","$","?","?","E","M","M","T","$","E"],"items_purchased_type":["Card","Card","Card"],"build_version":"2020-12-22","purchased_purges":0,"victory":false,"max_hp_per_floor":[75,75,75,75,75,75,75,75,75,75,75,75],"card_choices":[{"not_picked":["Go for the Eyes","Conserve Battery","Compile Driver"],"picked":"SKIP","floor":1},{"not_picked":["Chaos","Leap"],"picked":"Defragment","floor":5},{"not_picked":["Gash","Tempest"],"picked":"Ball Lightning","floor":6},{"not_picked":["Glacier","Compile Driver","ReplayGash"],"picked":"SKIP","floor":7},{"not_picked":["Rebound","Skim"],"picked":"Capacitor","floor":8}],"player_experience":398169,"relics_obtained":[{"floor":6,"key":"DemoMod:LamentConfigurum"},{"floor":9,"key":"Letter Opener"}],"event_choices":[{"damage_healed":0,"gold_gain":0,"player_choice":"Take Wound","damage_taken":0,"relics_obtained":["Golden Idol"],"max_hp_gain":0,"max_hp_loss":0,"event_name":"Golden Idol","floor":2,"gold_loss":0,"cards_obtained":["Injury"]},{"damage_healed":0,"gold_gain":0,"player_choice":"Ignored","damage_taken":0,"max_hp_gain":0,"max_hp_loss":0,"event_name":"WeMeetAgain","floor":4,"gold_loss":0}],"is_beta":false,"boss_relics":[],"items_purged_floors":[],"is_endless":false,"potions_floor_spawned":[7,8],"killed_by":"Lagavulin","ascension_level":9}}