{"host":"zksvs3x2ysy9npnz","time":1610105623,"event":{"mods":["Aspiration","BaseMod","Beaked The Cultist","BetterRewards","Clockwork Mod","Colored Map","Conspire","Downfall","Duelist Mod","Ekko","Halation","Highlight Path","Hubris","Hunter ??","Infinite Spire","Jedi Mod","JesterMod","Minty Spire (QoL Compilation)","Permanent Neow","Quick Restart","Relic Stats","Replay The Spire","Retaliation","Shade Mod","Shop Mod","StSLib"],"gold_per_floor":[147,164,182,232,311,311,343,343,343,399,399,416,430,449,449,553,553,526,526,25,45,45,45,74,74,74,74,374,374,432,444,444,521,521,566,584,602,602,602,629,649,684,684,739,739,767,785,808,808,838,838,838,19,48,78],"floor_reached":56,"playtime":5782,"items_purged":["ByrdPetCall","CultistPetCall","HealerPetCall"],"score":2392,"play_id":"1c39ef70-830a-4015-bf53-10b5adc92129","local_time":"20210108123343","is_ascension_mode":true,"campfire_choices":[{"data":"Bloody Giant","floor":6.0,"key":"SMITH"},{"data":"Seeing Red","floor":8.0,"key":"SMITH"},{"data":"Bloody Giant","floor":15.0,"key":"SMITH"},{"data":"infinitespire:Collect","floor":23.0,"key":"SMITH"},{"floor":25.0,"key":"RECALL"},{"data":"Offering","floor":29.0,"key":"SMITH"},{"data":"Strike_Giant","floor":32.0,"key":"PURGE"},{"data":"infinitespire:NeuralNetwork","floor":49.0,"key":"SMITH"},{"data":"Hunter Bow","floor":52.0,"key":"SMITH"}],"circlet_count":0,"master_deck":["AscendersBane","Strike_Giant+1","Defend_Giant+1","Defend_Giant","Defend_Giant","Defend_Giant","EagleFirst","EagleFirst","EagleSecond","Bloody Giant+1","Hunter Bow+1","Seeing Red+1","Echo Defend Giant","Bloody Giant+1","Glacier","Echo Defend Giant","Offering+1","infinitespire:Collect+1","Forethought+1","infinitespire:Fortify","infinitespire:NeuralNetwork+1","CultistForm","jedi:MakeshiftSword","DDmod:SpikedSkill+1"],"relics":["GiantSoulBox","aspiration:Nostalgia","Iron Core","aspiration:SeaSaltIceCream","beaked:MendingPlumage","infinitespire:WardingShard","Pet Ghost","GiantSoulStone","beaked:SacredDeck","Anchor","Magic Flower","CeramicFish","Bottled Lightning","Old Coin","infinitespire:Satchel","Replay:Grab Bag","Busted Crown","conspire:RoyalGoblet","aspiration:IroncladSkillbook","aspiration:FetidBarrel","halation:VictoryRuler","Dream Catcher","aspiration:FrozenJewel","Centennial Puzzle","Quantum Egg","Simple Rune","conspire:GlowingRock","infinitespire:CursedDice","halation:PeacePiece","halation:Trompette"],"acts_visited":["Exordium","TheCity","TheBeyond","TheEnding"],"potions_floor_usage":[55],"damage_taken":[{"damage":18.0,"enemies":"infinitespire:Voidling","floor":1.0,"turns":4.0},{"damage":2.0,"enemies":"Cultist","floor":2.0,"turns":4.0},{"damage":4.0,"enemies":"Jaw Worm","floor":3.0,"turns":4.0},{"damage":11.0,"enemies":"Blue Slaver","floor":4.0,"turns":4.0},{"damage":51.0,"enemies":"Lagavulin","floor":7.0,"turns":6.0},{"damage":26.0,"enemies":"Gremlin Nob","floor":10.0,"turns":4.0},{"damage":4.0,"enemies":"conspire:2 RoseBushes","floor":12.0,"turns":7.0},{"damage":28.0,"enemies":"Exordium Wildlife","floor":13.0,"turns":4.0},{"damage":26.0,"enemies":"3 Louse","floor":14.0,"turns":4.0},{"damage":45.0,"enemies":"Fading Forest","floor":16.0,"turns":11.0},{"damage":30.0,"enemies":"2 Thieves","floor":18.0,"turns":4.0},{"damage":10.0,"enemies":"Shell Parasite","floor":21.0,"turns":7.0},{"damage":43.0,"enemies":"Slavers","floor":24.0,"turns":9.0},{"damage":15.0,"enemies":"Gremlin Leader","floor":30.0,"turns":8.0},{"damage":6.0,"enemies":"conspire:HollyBat","floor":31.0,"turns":4.0},{"damage":122.0,"enemies":"Collector","floor":33.0,"turns":12.0},{"damage":12.0,"enemies":"3 Darklings","floor":35.0,"turns":7.0},{"damage":35.0,"enemies":"3 Shapes","floor":36.0,"turns":8.0},{"damage":6.0,"enemies":"beaked:SuperParasite","floor":40.0,"turns":9.0},{"damage":6.0,"enemies":"Maw","floor":41.0,"turns":6.0},{"damage":11.0,"enemies":"R_Hoarder","floor":42.0,"turns":10.0},{"damage":6.0,"enemies":"Giant Head","floor":44.0,"turns":8.0},{"damage":28.0,"enemies":"Nemesis","floor":46.0,"turns":7.0},{"damage":6.0,"enemies":"Spire Growth","floor":47.0,"turns":3.0},{"damage":9.0,"enemies":"Transient","floor":48.0,"turns":6.0},{"damage":26.0,"enemies":"Donu and Deca","floor":50.0,"turns":7.0},{"damage":6.0,"enemies":"Shield and Spear","floor":54.0,"turns":7.0},{"damage":46,"enemies":"The Heart","floor":55,"turns":9}],"seed_played":"8264722151797781990","potions_obtained":[{"floor":2.0,"key":"SteroidPotion"},{"floor":4.0,"key":"Strength Potion"},{"floor":12.0,"key":"Regen Potion"},{"floor":16.0,"key":"FearPotion"},{"floor":18.0,"key":"PowerPotion"},{"floor":24.0,"key":"ColorlessPotion"},{"floor":33.0,"key":"hexamod:EctoCoolerPotion"},{"floor":35.0,"key":"DuplicationPotion"}],"is_trial":false,"path_per_floor":["M","M","M","M","T","R","E","R","T","E","?","M","M","M","R","B",null,"M","?","$","M","$","R","E","R","T","?","AVR","R","E","M","R_BF","B",null,"M","M","AVR","?","?","E","M","E","T","E","?","E","M","M","R","B",null,"R","$","E","B",null],"character_chosen":"Giant","items_purchased":["Magic Flower","Forethought","conspire:GlowingRock","DDmod:SpikedSkill+1","infinitespire:CursedDice","halation:PeacePiece"],"campfire_rested":0,"item_purchase_floors":[20,20,53,53,53,53],"current_hp_per_floor":[46,56,52,52,52,52,36,36,36,46,46,70,70,70,70,59,71,75,75,75,75,75,75,75,75,75,75,75,75,80,80,80,80,80,85,85,85,85,81,81,81,81,81,86,74,86,86,86,86,91,91,91,91,91,96],"gold":78,"neow_bonus":"NOSTALGIA","is_daily":false,"chose_seed":false,"campfire_upgraded":7,"win_rate":0.0,"timestamp":1610105623,"path_taken":["M","?","?","M","?","R","E","R","T","E","?","M","M","M","R","BOSS","M","?","$","M","?","R","E","R","T","?","AVR","R","E","M","R_BF","BOSS","M","M","AVR","?","?","E","?","E","T","E","?","E","?","M","R","BOSS","R","$","E","BOSS"],"items_purchased_type":["Relic","Card","Relic","Card","Relic","Relic"],"build_version":"2020-12-22","purchased_purges":3,"victory":true,"max_hp_per_floor":[60,60,60,65,65,65,65,65,65,70,70,70,70,70,70,75,75,75,75,75,75,75,75,75,75,75,75,75,75,80,80,80,80,80,85,85,85,85,81,81,81,81,81,86,86,86,86,86,86,91,91,91,91,91,96],"relic_stats":{"Dream Catcher":0,"Centennial Puzzle":[19],"Busted Crown":30,"counters":[28,183],"CeramicFish":45,"Magic Flower":[173],"obtain_stats":[{"Iron Core":0,"conspire:RoyalGoblet":34,"CeramicFish":24,"Magic Flower":20,"Pet Ghost":10,"Old Coin":28,"Dream Catcher":40,"Centennial Puzzle":43,"conspire:GlowingRock":53,"beaked:SacredDeck":17,"halation:VictoryRuler":38,"aspiration:Nostalgia":0,"aspiration:FetidBarrel":37,"infinitespire:CursedDice":53,"Replay:Grab Bag":34,"Quantum Egg":44,"aspiration:SeaSaltIceCream":5,"aspiration:IroncladSkillbook":34,"aspiration:FrozenJewel":42,"Anchor":19,"Busted Crown":34,"infinitespire:WardingShard":7,"GiantSoulStone":16,"infinitespire:Satchel":30,"Simple Rune":46,"GiantSoulBox":0,"Bottled Lightning":26,"beaked:MendingPlumage":5,"halation:PeacePiece":53,"halation:Trompette":54},{"Iron Core":0,"conspire:RoyalGoblet":16,"CeramicFish":13,"Magic Flower":11,"Pet Ghost":6,"Old Coin":13,"Dream Catcher":19,"Centennial Puzzle":21,"conspire:GlowingRock":26,"beaked:SacredDeck":10,"halation:VictoryRuler":18,"aspiration:Nostalgia":0,"aspiration:FetidBarrel":18,"infinitespire:CursedDice":26,"Replay:Grab Bag":16,"Quantum Egg":22,"aspiration:SeaSaltIceCream":4,"aspiration:IroncladSkillbook":16,"aspiration:FrozenJewel":21,"Anchor":11,"Busted Crown":16,"infinitespire:WardingShard":5,"GiantSoulStone":10,"infinitespire:Satchel":14,"Simple Rune":23,"GiantSoulBox":0,"Bottled Lightning":13,"beaked:MendingPlumage":4,"halation:PeacePiece":26,"halation:Trompette":27},{"Iron Core":0,"conspire:RoyalGoblet":96,"CeramicFish":72,"Magic Flower":56,"Pet Ghost":26,"Old Coin":72,"Dream Catcher":120,"Centennial Puzzle":136,"conspire:GlowingRock":167,"beaked:SacredDeck":52,"halation:VictoryRuler":111,"aspiration:Nostalgia":0,"aspiration:FetidBarrel":111,"infinitespire:CursedDice":167,"Replay:Grab Bag":96,"Quantum Egg":144,"aspiration:SeaSaltIceCream":16,"aspiration:IroncladSkillbook":96,"aspiration:FrozenJewel":136,"Anchor":56,"Busted Crown":96,"infinitespire:WardingShard":22,"GiantSoulStone":52,"infinitespire:Satchel":80,"Simple Rune":151,"GiantSoulBox":0,"Bottled Lightning":72,"beaked:MendingPlumage":16,"halation:PeacePiece":167,"halation:Trompette":174}]},"card_choices":[{"not_picked":["Combo Defend","Duplicate Hand"],"picked":"HealerPetCall","floor":1.0},{"not_picked":["CultistPetCall","Headbutt"],"picked":"Bloody Giant","floor":2.0},{"not_picked":["HPGrowth_Giant","Flex"],"picked":"ByrdPetCall","floor":3.0},{"not_picked":["Iron Wave","Heavy Blade"],"picked":"Hunter Bow","floor":4.0},{"not_picked":["Beam Cell","The End Giant"],"picked":"Seeing Red","floor":7.0},{"not_picked":["Infinite Combo","Beam Cell"],"picked":"Echo Defend Giant","floor":10.0},{"not_picked":["Echo Defend Giant","Random Death Rattle"],"picked":"Bloody Giant","floor":12.0},{"not_picked":["Scorching Beam","HPGrowth_Giant"],"picked":"Glacier","floor":13.0},{"not_picked":["Infinite Combo","Body Slam"],"picked":"Echo Defend Giant","floor":14.0},{"not_picked":["Recover HP","Reaper"],"picked":"Offering","floor":16.0},{"not_picked":["SpikerPetCall","Death Explode","Clone Minion"],"picked":"SKIP","floor":18.0},{"not_picked":["Commander_Giant","Drunk Grant","Random Death Rattle"],"picked":"SKIP","floor":21.0},{"not_picked":["Pummel Giant","HPGrowth_Giant","AttackPoison_Giant"],"picked":"SKIP","floor":24.0},{"not_picked":["Mana Growth","Death Explode","Heal Wind"],"picked":"SKIP","floor":30.0},{"not_picked":["TakeAction_Giant","Clone Minion","Seek Combo"],"picked":"SKIP","floor":31.0},{"not_picked":["Bloody Giant","Hemokinesis+1"],"picked":"SKIP","floor":35.0},{"not_picked":["Whirlwind","DDmod:EasePowerCard"],"picked":"SKIP","floor":36.0},{"not_picked":["Blood Defend","Struggle Attack"],"picked":"SKIP","floor":40.0},{"not_picked":["Pummel","Disarm"],"picked":"SKIP","floor":41.0},{"not_picked":["Seek Pet+1"],"picked":"CultistForm","floor":42.0},{"not_picked":["DDmod:ScaleUpSkill","Combust"],"picked":"SKIP","floor":44.0},{"not_picked":["Clone Minion+1","hubris:SharpeningStone"],"picked":"SKIP","floor":46.0},{"not_picked":["Fanatic Cultist","EagleSecond"],"picked":"SKIP","floor":47.0},{"not_picked":["Struggle Attack"],"picked":"jedi:MakeshiftSword","floor":48.0},{"not_picked":["True Grit","Massacre"],"picked":"SKIP","floor":54.0}],"player_experience":1844106,"relics_obtained":[{"floor":5.0,"key":"aspiration:SeaSaltIceCream"},{"floor":7.0,"key":"infinitespire:WardingShard"},{"floor":10.0,"key":"Pet Ghost"},{"floor":16.0,"key":"GiantSoulStone"},{"floor":19.0,"key":"Anchor"},{"floor":24.0,"key":"CeramicFish"},{"floor":26.0,"key":"Bottled Lightning"},{"floor":30.0,"key":"infinitespire:Satchel"},{"floor":40.0,"key":"Dream Catcher"},{"floor":42.0,"key":"aspiration:FrozenJewel"},{"floor":43.0,"key":"Centennial Puzzle"},{"floor":44.0,"key":"Quantum Egg"},{"floor":46.0,"key":"Simple Rune"},{"floor":54.0,"key":"halation:Trompette"}],"event_choices":[{"damage_healed":0.0,"max_hp_gain":0.0,"max_hp_loss":4.0,"gold_gain":0.0,"event_name":"Winding Halls","player_choice":"Max HP","floor":39.0,"gold_loss":0.0,"damage_taken":0.0},{"damage_healed":0.0,"max_hp_gain":0.0,"max_hp_loss":0.0,"gold_gain":0.0,"event_name":"Wheel of Change","player_choice":"Damaged","floor":45.0,"gold_loss":0.0,"damage_taken":12.0}],"is_beta":false,"boss_relics":[{"not_picked":["Snecko Eye","conspire:SlowCooker"],"picked":"beaked:SacredDeck"},{"not_picked":["Fusion Hammer","Philosopher\u0027s Stone"],"picked":"Replay:Grab Bag"},{"not_picked":["Runic Dome","ReplayTheSpireMod:Onyx Gauntlets"],"picked":"Busted Crown"},{"not_picked":["hubris:RunicObelisk","hubris:VirtuousBlindfold"],"picked":"conspire:RoyalGoblet"},{"not_picked":["hubris:BlackHole","aspiration:DefectSkillbook"],"picked":"aspiration:IroncladSkillbook"}],"items_purged_floors":[20,28,37],"is_endless":false,"potions_floor_spawned":[2,4,12,16,18,21,24,33,35,36,48],"ascension_level":17}}