{"host":"d107yck46y3a78tv","time":1610128489,"event":{"mods":["ATMod(°¢èªMod)","Act Like it!","Aspiration","Bard","BaseMod","CapriCore","Colored Map","Gensokyo","Marisa£¨ìFÓê¡¡Ä§ÀíÉ³£©","Minty Spire (QoL Compilation)","Quick Restart","Relic Stats","StSLib","The Runesmith","The Servant 0.9.4"],"gold_per_floor":[111,111,111,111,126,158,158,158,213,213,248,266,293,107,107,206,206,225,445,445,458,477,789,789],"floor_reached":23,"playtime":1351,"items_purged":[],"score":284,"play_id":"5a8a533c-943d-44c2-b428-810e3f74b216","local_time":"20210109015449","is_ascension_mode":false,"campfire_choices":[{"data":"Runesmith:Fortify","floor":7,"key":"SMITH"},{"data":"Runesmith:OneForEveryone","floor":10,"key":"SMITH"},{"floor":15,"key":"REST"}],"circlet_count":0,"master_deck":["Runesmith:Strike_RS","Runesmith:Strike_RS","Runesmith:Defend_RS","Runesmith:Defend_RS","Runesmith:Defend_RS","Runesmith:Fortify+1","Runesmith:CraftObretio","Pain","Bane","AT_FocusSwordFire","Finisher","Runesmith:ChiselStab","Runesmith:OneForEveryone+1","Runesmith:Repurpose","AT_EmpoweredMortalDraw","Runesmith:ChaoticBlast+1","Gensokyo:FourOfAKind","Gensokyo:FourOfAKind","Gensokyo:FourOfAKind","Gensokyo:FourOfAKind","Runesmith:UnstableHammer"],"relics":["Runesmith:BrokenRuby","AT_ATBox","CaptainsWheel","Gensokyo:LunaticRedEyes","Gensokyo:Justice","Kunai","Gensokyo:OccultBall","AT_RedTearstoneRing","Runesmith:Nanobots","Lantern","HandDrill","AT_MortalBlade","Frozen Eye"],"acts_visited":["Gensokyo:Gensokyo","Gensokyo:Gensokyoer"],"potions_floor_usage":[16,16,23],"damage_taken":[{"damage":11,"enemies":"Gensokyo:2_Kodama","floor":1,"turns":4},{"damage":15,"enemies":"Gensokyo:Python","floor":5,"turns":4},{"damage":13,"enemies":"Gensokyo:Cirno","floor":6,"turns":7},{"damage":0,"enemies":"Gensokyo:Mamizou","floor":11,"turns":2},{"damage":1,"enemies":"Gensokyo:3_Fairies","floor":12,"turns":4},{"damage":5,"enemies":"Gensokyo:Cirno","floor":13,"turns":4},{"damage":6,"enemies":"Gensokyo:Reimu","floor":16,"turns":6},{"damage":11,"enemies":"Gensokyo:Chomper","floor":18,"turns":4},{"damage":4,"enemies":"Gensokyo:2_Gloops","floor":19,"turns":3},{"damage":0,"enemies":"Gensokyo:Mirror_and_Dog","floor":21,"turns":1},{"damage":0,"enemies":"Gensokyo:Wraith","floor":22,"turns":2},{"damage":54,"enemies":"Gensokyo:Koishi","floor":23,"turns":4}],"seed_played":"2813427202402498976","potions_obtained":[{"floor":1,"key":"Regen Potion"},{"floor":5,"key":"PowerPotion"},{"floor":6,"key":"DistilledChaos"},{"floor":21,"key":"BlessingOfTheForge"}],"is_trial":false,"path_per_floor":["M","?","?","?","M","E","R","?","T","R","E","M","E","COS","R","B",null,"M","M","?","M","M","E"],"character_chosen":"RUNESMITH_CLASS","items_purchased":[],"campfire_rested":1,"item_purchase_floors":[],"current_hp_per_floor":[38,38,38,38,23,10,10,10,10,10,10,9,4,4,25,33,70,59,55,49,49,49,0,0],"gold":789,"neow_bonus":"ONE_RARE_RELIC","is_daily":false,"chose_seed":false,"campfire_upgraded":2,"win_rate":0.0,"timestamp":1610128489,"path_taken":["M","?","?","?","M","E","R","?","T","R","E","M","E","COS","R","BOSS","M","M","?","M","M","E"],"items_purchased_type":[],"build_version":"2020-12-22","purchased_purges":0,"victory":false,"max_hp_per_floor":[70,70,70,70,70,70,70,70,70,70,70,70,70,70,70,70,70,70,70,49,49,49,49,49],"relic_stats":{"counters":[12,44],"HandDrill":[0],"Kunai":[9],"obtain_stats":[{"Runesmith:BrokenRuby":0,"AT_RedTearstoneRing":9,"Runesmith:Nanobots":11,"Lantern":13,"AT_ATBox":0,"AT_MortalBlade":17,"Gensokyo:Justice":3,"Gensokyo:LunaticRedEyes":2,"Frozen Eye":23,"CaptainsWheel":0,"Gensokyo:OccultBall":8,"HandDrill":14,"Kunai":6},{"Runesmith:BrokenRuby":0,"AT_RedTearstoneRing":3,"Runesmith:Nanobots":4,"Lantern":6,"AT_ATBox":0,"AT_MortalBlade":7,"Gensokyo:Justice":1,"Gensokyo:LunaticRedEyes":1,"Frozen Eye":11,"CaptainsWheel":0,"Gensokyo:OccultBall":3,"HandDrill":6,"Kunai":3},{"Runesmith:BrokenRuby":0,"AT_RedTearstoneRing":15,"Runesmith:Nanobots":17,"Lantern":25,"AT_ATBox":0,"AT_MortalBlade":31,"Gensokyo:Justice":4,"Gensokyo:LunaticRedEyes":4,"Frozen Eye":40,"CaptainsWheel":0,"Gensokyo:OccultBall":15,"HandDrill":25,"Kunai":15}]},"card_choices":[{"not_picked":["Runesmith:Malloc","Runesmith:RuneHurl"],"picked":"Runesmith:CraftObretio","floor":1},{"not_picked":["Runesmith:MakeshiftArmor","Runesmith:RuneHurl"],"picked":"Runesmith:ChiselStab","floor":5},{"not_picked":["Runesmith:CraftSpiculum","Runesmith:LastStand"],"picked":"Runesmith:OneForEveryone","floor":6},{"not_picked":["Runesmith:Electrocute","Runesmith:Grindstone","Runesmith:HammerThrow"],"picked":"SKIP","floor":11},{"not_picked":["Runesmith:MakeshiftArmor","Runesmith:NegativeSpace"],"picked":"Runesmith:Repurpose","floor":12},{"not_picked":["Runesmith:ChiselStab","Runesmith:EnergizedChisel","Runesmith:Accelerate"],"picked":"SKIP","floor":13},{"not_picked":["Runesmith:ShiftingStrike+1","Runesmith:Grindstone","Runesmith:Overpower"],"picked":"SKIP","floor":18},{"not_picked":["Runesmith:HammerTime","Runesmith:Overpower+1"],"picked":"Runesmith:ChaoticBlast+1","floor":19},{"not_picked":["Runesmith:Overpower+1","Runesmith:ShiftingStrike","Runesmith:RuneHurl+1"],"picked":"SKIP","floor":21},{"not_picked":["Runesmith:EarthShield","Runesmith:LastStand"],"picked":"Runesmith:UnstableHammer","floor":22}],"player_experience":12763,"relics_obtained":[{"floor":6,"key":"Kunai"},{"floor":9,"key":"AT_RedTearstoneRing"},{"floor":11,"key":"Runesmith:Nanobots"},{"floor":13,"key":"Lantern"},{"floor":13,"key":"Gensokyo:OccultBall"},{"floor":16,"key":"Gensokyo:OccultBall"},{"floor":18,"key":"Gensokyo:OccultBall"},{"floor":19,"key":"Gensokyo:OccultBall"}],"event_choices":[],"is_beta":false,"boss_relics":[{"not_picked":["Runic Dome","Fusion Hammer"],"picked":"AT_MortalBlade"}],"items_purged_floors":[],"is_endless":false,"potions_floor_spawned":[1,5,6,13,21],"killed_by":"Gensokyo:Koishi","ascension_level":0}}