{"host":"8f5cu9y0fpol72qs","time":1610101691,"event":{"mods":["AlwaysNeverKeys","BaseMod","Colored Map","Colored Powertips","Curses Come First","Highlight Path","Key Reminder","Minty Spire (QoL Compilation)","StSLib"],"gold_per_floor":[118,133,133,150,100,100,100,123,172,152,1,27,47,82,82,163,163,192,201,201,201,223,258,258,438,508,542,190,190,190,234,234,316,316,341,25,38,38,100,138,138,177,225,265,289,316,316,341,341,341,341,341,97,140,140,140],"floor_reached":55,"playtime":6675,"items_purged":["Strike_G+1","Strike_G+1","Writhe"],"score":1398,"play_id":"f5ac14d8-ed26-4982-8f23-9501d753a349","local_time":"20210108022811","is_ascension_mode":true,"campfire_choices":[{"data":"Blade Dance","floor":6.0,"key":"SMITH"},{"floor":15.0,"key":"REST"},{"data":"Adrenaline","floor":24.0,"key":"SMITH"},{"floor":30.0,"key":"REST"},{"data":"Accuracy","floor":32.0,"key":"SMITH"},{"data":"Infinite Blades","floor":41.0,"key":"SMITH"},{"floor":47,"key":"RECALL"},{"data":"Catalyst","floor":49,"key":"SMITH"},{"data":"Leg Sweep","floor":52,"key":"SMITH"}],"circlet_count":0,"master_deck":["AscendersBane","Strike_G+1","Defend_G+1","Defend_G+1","Defend_G+1","Defend_G+1","Survivor","Neutralize+1","Infinite Blades+1","Blade Dance+1","Leg Sweep+1","Accuracy+1","Quick Slash","Adrenaline+1","Dodge and Roll","Predator+1","PiercingWail+1","Leg Sweep","Noxious Fumes+1","Catalyst+1","Caltrops+1","Wraith Form v2+1","Dash+1","Well Laid Plans+1","Dash+1","After Image+1","Cloak And Dagger+1","Envenom+1","Blade Dance+1","Deadly Poison+1","Blade Dance+1","Accuracy+1","Noxious Fumes+1"],"relics":["Ring of the Snake","Unceasing Top","Akabeko","Juzu Bracelet","Sling","Darkstone Periapt","CeramicFish","Philosopher\u0027s Stone","Gremlin Horn","Lantern","Ninja Scroll","Frozen Egg 2","Molten Egg 2","ClockworkSouvenir","Paper Crane","Thread and Needle","WristBlade","Lee\u0027s Waffle","Tingsha","Whetstone","Art of War","Toxic Egg 2","Mercury Hourglass"],"acts_visited":["Exordium","TheCity","TheBeyond","TheEnding"],"potions_floor_usage":[50,54,55,55],"damage_taken":[{"damage":1.0,"enemies":"Cultist","floor":1.0,"turns":5.0},{"damage":7.0,"enemies":"Jaw Worm","floor":2.0,"turns":6.0},{"damage":8.0,"enemies":"2 Louse","floor":4.0,"turns":4.0},{"damage":8.0,"enemies":"3 Sentries","floor":12.0,"turns":6.0},{"damage":0.0,"enemies":"Blue Slaver","floor":13.0,"turns":4.0},{"damage":10.0,"enemies":"Gremlin Nob","floor":14.0,"turns":3.0},{"damage":17.0,"enemies":"Hexaghost","floor":16.0,"turns":8.0},{"damage":0.0,"enemies":"Spheric Guardian","floor":18.0,"turns":3.0},{"damage":8.0,"enemies":"Shell Parasite","floor":22.0,"turns":4.0},{"damage":9.0,"enemies":"Book of Stabbing","floor":23.0,"turns":5.0},{"damage":0.0,"enemies":"Gremlin Leader","floor":27.0,"turns":4.0},{"damage":12.0,"enemies":"Book of Stabbing","floor":31.0,"turns":5.0},{"damage":18.0,"enemies":"Automaton","floor":33.0,"turns":11.0},{"damage":16.0,"enemies":"3 Darklings","floor":35.0,"turns":5.0},{"damage":0.0,"enemies":"3 Shapes","floor":37.0,"turns":2.0},{"damage":0.0,"enemies":"2 Orb Walkers","floor":39.0,"turns":5.0},{"damage":10.0,"enemies":"Giant Head","floor":40.0,"turns":8.0},{"damage":1.0,"enemies":"Reptomancer","floor":42.0,"turns":6.0},{"damage":0.0,"enemies":"Giant Head","floor":44.0,"turns":6.0},{"damage":1.0,"enemies":"Sphere and 2 Shapes","floor":45.0,"turns":4.0},{"damage":0,"enemies":"4 Shapes","floor":46,"turns":2},{"damage":0,"enemies":"Writhing Mass","floor":48,"turns":4},{"damage":11,"enemies":"Donu and Deca","floor":50,"turns":8},{"damage":4,"enemies":"Shield and Spear","floor":54,"turns":4},{"damage":97,"enemies":"The Heart","floor":55,"turns":8}],"seed_played":"2737180322271089563","potions_obtained":[{"floor":4.0,"key":"Fire Potion"},{"floor":10.0,"key":"EssenceOfSteel"},{"floor":13.0,"key":"PowerPotion"},{"floor":22.0,"key":"Ancient Potion"},{"floor":23.0,"key":"Energy Potion"},{"floor":35.0,"key":"SpeedPotion"},{"floor":42.0,"key":"DistilledChaos"},{"floor":48,"key":"Dexterity Potion"},{"floor":54,"key":"DuplicationPotion"}],"is_trial":false,"path_per_floor":["M","M","?","M","?","R","?","T","T","?","$","E","M","E","R","B",null,"M","?","?","T","M","E","R","?","T","E","$","T","R","E","R","B",null,"M","$","M","?","?","E","R","E","T","E","M","M","R","M","R","B",null,"R","$","E","B"],"character_chosen":"THE_SILENT","items_purchased":["Sling","Noxious Fumes+1","ClockworkSouvenir","Catalyst","Well Laid Plans+1","Lee\u0027s Waffle","Accuracy+1","Swift Potion"],"campfire_rested":2,"item_purchase_floors":[11,28,28,28,36,36,53,53],"current_hp_per_floor":[69,62,55,47,47,47,35,35,35,35,35,27,27,17,40,23,64,64,70,70,70,62,53,53,34,34,34,34,34,58,46,46,28,69,53,90,90,90,90,80,80,79,79,79,78,78,78,78,78,67,84,84,84,80,0,0],"gold":140,"neow_bonus":"TEN_PERCENT_HP_BONUS","is_daily":false,"chose_seed":false,"campfire_upgraded":6,"win_rate":0.0,"timestamp":1610101691,"path_taken":["M","M","?","M","?","R","?","?","T","?","?","E","M","E","R","BOSS","M","?","?","?","M","E","R","?","T","E","$","?","R","E","R","BOSS","M","$","M","?","?","E","R","E","T","E","M","M","R","M","R","BOSS","R","$","E","BOSS"],"items_purchased_type":["Relic","Card","Relic","Card","Card","Relic","Card","Potion"],"build_version":"2020-12-22","purchased_purges":3,"victory":false,"max_hp_per_floor":[77,77,77,77,77,77,77,77,77,77,77,77,77,77,77,77,77,77,83,83,83,83,83,83,83,83,83,83,83,83,83,83,83,83,83,90,90,90,90,90,90,90,90,90,90,90,90,90,90,90,90,90,90,90,90,90],"card_choices":[{"not_picked":["Cloak And Dagger","Underhanded Strike"],"picked":"Infinite Blades","floor":1.0},{"not_picked":["Deflect","Terror"],"picked":"Blade Dance","floor":2.0},{"not_picked":["Underhanded Strike","Terror","Sucker Punch"],"picked":"SKIP","floor":4.0},{"not_picked":["Blur","Storm of Steel"],"picked":"Leg Sweep","floor":12.0},{"not_picked":["Dagger Throw","Dagger Spray"],"picked":"Accuracy","floor":13.0},{"not_picked":["Deflect","Terror"],"picked":"Quick Slash","floor":14.0},{"not_picked":["Malaise","Tools of the Trade"],"picked":"Adrenaline","floor":16.0},{"not_picked":["Flechettes","Flying Knee"],"picked":"Dodge and Roll","floor":18.0},{"not_picked":["Quick Slash","Reflex"],"picked":"Predator","floor":22.0},{"not_picked":["All Out Attack+1","Deflect+1"],"picked":"PiercingWail+1","floor":23.0},{"not_picked":["Dagger Spray+1","Expertise"],"picked":"Leg Sweep","floor":27.0},{"not_picked":["Slice+1","Doppelganger"],"picked":"Caltrops+1","floor":31.0},{"not_picked":["Phantasmal Killer","A Thousand Cuts+1"],"picked":"Wraith Form v2+1","floor":33.0},{"not_picked":["Expertise","Quick Slash+1"],"picked":"Dash+1","floor":35.0},{"not_picked":["Bane+1","Dagger Spray+1","Underhanded Strike+1"],"picked":"SKIP","floor":37.0},{"not_picked":["Choke+1","Bane+1"],"picked":"Dash+1","floor":39.0},{"not_picked":["Poisoned Stab+1","Underhanded Strike+1"],"picked":"After Image+1","floor":40.0},{"not_picked":["Blade Dance","Poisoned Stab+1"],"picked":"Cloak And Dagger+1","floor":42.0},{"not_picked":["Setup+1","Dagger Spray+1"],"picked":"Envenom+1","floor":44.0},{"not_picked":["Reflex+1","Slice+1"],"picked":"Blade Dance+1","floor":45.0},{"not_picked":["Escape Plan+1","Deflect+1"],"picked":"Deadly Poison+1","floor":46},{"not_picked":["Slice+1","Distraction+1"],"picked":"Blade Dance+1","floor":48},{"not_picked":["Heel Hook+1","Expertise+1"],"picked":"Noxious Fumes+1","floor":54}],"player_experience":796732,"relics_obtained":[{"floor":8.0,"key":"Akabeko"},{"floor":9.0,"key":"Juzu Bracelet"},{"floor":12.0,"key":"Darkstone Periapt"},{"floor":14.0,"key":"CeramicFish"},{"floor":21.0,"key":"Lantern"},{"floor":23.0,"key":"Ninja Scroll"},{"floor":26.0,"key":"Frozen Egg 2"},{"floor":27.0,"key":"Molten Egg 2"},{"floor":29.0,"key":"Paper Crane"},{"floor":31.0,"key":"Thread and Needle"},{"floor":39.0,"key":"Tingsha"},{"floor":40.0,"key":"Whetstone"},{"floor":42.0,"key":"Art of War"},{"floor":44.0,"key":"Toxic Egg 2"},{"floor":54,"key":"Mercury Hourglass"}],"event_choices":[{"cards_removed":["Strike_G"],"damage_healed":0.0,"max_hp_gain":0.0,"max_hp_loss":0.0,"gold_gain":0.0,"event_name":"Golden Wing","player_choice":"Card Removal","floor":3.0,"gold_loss":0.0,"damage_taken":7.0},{"cards_removed":["Defend_G"],"damage_healed":0.0,"max_hp_gain":0.0,"max_hp_loss":0.0,"gold_gain":0.0,"event_name":"The Cleric","player_choice":"Card Removal","floor":5.0,"gold_loss":50.0,"damage_taken":0.0},{"damage_healed":0.0,"max_hp_gain":0.0,"max_hp_loss":0.0,"gold_gain":0.0,"event_name":"Scrap Ooze","player_choice":"Success","floor":7.0,"gold_loss":0.0,"damage_taken":12.0,"relics_obtained":["Unceasing Top"]},{"damage_healed":0.0,"max_hp_gain":0.0,"max_hp_loss":0.0,"gold_gain":0.0,"event_name":"The Woman in Blue","player_choice":"Bought 1 Potion","floor":10.0,"gold_loss":0.0,"damage_taken":0.0},{"damage_healed":0.0,"max_hp_gain":0.0,"max_hp_loss":0.0,"gold_gain":0.0,"event_name":"The Mausoleum","player_choice":"Opened","floor":19.0,"gold_loss":0.0,"damage_taken":0.0,"relics_obtained":["Gremlin Horn"],"cards_obtained":["Writhe"]},{"damage_healed":0.0,"max_hp_gain":0.0,"max_hp_loss":0.0,"gold_gain":0.0,"event_name":"Back to Basics","player_choice":"Simplicity","floor":20.0,"gold_loss":0.0,"damage_taken":0.0,"cards_upgraded":["Strike_G","Strike_G","Strike_G","Strike_G","Defend_G","Defend_G","Defend_G","Defend_G"]},{"damage_healed":0.0,"max_hp_gain":0.0,"max_hp_loss":0.0,"gold_gain":180.0,"event_name":"Knowing Skull","player_choice":"GOLD GOLD ","floor":25.0,"potions_obtained":[],"gold_loss":0.0,"damage_taken":19.0,"cards_obtained":[]},{"cards_removed":["Strike_G"],"damage_healed":0.0,"max_hp_gain":0.0,"max_hp_loss":0.0,"gold_gain":0.0,"event_name":"Falling","player_choice":"Removed Attack","floor":38.0,"gold_loss":0.0,"damage_taken":0.0},{"damage_healed":0.0,"max_hp_gain":0.0,"max_hp_loss":0.0,"gold_gain":0.0,"event_name":"Mysterious Sphere","player_choice":"Fight","floor":39.0,"gold_loss":0.0,"damage_taken":0.0}],"is_beta":false,"boss_relics":[{"not_picked":["Velvet Choker","HoveringKite"],"picked":"Philosopher\u0027s Stone"},{"not_picked":["Runic Dome","Ring of the Serpent"],"picked":"WristBlade"}],"items_purged_floors":[28,36,53],"is_endless":false,"potions_floor_spawned":[4,13,22,23,35,42,48,54],"killed_by":"The Heart","ascension_level":13}}