{"host":"Bilverbakes","time":1610067477,"event":{"mods":["2.2 Compatiblity","AchievementEnabler","BaseMod","Bestiary","Colored Map","Minty Spire (QoL Compilation)","Relic Stats","StSLib","ojb\u0027s Info Mod"],"gold_per_floor":[115,133,133,146,146,171,171,204,229,248,248,262,296,315,315,389,389,404,404,421,421,29,29,60,60,87,87,113,127,137,137,137,210,210,227,227,244,254,254,280,280,299,346,362,390,65,92,441,441,441,441],"floor_reached":52,"playtime":5201,"items_purged":["Strike_R+1"],"score":1954,"play_id":"aaf0e902-9b18-46d7-8161-0841769f997e","local_time":"20210107185757","is_ascension_mode":true,"campfire_choices":[{"data":"True Grit","floor":7.0,"key":"SMITH"},{"floor":11.0,"key":"REST"},{"data":"Perfected Strike","floor":15.0,"key":"SMITH"},{"data":"Inflame","floor":23.0,"key":"SMITH"},{"data":"Fiend Fire","floor":25.0,"key":"SMITH"},{"data":"Power Through","floor":32.0,"key":"SMITH"},{"data":"Power Through","floor":41.0,"key":"SMITH"},{"data":"Clash","floor":49.0,"key":"PURGE"}],"circlet_count":0,"master_deck":["AscendersBane","Strike_R+1","Strike_R+1","Strike_R+1","Strike_R+1","Defend_R+1","Defend_R+1","Defend_R+1","Defend_R+1","Bash+1","True Grit+1","Reaper","Headbutt","Perfected Strike+1","Pommel Strike","Power Through+1","Fiend Fire+1","True Grit+1","Inflame+1","Havoc+1","Second Wind+1","Shockwave+1","Corruption","Inflame+1","Power Through+1","Headbutt+1","Flame Barrier","Dark Embrace","Fire Breathing+1"],"relics":["Burning Blood","Regal Pillow","Orichalcum","Question Card","Pen Nib","Pocketwatch","Runic Dome","Incense Burner","Mercury Hourglass","Juzu Bracelet","Nilry\u0027s Codex","Boot","Coffee Dripper","Peace Pipe","Bag of Preparation","War Paint","Strawberry","Old Coin"],"acts_visited":["Exordium","TheCity","TheBeyond"],"potions_floor_usage":[51],"damage_taken":[{"damage":17.0,"enemies":"Small Slimes","floor":1.0,"turns":4.0},{"damage":2.0,"enemies":"Cultist","floor":2.0,"turns":4.0},{"damage":5.0,"enemies":"2 Louse","floor":4.0,"turns":4.0},{"damage":24.0,"enemies":"Lagavulin","floor":6.0,"turns":6.0},{"damage":37.0,"enemies":"3 Sentries","floor":8.0,"turns":16.0},{"damage":25.0,"enemies":"Gremlin Gang","floor":10.0,"turns":6.0},{"damage":10.0,"enemies":"Exordium Wildlife","floor":12.0,"turns":4.0},{"damage":18.0,"enemies":"Lagavulin","floor":13.0,"turns":3.0},{"damage":1.0,"enemies":"Looter","floor":14.0,"turns":4.0},{"damage":49.0,"enemies":"Hexaghost","floor":16.0,"turns":11.0},{"damage":0.0,"enemies":"Chosen","floor":18.0,"turns":2.0},{"damage":18.0,"enemies":"Shell Parasite","floor":20.0,"turns":3.0},{"damage":0.0,"enemies":"Shelled Parasite and Fungi","floor":21.0,"turns":1.0},{"damage":15.0,"enemies":"Book of Stabbing","floor":24.0,"turns":4.0},{"damage":18.0,"enemies":"Slavers","floor":28.0,"turns":5.0},{"damage":10.0,"enemies":"Snake Plant","floor":29.0,"turns":4.0},{"damage":9.0,"enemies":"Cultist and Chosen","floor":30.0,"turns":5.0},{"damage":6.0,"enemies":"Automaton","floor":33.0,"turns":8.0},{"damage":1.0,"enemies":"3 Darklings","floor":35.0,"turns":5.0},{"damage":11.0,"enemies":"3 Shapes","floor":37.0,"turns":3.0},{"damage":0.0,"enemies":"Maw","floor":38.0,"turns":5.0},{"damage":16.0,"enemies":"Nemesis","floor":40.0,"turns":5.0},{"damage":31.0,"enemies":"4 Shapes","floor":42.0,"turns":8.0},{"damage":18.0,"enemies":"Writhing Mass","floor":44.0,"turns":3.0},{"damage":48.0,"enemies":"Reptomancer","floor":45.0,"turns":4.0},{"damage":10.0,"enemies":"Giant Head","floor":47.0,"turns":5.0},{"damage":10.0,"enemies":"2 Orb Walkers","floor":48.0,"turns":4.0},{"damage":68.0,"enemies":"Awakened One","floor":50.0,"turns":12.0},{"damage":13,"enemies":"Donu and Deca","floor":51,"turns":10}],"seed_played":"6008968595489217157","potions_obtained":[{"floor":1.0,"key":"HeartOfIron"},{"floor":8.0,"key":"Fruit Juice"},{"floor":10.0,"key":"AttackPotion"},{"floor":12.0,"key":"SmokeBomb"},{"floor":14.0,"key":"Explosive Potion"},{"floor":24.0,"key":"Dexterity Potion"},{"floor":28.0,"key":"Energy Potion"},{"floor":35.0,"key":"DistilledChaos"},{"floor":44.0,"key":"LiquidBronze"},{"floor":47.0,"key":"Swift Potion"},{"floor":48.0,"key":"Fruit Juice"}],"is_trial":false,"path_per_floor":["M","M","?","M","?","E","R","E","T","M","R","M","E","M","R","B",null,"M","?","M","M","$","R","E","R","T","?","E","M","M","?","R","B",null,"M","?","M","M","?","E","R","M","T","M","E","$","E","?","R","B","B",null],"character_chosen":"IRONCLAD","items_purchased":["Incense Burner","Inflame","Dark Embrace","War Paint"],"campfire_rested":1,"item_purchase_floors":[22,22,46,46],"current_hp_per_floor":[64,68,68,69,51,33,33,14,14,9,50,54,48,61,61,22,71,77,77,65,71,71,71,69,69,69,48,36,42,44,44,44,58,80,85,85,85,87,87,77,77,62,62,50,49,49,70,81,81,24,37],"gold":441,"neow_bonus":"TEN_PERCENT_HP_BONUS","is_daily":false,"chose_seed":false,"campfire_upgraded":6,"win_rate":0.0,"timestamp":1610067477,"path_taken":["M","M","?","?","?","E","R","E","T","M","R","M","E","M","R","BOSS","M","?","M","?","$","R","E","R","T","?","E","M","M","?","R","BOSS","M","?","M","M","?","E","R","M","T","M","E","?","E","?","R","BOSS","BOSS"],"items_purchased_type":["Relic","Card","Card","Relic"],"build_version":"2020-12-18","purchased_purges":1,"victory":true,"max_hp_per_floor":[82,82,82,82,82,82,82,82,82,87,87,87,87,87,87,87,87,87,87,87,87,87,87,87,87,87,87,87,87,87,87,87,87,87,87,87,87,87,87,87,87,87,87,87,87,87,94,94,94,99,99],"relic_stats":{"Regal Pillow":15,"counters":[29,157],"Pen Nib":[19],"Juzu Bracelet":1,"Bag of Preparation":[8],"Orichalcum":[270],"War Paint":["Second Wind","Shockwave"],"Question Card":21,"Boot":[13],"Burning Blood":170,"Mercury Hourglass":[359],"Peace Pipe":1,"obtain_stats":[{"Regal Pillow":5,"Nilry\u0027s Codex":27,"Pen Nib":9,"Incense Burner":22,"Juzu Bracelet":26,"Bag of Preparation":45,"Orichalcum":6,"War Paint":46,"Question Card":8,"Boot":28,"Burning Blood":0,"Mercury Hourglass":24,"Old Coin":48,"Peace Pipe":40,"Runic Dome":17,"Strawberry":47,"Coffee Dripper":34,"Pocketwatch":13},{"Regal Pillow":3,"Nilry\u0027s Codex":14,"Pen Nib":5,"Incense Burner":13,"Juzu Bracelet":14,"Bag of Preparation":25,"Orichalcum":4,"War Paint":25,"Question Card":5,"Boot":15,"Burning Blood":0,"Mercury Hourglass":14,"Old Coin":27,"Peace Pipe":22,"Runic Dome":10,"Strawberry":26,"Coffee Dripper":18,"Pocketwatch":8},{"Regal Pillow":12,"Nilry\u0027s Codex":72,"Pen Nib":34,"Incense Burner":68,"Juzu Bracelet":72,"Bag of Preparation":126,"Orichalcum":18,"War Paint":126,"Question Card":34,"Boot":77,"Burning Blood":0,"Mercury Hourglass":72,"Old Coin":135,"Peace Pipe":112,"Runic Dome":62,"Strawberry":131,"Coffee Dripper":94,"Pocketwatch":47}],"Pocketwatch":[189]},"card_choices":[{"not_picked":["Sword Boomerang","Warcry","Clash"],"picked":"SKIP","floor":1.0},{"not_picked":["Warcry","Exhume"],"picked":"True Grit","floor":2.0},{"not_picked":["Bloodletting","Shrug It Off"],"picked":"Clash","floor":4.0},{"not_picked":["Pommel Strike","Heavy Blade"],"picked":"Reaper","floor":6.0},{"not_picked":["Inflame","Body Slam"],"picked":"Headbutt","floor":8.0},{"not_picked":["Feel No Pain","Iron Wave","Ghostly Armor"],"picked":"Perfected Strike","floor":10.0},{"not_picked":["Sentinel","Perfected Strike","Havoc","Reckless Charge"],"picked":"SKIP","floor":12.0},{"not_picked":["Shrug It Off","Warcry","Intimidate"],"picked":"Pommel Strike","floor":13.0},{"not_picked":["Warcry","Sentinel","Flex"],"picked":"Power Through","floor":14.0},{"not_picked":["Impervious","Reaper","Brutality"],"picked":"Fiend Fire","floor":16.0},{"not_picked":["Thunderclap","Iron Wave","Headbutt","Clothesline"],"picked":"SKIP","floor":18.0},{"not_picked":["Sword Boomerang","Flex","Wild Strike","Infernal Blade"],"picked":"SKIP","floor":20.0},{"not_picked":["Infernal Blade+1","Barricade","Cleave"],"picked":"Havoc+1","floor":24.0},{"not_picked":["Shrug It Off","Flame Barrier","Body Slam"],"picked":"Second Wind","floor":28.0},{"not_picked":["Ghostly Armor","Shrug It Off","Fire Breathing"],"picked":"Shockwave","floor":29.0},{"not_picked":["Infernal Blade+1","Rage","Anger","Iron Wave"],"picked":"SKIP","floor":30.0},{"not_picked":["Juggernaut","Bludgeon","Fiend Fire"],"picked":"Corruption","floor":33.0},{"not_picked":["Flex+1","Iron Wave","Anger"],"picked":"Inflame","floor":35.0},{"not_picked":["Sword Boomerang+1","Twin Strike","Rampage","Headbutt"],"picked":"SKIP","floor":37.0},{"not_picked":["Blood for Blood","Carnage","Dual Wield","Anger+1"],"picked":"SKIP","floor":38.0},{"not_picked":["Limit Break","Corruption","Wild Strike"],"picked":"Power Through","floor":40.0},{"not_picked":["Rage","Shrug It Off","Warcry+1"],"picked":"Headbutt+1","floor":42.0},{"not_picked":["Headbutt","Thunderclap","Brutality"],"picked":"Flame Barrier","floor":44.0},{"not_picked":["Combust","Clash","Twin Strike","Dropkick"],"picked":"SKIP","floor":45.0},{"not_picked":["Iron Wave","Warcry","Heavy Blade"],"picked":"Fire Breathing+1","floor":47.0}],"player_experience":635351,"relics_obtained":[{"floor":6.0,"key":"Orichalcum"},{"floor":8.0,"key":"Question Card"},{"floor":9.0,"key":"Pen Nib"},{"floor":13.0,"key":"Pocketwatch"},{"floor":24.0,"key":"Mercury Hourglass"},{"floor":26.0,"key":"Juzu Bracelet"},{"floor":27.0,"key":"Nilry\u0027s Codex"},{"floor":28.0,"key":"Boot"},{"floor":40.0,"key":"Peace Pipe"},{"floor":45.0,"key":"Bag of Preparation"},{"floor":47.0,"key":"Strawberry"},{"floor":48.0,"key":"Old Coin"}],"event_choices":[{"damage_healed":0.0,"max_hp_gain":0.0,"max_hp_loss":0.0,"gold_gain":0.0,"event_name":"Upgrade Shrine","player_choice":"Upgraded","floor":3.0,"gold_loss":0.0,"damage_taken":0.0,"cards_upgraded":["Bash"]},{"damage_healed":0.0,"max_hp_gain":0.0,"max_hp_loss":0.0,"gold_gain":0.0,"event_name":"Scrap Ooze","player_choice":"Success","floor":5.0,"gold_loss":0.0,"damage_taken":18.0,"relics_obtained":["Regal Pillow"]},{"damage_healed":0.0,"max_hp_gain":0.0,"max_hp_loss":0.0,"gold_gain":0.0,"event_name":"Duplicator","player_choice":"Copied","floor":19.0,"gold_loss":0.0,"damage_taken":0.0,"cards_obtained":["True Grit"]},{"damage_healed":0.0,"max_hp_gain":0.0,"max_hp_loss":0.0,"gold_gain":0.0,"event_name":"Cursed Tome","player_choice":"Obtained Book","floor":27.0,"gold_loss":0.0,"damage_taken":21.0},{"damage_healed":0.0,"max_hp_gain":0.0,"max_hp_loss":0.0,"gold_gain":0.0,"event_name":"Back to Basics","player_choice":"Simplicity","floor":31.0,"gold_loss":0.0,"damage_taken":0.0,"cards_upgraded":["Strike_R","Strike_R","Strike_R","Strike_R","Strike_R","Defend_R","Defend_R","Defend_R","Defend_R"]},{"damage_healed":0.0,"max_hp_gain":0.0,"max_hp_loss":0.0,"gold_gain":0.0,"event_name":"SecretPortal","player_choice":"Ignored","floor":36.0,"gold_loss":0.0,"damage_taken":0.0},{"damage_healed":0.0,"max_hp_gain":0.0,"max_hp_loss":0.0,"gold_gain":0.0,"event_name":"Accursed Blacksmith","player_choice":"Forge","floor":39.0,"gold_loss":0.0,"damage_taken":0.0,"cards_upgraded":["Inflame"]},{"damage_healed":0.0,"max_hp_gain":0.0,"max_hp_loss":0.0,"gold_gain":0.0,"event_name":"Mysterious Sphere","player_choice":"Fight","floor":48.0,"gold_loss":0.0,"damage_taken":0.0}],"is_beta":true,"boss_relics":[{"not_picked":["Black Star","Black Blood"],"picked":"Runic Dome"},{"not_picked":["SlaversCollar","Runic Pyramid"],"picked":"Coffee Dripper"}],"items_purged_floors":[46],"is_endless":false,"potions_floor_spawned":[1,8,10,12,14,21,24,28,29,35,44,47,48],"ascension_level":20}}