{"host":"873t0y8ybyo38pfq","time":1610135848,"event":{"mods":["BaseMod","Bestiary","Colored Map","Colored Powertips","Highlight Path","Minty Spire (QoL Compilation)","Quick Restart","RNG Fix","Rare Cards Sparkle","Relic Stats","StSLib"],"gold_per_floor":[111,127,127,1,1,29,40,40,111,138,38,53,68,93,93,168,168,180,196,221,240,265,265,300,300,300,318,348,348,363,49,49,121,121,131,149,162,384,396,424,24,58,58,88,138,157,157,177,177,177,177,177,177,42,72,72,72],"floor_reached":56,"playtime":2766,"items_purged":["Pain","Strike_B"],"score":2069,"play_id":"202757e8-16f1-49c2-82f8-1582e1b9fb42","local_time":"20210108145728","is_ascension_mode":true,"campfire_choices":[{"floor":8.0,"key":"RECALL"},{"floor":15.0,"key":"REST"},{"floor":23.0,"key":"REST"},{"data":"Defragment","floor":25.0,"key":"SMITH"},{"data":"White Noise","floor":29.0,"key":"SMITH"},{"data":"Seek","floor":32.0,"key":"SMITH"},{"floor":49,"key":"REST"},{"floor":53,"key":"REST"}],"circlet_count":0,"master_deck":["AscendersBane","Zap","Dualcast","Tempest","Go for the Eyes+1","Zap","White Noise+1","Hologram","Self Repair","Chaos","Electrodynamics","Electrodynamics","Chill","Glacier","FTL","Sunder+1","Thunder Strike","White Noise","Defragment+1","Auto Shields","Coolheaded","Seek+1","Conserve Battery","Multi-Cast","Fission","Redo","Skim+1","Glacier+1","Aggregate+1","Self Repair+1","Hologram+1","Coolheaded+1","Steam+1","Undo+1"],"relics":["Cracked Core","NeowsBlessing","WarpedTongs","Ancient Tea Set","Bronze Scales","Bottled Lightning","Pandora\u0027s Box","Red Mask","MealTicket","Thread and Needle","The Courier","Dream Catcher","Sozu","Turnip","Whetstone","Lizard Tail","Gremlin Horn","Letter Opener","Toxic Egg 2","Pocketwatch","Runic Capacitor","Shuriken"],"acts_visited":["Exordium","TheCity","TheBeyond","TheEnding"],"potions_floor_usage":[39,44],"damage_taken":[{"damage":0.0,"enemies":"2 Louse","floor":1.0,"turns":1.0},{"damage":0.0,"enemies":"Cultist","floor":2.0,"turns":1.0},{"damage":0.0,"enemies":"3 Sentries","floor":6.0,"turns":1.0},{"damage":0.0,"enemies":"Jaw Worm","floor":7.0,"turns":2.0},{"damage":5.0,"enemies":"Lagavulin","floor":10.0,"turns":7.0},{"damage":1.0,"enemies":"2 Fungi Beasts","floor":12.0,"turns":3.0},{"damage":12.0,"enemies":"Blue Slaver","floor":13.0,"turns":4.0},{"damage":47.0,"enemies":"Gremlin Nob","floor":14.0,"turns":4.0},{"damage":16.0,"enemies":"Slime Boss","floor":16.0,"turns":8.0},{"damage":4.0,"enemies":"3 Byrds","floor":18.0,"turns":2.0},{"damage":4.0,"enemies":"Chosen","floor":19.0,"turns":4.0},{"damage":22.0,"enemies":"Masked Bandits","floor":20.0,"turns":4.0},{"damage":26.0,"enemies":"Centurion and Healer","floor":21.0,"turns":3.0},{"damage":5.0,"enemies":"Gremlin Leader","floor":24.0,"turns":3.0},{"damage":6.0,"enemies":"Snake Plant","floor":27.0,"turns":3.0},{"damage":5.0,"enemies":"Book of Stabbing","floor":28.0,"turns":3.0},{"damage":0.0,"enemies":"3 Cultists","floor":30.0,"turns":2.0},{"damage":58.0,"enemies":"Automaton","floor":33.0,"turns":9.0},{"damage":15.0,"enemies":"Orb Walker","floor":35.0,"turns":3.0},{"damage":0.0,"enemies":"3 Darklings","floor":36.0,"turns":3.0},{"damage":4.0,"enemies":"4 Shapes","floor":37.0,"turns":3.0},{"damage":10,"enemies":"Transient","floor":39,"turns":6},{"damage":0,"enemies":"Reptomancer","floor":40,"turns":5},{"damage":9,"enemies":"Nemesis","floor":42,"turns":9},{"damage":42,"enemies":"Giant Head","floor":44,"turns":7},{"damage":19,"enemies":"2 Orb Walkers","floor":45,"turns":3},{"damage":0,"enemies":"3 Darklings","floor":46,"turns":2},{"damage":0,"enemies":"Maw","floor":48,"turns":5},{"damage":21,"enemies":"Time Eater","floor":50,"turns":12},{"damage":53,"enemies":"Awakened One","floor":51,"turns":15},{"damage":51,"enemies":"Shield and Spear","floor":55,"turns":7},{"damage":66,"enemies":"The Heart","floor":56,"turns":2}],"seed_played":"1972663107467407686","potions_obtained":[{"floor":6.0,"key":"LiquidMemories"},{"floor":7.0,"key":"PowerPotion"},{"floor":14.0,"key":"Strength Potion"},{"floor":19.0,"key":"Block Potion"},{"floor":24.0,"key":"EssenceOfDarkness"},{"floor":27.0,"key":"LiquidMemories"},{"floor":33.0,"key":"Block Potion"}],"is_trial":false,"path_per_floor":["M","M","?","$","?","E","M","R","T","E","$","M","M","E","R","B",null,"M","M","?","M","T","R","E","R","T","M","E","R","M","$","R","B",null,"M","M","M","?","M","E","$","E","T","E","?","M","?","M","R","B","B",null,"R","$","E","B"],"character_chosen":"DEFECT","items_purchased":["Go for the Eyes","Seek","Conserve Battery","Multi-Cast","GamblersBrew","Whetstone","Lizard Tail","Runic Capacitor"],"campfire_rested":4,"item_purchase_floors":[4,31,31,31,31,41,41,54],"current_hp_per_floor":[64,64,64,64,64,64,64,64,64,59,59,58,56,9,30,21,59,62,68,56,37,37,58,53,53,53,54,49,49,49,64,64,13,57,52,62,65,65,62,62,71,69,69,34,15,15,15,32,53,49,45,65,71,71,40,0,0],"gold":72,"neow_bonus":"THREE_ENEMY_KILL","is_daily":false,"chose_seed":false,"campfire_upgraded":3,"win_rate":0.0,"timestamp":1610135848,"path_taken":["M","M","?","?","?","E","M","R","T","E","$","?","M","E","R","BOSS","M","M","?","M","?","R","E","R","T","M","E","R","M","$","R","BOSS","M","M","M","?","?","E","$","E","T","E","?","?","?","M","R","BOSS","BOSS","R","$","E","BOSS"],"items_purchased_type":["Card","Card","Card","Card","Potion","Relic","Relic","Relic"],"build_version":"2020-12-22","purchased_purges":2,"victory":false,"max_hp_per_floor":[71,71,71,71,71,71,71,71,71,71,71,71,71,71,71,71,71,71,71,71,71,71,71,71,71,71,71,71,71,71,71,71,71,71,71,71,71,71,71,71,71,71,71,71,71,71,71,71,71,71,71,71,71,71,71,71,71],"relic_stats":{"Gremlin Horn":[6,6],"counters":[32,146],"Whetstone":["Sunder","Go for the Eyes"],"Letter Opener":[255],"WarpedTongs":[142],"Sozu":4,"Dream Catcher":2,"Lizard Tail":35,"Shuriken":[0],"Bronze Scales":[425],"Pandora\u0027s Box":["Chill","Glacier","FTL","Sunder","FTL","Thunder Strike","White Noise"],"MealTicket":24,"Turnip":[11],"obtain_stats":[{"NeowsBlessing":0,"Gremlin Horn":42,"Thread and Needle":24,"The Courier":26,"Runic Capacitor":54,"Whetstone":41,"Letter Opener":43,"Ancient Tea Set":6,"WarpedTongs":3,"Sozu":34,"Dream Catcher":28,"Lizard Tail":41,"Shuriken":55,"Bronze Scales":10,"Pandora\u0027s Box":17,"MealTicket":22,"Turnip":40,"Red Mask":20,"Bottled Lightning":14,"Toxic Egg 2":44,"Cracked Core":0,"Pocketwatch":45},{"NeowsBlessing":0,"Gremlin Horn":24,"Thread and Needle":14,"The Courier":14,"Runic Capacitor":30,"Whetstone":23,"Letter Opener":24,"Ancient Tea Set":3,"WarpedTongs":2,"Sozu":18,"Dream Catcher":16,"Lizard Tail":23,"Shuriken":31,"Bronze Scales":5,"Pandora\u0027s Box":9,"MealTicket":13,"Turnip":23,"Red Mask":12,"Bottled Lightning":8,"Toxic Egg 2":25,"Cracked Core":0,"Pocketwatch":26},{"NeowsBlessing":0,"Gremlin Horn":93,"Thread and Needle":47,"The Courier":47,"Runic Capacitor":137,"Whetstone":84,"Letter Opener":93,"Ancient Tea Set":3,"WarpedTongs":2,"Sozu":64,"Dream Catcher":53,"Lizard Tail":84,"Shuriken":144,"Bronze Scales":12,"Pandora\u0027s Box":31,"MealTicket":44,"Turnip":84,"Red Mask":41,"Bottled Lightning":23,"Toxic Egg 2":100,"Cracked Core":0,"Pocketwatch":103}],"Pocketwatch":[27]},"card_choices":[{"not_picked":["Beam Cell","Rebound","Heatsinks"],"picked":"SKIP","floor":1.0},{"not_picked":["Reinforced Body","Loop"],"picked":"Tempest","floor":2.0},{"not_picked":["Compile Driver","Storm","Turbo"],"picked":"SKIP","floor":6.0},{"not_picked":["Barrage","Ball Lightning"],"picked":"White Noise","floor":7.0},{"not_picked":["Streamline","Leap"],"picked":"Hologram","floor":10.0},{"not_picked":["Gash","Barrage"],"picked":"Self Repair","floor":12.0},{"not_picked":["Rip and Tear","Rebound"],"picked":"Chaos","floor":13.0},{"not_picked":["Hologram","Redo"],"picked":"Electrodynamics","floor":14.0},{"not_picked":["Multi-Cast","Hyperbeam"],"picked":"Electrodynamics","floor":16.0},{"not_picked":["Rip and Tear","Beam Cell","Streamline"],"picked":"SKIP","floor":18.0},{"not_picked":["Self Repair","Sunder","Sweeping Beam"],"picked":"SKIP","floor":19.0},{"not_picked":["Gash","Beam Cell+1"],"picked":"Defragment","floor":20.0},{"not_picked":["Compile Driver","Sweeping Beam","Aggregate"],"picked":"SKIP","floor":21.0},{"not_picked":["Meteor Strike","Gash","Rainbow"],"picked":"SKIP","floor":24.0},{"not_picked":["Doom and Gloom","Blizzard"],"picked":"Auto Shields","floor":27.0},{"not_picked":["Auto Shields","Hologram","Sweeping Beam"],"picked":"SKIP","floor":28.0},{"not_picked":["Darkness","Beam Cell"],"picked":"Coolheaded","floor":30.0},{"not_picked":["Reboot","Electrodynamics"],"picked":"Fission","floor":33.0},{"not_picked":["Gash","Reprogram+1"],"picked":"Redo","floor":35.0},{"not_picked":["Fusion","Gash","Genetic Algorithm"],"picked":"SKIP","floor":36.0},{"not_picked":["Rebound","Cold Snap"],"picked":"Skim+1","floor":37.0},{"not_picked":["Leap","Compile Driver+1"],"picked":"Glacier+1","floor":39},{"not_picked":["Meteor Strike","Turbo","Steam Power"],"picked":"SKIP","floor":40},{"not_picked":["Genetic Algorithm","Scrape+1","Consume"],"picked":"SKIP","floor":42},{"not_picked":["Doom and Gloom+1","Loop"],"picked":"Aggregate+1","floor":44},{"not_picked":["Rip and Tear","Leap+1"],"picked":"Self Repair+1","floor":45},{"not_picked":["Reprogram+1","Doom and Gloom","Force Field+1"],"picked":"SKIP","floor":46},{"not_picked":["Tempest+1","Leap+1"],"picked":"Hologram+1","floor":48},{"not_picked":["Turbo+1","Auto Shields+1"],"picked":"Coolheaded+1","floor":49},{"not_picked":["Hello World","Ball Lightning+1"],"picked":"Steam+1","floor":53},{"not_picked":["Hyperbeam","Tempest+1"],"picked":"Undo+1","floor":55}],"player_experience":1558038,"relics_obtained":[{"floor":6.0,"key":"Ancient Tea Set"},{"floor":10.0,"key":"Bronze Scales"},{"floor":14.0,"key":"Bottled Lightning"},{"floor":20.0,"key":"Red Mask"},{"floor":22.0,"key":"MealTicket"},{"floor":24.0,"key":"Thread and Needle"},{"floor":26.0,"key":"The Courier"},{"floor":28.0,"key":"Dream Catcher"},{"floor":40,"key":"Turnip"},{"floor":42,"key":"Gremlin Horn"},{"floor":43,"key":"Letter Opener"},{"floor":44,"key":"Toxic Egg 2"},{"floor":45,"key":"Pocketwatch"},{"floor":55,"key":"Shuriken"}],"event_choices":[{"damage_healed":0.0,"max_hp_gain":0.0,"max_hp_loss":0.0,"gold_gain":0.0,"event_name":"Accursed Blacksmith","player_choice":"Rummage","floor":3.0,"gold_loss":0.0,"damage_taken":0.0,"relics_obtained":["WarpedTongs"],"cards_obtained":["Pain"]},{"damage_healed":0.0,"max_hp_gain":0.0,"max_hp_loss":0.0,"gold_gain":0.0,"event_name":"Match and Keep!","player_choice":"1 cards matched","floor":5.0,"gold_loss":0.0,"damage_taken":0.0,"cards_obtained":["Zap"]},{"damage_healed":0.0,"max_hp_gain":0.0,"max_hp_loss":0.0,"gold_gain":0.0,"event_name":"Masked Bandits","player_choice":"Fought Bandits","floor":20.0,"gold_loss":0.0,"damage_taken":0.0},{"damage_healed":0,"gold_gain":222,"player_choice":"Wore Mask","damage_taken":0,"max_hp_gain":0,"max_hp_loss":0,"event_name":"Tomb of Lord Red Mask","floor":38,"gold_loss":0},{"damage_healed":0,"gold_gain":0,"player_choice":"Fight","damage_taken":0,"max_hp_gain":0,"max_hp_loss":0,"event_name":"Mysterious Sphere","floor":45,"gold_loss":0},{"cards_removed":["FTL"],"damage_healed":0,"gold_gain":0,"player_choice":"Removed Attack","damage_taken":0,"max_hp_gain":0,"max_hp_loss":0,"event_name":"Falling","floor":47,"gold_loss":0}],"is_beta":false,"boss_relics":[{"not_picked":["Snecko Eye","SlaversCollar"],"picked":"Pandora\u0027s Box"},{"not_picked":["SacredBark","FrozenCore"],"picked":"Sozu"}],"items_purged_floors":[4,11],"is_endless":false,"potions_floor_spawned":[6,7,14,19,24,27,33,35,37,42,48],"killed_by":"The Heart","ascension_level":20}}