{"host":"s9dep4x43c14s74h","time":1610096338,"event":{"mods":["BaseMod","Downfall","Gremlin Mod","Hermit","HololiveMod","Jorbs\u0027s Wanderer Trilogy","Lobotomy","Marisa????????","Minty Spire (QoL Compilation)","Replay The Spire","StSLib","The Animator","The Bug Knight","The Construct","The Cursed","The Necromancer","The Runesmith","The Servant 0.9.4"],"gold_per_floor":[99,117,131,131,42,42,42,75,102,202,202,215,247,274,289,389,389,314,325,343,371,394,406,488,514,54,77,104,127,52,37,64,167,267,250,273,273,285,285,285,285,285],"floor_reached":40,"playtime":5516,"items_purged":[],"score":554,"play_id":"b2399d35-a5b8-48d0-bc57-0794987a46e9","local_time":"20210108115858","is_ascension_mode":false,"campfire_choices":[{"data":"hexamod:Sear","floor":1.0,"key":"SMITH"},{"data":"hexamod:GhostflameBarrier","floor":6.0,"key":"SMITH"},{"floor":11.0,"key":"REST"},{"floor":18,"key":"RECALL"},{"data":"hexamod:SpectralAdrenaline","floor":30,"key":"SMITH"}],"circlet_count":0,"master_deck":["hexamod:Strike","hexamod:Strike+1","hexamod:Strike","hexamod:Strike+1","hexamod:Defend+1","hexamod:Defend+1","hexamod:Defend+1","hexamod:Defend+1","hexamod:Sear+1","hexamod:Float+1","hexamod:BurningTouch","hexamod:ThirdSeal","hexamod:FourthSeal","hexamod:Rewind+1","hexamod:GhostflameBarrier+1","hexamod:FifthSeal","hexamod:NightmareGuise+1","hexamod:SixthSeal","hexamod:Incineration","hexamod:ParanormalForm+1","hexamod:FirstSeal","hexamod:NightmareGuise+1","hexamod:RecurringNightmare","Pot Of Greed","Pot Of Greed+1","hexamod:SecondSeal","Pot Of Greed+1","hexamod:ThermalTransfer+1","hexamod:DynamicBlow+1","hexamod:SixthSeal","hexamod:GiftsFromTheDead+1","hexamod:Hexaguard","hexamod:HexaLevel+1","hexamod:GiftsFromTheDead+1","hexamod:SpectersWail+1","hexamod:FlamesFromBeyond+1","hexamod:FastForward+1","hexamod:Rewind+1","hexamod:Hexaguard+1","Pot Of Greed","hexamod:SpectralAdrenaline+1","hexamod:HeatMetal+1","hexamod:HeatCrush","hexamod:BurningTouch+1","hexamod:StepThrough","hexamod:HeatCrush+1","hexamod:SwordOfDarkness","hexamod:CatchUp","hexamod:GiftsFromTheDead","hexamod:Incineration","hexamod:TimeOfNeed+1","hexamod:TimeWarp","Pot Of Greed","hexamod:BurningTouch+1","hexamod:GhostShield+1","expansioncontent:SlimeTackle","Replay:SS_fish_1","Replay:SS_hec_1"],"relics":["hexamod:SpiritBrand","StrikeDummy","Anchor","Odd Mushroom","Grinning Jar","Busted Crown","downfall:HeartBlessingGreen","HollowMod:PaleOreRelic","Replay:Baseball","downfall:HeartBlessingBlue","Replay:Wanted Poster","downfall:HeartBlessingRed","construct:RocketBooster"],"acts_visited":["Exordium","TheCity","TheBeyond"],"potions_floor_usage":[20,20,20,21,26,26,27,31,36,36,36,40],"damage_taken":[{"damage":0.0,"enemies":"Cultist","floor":2.0,"turns":3.0},{"damage":8.0,"enemies":"Small Slimes","floor":3.0,"turns":4.0},{"damage":0.0,"enemies":"downfall:FleeingMerchant","floor":5.0,"turns":4.0},{"damage":8.0,"enemies":"Lagavulin","floor":8.0,"turns":7.0},{"damage":31.0,"enemies":"The Mushroom Lair","floor":9.0,"turns":7.0},{"damage":6.0,"enemies":"Jaw Worm","floor":12.0,"turns":5.0},{"damage":0.0,"enemies":"3 Sentries","floor":13.0,"turns":7.0},{"damage":13.0,"enemies":"Blue Slaver","floor":14.0,"turns":5.0},{"damage":14.0,"enemies":"3 Louse","floor":15.0,"turns":5.0},{"damage":12,"enemies":"downfall:Silent","floor":16,"turns":12},{"damage":24,"enemies":"Spheric Guardian","floor":19,"turns":6},{"damage":0,"enemies":"3 Byrds","floor":20,"turns":3},{"damage":0,"enemies":"3 Cultists","floor":21,"turns":7},{"damage":10,"enemies":"Sentry and Sphere","floor":22,"turns":6},{"damage":0,"enemies":"Snecko","floor":23,"turns":4},{"damage":15,"enemies":"Snake Plant","floor":25,"turns":6},{"damage":9,"enemies":"downfall:FleeingMerchant","floor":26,"turns":4},{"damage":12,"enemies":"Centurion and Healer","floor":27,"turns":5},{"damage":13,"enemies":"Shelled Parasite and Fungi","floor":28,"turns":6},{"damage":18,"enemies":"Sentry and Sphere","floor":29,"turns":7},{"damage":0,"enemies":"downfall:FleeingMerchant","floor":31,"turns":4},{"damage":0,"enemies":"Snake Plant","floor":32,"turns":4},{"damage":58,"enemies":"downfall:Ironclad","floor":33,"turns":8},{"damage":24,"enemies":"Mind Bloom Boss Battle","floor":35,"turns":6},{"damage":12,"enemies":"3 Darklings","floor":36,"turns":4},{"damage":4,"enemies":"3 Shapes","floor":38,"turns":4},{"damage":48,"enemies":"Sphere and 2 Shapes","floor":40,"turns":5}],"seed_played":"6119772809197311425","potions_obtained":[{"floor":3.0,"key":"AttackPotion"},{"floor":8.0,"key":"hexamod:EctoCoolerPotion"},{"floor":9.0,"key":"Dexterity Potion"},{"floor":12.0,"key":"Slimebound:ThreeZeroPotion"},{"floor":12.0,"key":"Milkshake"},{"floor":13.0,"key":"EssenceOfSteel"},{"floor":13.0,"key":"sneckomod:MuddlingPotion"},{"floor":14.0,"key":"Weak Potion"},{"floor":14.0,"key":"Fire Potion"},{"floor":15.0,"key":"LiquidBronze"},{"floor":16,"key":"SpeedPotion"},{"floor":19,"key":"Regen Potion"},{"floor":20,"key":"DistilledChaos"},{"floor":21,"key":"SmokeBomb"},{"floor":22,"key":"Elixir"},{"floor":23,"key":"DistilledChaos"},{"floor":25,"key":"LiquidBronze"},{"floor":27,"key":"Fruit Juice"},{"floor":28,"key":"Elixir"},{"floor":28,"key":"SpeedPotion"},{"floor":31,"key":"Venom Potion"},{"floor":32,"key":"SmokeBomb"},{"floor":33,"key":"Weak Potion"},{"floor":33,"key":"DistilledChaos"},{"floor":35,"key":"LiquidBronze"},{"floor":38,"key":"Block Potion"}],"is_trial":false,"path_per_floor":["R","M","M","?","$","R","T","E","?","?","R","M","E","M","M","B",null,"R","M","M","M","M","M","T","M","$","M","M","M","R","$","M","B",null,"R","M","?","M","?","M"],"character_chosen":"THE_SPIRIT","items_purchased":["hexamod:GhostflameBarrier","hexamod:HeatMetal","HollowMod:PaleOreRelic","Replay:Baseball","hexamod:HeatCrush"],"campfire_rested":1,"item_purchase_floors":[5,26,26,26,26],"current_hp_per_floor":[70,70,62,67,67,67,67,59,28,28,50,44,51,45,38,33,75,75,58,74,75,72,75,75,67,65,65,59,48,58,65,72,21,90,66,54,44,40,40,0,0,0],"gold":285,"neow_bonus":"UPGRADE_CARD","is_daily":false,"chose_seed":false,"campfire_upgraded":3,"win_rate":0.0,"timestamp":1610096338,"path_taken":["R","M","M","?","$","R","T","E","?","?","R","M","E","M","M","BOSS","R","M","M","M","?","M","T","M","$","M","?","M","R","$","M","BOSS","R","M","?","M","?","M"],"items_purchased_type":["Card","Card","Relic","Relic","Card"],"build_version":"2020-12-22","purchased_purges":0,"victory":false,"max_hp_per_floor":[70,70,70,75,75,75,75,75,75,75,75,75,75,75,75,75,75,75,75,75,75,75,75,75,75,75,80,80,80,90,90,90,90,90,90,90,90,90,90,90,90,90],"card_choices":[{"not_picked":["hexamod:SpectersWail","hexamod:SwordOfDarkness"],"picked":"hexamod:BurningTouch","floor":2.0},{"not_picked":["hexamod:SwordOfDarkness","hexamod:BacktrackSmack"],"picked":"hexamod:ThirdSeal","floor":3.0},{"not_picked":["hexamod:PowerFromBeyond","hexamod:HeatShield"],"picked":"hexamod:FourthSeal","floor":5.0},{"not_picked":["hexamod:Firestarter","hexamod:GhostShield"],"picked":"hexamod:Rewind","floor":5.0},{"not_picked":["hexamod:EtherealExpedition","hexamod:Hexaguard"],"picked":"hexamod:FifthSeal","floor":8.0},{"not_picked":["hexamod:NightmareStrike","hexamod:ThermalTransfer"],"picked":"hexamod:NightmareGuise","floor":8.0},{"not_picked":["hexamod:SecondSeal","hexamod:FourthSeal"],"picked":"hexamod:SixthSeal","floor":9.0},{"not_picked":["hexamod:HauntingEcho","hexamod:BacktrackSmack"],"picked":"hexamod:Incineration","floor":9.0},{"not_picked":["hexamod:SkipABeat","hexamod:NecessarySacrifice"],"picked":"hexamod:ParanormalForm","floor":9.0},{"not_picked":["hexamod:ThirdSeal","hexamod:SecondSeal"],"picked":"hexamod:FirstSeal","floor":12.0},{"not_picked":["hexamod:ThermalTransfer","hexamod:FastForward"],"picked":"hexamod:NightmareGuise","floor":12.0},{"not_picked":["hexamod:RetreatToShadows","hexamod:PhantomCloak","hexamod:Firestarter"],"picked":"SKIP","floor":12.0},{"not_picked":["hexamod:HeatShield","hexamod:GhostShield"],"picked":"hexamod:RecurringNightmare","floor":13.0},{"not_picked":["hexamod:AdvancingGuard","hexamod:GhostShield"],"picked":"hexamod:SecondSeal","floor":13.0},{"not_picked":["hexamod:GhostOfSpirePresent","hexamod:FastForward"],"picked":"hexamod:ThermalTransfer","floor":14.0},{"not_picked":["hexamod:RainOfEmbers","hexamod:BacktrackSmack"],"picked":"hexamod:DynamicBlow","floor":14.0},{"not_picked":["hexamod:FourthSeal","hexamod:ThirdSeal"],"picked":"hexamod:SixthSeal","floor":15.0},{"not_picked":["hexamod:GhostflameBarrier","hexamod:SwordOfDarkness"],"picked":"hexamod:GiftsFromTheDead","floor":15.0},{"not_picked":["hexamod:AdvancingGuard","hexamod:BacktrackSmack"],"picked":"hexamod:Hexaguard","floor":15.0},{"not_picked":["hexamod:CrushingStance","hexamod:EmpoweringStance"],"picked":"hexamod:HexaLevel","floor":16},{"not_picked":["hexamod:SearingWound","hexamod:GhostflameInferno"],"picked":"hexamod:GiftsFromTheDead","floor":16},{"not_picked":["hexamod:ThermalTransfer"],"picked":"SKIP","floor":19},{"not_picked":["hexamod:BurningTouch"],"picked":"SKIP","floor":19},{"not_picked":["hexamod:FourthSeal"],"picked":"SKIP","floor":20},{"not_picked":[],"picked":"hexamod:SpectersWail+1","floor":21},{"not_picked":["hexamod:FourthSeal"],"picked":"SKIP","floor":21},{"not_picked":[],"picked":"hexamod:FlamesFromBeyond","floor":22},{"not_picked":["hexamod:BacktrackSmack+1"],"picked":"SKIP","floor":22},{"not_picked":[],"picked":"hexamod:FastForward","floor":23},{"not_picked":["hexamod:ThirdSeal"],"picked":"SKIP","floor":23},{"not_picked":["hexamod:ThermalTransfer"],"picked":"SKIP","floor":23},{"not_picked":[],"picked":"hexamod:Rewind+1","floor":25},{"not_picked":[],"picked":"hexamod:Hexaguard+1","floor":25},{"not_picked":[],"picked":"hexamod:SpectralAdrenaline","floor":26},{"not_picked":["hexamod:FourthSeal"],"picked":"SKIP","floor":26},{"not_picked":["hexamod:BurningTouch"],"picked":"SKIP","floor":26},{"not_picked":[],"picked":"hexamod:BurningTouch+1","floor":27},{"not_picked":[],"picked":"hexamod:StepThrough","floor":27},{"not_picked":[],"picked":"hexamod:HeatCrush","floor":28},{"not_picked":[],"picked":"hexamod:SwordOfDarkness","floor":29},{"not_picked":["hexamod:FastForward"],"picked":"SKIP","floor":29},{"not_picked":[],"picked":"hexamod:CatchUp","floor":31},{"not_picked":[],"picked":"hexamod:GiftsFromTheDead","floor":32},{"not_picked":[],"picked":"hexamod:Incineration","floor":32},{"not_picked":[],"picked":"hexamod:TimeOfNeed","floor":33},{"not_picked":[],"picked":"hexamod:TimeWarp","floor":33},{"not_picked":[],"picked":"hexamod:BurningTouch+1","floor":35},{"not_picked":[],"picked":"hexamod:GhostShield+1","floor":36},{"not_picked":[],"picked":"expansioncontent:SlimeTackle","floor":37},{"not_picked":[],"picked":"Replay:SS_fish_1","floor":37},{"not_picked":[],"picked":"Replay:SS_hec_1","floor":37},{"not_picked":["hexamod:BurningTouch+1"],"picked":"SKIP","floor":38}],"player_experience":849140,"relics_obtained":[{"floor":7.0,"key":"StrikeDummy"},{"floor":8.0,"key":"Anchor"},{"floor":9.0,"key":"Odd Mushroom"},{"floor":13.0,"key":"Grinning Jar"},{"floor":35,"key":"construct:RocketBooster"}],"event_choices":[{"damage_healed":0.0,"max_hp_gain":5.0,"max_hp_loss":0.0,"gold_gain":0.0,"event_name":"Big Fish","player_choice":"Donut","floor":4.0,"gold_loss":0.0,"damage_taken":0.0},{"damage_healed":0.0,"max_hp_gain":0.0,"max_hp_loss":0.0,"gold_gain":0.0,"event_name":"Mushrooms","player_choice":"Fought Mushrooms","floor":9.0,"gold_loss":0.0,"damage_taken":0.0},{"damage_healed":0,"gold_gain":0,"player_choice":"Forge","damage_taken":0,"max_hp_gain":0,"max_hp_loss":0,"event_name":"Accursed Blacksmith","floor":39,"gold_loss":0,"cards_upgraded":["hexamod:TimeOfNeed"]}],"is_beta":false,"boss_relics":[{"not_picked":["Calling Bell","Hololive_TopUpMoneyS"],"picked":"Busted Crown"},{"not_picked":["Runic Pyramid","Sozu"],"picked":"Replay:Wanted Poster"}],"items_purged_floors":[],"is_endless":false,"potions_floor_spawned":[3,8,12,13,14,20,25,27,28,33,38],"killed_by":"Sphere and 2 Shapes","ascension_level":0}}