{"host":"bf9sa99gaumonoeu","time":1610144296,"event":{"mods":["AchievementEnabler","Act Like it!","BaseMod","Better Sensory Stone","Colored Map","Colored Powertips","Downfall","Friendly Minions","Gensokyo","GifTheSpireLib","Googly Eyes","Hallownest","Hermit","Jorbs\u0027s Wanderer Trilogy","KinomotoSakuraMod(????)","Koishi","Lobotomy","Marisa????????","Minty Spire (QoL Compilation)","Rare Cards Sparkle","Reimu??????","Relic Stats","Remilia??????","StSLib","The Administrix","The Animator","The Blue Laboratory","The Bug Knight","The Construct","The Cursed","The Disciple","The Hierophant","The Mystic","The Necromancer","The Poker Player","The Runesmith","The Senshi","The Servant 0.9.4","TheLocksmith"],"gold_per_floor":[117,130,144,159,171,171,188,64,64,90,109,109,128,161,161,265,265,277,289,289,308,233,233,253,266,291,308,308,36,48,48,48,147,147,163,163,163,176,176,176,199,53,104,3,3,20,20,39,39,39,39,39],"floor_reached":50,"playtime":6398,"items_purged":["locksmith:Strike","locksmith:Strike"],"score":508,"play_id":"01a44b7c-d1ca-4ad8-ab42-93ddbe49bb41","local_time":"20210108201816","is_ascension_mode":false,"campfire_choices":[{"data":"locksmith:Recharge","floor":6.0,"key":"SMITH"},{"data":"locksmith:CripplingDummy","floor":12.0,"key":"SMITH"},{"data":"locksmith:DarkMagic","floor":15.0,"key":"SMITH"},{"data":"locksmith:ValueDummy","floor":23.0,"key":"SMITH"},{"floor":32.0,"key":"REST"},{"floor":40,"key":"REST"},{"data":"locksmith:BuriedCurse","floor":45,"key":"SMITH"},{"floor":49,"key":"REST"}],"circlet_count":0,"master_deck":["locksmith:Strike","locksmith:Defend","locksmith:Defend","locksmith:Defend","locksmith:Defend","locksmith:KeyMove","locksmith:LockCrash","locksmith:ExplodingDummy","locksmith:ShrapnelLock","locksmith:DarkMagic+1","locksmith:DarkBurst","locksmith:Recharge+1","locksmith:BlockAndKey","locksmith:AoeMultiAttackPlusAKey","locksmith:AoeMultiAttackPlusAKey","locksmith:HiddenPower","locksmith:CripplingDummy+1","locksmith:BlockAndKey","locksmith:PuppetGuard","locksmith:PowerSap","locksmith:EvilKeys","locksmith:ValueDummy+1","RitualDagger","locksmith:DeathGaze","Transmutation","locksmith:Exploit","locksmith:AoeMultiAttackPlusAKey","Wraith","locksmith:DDummy+1","Secret Weapon","expansioncontent:DarkVoid","locksmith:BuriedCurse+1","locksmith:LockBlock","Writhe"],"relics":["locksmith:FreeKey","Torii","Calipers","theSenshi:FeatherClipsRelic","Busted Crown","Mastiff:ReiMu","Tiny Chest","construct:WeddingRing","Strawberry","Runesmith:AutoHammer"],"acts_visited":["Exordium","TheCity","TheBeyond"],"potions_floor_usage":[46,46,50],"damage_taken":[{"damage":7.0,"enemies":"Jaw Worm","floor":1.0,"turns":6.0},{"damage":4.0,"enemies":"2 Louse","floor":2.0,"turns":3.0},{"damage":0.0,"enemies":"Small Slimes","floor":3.0,"turns":3.0},{"damage":6.0,"enemies":"Blue Slaver","floor":4.0,"turns":8.0},{"damage":9.0,"enemies":"Looter","floor":5.0,"turns":3.0},{"damage":3.0,"enemies":"2 Fungi Beasts","floor":7.0,"turns":4.0},{"damage":0.0,"enemies":"HollowMod:MossKnight","floor":10.0,"turns":12.0},{"damage":0.0,"enemies":"3 Louse","floor":11.0,"turns":1.0},{"damage":1.0,"enemies":"Large Slime","floor":13.0,"turns":5.0},{"damage":0.0,"enemies":"3 Sentries","floor":14.0,"turns":2.0},{"damage":42.0,"enemies":"Slime Boss","floor":16.0,"turns":11.0},{"damage":11.0,"enemies":"Shell Parasite","floor":18.0,"turns":10.0},{"damage":0.0,"enemies":"2 Thieves","floor":19.0,"turns":2.0},{"damage":23.0,"enemies":"Cultist and Chosen","floor":21.0,"turns":6.0},{"damage":12.0,"enemies":"3 Cultists","floor":24.0,"turns":4.0},{"damage":16.0,"enemies":"Shelled Parasite and Fungi","floor":25.0,"turns":7.0},{"damage":2.0,"enemies":"Cultist and Chosen","floor":27.0,"turns":4.0},{"damage":5.0,"enemies":"Snake Plant","floor":30.0,"turns":5.0},{"damage":43.0,"enemies":"Champ","floor":33.0,"turns":15.0},{"damage":44,"enemies":"3 Shapes","floor":35,"turns":8},{"damage":36,"enemies":"3 Darklings","floor":38,"turns":5},{"damage":21,"enemies":"4 Shapes","floor":46,"turns":2},{"damage":30,"enemies":"Spire Growth","floor":48,"turns":6},{"damage":65,"enemies":"Donu and Deca","floor":50,"turns":4}],"seed_played":"-7442381074507254412","potions_obtained":[{"floor":3.0,"key":"LiquidMemories"},{"floor":5.0,"key":"blueLaboratory:HeartbeatPotion"},{"floor":7.0,"key":"SpeedPotion"},{"floor":14.0,"key":"blueLaboratory:FruitPunch"},{"floor":18.0,"key":"AttackPotion"},{"floor":21.0,"key":"blueLaboratory:RememoryPotion"},{"floor":24.0,"key":"Weak Potion"},{"floor":27.0,"key":"SteroidPotion"},{"floor":33.0,"key":"BlessingOfTheForge"},{"floor":38,"key":"Block Potion"}],"is_trial":false,"path_per_floor":["M","M","M","M","M","R","M","$","T","E","M","R","M","E","R","B",null,"M","M","?","M","?","R","M","M","T","M","?","$","M","T","R","B",null,"M","?","?","M","?","R","T","$","T","$","R","M","?","M","R","B"],"character_chosen":"THE_LOCKSMITH","items_purchased":["locksmith:AoeMultiAttackPlusAKey","locksmith:HiddenPower","Transmutation","locksmith:BuriedCurse","Swift Potion","locksmith:LockBlock"],"campfire_rested":3,"item_purchase_floors":[8,8,29,42,44,44],"current_hp_per_floor":[72,68,68,62,53,53,50,50,50,50,50,50,49,49,49,13,79,74,79,73,58,58,58,52,42,42,46,31,31,32,32,57,20,86,48,48,48,18,18,43,50,50,50,50,50,35,58,34,61,0,0,0],"gold":39,"neow_bonus":"THREE_CARDS","is_daily":false,"chose_seed":false,"campfire_upgraded":5,"win_rate":0.0,"timestamp":1610144296,"path_taken":["M","M","M","M","M","R","M","$","T","E","M","R","M","E","R","BOSS","M","M","?","M","?","R","M","M","T","M","?","?","M","?","R","BOSS","M","?","?","M","?","R","?","?","T","$","R","M","?","M","R","BOSS"],"items_purchased_type":["Card","Card","Card","Card","Potion","Card"],"build_version":"2020-12-22","purchased_purges":2,"victory":false,"max_hp_per_floor":[79,79,79,79,79,79,79,79,79,79,79,79,79,79,79,79,79,79,79,79,81,81,81,81,81,81,81,86,86,86,86,86,86,86,86,86,86,86,86,86,93,93,93,93,93,93,93,93,93,93,93,93],"relic_stats":{"Busted Crown":28,"Torii":40,"counters":[24,136],"Tiny Chest":1,"obtain_stats":[{"Calipers":10,"Busted Crown":17,"construct:WeddingRing":34,"Torii":9,"Mastiff:ReiMu":26,"Strawberry":41,"locksmith:FreeKey":0,"Tiny Chest":31,"theSenshi:FeatherClipsRelic":14,"Runesmith:AutoHammer":43},{"Calipers":7,"Busted Crown":11,"construct:WeddingRing":19,"Torii":6,"Mastiff:ReiMu":16,"Strawberry":21,"locksmith:FreeKey":0,"Tiny Chest":18,"theSenshi:FeatherClipsRelic":10,"Runesmith:AutoHammer":21},{"Calipers":39,"Busted Crown":58,"construct:WeddingRing":111,"Torii":27,"Mastiff:ReiMu":87,"Strawberry":124,"locksmith:FreeKey":0,"Tiny Chest":96,"theSenshi:FeatherClipsRelic":47,"Runesmith:AutoHammer":124}]},"card_choices":[{"not_picked":["locksmith:DeathGaze","locksmith:BlockAndKey"],"picked":"locksmith:ExplodingDummy","floor":0.0},{"not_picked":["locksmith:BlockAndKey","locksmith:DeathGaze"],"picked":"locksmith:ShrapnelLock","floor":1.0},{"not_picked":["locksmith:DDummy","locksmith:LockBlock"],"picked":"locksmith:DarkMagic","floor":2.0},{"not_picked":["locksmith:DeathGaze","locksmith:Curse"],"picked":"locksmith:DarkBurst","floor":3.0},{"not_picked":["locksmith:HiddenPower","locksmith:SmackSmackBurn"],"picked":"locksmith:Recharge","floor":4.0},{"not_picked":["locksmith:StrengthDummy","locksmith:ShieldingDummy"],"picked":"locksmith:BlockAndKey","floor":5.0},{"not_picked":["locksmith:JingleLoan","locksmith:DDummy"],"picked":"locksmith:AoeMultiAttackPlusAKey","floor":7.0},{"not_picked":["locksmith:CursedKey","locksmith:ExplodingDummy"],"picked":"locksmith:CripplingDummy","floor":10.0},{"not_picked":["locksmith:Prep","locksmith:PowerSap"],"picked":"locksmith:BlockAndKey","floor":11.0},{"not_picked":["locksmith:Keysmack","locksmith:ShrapnelLock"],"picked":"locksmith:PuppetGuard","floor":13.0},{"not_picked":["locksmith:DummyRevenge","locksmith:Capitalize"],"picked":"locksmith:PowerSap","floor":14.0},{"not_picked":["locksmith:DarkDoom","locksmith:TrueEvil"],"picked":"locksmith:EvilKeys","floor":16.0},{"not_picked":["locksmith:Influx"],"picked":"SKIP","floor":18.0},{"not_picked":[],"picked":"locksmith:ValueDummy","floor":19.0},{"not_picked":["locksmith:PocketKey"],"picked":"SKIP","floor":21.0},{"not_picked":[],"picked":"locksmith:DeathGaze","floor":24.0},{"not_picked":["locksmith:CursedKey"],"picked":"SKIP","floor":25.0},{"not_picked":["locksmith:PocketKey"],"picked":"SKIP","floor":27.0},{"not_picked":[],"picked":"locksmith:Exploit","floor":30.0},{"not_picked":[],"picked":"locksmith:AoeMultiAttackPlusAKey","floor":33.0},{"not_picked":["locksmith:Curse"],"picked":"SKIP","floor":35},{"not_picked":[],"picked":"locksmith:DDummy+1","floor":38},{"not_picked":[],"picked":"Secret Weapon","floor":39},{"not_picked":[],"picked":"expansioncontent:DarkVoid","floor":39},{"not_picked":["locksmith:TrashSlam"],"picked":"SKIP","floor":46},{"not_picked":["locksmith:Unearth"],"picked":"SKIP","floor":48}],"player_experience":871440,"relics_obtained":[{"floor":9.0,"key":"Torii"},{"floor":10.0,"key":"Calipers"},{"floor":14.0,"key":"theSenshi:FeatherClipsRelic"},{"floor":26.0,"key":"Mastiff:ReiMu"},{"floor":31.0,"key":"Tiny Chest"},{"floor":41,"key":"Strawberry"},{"floor":43,"key":"Runesmith:AutoHammer"}],"event_choices":[{"damage_healed":0.0,"max_hp_gain":0.0,"max_hp_loss":0.0,"gold_gain":0.0,"event_name":"Nest","player_choice":"Joined the Cult","floor":20.0,"gold_loss":0.0,"damage_taken":6.0,"cards_obtained":["RitualDagger"]},{"cards_removed":["locksmith:Strike"],"damage_healed":0.0,"max_hp_gain":0.0,"max_hp_loss":0.0,"gold_gain":0.0,"event_name":"Beggar","player_choice":"Gave Gold","floor":22.0,"gold_loss":75.0,"damage_taken":0.0},{"damage_healed":0.0,"max_hp_gain":5.0,"max_hp_loss":0.0,"gold_gain":0.0,"event_name":"Forgotten Altar","player_choice":"Shed Blood","floor":28.0,"gold_loss":0.0,"damage_taken":20.0},{"damage_healed":0,"gold_gain":0,"player_choice":"Ignored","damage_taken":0,"max_hp_gain":0,"max_hp_loss":0,"event_name":"Mysterious Sphere","floor":36,"gold_loss":0},{"damage_healed":0,"gold_gain":0,"player_choice":"Ignored","damage_taken":0,"max_hp_gain":0,"max_hp_loss":0,"event_name":"OrinTheCat","floor":37,"gold_loss":0},{"damage_healed":0,"gold_gain":3,"player_choice":"1","damage_taken":0,"max_hp_gain":0,"max_hp_loss":0,"event_name":"betterStone:BetterStone","floor":39,"gold_loss":0},{"damage_healed":23,"gold_gain":0,"player_choice":"Writhe","damage_taken":0,"max_hp_gain":0,"max_hp_loss":0,"event_name":"Winding Halls","floor":47,"gold_loss":0,"cards_obtained":["Writhe"]}],"is_beta":false,"boss_relics":[{"not_picked":["construct:ClawGrip","Black Star"],"picked":"Busted Crown"},{"not_picked":["Empty Cage","Runic Pyramid"],"picked":"construct:WeddingRing"}],"items_purged_floors":[29,42],"is_endless":false,"potions_floor_spawned":[3,5,7,11,14,18,21,24,27,33,38],"killed_by":"Donu and Deca","ascension_level":0}}