{"host":"dn6kke80v5f7isus","time":1610087358,"event":{"mods":["AchievementEnabler","Act Like it!","BaseMod","Colored Powertips","Custom Start","Defuse TimeMaze Blight","Downfall","Duelist Mod","Gremlin Skip","Highlight Path","Hubris","Infinite Spire","Minty Spire (QoL Compilation)","Rare Cards Sparkle","Replay The Spire","StSLib","Uncapped"],"gold_per_floor":[139,139,154,254,267,267,267,277,303,303,303,333,333,344,344,446,496,508,525,538,613,631,666,666,71,98,129,142,171,188,188,188,289,289,300,315,315,330,345,375,375,375,375],"floor_reached":42,"playtime":2003,"items_purged":[],"score":675,"play_id":"2aa0f32b-56db-4e3c-b12a-adfc251b7ceb","local_time":"20210108012918","is_ascension_mode":true,"campfire_choices":[{"data":"theDuelist:Metronome","floor":6.0,"key":"SMITH"},{"floor":10.0,"key":"REST"},{"data":"theDuelist:YamiForm","floor":24,"key":"SMITH"},{"data":"theDuelist:RarePowerMetronome","floor":32,"key":"SMITH"},{"floor":41,"key":"REST"}],"circlet_count":0,"master_deck":["theDuelist:UndeadMetronome","theDuelist:TrapMetronome+1","theDuelist:EarthquakeGiant","theDuelist:RarePowerMetronome+1","theDuelist:UncommonAttackMetronome+1","theDuelist:SkillMetronome","theDuelist:MagnetMetronome","theDuelist:AttackMetronome","theDuelist:YamiForm+1","theDuelist:MillenniumGolem","theDuelist:RareMetronome+1","theDuelist:BlockMetronome","theDuelist:AquaMetronome","theDuelist:BlockMetronome","theDuelist:BlockSpellMetronome","theDuelist:Metronome+1","theDuelist:MillenniumShield","theDuelist:RarePowerMetronome+1","theDuelist:SkillMetronome","theDuelist:Metronome","theDuelist:LegendBlueEyesMetronome","theDuelist:AttackMetronome","theDuelist:Metronome+1","theDuelist:AttackMetronome+1","theDuelist:BlockGolem+1","theDuelist:BlockMetronome","theDuelist:Metronome","theDuelist:PowerMetronome","theDuelist:Wiretap","theDuelist:WeepingIdol+1","theDuelist:PowerMetronome"],"relics":["theDuelist:MillenniumPuzzle","theDuelist:CardPoolRelic","theDuelist:CardPoolBasicRelic","theDuelist:BoosterPackPoolRelic","theDuelist:CardPoolAddRelic","theDuelist:CardPoolMinusRelic","theDuelist:CardPoolSaveRelic","theDuelist:CardPoolOptionsRelic","hubris:FruitBowl","DollysMirror","hubris:EvacipatedBox","infinitespire:Beetle Shell","Anchor","theDuelist:DuelistLetterOpener","Tiny House","Girya","Melange","Torii","PreservedInsect","Whetstone","Guardian:PocketSentry","Black Star","Happy Flower","Gremlin Horn"],"acts_visited":["Exordium","TheCity","TheBeyond"],"potions_floor_usage":[29,29,29,29,29,29,39],"damage_taken":[{"damage":6.0,"enemies":"Small Slimes","floor":1.0,"turns":4.0},{"damage":0.0,"enemies":"Cultist","floor":3.0,"turns":5.0},{"damage":0.0,"enemies":"Jaw Worm","floor":5.0,"turns":2.0},{"damage":4.0,"enemies":"Lots of Slimes","floor":8.0,"turns":5.0},{"damage":12.0,"enemies":"Gremlin Nob","floor":12.0,"turns":4.0},{"damage":0.0,"enemies":"Exordium Thugs","floor":14.0,"turns":3.0},{"damage":0.0,"enemies":"Fading Forest","floor":16.0,"turns":11.0},{"damage":2.0,"enemies":"3 Byrds","floor":18.0,"turns":4.0},{"damage":0.0,"enemies":"Shell Parasite","floor":19.0,"turns":4.0},{"damage":0.0,"enemies":"Chosen and Byrds","floor":20.0,"turns":4.0},{"damage":13,"enemies":"Centurion and Healer","floor":22,"turns":3},{"damage":4,"enemies":"Book of Stabbing","floor":23,"turns":4},{"damage":1,"enemies":"Gremlin Leader","floor":27,"turns":4},{"damage":0,"enemies":"Snake Plant","floor":28,"turns":6},{"damage":1,"enemies":"Book of Stabbing","floor":29,"turns":3},{"damage":1,"enemies":"Snecko","floor":30,"turns":3},{"damage":23,"enemies":"hubris:MusketHawk","floor":33,"turns":7},{"damage":10,"enemies":"3 Darklings","floor":35,"turns":5},{"damage":21,"enemies":"3 Shapes","floor":36,"turns":4},{"damage":0,"enemies":"3 Darklings","floor":38,"turns":5},{"damage":0,"enemies":"Spire Growth","floor":39,"turns":5},{"damage":20,"enemies":"Nemesis","floor":40,"turns":5},{"damage":0,"enemies":"Transient","floor":42,"turns":2}],"seed_played":"-6437165506566724751","potions_obtained":[{"floor":2.0,"key":"DuplicationPotion"},{"floor":2.0,"key":"DuplicationPotion"},{"floor":2.0,"key":"theDuelist:OrbBottle"},{"floor":12.0,"key":"theDuelist:SealedPackD"},{"floor":16.0,"key":"theDuelist:WhiteBottle"},{"floor":27,"key":"EntropicBrew"},{"floor":30,"key":"Venom Potion"},{"floor":35,"key":"theDuelist:FireBottle"},{"floor":40,"key":"theDuelist:BottledKuriboh"}],"is_trial":false,"path_per_floor":["M","?","M","?","M","R","$","M","T","R","?","E","T","M","R","B",null,"M","M","M","?","M","E","R","$","T","E","M","E","M","$","R","B",null,"M","M","?","M","M","E","R","M"],"character_chosen":"THE_DUELIST","items_purchased":["hubris:FruitBowl","DollysMirror","hubris:EvacipatedBox","theDuelist:RarePowerMetronome","Melange","Torii"],"campfire_rested":2,"item_purchase_floors":[7,7,7,25,25,25],"current_hp_per_floor":[74,74,74,74,74,74,26,22,22,46,46,34,34,34,34,56,87,85,85,85,77,64,60,60,60,60,59,59,58,57,57,57,34,87,77,56,56,56,56,36,62,62,62],"gold":375,"neow_bonus":"ONE_RANDOM_RARE_CARD","is_daily":false,"chose_seed":false,"campfire_upgraded":3,"win_rate":0.0,"timestamp":1610087358,"path_taken":["M","?","?","?","?","R","?","M","T","R","?","E","?","?","R","BOSS","M","M","M","?","?","E","R","$","T","E","?","E","M","$","R","BOSS","M","M","?","M","M","E","R","M"],"items_purchased_type":["Relic","Relic","Relic","Card","Relic","Relic"],"build_version":"2020-12-22","purchased_purges":0,"victory":false,"max_hp_per_floor":[80,80,80,80,80,80,80,80,80,80,80,80,80,80,80,80,87,87,87,87,87,87,87,87,87,87,87,87,87,87,87,87,87,87,87,87,87,87,87,87,87,87,87],"card_choices":[{"not_picked":["theDuelist:GaiaMidNightSun","theDuelist:MillenniumGolem","theDuelist:BattleguardKing","theDuelist:AttackTheMoon"],"picked":"theDuelist:EarthquakeGiant","floor":1.0},{"not_picked":["theDuelist:BattleOx","theDuelist:Sangan","theDuelist:WormWarlord","theDuelist:DestroyerGolem","theDuelist:EvilswarmHeliotrope"],"picked":"SKIP","floor":3.0},{"not_picked":["theDuelist:ClearKuriboh","theDuelist:BlackPendant","theDuelist:DarkFactory","theDuelist:OneForOne"],"picked":"theDuelist:EarthquakeGiant","floor":5.0},{"not_picked":["theDuelist:GauntletWarrior","theDuelist:MillenniumGolem","theDuelist:PreventRat","theDuelist:WormWarlord"],"picked":"theDuelist:BlockGolem","floor":8.0},{"not_picked":["theDuelist:RareNatureMetronome","theDuelist:PlantMetronome","theDuelist:MegatypeMetronome","theDuelist:MaliciousMetronome"],"picked":"theDuelist:RarePowerMetronome","floor":12.0},{"not_picked":["theDuelist:DestroyerGolem","theDuelist:GaiaMidNightSun","theDuelist:EarthGiant","theDuelist:BlueBloodedOni","theDuelist:BigKoala"],"picked":"SKIP","floor":14.0},{"not_picked":["theDuelist:BigFire","theDuelist:WeepingIdol","theDuelist:MagicCylinder","theDuelist:SolemnStrike"],"picked":"theDuelist:MillenniumShield","floor":16.0},{"not_picked":["theDuelist:SkillMetronome","theDuelist:RareNatureMetronome","theDuelist:PredaplantMetronome","theDuelist:DeskbotMetronome+1"],"picked":"theDuelist:Metronome","floor":18.0},{"not_picked":["theDuelist:PredaplantMetronome","theDuelist:PlantMetronome","theDuelist:BlockSpellMetronome","theDuelist:ArcaneSpellMetronome"],"picked":"theDuelist:AquaMetronome","floor":19.0},{"not_picked":["theDuelist:PlantMetronome","theDuelist:NaturiaMetronome","theDuelist:GemKnightMetronome","theDuelist:CombatMetronome"],"picked":"theDuelist:BlockSpellMetronome","floor":20.0},{"not_picked":["theDuelist:DestroyerGolem+1","theDuelist:AttackTheMoon+1","theDuelist:ClearKuriboh","theDuelist:BattleguardKing+1","theDuelist:FuryFire"],"picked":"SKIP","floor":22},{"not_picked":["theDuelist:Sangan","theDuelist:Wiretap+1","theDuelist:ForbiddenLance+1","theDuelist:Raigeki"],"picked":"theDuelist:YamiForm","floor":23},{"not_picked":["theDuelist:BattleguardKing","theDuelist:BigFire","theDuelist:GauntletWarrior","theDuelist:ForbiddenLance"],"picked":"theDuelist:MillenniumGolem","floor":27},{"not_picked":["theDuelist:OrbMetronome","theDuelist:MonsterMetronome+1","theDuelist:InsectMetronome","theDuelist:GemKnightMetronome+1"],"picked":"theDuelist:RareMetronome+1","floor":28},{"not_picked":["theDuelist:RareMetronome+1","theDuelist:PowerMetronome","theDuelist:DragonMetronome","theDuelist:BugMetronome"],"picked":"theDuelist:UndeadMetronome","floor":29},{"not_picked":["theDuelist:EarthquakeGiant","theDuelist:AttackTheMoon","theDuelist:FuryFire","theDuelist:DestroyerGolem+1","theDuelist:EvilswarmHeliotrope+1"],"picked":"SKIP","floor":30},{"not_picked":["theDuelist:RareSpireMetronome","theDuelist:PredaplantMetronome+1","theDuelist:FiendMetronome+1","theDuelist:ArcaneMetronome"],"picked":"theDuelist:LegendBlueEyesMetronome","floor":35},{"not_picked":["theDuelist:EarthquakeGiant+1","theDuelist:GauntletWarrior","theDuelist:AttackTheMoon","theDuelist:Blockman+1","theDuelist:ClearKuriboh"],"picked":"SKIP","floor":36},{"not_picked":["theDuelist:BattleOx+1","theDuelist:GaiaMidNightSun+1","theDuelist:BigKoala","theDuelist:EarthGiant+1"],"picked":"theDuelist:Wiretap","floor":38},{"not_picked":["theDuelist:AttackTheMoon+1","theDuelist:WormWarlord","theDuelist:MagicalStone","theDuelist:EarthquakeGiant+1"],"picked":"theDuelist:WeepingIdol+1","floor":39},{"not_picked":["theDuelist:ZombieMetronome+1","theDuelist:WarriorMetronome+1","theDuelist:RareSkillMetronome+1","theDuelist:DinosaurMetronome"],"picked":"theDuelist:PowerMetronome","floor":40}],"player_experience":546484,"relics_obtained":[{"floor":9.0,"key":"infinitespire:Beetle Shell"},{"floor":12.0,"key":"Anchor"},{"floor":13.0,"key":"theDuelist:DuelistLetterOpener"},{"floor":23,"key":"Girya"},{"floor":26,"key":"PreservedInsect"},{"floor":27,"key":"Whetstone"},{"floor":29,"key":"Guardian:PocketSentry"},{"floor":40,"key":"Happy Flower"},{"floor":40,"key":"Gremlin Horn"}],"event_choices":[{"damage_healed":0.0,"max_hp_gain":0.0,"max_hp_loss":0.0,"gold_gain":0.0,"event_name":"Lab","player_choice":"Got Potions","floor":2.0,"gold_loss":0.0,"damage_taken":0.0},{"damage_healed":0.0,"max_hp_gain":0.0,"max_hp_loss":0.0,"gold_gain":100.0,"event_name":"Golden Shrine","player_choice":"Pray","floor":4.0,"gold_loss":0.0,"damage_taken":0.0},{"damage_healed":0.0,"max_hp_gain":0.0,"max_hp_loss":0.0,"gold_gain":0.0,"event_name":"Accursed Blacksmith","player_choice":"Forge","floor":15.0,"gold_loss":0.0,"damage_taken":0.0,"cards_upgraded":["theDuelist:RarePowerMetronome"]},{"damage_healed":0,"gold_gain":75,"player_choice":"Touch","damage_taken":8,"max_hp_gain":0,"max_hp_loss":0,"event_name":"FaceTrader","floor":21,"gold_loss":0},{"cards_removed":["theDuelist:EarthquakeGiant"],"damage_healed":0,"gold_gain":0,"player_choice":"Purged","damage_taken":0,"max_hp_gain":0,"max_hp_loss":0,"event_name":"Purifier","floor":37,"gold_loss":0}],"is_beta":false,"boss_relics":[{"not_picked":["Busted Crown","Runic Dome","Ring of Chaos"],"picked":"Tiny House"},{"not_picked":["Pandora\u0027s Box","hubris:TerracottaHorce","hubris:ScarierMask"],"picked":"Black Star"}],"items_purged_floors":[],"is_endless":false,"potions_floor_spawned":[3,12,16,19,23,27,28,30,35,40],"killed_by":"Transient","ascension_level":3}}