{"host":"Connor","time":1610118775,"event":{"mods":["Aspiration","BaseMod","Downfall","Hubris","Marisa????????","Minty Spire (QoL Compilation)","Replay The Spire","StSLib","The Animator","The Cursed","The Jungle","The Servant 0.9.4"],"gold_per_floor":[112,112,129,129,32,51,77,29,29,63,63,163,163,175,175,175,175],"floor_reached":16,"playtime":532,"items_purged":[],"score":178,"play_id":"8e97c7ed-6aaa-4c24-8713-99cc60415a8d","local_time":"20210108071255","is_ascension_mode":true,"campfire_choices":[{"floor":11,"key":"RECALL"},{"data":"Armaments","floor":13,"key":"SMITH"},{"data":"Shrug It Off","floor":15,"key":"SMITH"}],"circlet_count":0,"master_deck":["AscendersBane","Strike_R","Strike_R","Strike_R","Strike_R","Strike_R","Defend_R","Defend_R","Defend_R","Defend_R","Bash","Replay:Undeath\u0027s Touch","Run Through+1","expansioncontent:YouAreMine","Pommel Strike+1","Replay:Undeath\u0027s Touch+1","Armaments+1","Cleave+1","Shrug It Off+1"],"relics":["Burning Blood","Molten Egg 2","Snack Pack","HornCleat"],"acts_visited":["Exordium"],"potions_floor_usage":[7,16,16],"damage_taken":[{"damage":8,"enemies":"Small Slimes","floor":1,"turns":4},{"damage":8,"enemies":"Jaw Worm","floor":3,"turns":4},{"damage":6,"enemies":"Cultist","floor":6,"turns":3},{"damage":38,"enemies":"Lagavulin","floor":7,"turns":5},{"damage":20,"enemies":"Gremlin Nob","floor":10,"turns":4},{"damage":7,"enemies":"2 Fungi Beasts","floor":14,"turns":2},{"damage":72,"enemies":"Fading Forest","floor":16,"turns":9}],"seed_played":"-5720730688796815133","potions_obtained":[{"floor":6,"key":"Cursed Concoction"},{"floor":10,"key":"Block Potion"},{"floor":14,"key":"BloodPotion"}],"is_trial":false,"path_per_floor":["M","?","M","?","$","M","E","$","T","E","R","?","R","M","R","B"],"character_chosen":"IRONCLAD","items_purchased":["expansioncontent:YouAreMine","Armaments"],"campfire_rested":0,"item_purchase_floors":[5,8],"current_hp_per_floor":[78,78,76,76,76,76,44,44,44,36,36,36,36,37,37,0,0],"gold":175,"neow_bonus":"TEN_PERCENT_HP_BONUS","is_daily":false,"chose_seed":false,"campfire_upgraded":2,"win_rate":0.0,"timestamp":1610118775,"path_taken":["M","?","M","?","$","?","E","$","T","E","R","?","R","M","R","BOSS"],"items_purchased_type":["Card","Card"],"build_version":"2020-12-18","purchased_purges":0,"victory":false,"max_hp_per_floor":[88,88,88,88,88,88,88,88,88,88,88,88,88,88,88,88,88],"card_choices":[{"not_picked":["Thunderclap","Headbutt"],"picked":"Replay:Undeath\u0027s Touch","floor":1},{"not_picked":["Thunderclap+1","True Grit"],"picked":"Run Through+1","floor":3},{"not_picked":["Anger+1","Heavy Blade+1"],"picked":"Pommel Strike+1","floor":6},{"not_picked":["Uppercut+1","Demonic Infusion"],"picked":"Replay:Undeath\u0027s Touch+1","floor":7},{"not_picked":["Infernal Blade","ReplayTheSpireMod:Limb From Limb+1"],"picked":"Cleave+1","floor":10},{"not_picked":["Combust","Wild Strike+1"],"picked":"Shrug It Off","floor":14}],"player_experience":567572,"relics_obtained":[{"floor":7,"key":"Snack Pack"},{"floor":10,"key":"HornCleat"}],"event_choices":[{"cards_removed":["Injury"],"damage_healed":0,"gold_gain":0,"player_choice":"Removed Curses","damage_taken":0,"max_hp_gain":0,"max_hp_loss":0,"event_name":"Fountain of Cleansing","floor":4,"gold_loss":0},{"damage_healed":0,"gold_gain":100,"player_choice":"Pray","damage_taken":0,"max_hp_gain":0,"max_hp_loss":0,"event_name":"Golden Shrine","floor":12,"gold_loss":0}],"is_beta":true,"boss_relics":[],"items_purged_floors":[],"is_endless":false,"potions_floor_spawned":[6,10,14],"killed_by":"Fading Forest","ascension_level":13}}