{"host":"uv231blk40vjdojr","time":1610094084,"event":{"mods":["BaseMod","Minty Spire (QoL Compilation)","Relic Stats"],"gold_per_floor":[111,122,122,45,45,79,79,105,180,145,145,161,189,199,199,277,277,297,324,35,53,53,85,85,85,85,85,85],"floor_reached":27,"playtime":1355,"items_purged":["Strike_G"],"score":469,"play_id":"1d3a65c3-a7b2-4a95-bd90-788f8ff14f7e","local_time":"20210108092124","is_ascension_mode":true,"campfire_choices":[{"floor":7.0,"key":"REST"},{"data":"Skewer","floor":11,"key":"SMITH"},{"floor":15,"key":"REST"},{"floor":24,"key":"REST"}],"circlet_count":0,"master_deck":["AscendersBane","Strike_G","Strike_G","Strike_G","Strike_G","Defend_G","Defend_G","Defend_G","Defend_G","Defend_G","Survivor","Neutralize","Mayhem+1","Deadly Poison","Skewer+1","Finisher","Crippling Poison","Malaise","Poisoned Stab","Adrenaline","Dodge and Roll+1","Doppelganger","Backflip"],"relics":["Ring of the Snake","Regal Pillow","Potion Belt","Bottled Lightning","Oddly Smooth Stone","Fusion Hammer","Red Mask","Orichalcum","Nunchaku","Singing Bowl"],"acts_visited":["Exordium","TheCity"],"potions_floor_usage":[12,19,21,23,23,27],"damage_taken":[{"damage":1.0,"enemies":"Small Slimes","floor":1.0,"turns":5.0},{"damage":3.0,"enemies":"Cultist","floor":2.0,"turns":4.0},{"damage":26.0,"enemies":"Gremlin Nob","floor":6.0,"turns":4.0},{"damage":42,"enemies":"Lagavulin","floor":8,"turns":8},{"damage":0,"enemies":"2 Louse","floor":12,"turns":2},{"damage":19,"enemies":"Gremlin Nob","floor":13,"turns":4},{"damage":0,"enemies":"Blue Slaver","floor":14,"turns":5},{"damage":35,"enemies":"The Guardian","floor":16,"turns":14},{"damage":8,"enemies":"Spheric Guardian","floor":18,"turns":5},{"damage":37,"enemies":"Masked Bandits","floor":19,"turns":5},{"damage":0,"enemies":"2 Thieves","floor":21,"turns":4},{"damage":5,"enemies":"Book of Stabbing","floor":23,"turns":5},{"damage":47,"enemies":"Gremlin Leader","floor":27,"turns":9}],"seed_played":"3360302681125911204","potions_obtained":[{"floor":2.0,"key":"AttackPotion"},{"floor":8,"key":"Weak Potion"},{"floor":12,"key":"Fruit Juice"},{"floor":14,"key":"SpeedPotion"},{"floor":18,"key":"SpeedPotion"},{"floor":21,"key":"Poison Potion"}],"is_trial":false,"path_per_floor":["M","M","?","$","?","E","R","E","T","?","R","M","E","M","R","B",null,"M","?","$","M","$","E","R","?","T","E"],"character_chosen":"THE_SILENT","items_purchased":["Skewer","Orichalcum","Block Potion"],"campfire_rested":3,"item_purchase_floors":[4,20,20],"current_hp_per_floor":[58,55,55,55,55,29,60,18,18,33,33,38,19,19,53,18,53,45,8,8,8,8,3,37,37,37,0,0],"gold":85,"neow_bonus":"RANDOM_COLORLESS_2","is_daily":false,"chose_seed":false,"campfire_upgraded":1,"win_rate":0.0,"timestamp":1610094084,"path_taken":["M","M","?","?","?","E","R","E","T","?","R","?","E","M","R","BOSS","M","?","$","M","$","E","R","?","T","E"],"items_purchased_type":["Card","Relic","Potion"],"build_version":"2020-12-22","purchased_purges":1,"victory":false,"max_hp_per_floor":[60,60,60,60,60,60,60,60,60,60,60,65,65,65,65,65,65,65,65,65,65,65,65,65,65,65,65,65],"relic_stats":{"Regal Pillow":43,"Nunchaku":[1],"Singing Bowl":0,"counters":[13,74],"Orichalcum":[30],"obtain_stats":[{"Potion Belt":8,"Regal Pillow":6,"Nunchaku":23,"Singing Bowl":26,"Oddly Smooth Stone":13,"Fusion Hammer":17,"Red Mask":19,"Bottled Lightning":9,"Orichalcum":20,"Ring of the Snake":0},{"Potion Belt":4,"Regal Pillow":3,"Nunchaku":12,"Singing Bowl":12,"Oddly Smooth Stone":6,"Fusion Hammer":8,"Red Mask":10,"Bottled Lightning":4,"Orichalcum":10,"Ring of the Snake":0},{"Potion Belt":21,"Regal Pillow":13,"Nunchaku":65,"Singing Bowl":65,"Oddly Smooth Stone":27,"Fusion Hammer":46,"Red Mask":56,"Bottled Lightning":21,"Orichalcum":56,"Ring of the Snake":0}],"Ring of the Snake":[26]},"card_choices":[{"not_picked":["Metamorphosis","Transmutation"],"picked":"Mayhem","floor":0.0},{"not_picked":["Finisher","Concentrate"],"picked":"Deadly Poison","floor":1.0},{"not_picked":["Slice","Dodge and Roll","Riddle With Holes"],"picked":"SKIP","floor":2.0},{"not_picked":["Outmaneuver","Deflect"],"picked":"Finisher","floor":6.0},{"not_picked":["Flechettes","Catalyst"],"picked":"Crippling Poison","floor":8},{"not_picked":["Dodge and Roll","Deflect","Prepared"],"picked":"SKIP","floor":12},{"not_picked":["Caltrops","Prepared"],"picked":"Malaise","floor":13},{"not_picked":["Outmaneuver","Slice"],"picked":"Poisoned Stab","floor":14},{"not_picked":["Glass Knife","Tools of the Trade"],"picked":"Adrenaline","floor":16},{"not_picked":["Blade Dance","Outmaneuver","Deadly Poison"],"picked":"SKIP","floor":18},{"not_picked":["Sucker Punch","Dagger Spray"],"picked":"Dodge and Roll+1","floor":19},{"not_picked":["Dagger Throw","Slice"],"picked":"Doppelganger","floor":21},{"not_picked":["Dagger Throw","PiercingWail"],"picked":"Backflip","floor":23}],"player_experience":600353,"relics_obtained":[{"floor":6.0,"key":"Regal Pillow"},{"floor":8,"key":"Potion Belt"},{"floor":9,"key":"Bottled Lightning"},{"floor":13,"key":"Oddly Smooth Stone"},{"floor":19,"key":"Red Mask"},{"floor":23,"key":"Nunchaku"},{"floor":26,"key":"Singing Bowl"}],"event_choices":[{"damage_healed":0.0,"max_hp_gain":0.0,"max_hp_loss":0.0,"gold_gain":0.0,"event_name":"Upgrade Shrine","player_choice":"Upgraded","floor":3.0,"gold_loss":0.0,"damage_taken":0.0,"cards_upgraded":["Mayhem"]},{"damage_healed":0.0,"max_hp_gain":0.0,"max_hp_loss":0.0,"gold_gain":0.0,"event_name":"Liars Game","player_choice":"Ignored","floor":5.0,"gold_loss":0.0,"damage_taken":0.0},{"damage_healed":15,"gold_gain":0,"player_choice":"Healed","damage_taken":0,"max_hp_gain":0,"max_hp_loss":0,"event_name":"The Cleric","floor":10,"gold_loss":35},{"damage_healed":0,"gold_gain":0,"player_choice":"Fought Bandits","damage_taken":0,"max_hp_gain":0,"max_hp_loss":0,"event_name":"Masked Bandits","floor":19,"gold_loss":0},{"damage_healed":0,"gold_gain":0,"player_choice":"Ignored","damage_taken":0,"max_hp_gain":0,"max_hp_loss":0,"event_name":"Cursed Tome","floor":25,"gold_loss":0}],"is_beta":false,"boss_relics":[{"not_picked":["SacredBark","Empty Cage"],"picked":"Fusion Hammer"}],"items_purged_floors":[20],"is_endless":false,"potions_floor_spawned":[2,8,12,14,18,21],"killed_by":"Gremlin Leader","ascension_level":18}}