{"host":"1yemetsqamtkb9ct","time":1610109103,"event":{"mods":["AchievementEnabler","BaseMod","Colored Map","Custom Start","KOR Keyword Fix","Lobotomy","Minty Spire (QoL Compilation)","Quick Restart","Random Character Button","StSLib","SuperFastMode"],"gold_per_floor":[110,129,143,143,158,158,175,175,199,215,215,157,232,251,251,251,251],"floor_reached":16,"playtime":385,"items_purged":[],"score":96,"play_id":"68d871ba-4bc0-4b26-bafc-1106ec280b0a","local_time":"20210108213143","is_ascension_mode":false,"campfire_choices":[{"floor":6.0,"key":"REST"},{"floor":11.0,"key":"REST"},{"data":"Battle Trance","floor":15.0,"key":"SMITH"}],"circlet_count":0,"master_deck":["Strike_R","Strike_R","Defend_R","Defend_R","Defend_R","Bash+1","Freischutz","Thunderclap","OldLady","HappyTeddy","UniverseFragment","Battle Trance+1","QueenOfHatred","Porccubus","Twin Strike"],"relics":["Burning Blood","CogitoBucket","Anchor","ChangeAnything"],"acts_visited":["Exordium"],"potions_floor_usage":[],"damage_taken":[{"damage":3.0,"enemies":"Small Slimes","floor":1.0,"turns":3.0},{"damage":1.0,"enemies":"2 Louse","floor":2.0,"turns":3.0},{"damage":6.0,"enemies":"Jaw Worm","floor":3.0,"turns":3.0},{"damage":42.0,"enemies":"Exordium Wildlife","floor":5.0,"turns":5.0},{"damage":12.0,"enemies":"Blue Slaver","floor":7.0,"turns":2.0},{"damage":61.0,"enemies":"Exordium Thugs","floor":10.0,"turns":4.0},{"damage":0.0,"enemies":"Large Slime","floor":12.0,"turns":1.0},{"damage":9.0,"enemies":"2 Fungi Beasts","floor":14.0,"turns":3.0},{"damage":57,"enemies":"Hexaghost","floor":16,"turns":5}],"seed_played":"7768350685654502369","potions_obtained":[{"floor":1.0,"key":"ColorlessPotion"},{"floor":3.0,"key":"SpeedPotion"},{"floor":10.0,"key":"FairyPotion"},{"floor":14.0,"key":"DuplicationPotion"}],"is_trial":false,"path_per_floor":["M","M","M","?","M","R","M","$","T","M","R","M","?","M","R","B"],"character_chosen":"IRONCLAD","items_purchased":[],"campfire_rested":2,"item_purchase_floors":[],"current_hp_per_floor":[80,80,80,80,44,68,62,62,62,9,33,39,28,26,26,0,0],"gold":251,"neow_bonus":"","is_daily":false,"chose_seed":false,"campfire_upgraded":1,"win_rate":0.0,"timestamp":1610109103,"path_taken":["M","M","M","?","M","R","M","$","T","M","R","M","?","M","R","BOSS"],"items_purchased_type":[],"build_version":"2020-12-22","purchased_purges":0,"victory":false,"max_hp_per_floor":[80,80,80,80,80,80,80,80,80,80,80,80,80,80,80,80,80],"card_choices":[{"not_picked":["UniverseFragment","Woodsman"],"picked":"Freischutz","floor":1.0},{"not_picked":["Anger","Flex"],"picked":"Thunderclap","floor":1.0},{"not_picked":["NothingThere","VoidDream"],"picked":"OldLady","floor":2.0},{"not_picked":["Intimidate","Shockwave","Whirlwind"],"picked":"SKIP","floor":2.0},{"not_picked":["FairyFestival","MeatLantern"],"picked":"HappyTeddy","floor":3.0},{"not_picked":["Combust","Headbutt","Hemokinesis"],"picked":"SKIP","floor":3.0},{"not_picked":["Variant","Scorched"],"picked":"UniverseFragment","floor":5.0},{"not_picked":["Heavy Blade","Clothesline","Sentinel"],"picked":"SKIP","floor":5.0},{"not_picked":["MeatLantern","MHz"],"picked":"Funeral","floor":7.0},{"not_picked":["Clothesline","Body Slam"],"picked":"Battle Trance","floor":7.0},{"not_picked":["Scorched","Scarecrow"],"picked":"QueenOfHatred","floor":10.0},{"not_picked":["Wild Strike","Burning Pact","Heavy Blade"],"picked":"SKIP","floor":10.0},{"not_picked":["OSAHOGD","Wellcheers"],"picked":"Laetitia","floor":12.0},{"not_picked":["Demon Form","Reckless Charge","Havoc"],"picked":"SKIP","floor":12.0},{"not_picked":["FairyFestival","Bloodbath"],"picked":"Porccubus","floor":14.0},{"not_picked":["Burning Pact","Heavy Blade"],"picked":"Twin Strike","floor":14.0}],"player_experience":594187,"relics_obtained":[{"floor":9.0,"key":"Anchor"}],"event_choices":[{"damage_healed":0.0,"max_hp_gain":0.0,"max_hp_loss":0.0,"gold_gain":0.0,"event_name":"Living Wall","player_choice":"Grow","floor":4.0,"gold_loss":0.0,"damage_taken":0.0,"cards_upgraded":["Bash"]},{"damage_healed":0.0,"max_hp_gain":0.0,"max_hp_loss":0.0,"gold_gain":75.0,"event_name":"World of Goop","player_choice":"Gather Gold","floor":13.0,"gold_loss":0.0,"damage_taken":11.0}],"is_beta":false,"boss_relics":[],"items_purged_floors":[],"is_endless":false,"potions_floor_spawned":[1,3,10,14],"killed_by":"Hexaghost","ascension_level":0}}