{"host":"bpkhhmvsfrvlto2l","time":1610075925,"event":{"mods":["2.2 Compatiblity","AchievementEnabler","Act Like it!","AlwaysNeverKeys","Aspiration","BaseMod","Better Silent Start","Challenge The Spire","Colored Map","Colored Powertips","Custom Start","Downfall","Energized Spire","Friendly Minions","GifTheSpireLib","Halation","Hubris","Infinite Spire","Ironclad Rager","Mimic Mod","Minty Spire (QoL Compilation)","Permanent Neow","Quick Restart","Random Character Button","Relic Sorter","Replay The Spire","Spikes Relics","StSLib","Stuff the Spire","Swap Starting Deck Mod","Trackpad"],"gold_per_floor":[111,121,134,134,84,84,84,109,109,144,163,193,76,76,76,173,173,190,204,204,204],"floor_reached":20,"playtime":485,"items_purged":[],"score":240,"play_id":"b8d97588-b604-44b7-affd-ca12acca73cf","local_time":"20210107221845","is_ascension_mode":true,"campfire_choices":[{"data":"Defragment","floor":6.0,"key":"SMITH"},{"floor":15.0,"key":"REST"}],"circlet_count":0,"master_deck":["Strike_B","Strike_B","Strike_B","Strike_B","Defend_B","Defend_B","Defend_B","Defend_B","Zap","Dualcast","Cold Snap","Defragment+1","Rainbow","Capacitor+1","Echo Form+1","StuffTheSpire:Plugnplay","Storm+1"],"relics":["Cracked Core","halation:LoveArrow","halation:KoshaPiece","aspiration:Nostalgia","infinitespire:DarkRift","Ring of Fury","DataDisk","infinitespire:BottledMercury","trackpad:BottledTsunami","Frozen Egg 2","trackpad:BottledShadow"],"acts_visited":["Exordium","TheCity"],"potions_floor_usage":[],"damage_taken":[{"damage":0.0,"enemies":"Small Slimes","floor":1.0,"turns":2.0},{"damage":5.0,"enemies":"Jaw Worm","floor":2.0,"turns":3.0},{"damage":2.0,"enemies":"2 Louse","floor":3.0,"turns":2.0},{"damage":20.0,"enemies":"3 Sentries","floor":8.0,"turns":5.0},{"damage":5.0,"enemies":"Lagavulin","floor":10.0,"turns":5.0},{"damage":6.0,"enemies":"Gremlin Gang","floor":11.0,"turns":3.0},{"damage":9.0,"enemies":"Gremlin Nob","floor":12.0,"turns":3.0},{"damage":22.0,"enemies":"Slime Boss","floor":16.0,"turns":7.0},{"damage":20.0,"enemies":"Spheric Guardian","floor":18.0,"turns":5.0},{"damage":35.0,"enemies":"Shell Parasite","floor":19.0,"turns":5.0},{"damage":0,"enemies":"Centurion and Healer","floor":20,"turns":1}],"seed_played":"8701070032500132099","potions_obtained":[{"floor":2.0,"key":"champ:CounterPotion"},{"floor":10.0,"key":"sneckomod:MuddlingPotion"},{"floor":11.0,"key":"Cursed Concoction"},{"floor":12.0,"key":"hexamod:EctoCoolerPotion"},{"floor":16.0,"key":"SkillPotion"}],"is_trial":false,"path_per_floor":["M","M","M","?","?","R","?","E","T","E","M","E","$","T","R","B",null,"M","M","M"],"character_chosen":"DEFECT","items_purchased":["Capacitor+1","Block Potion"],"campfire_rested":1,"item_purchase_floors":[13,13],"current_hp_per_floor":[75,70,68,68,68,68,68,48,48,43,37,28,28,28,50,28,63,43,8,8,8],"gold":204,"neow_bonus":"NOSTALGIA","is_daily":false,"chose_seed":false,"campfire_upgraded":1,"win_rate":0.0,"timestamp":1610075925,"path_taken":["M","M","M","?","?","R","?","E","T","E","M","E","$","?","R","BOSS","M","M","M"],"items_purchased_type":["Card","Potion"],"build_version":"2020-12-22","purchased_purges":0,"victory":false,"max_hp_per_floor":[75,75,75,75,75,75,75,75,75,75,75,75,75,75,75,75,75,75,75,75,75],"card_choices":[{"not_picked":["Coolheaded","StuffTheSpire:LoadUp"],"picked":"Cold Snap","floor":1.0},{"not_picked":["Darkness","Loop"],"picked":"Defragment","floor":2.0},{"not_picked":["ReplayRNGCard","Rebound"],"picked":"Rainbow","floor":8.0},{"not_picked":["hubris:DoWhile","StuffTheSpire:EventHorizon"],"picked":"Echo Form+1","floor":16.0},{"not_picked":["Leap","Coolheaded"],"picked":"StuffTheSpire:Plugnplay","floor":18.0},{"not_picked":["Gash+1","Crystallizer+1"],"picked":"Storm+1","floor":19.0}],"player_experience":40637,"relics_obtained":[{"floor":4.0,"key":"Ring of Fury"},{"floor":7.0,"key":"halation:KoshaPiece"},{"floor":8.0,"key":"DataDisk"},{"floor":9.0,"key":"infinitespire:BottledMercury"},{"floor":10.0,"key":"trackpad:BottledTsunami"},{"floor":12.0,"key":"Frozen Egg 2"},{"floor":14.0,"key":"trackpad:BottledShadow"}],"event_choices":[{"cards_removed":["Hallucinations"],"damage_healed":0.0,"max_hp_gain":0.0,"max_hp_loss":0.0,"gold_gain":0.0,"event_name":"The Cleric","player_choice":"Card Removal","floor":5.0,"gold_loss":50.0,"damage_taken":0.0}],"is_beta":false,"boss_relics":[{"not_picked":["ReplayTheSpireMod:DimensionalGlitch","hubris:GrandSneckoEye"],"picked":"halation:LoveArrow"}],"items_purged_floors":[],"is_endless":false,"potions_floor_spawned":[2,10,11,12,16],"killed_by":"Centurion and Healer","ascension_level":5}}