{"host":"skvwuvqqk8x6jusd","time":1610136209,"event":{"mods":["AchievementEnabler","BaseMod","Colored Map","Colored Powertips","Highlight Path","Minty Spire (QoL Compilation)","Relic Stats","Slay-I"],"gold_per_floor":[118,138,138,155,155,181,201,212,292,292,319,23,50,62,62,161,161,175,175,175,175,194,224,242,242,294,294,313,329,362,462,462,566,566,576,576,596,620,85,85,115,115,115,128,128,144,144,144,144,144],"floor_reached":51,"playtime":3308,"items_purged":["Pain"],"score":757,"play_id":"03578e9d-88cd-4da7-b15a-db9248cd3afa","local_time":"20210108200329","is_ascension_mode":false,"campfire_choices":[{"floor":15,"key":"REST"},{"data":"Burst","floor":25,"key":"SMITH"},{"data":"Neutralize","floor":27,"key":"SMITH"},{"floor":32,"key":"REST"},{"data":"Tools of the Trade","floor":40,"key":"SMITH"},{"data":"Bouncing Flask","floor":42,"key":"SMITH"},{"data":"Secret Weapon","floor":45,"key":"SMITH"},{"data":"Acrobatics","floor":47,"key":"SMITH"},{"data":"Footwork","floor":49,"key":"SMITH"}],"circlet_count":0,"master_deck":["Strike_G+1","Strike_G+1","Strike_G+1","Strike_G+1","Strike_G+1","Defend_G+1","Defend_G+1","Defend_G+1","Defend_G+1","Defend_G+1","Survivor","Neutralize+1","Dagger Throw","Deadly Poison","Poisoned Stab","Backstab","Backflip","Catalyst","Poisoned Stab+1","Backstab","Poisoned Stab","Footwork+1","Burst+1","Masterful Stab","Blur","Tactician+1","Sucker Punch","Acrobatics+1","Bouncing Flask+1","Tools of the Trade+1","Backstab","Underhanded Strike+1","Dagger Throw+1","Secret Weapon+1","Impatience","Adrenaline","Deflect+1","Deflect","Leg Sweep+1"],"relics":["Ring of the Snake","Centennial Puzzle","WarpedTongs","Anchor","Mercury Hourglass","Unceasing Top","Orrery","Toy Ornithopter","Odd Mushroom","Runic Pyramid","Art of War","Shuriken","Tiny Chest","Prayer Wheel","Ninja Scroll","WristBlade","MealTicket","Whetstone","Pocketwatch","Bottled Tornado"],"acts_visited":["Exordium","TheCity","TheBeyond"],"potions_floor_usage":[7,16,22,30,31,33,50,50],"damage_taken":[{"damage":2.0,"enemies":"Small Slimes","floor":1.0,"turns":4.0},{"damage":1.0,"enemies":"Cultist","floor":2.0,"turns":3.0},{"damage":2.0,"enemies":"Jaw Worm","floor":4.0,"turns":4.0},{"damage":19,"enemies":"Gremlin Nob","floor":6,"turns":4},{"damage":1,"enemies":"Exordium Thugs","floor":7,"turns":5},{"damage":3,"enemies":"3 Louse","floor":8,"turns":4},{"damage":10,"enemies":"Lagavulin","floor":11,"turns":5},{"damage":0,"enemies":"The Mushroom Lair","floor":13,"turns":2},{"damage":0,"enemies":"Looter","floor":14,"turns":1},{"damage":19,"enemies":"The Guardian","floor":16,"turns":8},{"damage":24,"enemies":"Spheric Guardian","floor":18,"turns":4},{"damage":3,"enemies":"2 Thieves","floor":22,"turns":3},{"damage":6,"enemies":"Book of Stabbing","floor":23,"turns":5},{"damage":4,"enemies":"Snake Plant","floor":24,"turns":4},{"damage":3,"enemies":"Cultist and Chosen","floor":28,"turns":4},{"damage":5,"enemies":"Chosen and Byrds","floor":29,"turns":4},{"damage":11,"enemies":"Shelled Parasite and Fungi","floor":30,"turns":4},{"damage":0,"enemies":"Colosseum Slavers","floor":31,"turns":4},{"damage":2,"enemies":"Colosseum Nobs","floor":31,"turns":4},{"damage":37,"enemies":"Automaton","floor":33,"turns":10},{"damage":8,"enemies":"3 Darklings","floor":35,"turns":4},{"damage":1,"enemies":"Orb Walker","floor":37,"turns":2},{"damage":0,"enemies":"Nemesis","floor":41,"turns":3},{"damage":0,"enemies":"4 Shapes","floor":44,"turns":3},{"damage":0,"enemies":"Spire Growth","floor":46,"turns":3},{"damage":10,"enemies":"Awakened One","floor":50,"turns":13}],"seed_played":"2311414006966094224","potions_obtained":[{"floor":2.0,"key":"GhostInAJar"},{"floor":6,"key":"Energy Potion"},{"floor":11,"key":"Dexterity Potion"},{"floor":14,"key":"Regen Potion"},{"floor":16,"key":"AttackPotion"},{"floor":24,"key":"ColorlessPotion"},{"floor":29,"key":"Dexterity Potion"},{"floor":31,"key":"Weak Potion"},{"floor":33,"key":"Explosive Potion"},{"floor":41,"key":"Fire Potion"},{"floor":48,"key":"GhostInAJar"},{"floor":48,"key":"LiquidMemories"}],"is_trial":false,"path_per_floor":["M","M","$","M","?","E","M","M","T","?","E","$","?","M","R","B",null,"M","?","?","?","M","E","M","R","T","R","M","M","M","?","R","B",null,"M","?","M","T","$","R","E","R","T","M","R","M","R","?","R","B",null],"character_chosen":"THE_SILENT","items_purchased":["Orrery","Toy Ornithopter","Whetstone","Secret Weapon","Impatience","Block Potion"],"campfire_rested":2,"item_purchase_floors":[12,12,39,39,39,39],"current_hp_per_floor":[68,67,67,65,65,46,45,42,42,28,18,18,18,18,39,40,70,46,33,33,33,35,29,25,25,25,25,22,17,11,14,36,4,75,67,67,66,66,75,75,75,75,75,75,75,75,75,75,75,65],"gold":144,"neow_bonus":"RANDOM_COMMON_RELIC","is_daily":false,"chose_seed":false,"campfire_upgraded":7,"win_rate":0.0,"timestamp":1610136209,"path_taken":["M","M","$","M","?","E","M","?","T","?","E","$","?","M","R","BOSS","M","?","?","?","M","E","M","R","T","R","?","M","M","?","R","BOSS","M","?","M","?","$","R","E","R","T","M","R","M","R","?","R","BOSS"],"items_purchased_type":["Relic","Relic","Relic","Card","Card","Potion"],"build_version":"2020-12-22","purchased_purges":1,"victory":true,"max_hp_per_floor":[70,70,70,70,70,70,70,70,70,70,70,70,70,70,70,70,70,70,75,75,75,75,75,75,75,75,75,75,75,75,75,75,75,75,75,75,75,75,75,75,75,75,75,75,75,75,75,75,75,75],"relic_stats":{"counters":[26,114],"Whetstone":["Poisoned Stab","Underhanded Strike"],"WarpedTongs":[100],"Mercury Hourglass":[306],"Centennial Puzzle":[54],"Shuriken":[39],"Tiny Chest":1,"Prayer Wheel":4,"MealTicket":9,"Art of War":[8],"obtain_stats":[{"Whetstone":39,"Odd Mushroom":13,"Bottled Tornado":43,"WarpedTongs":5,"Mercury Hourglass":9,"Centennial Puzzle":0,"Anchor":6,"WristBlade":34,"Shuriken":23,"Ninja Scroll":31,"Orrery":12,"Tiny Chest":26,"Prayer Wheel":31,"MealTicket":38,"Art of War":21,"Unceasing Top":11,"Toy Ornithopter":12,"Ring of the Snake":0,"Runic Pyramid":17,"Pocketwatch":41},{"Whetstone":22,"Odd Mushroom":8,"Bottled Tornado":23,"WarpedTongs":3,"Mercury Hourglass":6,"Centennial Puzzle":0,"Anchor":4,"WristBlade":20,"Shuriken":13,"Ninja Scroll":19,"Orrery":7,"Tiny Chest":14,"Prayer Wheel":19,"MealTicket":22,"Art of War":11,"Unceasing Top":7,"Toy Ornithopter":7,"Ring of the Snake":0,"Runic Pyramid":10,"Pocketwatch":23},{"Whetstone":92,"Odd Mushroom":31,"Bottled Tornado":95,"WarpedTongs":11,"Mercury Hourglass":24,"Centennial Puzzle":0,"Anchor":15,"WristBlade":86,"Shuriken":52,"Ninja Scroll":76,"Orrery":29,"Tiny Chest":56,"Prayer Wheel":76,"MealTicket":92,"Art of War":44,"Unceasing Top":29,"Toy Ornithopter":29,"Ring of the Snake":0,"Runic Pyramid":40,"Pocketwatch":95}],"Unceasing Top":[3],"Toy Ornithopter":25,"Ring of the Snake":[52],"Pocketwatch":[0]},"card_choices":[{"not_picked":["Quick Slash","Leg Sweep"],"picked":"Dagger Throw","floor":1.0},{"not_picked":["Acrobatics","Prepared"],"picked":"Deadly Poison","floor":2.0},{"not_picked":["Expertise","Underhanded Strike","Finisher"],"picked":"SKIP","floor":4.0},{"not_picked":["Grand Finale","Flying Knee"],"picked":"Poisoned Stab","floor":6},{"not_picked":["Prepared","Dagger Spray"],"picked":"Backstab","floor":7},{"not_picked":["Sucker Punch","Quick Slash"],"picked":"Backflip","floor":8},{"not_picked":["Acrobatics","Caltrops","Quick Slash"],"picked":"SKIP","floor":11},{"not_picked":["Footwork","Outmaneuver"],"picked":"Catalyst","floor":12},{"not_picked":["Night Terror","Prepared"],"picked":"Poisoned Stab","floor":12},{"not_picked":["Infinite Blades","Terror"],"picked":"Backstab","floor":12},{"not_picked":["Blur","Distraction"],"picked":"Poisoned Stab","floor":12},{"not_picked":["Poisoned Stab","Outmaneuver"],"picked":"Footwork","floor":14},{"not_picked":["Die Die Die","Phantasmal Killer"],"picked":"Burst","floor":16},{"not_picked":["Cloak And Dagger","Poisoned Stab","Outmaneuver"],"picked":"SKIP","floor":18},{"not_picked":["Crippling Poison","Escape Plan"],"picked":"Masterful Stab","floor":22},{"not_picked":["Riddle With Holes","Predator"],"picked":"Blur","floor":23},{"not_picked":["Underhanded Strike","Sucker Punch"],"picked":"Dash","floor":24},{"not_picked":["Deflect","Poisoned Stab"],"picked":"Tactician+1","floor":28},{"not_picked":["Deflect","Blade Dance"],"picked":"Sucker Punch","floor":29},{"not_picked":["Quick Slash","Dodge and Roll"],"picked":"Acrobatics","floor":30},{"not_picked":["Poisoned Stab","Blade Dance"],"picked":"Bouncing Flask","floor":31},{"not_picked":["Die Die Die","Unload"],"picked":"Tools of the Trade","floor":33},{"not_picked":["Reflex+1","Well Laid Plans"],"picked":"Backstab","floor":35},{"not_picked":["All Out Attack+1","Calculated Gamble"],"picked":"Underhanded Strike","floor":35},{"not_picked":["Poisoned Stab","Deadly Poison"],"picked":"Dagger Throw+1","floor":37},{"not_picked":["Deadly Poison","Poisoned Stab","Prepared"],"picked":"SKIP","floor":37},{"not_picked":["Phantasmal Killer","Leg Sweep"],"picked":"Adrenaline","floor":41},{"not_picked":["Bane","Dagger Throw"],"picked":"Deflect+1","floor":44},{"not_picked":["Outmaneuver+1","Flechettes"],"picked":"Deflect","floor":44},{"not_picked":["Outmaneuver+1","Riddle With Holes"],"picked":"Leg Sweep+1","floor":46},{"not_picked":["Prepared","Backflip","Finisher"],"picked":"SKIP","floor":46}],"player_experience":582064,"relics_obtained":[{"floor":6,"key":"Anchor"},{"floor":9,"key":"Mercury Hourglass"},{"floor":11,"key":"Unceasing Top"},{"floor":13,"key":"Odd Mushroom"},{"floor":23,"key":"Shuriken"},{"floor":26,"key":"Tiny Chest"},{"floor":31,"key":"Prayer Wheel"},{"floor":31,"key":"Ninja Scroll"},{"floor":38,"key":"MealTicket"},{"floor":41,"key":"Pocketwatch"},{"floor":43,"key":"Bottled Tornado"}],"event_choices":[{"damage_healed":0.0,"max_hp_gain":0.0,"max_hp_loss":0.0,"gold_gain":0.0,"event_name":"Accursed Blacksmith","player_choice":"Rummage","floor":5.0,"gold_loss":0.0,"damage_taken":0.0,"relics_obtained":["WarpedTongs"],"cards_obtained":["Pain"]},{"damage_healed":0,"gold_gain":0,"player_choice":"Entered Light","damage_taken":14,"max_hp_gain":0,"max_hp_loss":0,"event_name":"Shining Light","floor":10,"gold_loss":0,"cards_upgraded":["Strike_G","Defend_G"]},{"damage_healed":0,"gold_gain":0,"player_choice":"Fought Mushrooms","damage_taken":0,"max_hp_gain":0,"max_hp_loss":0,"event_name":"Mushrooms","floor":13,"gold_loss":0},{"damage_healed":0,"gold_gain":0,"player_choice":"Shed Blood","damage_taken":18,"max_hp_gain":5,"max_hp_loss":0,"event_name":"Forgotten Altar","floor":19,"gold_loss":0},{"damage_healed":0,"gold_gain":0,"player_choice":"Simplicity","damage_taken":0,"max_hp_gain":0,"max_hp_loss":0,"event_name":"Back to Basics","floor":20,"gold_loss":0,"cards_upgraded":["Strike_G","Strike_G","Strike_G","Strike_G","Defend_G","Defend_G","Defend_G","Defend_G"]},{"damage_healed":0,"gold_gain":0,"player_choice":"Gave Potion","damage_taken":0,"relics_obtained":["Art of War"],"max_hp_gain":0,"max_hp_loss":0,"event_name":"WeMeetAgain","floor":21,"gold_loss":0},{"damage_healed":0,"gold_gain":0,"player_choice":"Fight","damage_taken":0,"max_hp_gain":0,"max_hp_loss":0,"event_name":"Colosseum","floor":31,"gold_loss":0},{"damage_healed":0,"gold_gain":0,"player_choice":"Fought Nobs","damage_taken":0,"max_hp_gain":0,"max_hp_loss":0,"event_name":"Colosseum","floor":31,"gold_loss":0},{"cards_removed":["Dash"],"damage_healed":0,"gold_gain":0,"player_choice":"Removed Attack","damage_taken":0,"max_hp_gain":0,"max_hp_loss":0,"event_name":"Falling","floor":36,"gold_loss":0},{"damage_healed":0,"gold_gain":0,"player_choice":"Got Potions","damage_taken":0,"max_hp_gain":0,"max_hp_loss":0,"event_name":"Lab","floor":48,"gold_loss":0}],"is_beta":false,"boss_relics":[{"not_picked":["Sozu","Astrolabe"],"picked":"Runic Pyramid"},{"not_picked":["Empty Cage","Snecko Eye"],"picked":"WristBlade"}],"items_purged_floors":[39],"is_endless":false,"potions_floor_spawned":[2,6,11,14,16,24,29,31,33,41,44],"ascension_level":0}}