{"host":"vrsxkkch9ccrec7k","time":1610106355,"event":{"mods":["Act Like it!","BaseMod","Bestiary","Better Third Choice","Better Vampires","Downfall","Minty Spire (QoL Compilation)","Permanent Neow","Relic Stats","Spicy Shops","StSLib"],"gold_per_floor":[99,109,127,5,5,5,76,76,109,109,123,141,141,141,141],"floor_reached":13,"playtime":1119,"items_purged":[],"score":83,"play_id":"633754eb-7b4f-4588-a096-67747be20329","local_time":"20210108064555","is_ascension_mode":false,"campfire_choices":[{"data":"champ:Taunt","floor":1,"key":"SMITH"},{"data":"champ:ArenaPreparation","floor":6,"key":"SMITH"},{"data":"champ:Execute","floor":8,"key":"SMITH"},{"data":"champ:GladiatorsShout","floor":10,"key":"SMITH"}],"circlet_count":0,"master_deck":["champ:Strike","champ:Strike","champ:Strike","champ:Defend","champ:Defend","champ:Defend","champ:Defend","champ:Execute+1","champ:Taunt+1","champ:GladiatorsShout+1","champ:CrookedStrike","champ:ArenaPreparation+1","Shame","champ:ArenaPreparation","champ:DeathBlow","champ:ViciousMockery"],"relics":["champ:ChampionCrown","Dead Branch","Chemical X","Bottled Lightning","Oddly Smooth Stone"],"acts_visited":["Exordium"],"potions_floor_usage":[],"damage_taken":[{"damage":5,"enemies":"2 Louse","floor":2,"turns":2},{"damage":6,"enemies":"Cultist","floor":3,"turns":4},{"damage":10,"enemies":"downfall:FleeingMerchant","floor":4,"turns":4},{"damage":70,"enemies":"3 Sentries","floor":9,"turns":5},{"damage":5,"enemies":"Jaw Worm","floor":11,"turns":2},{"damage":10,"enemies":"2 Fungi Beasts","floor":12,"turns":2},{"damage":106,"enemies":"Lagavulin","floor":13,"turns":6}],"seed_played":"7882218508644954136","potions_obtained":[{"floor":3,"key":"SneckoOil"},{"floor":9,"key":"Ancient Potion"},{"floor":11,"key":"Energy Potion"}],"is_trial":false,"path_per_floor":["R","M","M","$","?","R","T","R","E","R","M","M","E"],"character_chosen":"THE_CHAMP","items_purchased":["Chemical X","SteroidPotion"],"campfire_rested":0,"item_purchase_floors":[4,4],"current_hp_per_floor":[81,76,75,75,75,75,75,75,65,65,65,65,0,0,0],"gold":141,"neow_bonus":"ONE_RARE_RELIC","is_daily":false,"chose_seed":false,"campfire_upgraded":4,"win_rate":0.0,"timestamp":1610106355,"path_taken":["R","M","M","$","?","R","T","R","E","R","M","M","E"],"items_purchased_type":["Relic","Potion"],"build_version":"2020-12-22","purchased_purges":0,"victory":false,"max_hp_per_floor":[81,81,81,81,81,81,81,81,81,81,81,81,81,81,81],"relic_stats":{"counters":[7,25],"Dead Branch":[16],"Chemical X":[2],"obtain_stats":[{"Dead Branch":0,"Oddly Smooth Stone":9,"champ:ChampionCrown":0,"Chemical X":4,"Bottled Lightning":7},{"Dead Branch":0,"Oddly Smooth Stone":4,"champ:ChampionCrown":0,"Chemical X":3,"Bottled Lightning":3},{"Dead Branch":0,"Oddly Smooth Stone":15,"champ:ChampionCrown":0,"Chemical X":10,"Bottled Lightning":10}]},"card_choices":[{"not_picked":["champ:PerfectedStrike","champ:RapidStrikes"],"picked":"champ:GladiatorsShout","floor":2},{"not_picked":["champ:RapidStrikes","champ:FanOfKnives"],"picked":"champ:CrookedStrike","floor":3},{"not_picked":["champ:RageSigil","champ:GladiatorsShout"],"picked":"champ:ArenaPreparation","floor":4},{"not_picked":["champ:Control","champ:FocusedBerserking"],"picked":"champ:DeathBlow","floor":9},{"not_picked":["champ:TornadoPunch","champ:GutPunch","champ:Circumvent"],"picked":"SKIP","floor":11},{"not_picked":["champ:BerserkerStyle","champ:BringItOn"],"picked":"champ:ViciousMockery","floor":12}],"player_experience":1394049,"relics_obtained":[{"floor":7,"key":"Bottled Lightning"},{"floor":9,"key":"Oddly Smooth Stone"}],"event_choices":[{"damage_healed":0,"gold_gain":0,"cards_transformed":["champ:Strike"],"player_choice":"Transformed","damage_taken":0,"max_hp_gain":0,"max_hp_loss":0,"event_name":"Transmorgrifier","floor":5,"gold_loss":0,"cards_obtained":["champ:ArenaPreparation"]}],"is_beta":false,"boss_relics":[],"items_purged_floors":[],"is_endless":false,"potions_floor_spawned":[3,9,11],"killed_by":"Lagavulin","ascension_level":0}}