{"host":"dn6kke80v5f7isus","time":1610068408,"event":{"mods":["AchievementEnabler","Act Like it!","BaseMod","Colored Powertips","Custom Start","Defuse TimeMaze Blight","Downfall","Duelist Mod","Gremlin Skip","Highlight Path","Hubris","Infinite Spire","Minty Spire (QoL Compilation)","Rare Cards Sparkle","Replay The Spire","StSLib","Uncapped"],"gold_per_floor":[143,143,157,157,167,167,193,193,193,203,232,246,256,271,271,371,471,482,482,482,482,482,482,511,511,511,511,564,564,595,608,624,231,231,331,331,350,367,159,159,159,159],"floor_reached":41,"playtime":1832,"items_purged":["theDuelist:Sparks","theDuelist:Sparks"],"score":486,"play_id":"5b1ea42d-829b-4ea1-8543-1d54803822e8","local_time":"20210107201328","is_ascension_mode":true,"campfire_choices":[{"data":"theDuelist:InjectionFairy","floor":6,"key":"SMITH"},{"data":"theDuelist:InjectionFairy","floor":8,"key":"SMITH"},{"data":"theDuelist:Illusionist","floor":15,"key":"SMITH"},{"data":"theDuelist:FrontierWiseman","floor":23,"key":"SMITH"},{"data":"theDuelist:InjectionFairy","floor":27,"key":"SMITH"},{"data":"theDuelist:DarkMagician","floor":29,"key":"SMITH"},{"floor":34,"key":"DIG"}],"circlet_count":0,"master_deck":["theDuelist:CastleWalls","theDuelist:CastleWalls","theDuelist:DarkMagician+1","theDuelist:MysticalElf","theDuelist:MysticalElf","theDuelist:NeoMagic","theDuelist:NeoMagic","theDuelist:Sparks","theDuelist:InjectionFairy+1","theDuelist:Illusionist+1","theDuelist:InjectionFairy+1","theDuelist:FrontierWiseman+1","theDuelist:InjectionFairy+1","theDuelist:GoblinSecret","theDuelist:WingedKuriboh","theDuelist:IrisEarthMother+1","theDuelist:GrandSpellbookTower+1","theDuelist:InjectionFairy+1"],"relics":["theDuelist:MillenniumPuzzle","theDuelist:CardPoolRelic","theDuelist:CardPoolBasicRelic","theDuelist:BoosterPackPoolRelic","theDuelist:CardPoolAddRelic","theDuelist:CardPoolMinusRelic","theDuelist:CardPoolSaveRelic","theDuelist:CardPoolOptionsRelic","NeowsBlessing","infinitespire:BottledMercury","theDuelist:TributeEggRelic","hubris:MedicalManual","Replay:Wanted Poster","Vajra","Smiling Mask","hubris:DeckOfHolding","hubris:BottledRain","theDuelist:StoneExxod","hubris:Backtick","The Courier","Lantern"],"acts_visited":["Exordium","TheCity","TheBeyond"],"potions_floor_usage":[14,16,24,24,34,35,35,41],"damage_taken":[{"damage":0,"enemies":"Jaw Worm","floor":1,"turns":1},{"damage":0,"enemies":"Cultist","floor":3,"turns":1},{"damage":0,"enemies":"Small Slimes","floor":5,"turns":1},{"damage":1,"enemies":"3 Sentries","floor":7,"turns":10},{"damage":0,"enemies":"2 Fungi Beasts","floor":10,"turns":3},{"damage":7,"enemies":"Lagavulin","floor":11,"turns":6},{"damage":0,"enemies":"Exordium Wildlife","floor":12,"turns":5},{"damage":1,"enemies":"Red Slaver","floor":13,"turns":3},{"damage":2,"enemies":"Gremlin Gang","floor":14,"turns":7},{"damage":26,"enemies":"Hexaghost","floor":16,"turns":12},{"damage":0,"enemies":"Chosen","floor":18,"turns":5},{"damage":4,"enemies":"Gremlin Leader","floor":24,"turns":3},{"damage":36,"enemies":"Slavers","floor":30,"turns":9},{"damage":3,"enemies":"Spheric Guardian","floor":31,"turns":4},{"damage":8,"enemies":"Shelled Parasite and Fungi","floor":32,"turns":6},{"damage":66,"enemies":"hubris:MusketHawk","floor":35,"turns":9},{"damage":3,"enemies":"3 Shapes","floor":37,"turns":6},{"damage":33,"enemies":"3 Darklings","floor":38,"turns":11},{"damage":33,"enemies":"Maw","floor":41,"turns":6}],"seed_played":"-2435609270092922622","potions_obtained":[{"floor":1,"key":"Elixir"},{"floor":7,"key":"SpeedPotion"},{"floor":12,"key":"sneckomod:MuddlingPotion"},{"floor":14,"key":"theDuelist:IcePotion"},{"floor":18,"key":"sneckomod:MuddlingPotion"},{"floor":30,"key":"PowerPotion"},{"floor":31,"key":"theDuelist:VoidBottle"},{"floor":38,"key":"theDuelist:OrbBottle"}],"is_trial":false,"path_per_floor":["M","?","M","?","M","R","E","R","T","M","E","M","M","M","R","B",null,"M","?","?","?","?","R","E","PTL","PTL","R","T","R","E","M","M","$","R","B",null,"M","M","$","?","M"],"character_chosen":"THE_DUELIST","items_purchased":["Fruit Juice","hubris:BottledRain","Lantern","theDuelist:InjectionFairy"],"campfire_rested":0,"item_purchase_floors":[33,33,39,39],"current_hp_per_floor":[80,80,80,80,80,80,80,80,80,80,80,80,80,80,80,80,80,80,80,80,65,65,65,79,79,79,79,79,79,79,85,85,85,90,29,90,90,79,79,79,56,56],"gold":159,"neow_bonus":"THREE_ENEMY_KILL","is_daily":false,"chose_seed":false,"campfire_upgraded":6,"win_rate":0.0,"timestamp":1610068408,"path_taken":["M","?","?","?","M","R","E","R","T","?","E","?","?","M","R","BOSS","M","?","?","?","?","R","E","PTL","PTL","R","T","R","E","M","M","$","R","BOSS","M","M","$","?","M"],"items_purchased_type":["Potion","Relic","Relic","Card"],"build_version":"2020-12-22","purchased_purges":2,"victory":false,"max_hp_per_floor":[80,80,80,80,80,80,80,80,80,80,80,80,80,80,80,80,80,80,80,80,85,85,85,85,85,85,85,85,85,85,85,85,85,90,90,90,90,90,90,90,90,90],"card_choices":[{"not_picked":["theDuelist:DarklordSuperbia","theDuelist:EvilswarmHeliotrope","theDuelist:Hinotama","theDuelist:MudragonSwamp","theDuelist:BattleOx"],"picked":"SKIP","floor":1},{"not_picked":["theDuelist:SpellShatteringArrow","theDuelist:SangaThunder","theDuelist:DarkMagician","theDuelist:GuardianAngel"],"picked":"theDuelist:InjectionFairy","floor":3},{"not_picked":["theDuelist:DarkMagician","theDuelist:FogKing","theDuelist:GoblinSecret","theDuelist:WonderWand"],"picked":"theDuelist:Illusionist","floor":5},{"not_picked":["theDuelist:DarkMagician","theDuelist:ExodiaRL","theDuelist:LordD","theDuelist:CosmicHorrorGangiel"],"picked":"theDuelist:InjectionFairy","floor":7},{"not_picked":["theDuelist:SpellShatteringArrow","theDuelist:CircleFireKings","theDuelist:MagiciansRobe","theDuelist:WonderWand","theDuelist:CallAtlanteans"],"picked":"SKIP","floor":10},{"not_picked":["theDuelist:GaiaMidNightSun","theDuelist:TimeSeal","theDuelist:BattleFootballer","theDuelist:ElectromagneticShield","theDuelist:BigKoala"],"picked":"SKIP","floor":11},{"not_picked":["theDuelist:LegendaryExodia","theDuelist:ExodiaLA","theDuelist:SkilledDarkMagician","theDuelist:BlueDragonSummoner","theDuelist:BlizzardPrincess"],"picked":"SKIP","floor":12},{"not_picked":["theDuelist:SangaThunder","theDuelist:NeoMagic","theDuelist:BlueDragonSummoner","theDuelist:ThousandEyesIdol","theDuelist:ExodiaRL"],"picked":"SKIP","floor":13},{"not_picked":["theDuelist:RainbowDarkDragon","theDuelist:IrisEarthMother","theDuelist:RainbowMagician","theDuelist:RainbowKuriboh","theDuelist:RainbowOverdragon"],"picked":"SKIP","floor":14},{"not_picked":["theDuelist:BattleOx","theDuelist:GilfordLegend","theDuelist:PreventRat","theDuelist:BlackPendant"],"picked":"theDuelist:FrontierWiseman","floor":18},{"not_picked":["theDuelist:MudGolem","theDuelist:Cloning","theDuelist:BigEye+1","theDuelist:StrayLambs","theDuelist:PowerGiant"],"picked":"SKIP","floor":24},{"not_picked":["theDuelist:SpellShatteringArrow","theDuelist:OnslaughtFireKings","theDuelist:WonderWand","theDuelist:DiffusionWaveMotion"],"picked":"theDuelist:GoblinSecret","floor":30},{"not_picked":["theDuelist:ContractExodia","theDuelist:AlienTelepath","theDuelist:BlueDragonSummoner","theDuelist:LordD","theDuelist:ExodiaRL"],"picked":"SKIP","floor":31},{"not_picked":["theDuelist:GilfordLegend","theDuelist:WormWarlord","theDuelist:BattleOx","theDuelist:MillenniumGolem"],"picked":"theDuelist:WingedKuriboh","floor":32},{"not_picked":["theDuelist:RainbowDarkDragon","theDuelist:RainbowMagician+1","theDuelist:GateGuardian","theDuelist:SangaWater"],"picked":"theDuelist:IrisEarthMother+1","floor":35},{"not_picked":["theDuelist:ExodiaHead","theDuelist:RainbowDarkDragon","theDuelist:RainbowMagician+1","theDuelist:DarkPaladin"],"picked":"theDuelist:GrandSpellbookTower+1","floor":37},{"not_picked":["theDuelist:NeoMagic+1","theDuelist:OnslaughtFireKings+1","theDuelist:ThousandEyesIdol","theDuelist:FrontierWiseman+1","theDuelist:SangaEarth"],"picked":"SKIP","floor":38}],"player_experience":540067,"relics_obtained":[{"floor":7,"key":"infinitespire:BottledMercury"},{"floor":9,"key":"theDuelist:TributeEggRelic"},{"floor":11,"key":"hubris:MedicalManual"},{"floor":24,"key":"Vajra"},{"floor":28,"key":"Smiling Mask"},{"floor":30,"key":"hubris:DeckOfHolding"},{"floor":34,"key":"theDuelist:StoneExxod"}],"event_choices":[{"damage_healed":0,"gold_gain":0,"player_choice":"Leave","duelist":true,"damage_taken":0,"max_hp_gain":0,"max_hp_loss":0,"event_name":"Tomb of the Nameless","floor":2,"gold_loss":0},{"damage_healed":0,"gold_gain":0,"player_choice":"Shed Blood","damage_taken":20,"max_hp_gain":5,"max_hp_loss":0,"event_name":"Forgotten Altar","floor":21,"gold_loss":0},{"damage_healed":0,"gold_gain":0,"player_choice":"Read","damage_taken":0,"max_hp_gain":0,"max_hp_loss":0,"event_name":"The Library","floor":22,"gold_loss":0,"cards_obtained":["theDuelist:InjectionFairy"]},{"damage_healed":0,"gold_gain":0,"player_choice":"Upgraded","damage_taken":0,"max_hp_gain":0,"max_hp_loss":0,"event_name":"Upgrade Shrine","floor":40,"gold_loss":0,"cards_upgraded":["theDuelist:InjectionFairy"]}],"is_beta":false,"boss_relics":[{"not_picked":["Velvet Choker","HoveringKite"],"picked":"Replay:Wanted Poster"},{"not_picked":["Fusion Hammer","Ring of Chaos"],"picked":"hubris:Backtick"}],"items_purged_floors":[33,39],"is_endless":false,"potions_floor_spawned":[1,7,12,14,18,30,31,38],"killed_by":"Maw","ascension_level":1}}