{"host":"11728qvdvolffudn","time":1610120191,"event":{"mods":["BaseMod","Block Reminder","Colored Powertips","Curses Come First","Custom Start","Displayed Cursed Tome","Highlight Path","Minty Spire (QoL Compilation)","Permanent Neow","Quick Restart","Rare Cards Sparkle","Relic Stats","StSLib"],"gold_per_floor":[110,110,110,130,130,143,143,143,143,143,159,169,134,144,144,248,248,268,268,183,183,183,183,193,193,193,193,207,217,145,156,156,253,253,271,271,271,290,290,290,309,329,329,33,33,10,28,38,38,38,38],"floor_reached":50,"playtime":2747,"items_purged":[],"score":484,"play_id":"9cd3c599-b374-48fd-9296-31ebed72b98b","local_time":"20210108153631","is_ascension_mode":false,"campfire_choices":[{"data":"Zap","floor":7,"key":"SMITH"},{"data":"Dualcast","floor":10,"key":"SMITH"},{"data":"Chaos","floor":15,"key":"SMITH"},{"data":"Capacitor","floor":23,"key":"SMITH"},{"data":"Biased Cognition","floor":25,"key":"SMITH"},{"data":"Coolheaded","floor":27,"key":"SMITH"},{"data":"Capacitor","floor":32,"key":"SMITH"},{"data":"Self Repair","floor":40,"key":"SMITH"},{"data":"Go for the Eyes","floor":49,"key":"SMITH"}],"circlet_count":0,"master_deck":["Strike_B+1","Strike_B+1","Strike_B+1","Defend_B+1","Defend_B+1","Defend_B+1","Defend_B+1","Zap+1","Dualcast+1","Cold Snap","BootSequence+1","Go for the Eyes","Self Repair+1","Chaos+1","Go for the Eyes+1","Biased Cognition+1","Capacitor+1","Coolheaded+1","Go for the Eyes+1","Capacitor+1","Go for the Eyes","Rainbow+1","BootSequence+1","Swift Strike","Lockon+1","FTL","Redo+1","Redo+1","Redo+1"],"relics":["Inserter","White Beast Statue","FossilizedHelix","Mercury Hourglass","Nuclear Battery","HornCleat","Toxic Egg 2","Runic Pyramid","CaptainsWheel","Sling","Blood Vial","War Paint"],"acts_visited":["Exordium","TheCity","TheBeyond"],"potions_floor_usage":[16,16,28,29,33,38,42,47,48,50,50,50],"damage_taken":[{"damage":1,"enemies":"2 Louse","floor":1,"turns":3},{"damage":0,"enemies":"Small Slimes","floor":4,"turns":4},{"damage":1,"enemies":"Jaw Worm","floor":6,"turns":4},{"damage":0,"enemies":"Gremlin Gang","floor":11,"turns":4},{"damage":0,"enemies":"3 Louse","floor":12,"turns":3},{"damage":0,"enemies":"Looter","floor":14,"turns":4},{"damage":20,"enemies":"The Guardian","floor":16,"turns":9},{"damage":12,"enemies":"Spheric Guardian","floor":18,"turns":6},{"damage":0,"enemies":"2 Thieves","floor":24,"turns":4},{"damage":0,"enemies":"Shelled Parasite and Fungi","floor":28,"turns":8},{"damage":0,"enemies":"Centurion and Healer","floor":29,"turns":6},{"damage":0,"enemies":"Snake Plant","floor":31,"turns":6},{"damage":72,"enemies":"Automaton","floor":33,"turns":13},{"damage":0,"enemies":"Orb Walker","floor":35,"turns":5},{"damage":6,"enemies":"3 Darklings","floor":38,"turns":5},{"damage":0,"enemies":"4 Shapes","floor":41,"turns":6},{"damage":13,"enemies":"Transient","floor":42,"turns":5},{"damage":0,"enemies":"3 Darklings","floor":47,"turns":6},{"damage":0,"enemies":"Sphere and 2 Shapes","floor":48,"turns":3},{"damage":80,"enemies":"Time Eater","floor":50,"turns":13}],"seed_played":"-5730084370211649944","potions_obtained":[{"floor":6,"key":"SpeedPotion"},{"floor":11,"key":"AttackPotion"},{"floor":12,"key":"LiquidBronze"},{"floor":14,"key":"Regen Potion"},{"floor":16,"key":"AttackPotion"},{"floor":18,"key":"Explosive Potion"},{"floor":28,"key":"LiquidBronze"},{"floor":29,"key":"AttackPotion"},{"floor":33,"key":"Fire Potion"},{"floor":35,"key":"Strength Potion"},{"floor":38,"key":"BlessingOfTheForge"},{"floor":42,"key":"SteroidPotion"},{"floor":47,"key":"PowerPotion"},{"floor":48,"key":"Regen Potion"}],"is_trial":false,"path_per_floor":["M","$","?","M","?","M","R","T","T","R","M","M","?","M","R","B",null,"M","?","?","$","?","R","M","R","T","R","M","M","$","M","R","B",null,"M","?","?","M","?","R","M","M","T","$","?","$","M","M","R","B"],"character_chosen":"DEFECT","items_purchased":["Capacitor","Sling","Blood Vial","Redo+1"],"campfire_rested":0,"item_purchase_floors":[30,44,44,46],"current_hp_per_floor":[74,74,67,67,60,59,59,59,59,59,59,66,75,75,75,68,75,70,70,70,70,56,56,63,63,63,63,70,77,77,80,80,15,80,80,76,76,76,76,76,76,63,63,63,63,63,75,76,76,0,0],"gold":38,"neow_bonus":"BOSS_RELIC","is_daily":false,"chose_seed":false,"campfire_upgraded":9,"win_rate":0.0,"timestamp":1610120191,"path_taken":["M","$","?","M","?","M","R","?","T","R","?","M","?","M","R","BOSS","M","?","?","$","?","R","M","R","T","R","M","?","?","M","R","BOSS","M","?","?","?","?","R","M","M","T","$","?","$","?","M","R","BOSS"],"items_purchased_type":["Card","Relic","Relic","Card"],"build_version":"2020-12-22","purchased_purges":0,"victory":false,"max_hp_per_floor":[75,75,75,75,75,75,75,75,75,75,75,75,75,75,75,75,75,75,75,75,75,80,80,80,80,80,80,80,80,80,80,80,80,80,80,76,76,76,76,76,76,76,76,76,76,76,76,76,76,76,76],"relic_stats":{"Blood Vial":3,"Inserter":[44],"counters":[20,116],"War Paint":["BootSequence"],"obtain_stats":[{"Inserter":0,"War Paint":45,"Sling":44,"White Beast Statue":5,"Mercury Hourglass":9,"Nuclear Battery":17,"Blood Vial":44,"CaptainsWheel":43,"HornCleat":20,"Toxic Egg 2":26,"Cracked Core":0,"FossilizedHelix":8,"Runic Pyramid":34},{"Inserter":0,"War Paint":17,"Sling":17,"White Beast Statue":2,"Mercury Hourglass":3,"Nuclear Battery":7,"Blood Vial":17,"CaptainsWheel":17,"HornCleat":8,"Toxic Egg 2":9,"Cracked Core":0,"FossilizedHelix":3,"Runic Pyramid":13},{"Inserter":0,"War Paint":94,"Sling":94,"White Beast Statue":7,"Mercury Hourglass":11,"Nuclear Battery":30,"Blood Vial":94,"CaptainsWheel":94,"HornCleat":36,"Toxic Egg 2":40,"Cracked Core":0,"FossilizedHelix":11,"Runic Pyramid":73}],"Mercury Hourglass":[410]},"card_choices":[{"not_picked":["Compile Driver","Leap"],"picked":"Cold Snap","floor":1},{"not_picked":["Stack","Leap"],"picked":"BootSequence","floor":4},{"not_picked":["Cold Snap","Steam"],"picked":"Go for the Eyes","floor":6},{"not_picked":["Redo","Streamline"],"picked":"Self Repair","floor":11},{"not_picked":["Redo","Rebound"],"picked":"Chaos","floor":12},{"not_picked":["Self Repair","Auto Shields"],"picked":"Go for the Eyes","floor":14},{"not_picked":["Echo Form","Machine Learning"],"picked":"Biased Cognition","floor":16},{"not_picked":["Steam","Doom and Gloom+1"],"picked":"Capacitor","floor":18},{"not_picked":["Conserve Battery","Beam Cell"],"picked":"Coolheaded","floor":24},{"not_picked":["Storm","Reprogram+1","Rebound"],"picked":"SKIP","floor":28},{"not_picked":["Hologram+1","Cold Snap"],"picked":"Go for the Eyes+1","floor":29},{"not_picked":["Coolheaded+1","Turbo+1"],"picked":"Go for the Eyes","floor":31},{"not_picked":["Hyperbeam","Core Surge"],"picked":"Rainbow+1","floor":33},{"not_picked":["Conserve Battery+1","Beam Cell","Sweeping Beam+1"],"picked":"SKIP","floor":35},{"not_picked":["Genetic Algorithm+1","Heatsinks+1"],"picked":"BootSequence+1","floor":38},{"not_picked":["Jack Of All Trades+1","PanicButton+1"],"picked":"Swift Strike","floor":39},{"not_picked":["Rebound+1","Undo+1"],"picked":"Lockon+1","floor":41},{"not_picked":["Redo+1","BootSequence+1"],"picked":"FTL","floor":42},{"not_picked":["Coolheaded+1","Self Repair"],"picked":"Redo+1","floor":47},{"not_picked":["Streamline","Coolheaded+1"],"picked":"Redo+1","floor":48}],"player_experience":94763,"relics_obtained":[{"floor":8,"key":"FossilizedHelix"},{"floor":9,"key":"Mercury Hourglass"},{"floor":26,"key":"Toxic Egg 2"},{"floor":43,"key":"CaptainsWheel"},{"floor":45,"key":"War Paint"}],"event_choices":[{"cards_removed":["Strike_B"],"damage_healed":0,"gold_gain":0,"player_choice":"Card Removal","damage_taken":7,"max_hp_gain":0,"max_hp_loss":0,"event_name":"Golden Wing","floor":3,"gold_loss":0},{"damage_healed":0,"gold_gain":0,"player_choice":"Success","damage_taken":7,"relics_obtained":["White Beast Statue"],"max_hp_gain":0,"max_hp_loss":0,"event_name":"Scrap Ooze","floor":5,"gold_loss":0},{"damage_healed":18,"gold_gain":0,"player_choice":"Healed","damage_taken":0,"max_hp_gain":0,"max_hp_loss":0,"event_name":"The Cleric","floor":13,"gold_loss":35},{"damage_healed":0,"gold_gain":0,"player_choice":"Simplicity","damage_taken":0,"max_hp_gain":0,"max_hp_loss":0,"event_name":"Back to Basics","floor":19,"gold_loss":0,"cards_upgraded":["Strike_B","Strike_B","Strike_B","Defend_B","Defend_B","Defend_B","Defend_B"]},{"damage_healed":0,"gold_gain":0,"player_choice":"Obtained Relic","damage_taken":0,"relics_obtained":["HornCleat"],"max_hp_gain":0,"max_hp_loss":0,"event_name":"Addict","floor":20,"gold_loss":85},{"damage_healed":0,"gold_gain":0,"player_choice":"Shed Blood","damage_taken":19,"max_hp_gain":5,"max_hp_loss":0,"event_name":"Forgotten Altar","floor":22,"gold_loss":0},{"damage_healed":0,"gold_gain":0,"player_choice":"Max HP","damage_taken":0,"max_hp_gain":0,"max_hp_loss":4,"event_name":"Winding Halls","floor":36,"gold_loss":0},{"damage_healed":0,"gold_gain":0,"player_choice":"Bought 0 Potions","damage_taken":0,"max_hp_gain":0,"max_hp_loss":0,"event_name":"The Woman in Blue","floor":37,"gold_loss":0},{"damage_healed":0,"gold_gain":0,"player_choice":"Memory 1","damage_taken":0,"max_hp_gain":0,"max_hp_loss":0,"event_name":"SensoryStone","floor":39,"gold_loss":0},{"damage_healed":0,"gold_gain":0,"player_choice":"Relic","damage_taken":0,"max_hp_gain":0,"max_hp_loss":0,"event_name":"Wheel of Change","floor":45,"gold_loss":0}],"is_beta":false,"boss_relics":[{"not_picked":["Pandora\u0027s Box","Cursed Key"],"picked":"Nuclear Battery"},{"not_picked":["Empty Cage","Runic Dome"],"picked":"Runic Pyramid"}],"items_purged_floors":[],"is_endless":false,"potions_floor_spawned":[6,11,12,14,16,18,24,28,29,31,33,35,38,41,42,47,48],"killed_by":"Time Eater","ascension_level":0}}