{"host":"c3lc60y5x60jlt1y","time":1610129258,"event":{"mods":["AchievementEnabler","BaseMod","Bestiary","Colored Map","Minty Spire (QoL Compilation)","Quick Restart","StSLib","ojb\u0027s Info Mod"],"gold_per_floor":[114,114,289,14,14,14,24,52,52,52,82,32,44,72,72,168,168,181,381,396,321,301,330,330,358,358,393,393,393],"floor_reached":28,"playtime":5565,"items_purged":["Doubt"],"score":331,"play_id":"e78c2f6c-9aaf-40fd-8e02-f5547f30aee6","local_time":"20210108200738","is_ascension_mode":true,"campfire_choices":[{"data":"Streamline","floor":6,"key":"SMITH"},{"data":"Machine Learning","floor":10,"key":"SMITH"},{"data":"Darkness","floor":15,"key":"SMITH"},{"floor":24,"key":"REST"}],"circlet_count":0,"master_deck":["Strike_B","Defend_B","Defend_B","Defend_B","Zap","Dualcast","Coolheaded","Streamline+1","Rainbow","FTL","Machine Learning+1","Static Discharge","Darkness+1","Redo","Fission","Coolheaded+1","Loop","Chill","Seek","Tempest"],"relics":["Cracked Core","NeowsBlessing","Runic Capacitor","Mercury Hourglass","Ginger","MealTicket","Sundial","Fusion Hammer","Mummified Hand","Bronze Scales","Darkstone Periapt","HornCleat"],"acts_visited":["Exordium","TheCity"],"potions_floor_usage":[14,16,23,23,23,23,25,25],"damage_taken":[{"damage":0,"enemies":"2 Louse","floor":1,"turns":1},{"damage":0,"enemies":"Small Slimes","floor":7,"turns":1},{"damage":0,"enemies":"Gremlin Nob","floor":8,"turns":1},{"damage":16,"enemies":"Lagavulin","floor":11,"turns":6},{"damage":0,"enemies":"Cultist","floor":13,"turns":3},{"damage":16,"enemies":"3 Sentries","floor":14,"turns":5},{"damage":30,"enemies":"Slime Boss","floor":16,"turns":7},{"damage":11,"enemies":"Shell Parasite","floor":18,"turns":4},{"damage":8,"enemies":"Chosen","floor":20,"turns":3},{"damage":32,"enemies":"Gremlin Leader","floor":23,"turns":5},{"damage":28,"enemies":"Book of Stabbing","floor":25,"turns":4},{"damage":12,"enemies":"Gremlin Leader","floor":27,"turns":4},{"damage":16,"enemies":"Centurion and Healer","floor":28,"turns":1}],"seed_played":"8926062288539117015","potions_obtained":[{"floor":7,"key":"BlessingOfTheForge"},{"floor":8,"key":"SkillPotion"},{"floor":13,"key":"CultistPotion"},{"floor":16,"key":"Fire Potion"},{"floor":18,"key":"SteroidPotion"},{"floor":22,"key":"EntropicBrew"},{"floor":23,"key":"Fruit Juice"}],"is_trial":false,"path_per_floor":["M","?","?","$","?","R","M","E","T","R","E","?","M","E","R","B",null,"M","?","M","?","?","E","R","E","T","E","M"],"character_chosen":"DEFECT","items_purchased":["Runic Capacitor","Streamline"],"campfire_rested":1,"item_purchase_floors":[4,4],"current_hp_per_floor":[75,68,68,68,68,68,68,68,68,68,52,52,52,36,36,6,75,64,64,56,56,56,24,46,23,23,11,0,0],"gold":393,"neow_bonus":"THREE_ENEMY_KILL","is_daily":false,"chose_seed":false,"campfire_upgraded":3,"win_rate":0.0,"timestamp":1610129258,"path_taken":["M","?","?","$","?","R","M","E","T","R","E","?","M","E","R","BOSS","M","?","?","?","?","E","R","E","T","E","M"],"items_purchased_type":["Relic","Card"],"build_version":"2020-12-22","purchased_purges":1,"victory":false,"max_hp_per_floor":[75,75,75,75,75,75,75,75,75,75,75,75,75,75,75,75,75,75,75,75,75,75,75,75,80,80,80,80,80],"card_choices":[{"not_picked":["Stack","Beam Cell"],"picked":"Coolheaded","floor":1},{"not_picked":["BootSequence","Consume"],"picked":"FTL","floor":7},{"not_picked":["Beam Cell","Streamline"],"picked":"Machine Learning","floor":8},{"not_picked":["Gash","Beam Cell"],"picked":"Static Discharge","floor":11},{"not_picked":["Streamline","Redo"],"picked":"Darkness","floor":13},{"not_picked":["Recycle","Lockon"],"picked":"Redo","floor":14},{"not_picked":["Machine Learning","Core Surge"],"picked":"Fission","floor":16},{"not_picked":["Steam+1","Compile Driver"],"picked":"Coolheaded+1","floor":18},{"not_picked":["Double Energy","Stack"],"picked":"Loop","floor":20},{"not_picked":["Cold Snap+1","Leap"],"picked":"Chill","floor":23},{"not_picked":["Skim","Streamline"],"picked":"Seek","floor":25},{"not_picked":["Sweeping Beam","Barrage"],"picked":"Tempest","floor":27}],"player_experience":7618237,"relics_obtained":[{"floor":8,"key":"Mercury Hourglass"},{"floor":9,"key":"Ginger"},{"floor":11,"key":"MealTicket"},{"floor":14,"key":"Sundial"},{"floor":23,"key":"Mummified Hand"},{"floor":25,"key":"Bronze Scales"},{"floor":26,"key":"Darkstone Periapt"},{"floor":27,"key":"HornCleat"}],"event_choices":[{"cards_removed":["Defend_B"],"damage_healed":0,"gold_gain":0,"player_choice":"Card Removal","damage_taken":7,"max_hp_gain":0,"max_hp_loss":0,"event_name":"Golden Wing","floor":2,"gold_loss":0},{"damage_healed":0,"gold_gain":175,"player_choice":"AGREE","damage_taken":0,"max_hp_gain":0,"max_hp_loss":0,"event_name":"Liars Game","floor":3,"gold_loss":0,"cards_obtained":["Doubt"]},{"damage_healed":0,"gold_gain":0,"cards_transformed":["Strike_B"],"player_choice":"Change","damage_taken":0,"max_hp_gain":0,"max_hp_loss":0,"event_name":"Living Wall","floor":5,"gold_loss":0,"cards_obtained":["Rainbow"]},{"cards_removed":["Strike_B"],"damage_healed":0,"gold_gain":0,"player_choice":"Card Removal","damage_taken":0,"max_hp_gain":0,"max_hp_loss":0,"event_name":"The Cleric","floor":12,"gold_loss":50},{"damage_healed":0,"gold_gain":200,"player_choice":"Gold","damage_taken":0,"max_hp_gain":0,"max_hp_loss":0,"event_name":"Wheel of Change","floor":19,"gold_loss":0},{"cards_removed":["Strike_B"],"damage_healed":0,"gold_gain":0,"player_choice":"Gave Gold","damage_taken":0,"max_hp_gain":0,"max_hp_loss":0,"event_name":"Beggar","floor":21,"gold_loss":75},{"damage_healed":0,"gold_gain":0,"player_choice":"Bought 1 Potion","damage_taken":0,"max_hp_gain":0,"max_hp_loss":0,"event_name":"The Woman in Blue","floor":22,"gold_loss":0}],"is_beta":false,"boss_relics":[{"not_picked":["Busted Crown","Astrolabe"],"picked":"Fusion Hammer"}],"items_purged_floors":[4],"is_endless":false,"potions_floor_spawned":[7,8,13,16,18,23],"killed_by":"Centurion and Healer","ascension_level":1}}