{"host":"2he95iptrbxkejc1","time":1610117747,"event":{"mods":["AchievementEnabler","BaseMod","Colored Powertips","Hermit","Infinite Spire","Marisa????????","Minty Spire (QoL Compilation)","Random Character Mod","Replay The Spire","StSLib","Td1madao Mod","The Cursed","The Disciple","The Hierophant","The Marked","The Mystic","The Necromancer","The Poker Player","The Runesmith","The Servant 0.9.4"],"gold_per_floor":[116,116,116,132,146,179,179,208,233,20,20,20,40,59,59,59,59],"floor_reached":16,"playtime":738,"items_purged":["Strike_G"],"score":116,"play_id":"3ba790aa-441a-49c8-9bec-79389c3392b2","local_time":"20210108145547","is_ascension_mode":true,"campfire_choices":[{"floor":7,"key":"REST"},{"data":"Adrenaline","floor":15,"key":"SMITH"}],"circlet_count":0,"master_deck":["Strike_G","Strike_G+1","Strike_G","Strike_G","Defend_G","Defend_G","Defend_G","Defend_G","Survivor+1","Neutralize","Footwork+1","PiercingWail+1","Blade Dance","Prepared","Adrenaline+1","Prepared"],"relics":["Ring of the Snake","NeowsBlessing","Gremlin Food","MealTicket","War Paint"],"acts_visited":["Exordium"],"potions_floor_usage":[6,16,16],"damage_taken":[{"damage":0,"enemies":"Cultist","floor":1,"turns":1},{"damage":0,"enemies":"Small Slimes","floor":4,"turns":1},{"damage":0,"enemies":"Jaw Worm","floor":5,"turns":1},{"damage":60,"enemies":"Gremlin Nob","floor":6,"turns":7},{"damage":16,"enemies":"Replay:BlueRogue","floor":8,"turns":6},{"damage":0,"enemies":"Large Slime","floor":13,"turns":8},{"damage":10,"enemies":"3 Louse","floor":14,"turns":4},{"damage":32,"enemies":"Hexaghost","floor":16,"turns":16}],"seed_played":"4477461004069701023","potions_obtained":[{"floor":5,"key":"Block Potion"},{"floor":6,"key":"Poison Potion"},{"floor":13,"key":"Block Potion"}],"is_trial":false,"path_per_floor":["M","?","?","M","M","E","R","E","T","$","?","$","M","M","R","B"],"character_chosen":"THE_SILENT","items_purchased":["Adrenaline"],"campfire_rested":1,"item_purchase_floors":[10],"current_hp_per_floor":[70,70,70,70,70,10,31,15,15,30,23,38,38,28,28,0,0],"gold":59,"neow_bonus":"THREE_ENEMY_KILL","is_daily":false,"chose_seed":false,"campfire_upgraded":1,"win_rate":0.0,"timestamp":1610117747,"path_taken":["M","?","?","M","M","E","R","E","T","$","?","$","M","M","R","BOSS"],"items_purchased_type":["Card"],"build_version":"2020-12-22","purchased_purges":1,"victory":false,"max_hp_per_floor":[70,70,70,70,70,70,70,70,70,70,70,70,70,70,70,70,70],"card_choices":[{"not_picked":["Poisoned Stab","Deflect"],"picked":"Footwork","floor":1},{"not_picked":["Outmaneuver","Dagger Throw"],"picked":"PiercingWail","floor":4},{"not_picked":["Expertise","ReplayTheSpireMod:Scrap Shanks","ReplayTheSpireMod:Speed Training"],"picked":"SKIP","floor":5},{"not_picked":["Hidden Blade","Expertise"],"picked":"Blade Dance","floor":6},{"not_picked":["Reflex","Poisoned Stab"],"picked":"Prepared","floor":8},{"not_picked":["Outmaneuver","Deflect","Underhanded Strike"],"picked":"SKIP","floor":13},{"not_picked":["Flechettes","Flying Knee"],"picked":"Prepared","floor":14}],"player_experience":86024,"relics_obtained":[{"floor":6,"key":"Gremlin Food"},{"floor":8,"key":"MealTicket"},{"floor":9,"key":"War Paint"}],"event_choices":[{"damage_healed":0,"gold_gain":0,"player_choice":"Grow","damage_taken":0,"max_hp_gain":0,"max_hp_loss":0,"event_name":"Living Wall","floor":2,"gold_loss":0,"cards_upgraded":["Footwork"]},{"cards_removed":["Defend_G"],"damage_healed":0,"gold_gain":0,"player_choice":"Card Removal","damage_taken":7,"max_hp_gain":0,"max_hp_loss":0,"event_name":"Golden Wing","floor":11,"gold_loss":0}],"is_beta":false,"boss_relics":[],"items_purged_floors":[10],"is_endless":false,"potions_floor_spawned":[5,6,13],"killed_by":"Hexaghost","ascension_level":1}}