{"host":"s5i48q09v0un9rqc","time":1610107289,"event":{"mods":["BaseMod","BetterRewards","Highlight Path","Minty Spire (QoL Compilation)","Rare Cards Sparkle","Shop Mod"],"gold_per_floor":[117,136,151,171,171,197,212,212,259,289,289,301,301,315,315,415,415,430,370,383,383,383,415,415,427,454,654,215,215,225,225,225,325,325,335,345,245,261,280,312,323,357,357,390,390,444,84,95,95,95,95,95,95,126,126],"floor_reached":56,"playtime":4006,"items_purged":["Strike_G","Defend_G","Survivor","Cloak And Dagger"],"score":2552,"play_id":"50f199c6-1c2d-470f-bca3-828f3fbec520","local_time":"20210108200129","is_ascension_mode":true,"campfire_choices":[{"data":"Corpse Explosion","floor":8.0,"key":"SMITH"},{"data":"Noxious Fumes","floor":11.0,"key":"SMITH"},{"data":"Neutralize","floor":13.0,"key":"SMITH"},{"data":"Footwork","floor":15.0,"key":"SMITH"},{"data":"Acrobatics","floor":24.0,"key":"SMITH"},{"data":"Catalyst","floor":29.0,"key":"SMITH"},{"data":"Concentrate","floor":32.0,"key":"SMITH"},{"floor":49.0,"key":"RECALL"},{"data":"Reflex","floor":52.0,"key":"SMITH"}],"circlet_count":0,"master_deck":["AscendersBane","Defend_G","Defend_G","Defend_G","Defend_G","Neutralize+1","Noxious Fumes+1","Footwork+1","Corpse Explosion+1","Acrobatics+1","Backflip","Acrobatics+1","Concentrate+1","Catalyst+1","Reflex+1","Madness+1","Madness+1","Burst+1"],"relics":["Ring of the Snake","Paper Crane","The Specimen","Orichalcum","Tiny Chest","Prayer Wheel","Thread and Needle","The Courier","Bag of Preparation","Meat on the Bone","Coffee Dripper","Frozen Egg 2","Toy Ornithopter","Centennial Puzzle","Omamori","Happy Flower","Runic Pyramid","Toxic Egg 2","PreservedInsect","Oddly Smooth Stone","Bottled Tornado","TungstenRod","Medical Kit","Snake Skull"],"acts_visited":["Exordium","TheCity","TheBeyond","TheEnding"],"potions_floor_usage":[55],"damage_taken":[{"damage":0.0,"enemies":"Small Slimes","floor":1.0,"turns":3.0},{"damage":0.0,"enemies":"Cultist","floor":2.0,"turns":4.0},{"damage":0.0,"enemies":"Jaw Worm","floor":3.0,"turns":6.0},{"damage":0.0,"enemies":"3 Louse","floor":4.0,"turns":6.0},{"damage":11.0,"enemies":"Gremlin Nob","floor":6.0,"turns":4.0},{"damage":0.0,"enemies":"2 Fungi Beasts","floor":7.0,"turns":3.0},{"damage":0.0,"enemies":"Lagavulin","floor":10.0,"turns":8.0},{"damage":2.0,"enemies":"Large Slime","floor":12.0,"turns":6.0},{"damage":1.0,"enemies":"Exordium Thugs","floor":14.0,"turns":6.0},{"damage":0.0,"enemies":"The Guardian","floor":16.0,"turns":10.0},{"damage":3.0,"enemies":"2 Thieves","floor":18.0,"turns":4.0},{"damage":0.0,"enemies":"Shell Parasite","floor":20.0,"turns":5.0},{"damage":10.0,"enemies":"Gremlin Leader","floor":23.0,"turns":6.0},{"damage":0.0,"enemies":"Snecko","floor":25.0,"turns":5.0},{"damage":0.0,"enemies":"3 Cultists","floor":30.0,"turns":2.0},{"damage":6.0,"enemies":"Automaton","floor":33.0,"turns":10.0},{"damage":0.0,"enemies":"3 Darklings","floor":35.0,"turns":2.0},{"damage":0.0,"enemies":"Orb Walker","floor":36.0,"turns":3.0},{"damage":0.0,"enemies":"Writhing Mass","floor":38.0,"turns":3.0},{"damage":0.0,"enemies":"Jaw Worm Horde","floor":39.0,"turns":2.0},{"damage":0.0,"enemies":"Giant Head","floor":40.0,"turns":5.0},{"damage":0.0,"enemies":"Maw","floor":41.0,"turns":3.0},{"damage":0.0,"enemies":"Nemesis","floor":42.0,"turns":7.0},{"damage":0.0,"enemies":"Reptomancer","floor":44.0,"turns":3.0},{"damage":0.0,"enemies":"2 Orb Walkers","floor":46.0,"turns":4.0},{"damage":0.0,"enemies":"3 Darklings","floor":48.0,"turns":2.0},{"damage":0.0,"enemies":"Donu and Deca","floor":50.0,"turns":2.0},{"damage":0.0,"enemies":"Shield and Spear","floor":54.0,"turns":2.0},{"damage":18,"enemies":"The Heart","floor":55,"turns":8}],"seed_played":"-7833147017083415242","potions_obtained":[{"floor":2.0,"key":"SneckoOil"},{"floor":4.0,"key":"AttackPotion"},{"floor":10.0,"key":"SkillPotion"},{"floor":18.0,"key":"SneckoOil"},{"floor":23.0,"key":"Fire Potion"},{"floor":25.0,"key":"SteroidPotion"},{"floor":33.0,"key":"GhostInAJar"}],"is_trial":false,"path_per_floor":["M","M","M","M","?","E","M","R","T","E","R","M","R","M","R","B",null,"M","?","M","T","?","E","R","M","T","?","$","R","M","T","R","B",null,"M","M","$","M","M","E","M","E","T","E","?","?","$","M","R","B",null,"R","$","E","B",null],"character_chosen":"THE_SILENT","items_purchased":["Paper Crane","Noxious Fumes","Orichalcum","Footwork","Tiny Chest","Prayer Wheel","AttackPotion","Omamori","Happy Flower","Catalyst","Reflex","Medical Kit","Snake Skull"],"campfire_rested":0,"item_purchase_floors":[0,0,0,0,0,0,0,28,28,28,28,47,47],"current_hp_per_floor":[21,21,21,21,21,10,10,10,10,10,10,20,20,31,31,43,63,60,60,60,60,60,50,50,55,55,55,55,55,55,55,55,49,65,65,65,65,65,65,65,65,65,65,65,56,56,56,56,56,56,67,67,67,67,52],"gold":126,"neow_bonus":"","is_daily":false,"chose_seed":false,"campfire_upgraded":8,"win_rate":0.0,"timestamp":1610107289,"path_taken":["M","M","M","M","?","E","?","R","T","E","R","M","R","M","R","BOSS","M","?","M","?","?","E","R","M","T","?","$","R","?","?","R","BOSS","M","M","$","M","M","E","M","E","T","E","?","?","?","M","R","BOSS","R","$","E","BOSS"],"items_purchased_type":["Relic","Card","Relic","Card","Relic","Relic","Potion","Relic","Relic","Card","Card","Relic","Relic"],"build_version":"2020-12-22","purchased_purges":4,"victory":true,"max_hp_per_floor":[70,70,70,70,70,70,70,70,70,70,70,70,70,70,70,70,70,70,70,70,70,70,70,70,70,70,70,70,70,70,70,70,70,70,70,70,70,70,70,70,70,70,70,70,70,70,70,70,70,70,70,70,70,70,70],"card_choices":[{"not_picked":["Prepared","Setup","Slice"],"picked":"SKIP","floor":1.0},{"not_picked":["Bane","Noxious Fumes","Blur"],"picked":"SKIP","floor":1.0},{"not_picked":["Noxious Fumes","Backstab","Blade Dance"],"picked":"SKIP","floor":2.0},{"not_picked":["Caltrops","Dagger Throw","Wraith Form v2"],"picked":"SKIP","floor":2.0},{"not_picked":["Quick Slash","Dash","Underhanded Strike"],"picked":"SKIP","floor":3.0},{"not_picked":["Infinite Blades","Masterful Stab","Concentrate"],"picked":"SKIP","floor":3.0},{"not_picked":["PiercingWail","Finisher"],"picked":"Corpse Explosion","floor":4.0},{"not_picked":["Deadly Poison","Bane","Flechettes"],"picked":"SKIP","floor":4.0},{"not_picked":["Underhanded Strike","Venomology","A Thousand Cuts"],"picked":"SKIP","floor":6.0},{"not_picked":["Dagger Spray","Flechettes","Acrobatics"],"picked":"SKIP","floor":7.0},{"not_picked":["Prepared","Skewer","Quick Slash"],"picked":"SKIP","floor":7.0},{"not_picked":["Riddle With Holes","Caltrops","Noxious Fumes"],"picked":"SKIP","floor":10.0},{"not_picked":["Terror","Blade Dance","All Out Attack"],"picked":"SKIP","floor":12.0},{"not_picked":["Underhanded Strike","Deflect","Heel Hook"],"picked":"SKIP","floor":12.0},{"not_picked":["Poisoned Stab","Dodge and Roll","Backflip"],"picked":"SKIP","floor":14.0},{"not_picked":["All Out Attack","Outmaneuver","Blade Dance"],"picked":"SKIP","floor":14.0},{"not_picked":["Sucker Punch","Caltrops"],"picked":"Acrobatics","floor":18.0},{"not_picked":["Dagger Throw","Terror","Cloak And Dagger"],"picked":"SKIP","floor":18.0},{"not_picked":["Grand Finale","Terror","All Out Attack"],"picked":"SKIP","floor":20.0},{"not_picked":["Dagger Throw+1","Accuracy","Underhanded Strike+1"],"picked":"SKIP","floor":20.0},{"not_picked":["Blade Dance","Blur","Venomology"],"picked":"SKIP","floor":23.0},{"not_picked":["Bane+1","Bouncing Flask"],"picked":"Acrobatics+1","floor":25.0},{"not_picked":["Deflect","Leg Sweep+1"],"picked":"Concentrate","floor":25.0},{"not_picked":["Distraction","Poisoned Stab","Setup"],"picked":"SKIP","floor":30.0},{"not_picked":["Endless Agony","Dagger Spray+1","Flying Knee"],"picked":"SKIP","floor":30.0},{"not_picked":["Bane","Bouncing Flask","Eviscerate+1"],"picked":"SKIP","floor":35.0},{"not_picked":["Blade Dance","Well Laid Plans+1","PiercingWail"],"picked":"SKIP","floor":35.0},{"not_picked":["Terror+1","Dodge and Roll","Flechettes+1"],"picked":"SKIP","floor":36.0},{"not_picked":["Prepared","Escape Plan","Slice"],"picked":"SKIP","floor":36.0},{"not_picked":["Dagger Throw+1","Cloak And Dagger+1","Deflect"],"picked":"SKIP","floor":38.0},{"not_picked":["Bouncing Flask","Quick Slash","Caltrops+1"],"picked":"SKIP","floor":38.0},{"not_picked":["Backflip","Cloak And Dagger+1","Riddle With Holes+1"],"picked":"SKIP","floor":39.0},{"not_picked":["Backflip+1","Concentrate","Bane+1"],"picked":"SKIP","floor":39.0},{"not_picked":["Outmaneuver+1","Well Laid Plans+1","Leg Sweep+1"],"picked":"SKIP","floor":40.0},{"not_picked":["Malaise+1","Finisher+1","Endless Agony+1"],"picked":"SKIP","floor":41.0},{"not_picked":["Choke+1","Dagger Spray+1","Caltrops+1"],"picked":"SKIP","floor":41.0},{"not_picked":["Backstab","Concentrate+1","Deadly Poison+1"],"picked":"SKIP","floor":42.0},{"not_picked":["Setup+1","Blade Dance+1","Deadly Poison+1"],"picked":"SKIP","floor":44.0},{"not_picked":["Sucker Punch+1","Footwork+1"],"picked":"Burst+1","floor":46.0},{"not_picked":["Bane","Deadly Poison+1","Dagger Throw"],"picked":"SKIP","floor":48.0},{"not_picked":["Sucker Punch","Backflip+1","Deflect+1"],"picked":"SKIP","floor":48.0},{"not_picked":["Heel Hook+1","Underhanded Strike+1","Poisoned Stab"],"picked":"SKIP","floor":54.0}],"player_experience":694757,"relics_obtained":[{"floor":6.0,"key":"The Courier"},{"floor":9.0,"key":"Bag of Preparation"},{"floor":10.0,"key":"Meat on the Bone"},{"floor":21.0,"key":"Frozen Egg 2"},{"floor":23.0,"key":"Toy Ornithopter"},{"floor":26.0,"key":"Centennial Puzzle"},{"floor":40.0,"key":"Toxic Egg 2"},{"floor":42.0,"key":"PreservedInsect"},{"floor":43.0,"key":"Oddly Smooth Stone"},{"floor":44.0,"key":"Bottled Tornado"},{"floor":46.0,"key":"TungstenRod"}],"event_choices":[{"cards_removed":["Strike_G"],"damage_healed":0.0,"max_hp_gain":0.0,"max_hp_loss":0.0,"gold_gain":0.0,"event_name":"Purifier","player_choice":"Purged","floor":5.0,"gold_loss":0.0,"damage_taken":0.0},{"cards_removed":["Strike_G"],"damage_healed":0.0,"max_hp_gain":0.0,"max_hp_loss":0.0,"gold_gain":0.0,"event_name":"Designer","player_choice":"Single Remove","floor":19.0,"gold_loss":60.0,"damage_taken":0.0},{"damage_healed":0.0,"max_hp_gain":0.0,"max_hp_loss":0.0,"gold_gain":0.0,"cards_transformed":["Strike_G","Strike_G"],"event_name":"Drug Dealer","player_choice":"Became Test Subject","floor":22.0,"gold_loss":0.0,"damage_taken":0.0,"cards_obtained":["Backflip","Cloak And Dagger"]},{"damage_healed":0.0,"max_hp_gain":0.0,"max_hp_loss":0.0,"gold_gain":250.0,"event_name":"The Joust","player_choice":"Bet on Owner","floor":27.0,"gold_loss":50.0,"damage_taken":0.0},{"damage_healed":0.0,"max_hp_gain":0.0,"max_hp_loss":0.0,"gold_gain":0.0,"event_name":"Winding Halls","player_choice":"Embrace Madness","floor":45.0,"gold_loss":0.0,"damage_taken":9.0,"cards_obtained":["Madness","Madness"]},{"damage_healed":0.0,"max_hp_gain":0.0,"max_hp_loss":0.0,"gold_gain":0.0,"event_name":"Mysterious Sphere","player_choice":"Fight","floor":46.0,"gold_loss":0.0,"damage_taken":0.0}],"is_beta":false,"boss_relics":[{"not_picked":["Fusion Hammer","Runic Dome"],"picked":"Coffee Dripper"},{"not_picked":["Ring of the Serpent","Calling Bell"],"picked":"Runic Pyramid"}],"items_purged_floors":[0,28,37,47],"is_endless":false,"potions_floor_spawned":[2,4,10,12,16,18,23,25,33,35,38,40,41,48],"ascension_level":11}}