{"host":"ixqzyafodex1tsi5","time":1610103485,"event":{"mods":["ATMod(°¢èªMod)","AchievementEnabler","Act Like it!","BaseMod","Gensokyo","GifTheSpireLib","Lobotomy","LobotomyExtend","Luminous","Minty Spire (QoL Compilation)","Relic Stats","Replay The Spire","RumiaBox-Â¶Ã×æ«µÄÉñÃØºÐ×Ó","Shop Mod","Spicy Shops","StSLib","The Cursed","[IsaacMod]ÒÔÈö¼âËþ","¡¾¹¦ÄÜMod¡¿»ìãçÖ®»·ÐÞ¸´²¹¶¡","¡¾ÒÅÎï¿¨ÅÆ¡¿REMEMod"],"gold_per_floor":[113,123,171,171,191,191,204,53,53,63,82,113,125,152,152,248,248,248,2,60,60,159,159,177,190,271,19,79,279,340,446,446,575,575,670,713,857,857,1157,1215,1255,1292,1292,1352,1391,1391,91,128,128,253,253],"floor_reached":52,"playtime":1764,"items_purged":["Regret","BigBird","Strike_R"],"score":1616,"play_id":"4f0f9ab3-8f7a-4944-9e8c-4bb29e220c7e","local_time":"20210108185805","is_ascension_mode":true,"campfire_choices":[{"data":"Luminous:Armageddon_Luminous","floor":15.0,"key":"SMITH"},{"data":"AT_MachinaRedman","floor":23.0,"key":"SMITH"},{"data":"Inflame","floor":32.0,"key":"SMITH"},{"data":"Sword Boomerang","floor":49,"key":"SMITH"}],"circlet_count":0,"master_deck":["Strike_R+1","Strike_R","Strike_R+1","Defend_R","Defend_R","Defend_R","Defend_R","Bash","AT_MachinaRedman+1","Luminous:Armageddon_Luminous+1","MHz","AT_DrawKnifeCut","Offering","REME_ACTH+1","Inflame+1","Infernal Blade+1","Offering+1","RedShoes","Limit Break+1","REME_Scribble+1","BlueStar","AT_ManFootWork+1","REME_Scribble+1","Sword Boomerang+1","Entrench+1","NothingThere"],"relics":["Burning Blood","REME_ComplimentaryCards","HushsDoor","AT_ATBox","BloodDonationMachine","CogitoBucket","RabbitCall","LetterFromLob","Bag of Preparation","DeadEye","Happy Flower","The Courier","HellTrain","Pen Nib","TheBean","Calling Bell","AT_BladeRuinedKing","DoctorsRemote","MoreBug","GuppysTail","GuppysCollar","HonorFeather","AT_SpeedBoots","Sling","Quantum Egg","Toxic Egg 2","SkinProphecy","Durian","MagicDraw2","AT_ImmortalShieldbow","AT_MibuBalloonWealth","ReplayTheSpireMod:TigerMarble","ReplayTheSpireMod:Ninjato","PlanX","Lamp_r","ChangeAnything","REME_LimitBreaker","SlaversCollar","Replay:Rubber Ducky","Replay:WaspNest","Whetstone","ClockworkSouvenir","Bag of Marbles","BelialBook","AT_DeathDance","REME_HandOfSuture","King of Hearts","SatanicBible"],"acts_visited":["Exordium","TheCity","TheBeyond"],"potions_floor_usage":[],"damage_taken":[{"damage":0.0,"enemies":"2 Louse","floor":1.0,"turns":2.0},{"damage":0.0,"enemies":"Cultist","floor":2.0,"turns":2.0},{"damage":12.0,"enemies":"Small Slimes","floor":5.0,"turns":3.0},{"damage":0.0,"enemies":"3 Louse","floor":7.0,"turns":2.0},{"damage":0.0,"enemies":"Blue Slaver","floor":10.0,"turns":2.0},{"damage":7.0,"enemies":"Exordium Thugs","floor":11.0,"turns":4.0},{"damage":20.0,"enemies":"Lagavulin","floor":12.0,"turns":4.0},{"damage":0.0,"enemies":"Large Slime","floor":13.0,"turns":1.0},{"damage":0.0,"enemies":"Gremlin Nob","floor":14.0,"turns":3.0},{"damage":0.0,"enemies":"Slime Boss","floor":16.0,"turns":4.0},{"damage":0.0,"enemies":"Chosen","floor":18.0,"turns":3.0},{"damage":18.0,"enemies":"Chosen","floor":24.0,"turns":2.0},{"damage":6.0,"enemies":"3 Byrds","floor":25.0,"turns":2.0},{"damage":7.0,"enemies":"Book of Stabbing","floor":28.0,"turns":2.0},{"damage":6.0,"enemies":"Colosseum Slavers","floor":29.0,"turns":1.0},{"damage":0.0,"enemies":"Colosseum Nobs","floor":29.0,"turns":2.0},{"damage":0.0,"enemies":"Snake Plant","floor":30.0,"turns":3.0},{"damage":6.0,"enemies":"Gremlin Leader","floor":31.0,"turns":1.0},{"damage":8.0,"enemies":"Automaton","floor":33.0,"turns":1.0},{"damage":24.0,"enemies":"3 Shapes","floor":35.0,"turns":1.0},{"damage":2.0,"enemies":"Orb Walker","floor":36.0,"turns":2.0},{"damage":9.0,"enemies":"3 Darklings","floor":37.0,"turns":1.0},{"damage":3.0,"enemies":"Nemesis","floor":40.0,"turns":1.0},{"damage":6.0,"enemies":"Maw","floor":41.0,"turns":1.0},{"damage":9.0,"enemies":"Writhing Mass","floor":42.0,"turns":1.0},{"damage":9,"enemies":"Giant Head","floor":44,"turns":3},{"damage":17,"enemies":"Spire Growth","floor":45,"turns":2},{"damage":0,"enemies":"Maw","floor":48,"turns":1},{"damage":9,"enemies":"Awakened One","floor":50,"turns":3}],"seed_played":"-5280003009703434335","potions_obtained":[{"floor":2.0,"key":"Milkshake"},{"floor":5.0,"key":"Reflective Coating"},{"floor":10.0,"key":"Fruit Juice"},{"floor":14.0,"key":"Adrenaline Potion"},{"floor":25.0,"key":"Strength Potion"},{"floor":45,"key":"Energy Potion"}],"is_trial":false,"path_per_floor":["M","M","?","?","M","T","M","$","T","M","M","E","M","E","R","B",null,"M","$","?","?","?","R","M","M","T","$","E","?","M","E","R","B",null,"M","M","M","?","?","E","M","M","T","E","M","?","$","M","R","B",null,null],"character_chosen":"IRONCLAD","items_purchased":["Happy Flower","GuppysTail","Damocles","GuppysCollar","AT_SpeedBoots","Sling","AT_ImmortalShieldbow","AT_MibuBalloonWealth","Whetstone","ClockworkSouvenir","Bag of Marbles","BelialBook","AT_DeathDance","REME_HandOfSuture","King of Hearts","SatanicBible"],"campfire_rested":0,"item_purchase_floors":[8,17,17,17,19,19,27,27,47,47,47,47,47,47,47,47],"current_hp_per_floor":[78,80,65,65,59,59,65,65,65,76,75,61,67,73,73,79,52,52,52,39,39,39,52,40,41,41,41,44,48,50,46,71,65,71,49,49,45,61,61,63,68,64,64,63,51,51,51,100,115,117,117],"gold":253,"neow_bonus":"","is_daily":false,"chose_seed":false,"campfire_upgraded":4,"win_rate":0.0,"timestamp":1610103485,"path_taken":["M","M","?","?","?","?","M","$","T","M","M","E","M","E","R","BOSS","M","$","?","?","?","R","M","M","T","$","E","?","M","E","R","BOSS","M","M","?","?","?","E","M","M","T","E","?","?","$","M","R","BOSS"],"items_purchased_type":["Relic","Relic","Relic","Relic","Relic","Relic","Relic","Relic","Relic","Relic","Relic","Relic","Relic","Relic","Relic","Relic"],"build_version":"2020-12-22","purchased_purges":3,"victory":true,"max_hp_per_floor":[80,80,80,80,80,80,80,80,80,85,85,85,85,85,85,85,52,52,52,52,52,52,52,52,59,59,59,61,65,69,71,71,73,73,75,77,82,82,82,87,92,97,97,105,110,110,110,115,115,117,117],"relic_stats":{"Happy Flower":[18],"counters":[32,63],"Pen Nib":[12],"Bag of Preparation":[54],"Whetstone":["Strike_R","Strike_R"],"obtain_stats":[{"Damocles":17,"HonorFeather":18,"AT_ATBox":0,"AT_MibuBalloonWealth":27,"DeadEye":6,"Whetstone":47,"SkinProphecy":24,"Sling":19,"MagicDraw2":26,"SatanicBible":47,"TheBean":14,"Toxic Egg 2":24,"KeepersGift":0,"MoreBug":17,"Happy Flower":8,"BelialBook":47,"Pen Nib":12,"REME_LimitBreaker":31,"SlaversCollar":34,"AT_SpeedBoots":19,"PlanX":29,"ReplayTheSpireMod:TigerMarble":28,"AT_DeathDance":47,"HushsDoor":0,"GuppysCollar":17,"BloodDonationMachine":0,"RabbitCall":0,"GuppysTail":17,"King of Hearts":47,"Bag of Preparation":4,"Burning Blood":0,"Replay:Rubber Ducky":40,"ClockworkSouvenir":47,"Lamp_r":30,"CogitoBucket":0,"DoctorsRemote":17,"ReplayTheSpireMod:Ninjato":29,"Quantum Egg":20,"The Courier":9,"AT_BladeRuinedKing":17,"Replay:WaspNest":44,"Calling Bell":17,"AT_ImmortalShieldbow":27,"REME_HandOfSuture":47,"LetterFromLob":1,"Durian":25,"Bag of Marbles":47,"HellTrain":11,"ChangeAnything":30,"REME_ComplimentaryCards":0},{"Damocles":11,"HonorFeather":12,"AT_ATBox":0,"AT_MibuBalloonWealth":15,"DeadEye":3,"Whetstone":30,"SkinProphecy":14,"Sling":12,"MagicDraw2":15,"SatanicBible":30,"TheBean":10,"Toxic Egg 2":14,"KeepersGift":0,"MoreBug":11,"Happy Flower":4,"BelialBook":30,"Pen Nib":8,"REME_LimitBreaker":21,"SlaversCollar":22,"AT_SpeedBoots":12,"PlanX":18,"ReplayTheSpireMod:TigerMarble":16,"AT_DeathDance":30,"HushsDoor":0,"GuppysCollar":11,"BloodDonationMachine":0,"RabbitCall":0,"GuppysTail":11,"King of Hearts":30,"Bag of Preparation":2,"Burning Blood":0,"Replay:Rubber Ducky":26,"ClockworkSouvenir":30,"Lamp_r":20,"CogitoBucket":0,"DoctorsRemote":11,"ReplayTheSpireMod:Ninjato":18,"Quantum Egg":12,"The Courier":4,"AT_BladeRuinedKing":11,"Replay:WaspNest":29,"Calling Bell":11,"AT_ImmortalShieldbow":15,"REME_HandOfSuture":30,"LetterFromLob":1,"Durian":15,"Bag of Marbles":30,"HellTrain":7,"ChangeAnything":20,"REME_ComplimentaryCards":0},{"Damocles":28,"HonorFeather":31,"AT_ATBox":0,"AT_MibuBalloonWealth":36,"DeadEye":7,"Whetstone":59,"SkinProphecy":34,"Sling":31,"MagicDraw2":36,"SatanicBible":59,"TheBean":24,"Toxic Egg 2":34,"KeepersGift":0,"MoreBug":28,"Happy Flower":9,"BelialBook":59,"Pen Nib":20,"REME_LimitBreaker":46,"SlaversCollar":47,"AT_SpeedBoots":31,"PlanX":41,"ReplayTheSpireMod:TigerMarble":38,"AT_DeathDance":59,"HushsDoor":0,"GuppysCollar":28,"BloodDonationMachine":0,"RabbitCall":0,"GuppysTail":28,"King of Hearts":59,"Bag of Preparation":4,"Burning Blood":0,"Replay:Rubber Ducky":52,"ClockworkSouvenir":59,"Lamp_r":45,"CogitoBucket":0,"DoctorsRemote":28,"ReplayTheSpireMod:Ninjato":41,"Quantum Egg":31,"The Courier":9,"AT_BladeRuinedKing":28,"Replay:WaspNest":57,"Calling Bell":28,"AT_ImmortalShieldbow":36,"REME_HandOfSuture":59,"LetterFromLob":2,"Durian":36,"Bag of Marbles":59,"HellTrain":16,"ChangeAnything":45,"REME_ComplimentaryCards":0}],"Burning Blood":158},"card_choices":[{"not_picked":["ShyLook","WhitesApple","LittlePrince"],"picked":"Singing Bowl","floor":1.0},{"not_picked":["Fire Breathing","Armaments","Evolve"],"picked":"SKIP","floor":1.0},{"not_picked":["WallGazer","SpiderBud","Murderer"],"picked":"Singing Bowl","floor":2.0},{"not_picked":["Sever Soul","Shockwave","Clash"],"picked":"SKIP","floor":2.0},{"not_picked":["OldLady","PunishingBird","CrumblingArmor"],"picked":"Singing Bowl","floor":5.0},{"not_picked":["Juggernaut","Flex","Iron Wave"],"picked":"SKIP","floor":5.0},{"not_picked":["OldLady","FairyFestival","SingingMachine"],"picked":"Singing Bowl","floor":7.0},{"not_picked":["Sword Boomerang","Thunderclap","True Grit"],"picked":"SKIP","floor":7.0},{"not_picked":["Scarecrow","DreamingCurrent","OSAHOGD"],"picked":"Singing Bowl","floor":10.0},{"not_picked":["Flame Barrier","Demon Form","ReplayTheSpireMod:Strike From Hell"],"picked":"SKIP","floor":10.0},{"not_picked":["FairyFestival","ShyLook"],"picked":"MHz","floor":11.0},{"not_picked":["AT_IchimonjiDouble","Carnage"],"picked":"AT_DrawKnifeCut","floor":11.0},{"not_picked":["UniverseFragment","BeautyBeast","NakedNest"],"picked":"Singing Bowl","floor":12.0},{"not_picked":["AT_IchimonjiDouble","Warcry","Cleave"],"picked":"SKIP","floor":12.0},{"not_picked":["LongBird","BigBadWolf","Mercenary"],"picked":"Singing Bowl","floor":13.0},{"not_picked":["Replay:Undeath\u0027s Touch","Carnage","Reckless Charge"],"picked":"SKIP","floor":13.0},{"not_picked":["MeatLantern","FairyFestival","BeautyBeast"],"picked":"Singing Bowl","floor":14.0},{"not_picked":["Pommel Strike","Bludgeon"],"picked":"Bomb","floor":14.0},{"not_picked":["SpiderBud","Mercenary","UniverseFragment"],"picked":"Singing Bowl","floor":16.0},{"not_picked":["Replay:Many Hands","Juggernaut"],"picked":"Fiend Fire","floor":16.0},{"not_picked":["SilentOrchestra","SpiderBud","QueenBee"],"picked":"Singing Bowl","floor":24.0},{"not_picked":["Second Wind+1","Wild Strike+1"],"picked":"REME_ACTH+1","floor":24.0},{"not_picked":["SpiderBud","Bloodbath","Porccubus"],"picked":"Singing Bowl","floor":25.0},{"not_picked":["ReplayTheSpireMod:Strike From Hell","Shrug It Off+1"],"picked":"Inflame","floor":25.0},{"not_picked":["SilentOrchestra","Woodsman"],"picked":"BigBird","floor":28.0},{"not_picked":["Warcry+1","AT_IchimonjiDouble","Fire Breathing"],"picked":"SKIP","floor":28.0},{"not_picked":["Wellcheers","CENSORED","HeroicMonk"],"picked":"Singing Bowl","floor":29.0},{"not_picked":["SpiderBud","Scarecrow","BlackSwan"],"picked":"Singing Bowl","floor":30.0},{"not_picked":["Wild Strike","Anger"],"picked":"Infernal Blade+1","floor":30.0},{"not_picked":["CrumblingArmor","Bloodbath","BlackArmy"],"picked":"Singing Bowl","floor":31.0},{"not_picked":["Heavy Blade","Battle Trance+1"],"picked":"Offering+1","floor":31.0},{"not_picked":["MeatLantern","GalaxyChild"],"picked":"RedShoes","floor":33.0},{"not_picked":["Impervious+1","Demonic Infusion+1"],"picked":"Limit Break+1","floor":33.0},{"not_picked":["LongBird","WallGazer","QueenOfHatred"],"picked":"Singing Bowl","floor":35.0},{"not_picked":["Warcry+1","Body Slam+1"],"picked":"REME_Scribble+1","floor":35.0},{"not_picked":["OldLady","CENSORED","LaLuna"],"picked":"Singing Bowl","floor":36.0},{"not_picked":["Evolve","Body Slam+1","Dual Wield+1"],"picked":"SKIP","floor":36.0},{"not_picked":["ShyLook","BeautyBeast"],"picked":"BlueStar","floor":37.0},{"not_picked":["ReplayTheSpireMod:Stacked+1","Pommel Strike"],"picked":"AT_ManFootWork+1","floor":37.0},{"not_picked":["HappyTeddy","Yin","OldLady"],"picked":"Singing Bowl","floor":40.0},{"not_picked":["Fire Breathing+1","Exhume+1","Body Slam+1"],"picked":"SKIP","floor":40.0},{"not_picked":["Laetitia","Woodsman","Alriune"],"picked":"Singing Bowl","floor":41.0},{"not_picked":["Carnage","Body Slam"],"picked":"REME_Scribble+1","floor":41.0},{"not_picked":["PunishingBird","CrumblingArmor","SnowQueen"],"picked":"Singing Bowl","floor":42.0},{"not_picked":["Cleave","Flex+1","Sword Boomerang"],"picked":"SKIP","floor":42.0},{"not_picked":["Cleave","Flex+1"],"picked":"Sword Boomerang","floor":42.0},{"not_picked":["GalaxyChild","QueenBee","HappyTeddy"],"picked":"Singing Bowl","floor":44},{"not_picked":["Searing Blow","Intimidate+1"],"picked":"Entrench+1","floor":44},{"not_picked":["OldLady","WhitesApple","LittleHelper"],"picked":"Singing Bowl","floor":45},{"not_picked":["CENSORED","SnowQueen"],"picked":"NothingThere","floor":45},{"not_picked":["AT_IchimonjiDouble+1","AT_DrawKnifeCut+1","Havoc+1"],"picked":"SKIP","floor":45},{"not_picked":["MeltingLove","NakedNest","Yin"],"picked":"Singing Bowl","floor":48},{"not_picked":["Clash","Shrug It Off+1","AT_GerminateFire+1"],"picked":"SKIP","floor":48}],"player_experience":245859,"relics_obtained":[{"floor":1.0,"key":"LetterFromLob"},{"floor":6.0,"key":"DeadEye"},{"floor":9.0,"key":"The Courier"},{"floor":12.0,"key":"Pen Nib"},{"floor":14.0,"key":"TheBean"},{"floor":17.0,"key":"AT_BladeRuinedKing"},{"floor":17.0,"key":"DoctorsRemote"},{"floor":17.0,"key":"MoreBug"},{"floor":20.0,"key":"Quantum Egg"},{"floor":24.0,"key":"Toxic Egg 2"},{"floor":25.0,"key":"Durian"},{"floor":26.0,"key":"MagicDraw2"},{"floor":28.0,"key":"ReplayTheSpireMod:TigerMarble"},{"floor":29.0,"key":"ReplayTheSpireMod:Ninjato"},{"floor":29.0,"key":"PlanX"},{"floor":31.0,"key":"REME_LimitBreaker"},{"floor":40.0,"key":"Replay:Rubber Ducky"},{"floor":44,"key":"Replay:WaspNest"}],"event_choices":[{"damage_healed":0.0,"max_hp_gain":0.0,"max_hp_loss":0.0,"gold_gain":0.0,"event_name":"Big Fish","player_choice":"Box","floor":4.0,"gold_loss":0.0,"damage_taken":0.0,"relics_obtained":["Bag of Preparation"],"cards_obtained":["Regret"]},{"damage_healed":0.0,"max_hp_gain":0.0,"max_hp_loss":0.0,"gold_gain":0.0,"event_name":"The Library","player_choice":"Read","floor":21.0,"gold_loss":0.0,"damage_taken":0.0,"cards_obtained":["Offering"]},{"damage_healed":0.0,"max_hp_gain":0.0,"max_hp_loss":0.0,"gold_gain":99.0,"event_name":"Nest","player_choice":"Stole From Cult","floor":22.0,"gold_loss":0.0,"damage_taken":0.0},{"damage_healed":0.0,"max_hp_gain":0.0,"max_hp_loss":0.0,"gold_gain":0.0,"event_name":"Colosseum","player_choice":"Fight","floor":29.0,"gold_loss":0.0,"damage_taken":0.0},{"damage_healed":0.0,"max_hp_gain":0.0,"max_hp_loss":0.0,"gold_gain":0.0,"event_name":"Colosseum","player_choice":"Fought Nobs","floor":29.0,"gold_loss":0.0,"damage_taken":0.0},{"damage_healed":0,"gold_gain":0,"player_choice":"Bought 0 Potions","damage_taken":0,"max_hp_gain":0,"max_hp_loss":0,"event_name":"The Woman in Blue","floor":46,"gold_loss":0}],"is_beta":false,"boss_relics":[{"not_picked":["ReplayTheSpireMod:DimensionalGlitch","MagicMushroom"],"picked":"Calling Bell"},{"not_picked":[]},{"not_picked":["SacredBark","Replay:Bronze Core"],"picked":"SlaversCollar"},{"not_picked":[]}],"items_purged_floors":[8,47,47],"is_endless":false,"potions_floor_spawned":[2,5,10,14,16,25,28,29,31,37,41,42,45],"ascension_level":6}}