{"host":"wxm9nhpxzwflah6x","time":1610148633,"event":{"mods":["2.2 Compatiblity","AchievementEnabler","BaseMod","Bestiary","Better Third Choice","Curses Come First","Minty Spire (QoL Compilation)","Quick Restart","Rare Cards Sparkle","StSLib"],"gold_per_floor":[118,118,193,260,270,270,301,333,371,395,407,434,464,492,504,619,631,662,690,720,732,744,756,768,768],"floor_reached":24,"playtime":2954,"items_purged":[],"score":236,"play_id":"fad8a65e-9ff8-4699-aefa-e09dc3bff5c9","local_time":"20210108153033","is_ascension_mode":true,"campfire_choices":[{"data":"BattleHymn","floor":6,"key":"SMITH"},{"floor":11,"key":"REST"},{"data":"Vault","floor":15,"key":"SMITH"},{"floor":23,"key":"REST"}],"circlet_count":0,"master_deck":["Strike_P","Strike_P","Defend_P","Defend_P","Defend_P","Eruption","Vigilance","SignatureMove","BattleHymn+1","DevaForm","Crescendo","TalkToTheHand","Sanctity","FlurryOfBlows","Vault+1","Devotion","FollowUp+1","FollowUp+1","ForeignInfluence+1","Swivel","WheelKick","ForeignInfluence+1"],"relics":["PureWater","NeowsBlessing","MawBank","Orichalcum","Astrolabe"],"acts_visited":["Exordium","TheCity"],"potions_floor_usage":[8,16,19,19],"damage_taken":[{"damage":0,"enemies":"Jaw Worm","floor":1,"turns":1},{"damage":0,"enemies":"Small Slimes","floor":5,"turns":1},{"damage":0,"enemies":"Lagavulin","floor":7,"turns":2},{"damage":0,"enemies":"2 Louse","floor":8,"turns":3},{"damage":18,"enemies":"Exordium Wildlife","floor":10,"turns":5},{"damage":0,"enemies":"Large Slime","floor":12,"turns":3},{"damage":2,"enemies":"2 Fungi Beasts","floor":13,"turns":4},{"damage":4,"enemies":"Looter","floor":14,"turns":2},{"damage":28,"enemies":"The Guardian","floor":16,"turns":9},{"damage":5,"enemies":"Chosen","floor":18,"turns":3},{"damage":0,"enemies":"3 Byrds","floor":19,"turns":4},{"damage":32,"enemies":"Snake Plant","floor":20,"turns":4},{"damage":55,"enemies":"Gremlin Leader","floor":24,"turns":4}],"seed_played":"-1354481225228725549","potions_obtained":[{"floor":7,"key":"Energy Potion"},{"floor":10,"key":"Ancient Potion"},{"floor":13,"key":"GamblersBrew"},{"floor":14,"key":"Strength Potion"},{"floor":18,"key":"Explosive Potion"}],"is_trial":false,"path_per_floor":["M","?","?","?","M","R","E","M","T","M","R","M","M","M","R","B",null,"M","M","M","?","$","R","E"],"character_chosen":"WATCHER","items_purchased":[],"campfire_rested":2,"item_purchase_floors":[],"current_hp_per_floor":[72,77,66,66,66,66,66,66,66,48,71,71,69,65,65,37,77,72,72,40,40,40,63,8,8],"gold":768,"neow_bonus":"THREE_ENEMY_KILL","is_daily":false,"chose_seed":false,"campfire_upgraded":2,"win_rate":0.0,"timestamp":1610148633,"path_taken":["M","?","?","?","M","R","E","M","T","M","R","?","M","M","R","BOSS","M","M","M","?","$","R","E"],"items_purchased_type":[],"build_version":"2020-12-22","purchased_purges":0,"victory":false,"max_hp_per_floor":[72,77,77,77,77,77,77,77,77,77,77,77,77,77,77,77,77,77,77,77,77,77,77,77,77],"card_choices":[{"not_picked":["Protect","EmptyFist"],"picked":"SignatureMove","floor":1},{"not_picked":["JustLucky","BowlingBash"],"picked":"BattleHymn","floor":5},{"not_picked":["WindmillStrike","Wireheading"],"picked":"DevaForm","floor":7},{"not_picked":["FlyingSleeves","CrushJoints"],"picked":"Crescendo","floor":8},{"not_picked":["Prostrate","PathToVictory"],"picked":"TalkToTheHand","floor":10},{"not_picked":["Halt","Prostrate"],"picked":"Sanctity","floor":12},{"not_picked":["CutThroughFate","CrushJoints"],"picked":"FlurryOfBlows","floor":13},{"not_picked":["InnerPeace","CutThroughFate"],"picked":"Vault","floor":14},{"not_picked":["ConjureBlade","Vault"],"picked":"Devotion","floor":16},{"not_picked":["FearNoEvil","CutThroughFate"],"picked":"Swivel","floor":18},{"not_picked":["Prostrate","PathToVictory"],"picked":"WheelKick","floor":19},{"not_picked":["Meditate+1","SandsOfTime"],"picked":"ForeignInfluence+1","floor":20}],"player_experience":225241,"relics_obtained":[{"floor":7,"key":"MawBank"},{"floor":9,"key":"Orichalcum"}],"event_choices":[{"damage_healed":0,"gold_gain":0,"player_choice":"Donut","damage_taken":0,"max_hp_gain":5,"max_hp_loss":0,"event_name":"Big Fish","floor":2,"gold_loss":0},{"damage_healed":0,"gold_gain":75,"player_choice":"Gold","damage_taken":11,"max_hp_gain":0,"max_hp_loss":0,"event_name":"betterThird:BetterGoop","floor":3,"gold_loss":0},{"damage_healed":0,"gold_gain":67,"player_choice":"Gained Gold","damage_taken":0,"max_hp_gain":0,"max_hp_loss":0,"event_name":"Golden Wing","floor":4,"gold_loss":0},{"damage_healed":0,"gold_gain":0,"player_choice":"Ignored","damage_taken":0,"max_hp_gain":0,"max_hp_loss":0,"event_name":"Vampires","floor":21,"gold_loss":0}],"is_beta":false,"boss_relics":[{"not_picked":["Tiny House","SlaversCollar"],"picked":"Astrolabe"}],"items_purged_floors":[],"is_endless":false,"potions_floor_spawned":[7,10,13,14,18],"killed_by":"Gremlin Leader","ascension_level":1}}