{"host":"kohf7n3ssja803w1","time":1610103083,"event":{"mods":["BaseMod","CapriCore","Friendly Minions","Marisa£¨Ùöéë¡¡Øª×âÞÞ£©","Minty Spire (QoL Compilation)","Prisma Mod","Replay The Spire","StSLib","Td1madao Mod","The Gatherer","The Immortal","The Jungle","The Runesmith","WarShipGirlsR/??á´Ò³R mod"],"gold_per_floor":[111,111,111,131,131,163,163,180,228,240,240,13,42,54,54,153,203,217,217,217,217],"floor_reached":20,"playtime":2813,"items_purged":["Pain"],"score":228,"play_id":"1adbe7ae-c760-4359-bf6b-80b230f670f0","local_time":"20210108195123","is_ascension_mode":true,"campfire_choices":[{"data":"Reaper","floor":7,"key":"SMITH"},{"floor":11,"key":"RECALL"},{"floor":15,"key":"DIG"}],"circlet_count":0,"master_deck":["Strike_R","Strike_R","Strike_R","Strike_R","Strike_R","Defend_R","Defend_R","Defend_R","Defend_R","Bash","ReplayTheSpireMod:Limb From Limb","Iron Wave","Warcry","Reaper+1","Metallicize+1","Pummel","Disarm","Infernal Blade","Feed","Juggernaut","Flame Barrier","ReplayReversal"],"relics":["Burning Blood","NeowsBlessing","WarpedTongs","Runesmith:AutoHammer","Art of War","Unceasing Top","Durian","Tiny House","Enchiridion"],"acts_visited":["Exordium","TheCity"],"potions_floor_usage":[10,13,20,20],"damage_taken":[{"damage":0,"enemies":"Cultist","floor":1,"turns":1},{"damage":1,"enemies":"Small Slimes","floor":4,"turns":2},{"damage":1,"enemies":"Replay:BlueRogue","floor":6,"turns":1},{"damage":8,"enemies":"Jaw Worm","floor":8,"turns":4},{"damage":4,"enemies":"Large Slime","floor":10,"turns":4},{"damage":21,"enemies":"Gremlin Nob","floor":13,"turns":5},{"damage":11,"enemies":"Exordium Wildlife","floor":14,"turns":4},{"damage":22,"enemies":"Slime Boss","floor":16,"turns":8},{"damage":56,"enemies":"Spheric Guardian","floor":18,"turns":6},{"damage":34,"enemies":"Masked Bandits","floor":20,"turns":3}],"seed_played":"6877905320529453651","potions_obtained":[{"floor":1,"key":"Block Potion"},{"floor":6,"key":"Fire Potion"},{"floor":8,"key":"AttackPotion"},{"floor":17,"key":"LiquidBronze"}],"is_trial":false,"path_per_floor":["M","$","?","M","?","E","R","M","T","M","R","$","E","M","R","B",null,"M","?","?"],"character_chosen":"IRONCLAD","items_purchased":["Art of War"],"campfire_rested":0,"item_purchase_floors":[12],"current_hp_per_floor":[80,80,80,80,80,80,80,78,78,80,80,80,66,71,76,64,94,44,28,0,0],"gold":217,"neow_bonus":"THREE_ENEMY_KILL","is_daily":false,"chose_seed":false,"campfire_upgraded":1,"win_rate":0.0,"timestamp":1610103083,"path_taken":["M","$","?","?","?","E","R","M","T","M","R","$","E","?","R","BOSS","M","?","?"],"items_purchased_type":["Relic"],"build_version":"2020-12-22","purchased_purges":1,"victory":false,"max_hp_per_floor":[80,80,80,80,80,80,80,80,80,80,80,80,80,80,85,89,94,94,94,94,94],"card_choices":[{"not_picked":["Shrug It Off","Headbutt"],"picked":"ReplayTheSpireMod:Limb From Limb","floor":1},{"not_picked":["Heavy Blade","Pommel Strike"],"picked":"Iron Wave","floor":4},{"not_picked":["Cleave","Fire Breathing"],"picked":"Metallicize","floor":6},{"not_picked":["True Grit","Reckless Charge"],"picked":"Pummel","floor":8},{"not_picked":["Ghostly Armor","Wild Strike"],"picked":"Disarm","floor":10},{"not_picked":["Cleave","ReplayReversal"],"picked":"Infernal Blade","floor":13},{"not_picked":["Wild Strike","Flex"],"picked":"Feed","floor":14},{"not_picked":["Feed","Bludgeon"],"picked":"Juggernaut","floor":16},{"not_picked":["Clash","Perfected Strike"],"picked":"Flame Barrier","floor":17},{"not_picked":["Flex","Twin Strike"],"picked":"ReplayReversal","floor":18}],"player_experience":414682,"relics_obtained":[{"floor":6,"key":"Runesmith:AutoHammer"},{"floor":13,"key":"Unceasing Top"},{"floor":15,"key":"Durian"},{"floor":19,"key":"Enchiridion"}],"event_choices":[{"damage_healed":0,"gold_gain":0,"player_choice":"Rummage","damage_taken":0,"relics_obtained":["WarpedTongs"],"max_hp_gain":0,"max_hp_loss":0,"event_name":"Accursed Blacksmith","floor":3,"gold_loss":0,"cards_obtained":["Pain"]},{"damage_healed":0,"gold_gain":0,"player_choice":"2 cards matched","damage_taken":0,"max_hp_gain":0,"max_hp_loss":0,"event_name":"Match and Keep!","floor":5,"gold_loss":0,"cards_obtained":["Warcry","Reaper"]},{"damage_healed":0,"gold_gain":0,"player_choice":"Obtained Book","damage_taken":16,"max_hp_gain":0,"max_hp_loss":0,"event_name":"Cursed Tome","floor":19,"gold_loss":0},{"damage_healed":0,"gold_gain":0,"player_choice":"Fought Bandits","damage_taken":0,"max_hp_gain":0,"max_hp_loss":0,"event_name":"Masked Bandits","floor":20,"gold_loss":0}],"is_beta":false,"boss_relics":[{"not_picked":["Ectoplasm","Cursed Key"],"picked":"Tiny House"}],"items_purged_floors":[12],"is_endless":false,"potions_floor_spawned":[1,6,8],"killed_by":"Masked Bandits","ascension_level":2}}