{"host":"wlby5h16dhl6c8vf","time":1610136059,"event":{"mods":["AchievementEnabler","Act Like it!","Astrologer","BaseMod","Bestiary","BetterRewards","Card Forge","Chen","Custom Start","DeckTracker","Downfall","Duelist Mod","Evolution","Friendly Minions","Hermit","Hubris","Koishi","Marisa????????","Minty Spire (QoL Compilation)","Prisma Mod","Quick Restart","Relic Stats","Remilia??????","Replay The Spire","Robot Space Explorer","SOS???????","Shop Mod","StSLib","SuperFastMode","The Administrix","The Animator","The Construct","The Exalted","The IronCluck","The Marked","The Necromancer","The Problem Sleuth","The Servant 0.9.4","The Wild Card"],"gold_per_floor":[136,146,158,2375,2392,2422,2440,2452,2475,2508,2519,2519,1901,1928,1928,2026,2026,2038,1345,1345,1361,857,878,173,173,222,222,222,253,253,286,286,383,383,398,7,25,25,49,78,90,124,136,187,218,230,278,348,360,376,388,400,166,196,202],"floor_reached":56,"playtime":6676,"items_purged":[],"score":1579,"play_id":"d0e892e2-1e1e-48c9-82ff-eea0c2647d5b","local_time":"20210108210059","is_ascension_mode":true,"campfire_choices":[{"floor":12,"key":"RECALL"},{"floor":15,"key":"REST"},{"floor":25,"key":"REST"},{"floor":28,"key":"REST"},{"floor":32,"key":"REST"},{"floor":49,"key":"REST"},{"floor":52,"key":"REST"}],"circlet_count":0,"master_deck":["theDuelist:BeaverWarrior+1","theDuelist:BeaverWarrior+1","theDuelist:GiantSoldier+1","theDuelist:GiantSoldier+1","theDuelist:ScrapFactory+1","theDuelist:HappyLover+1","theDuelist:MillenniumShield+1","theDuelist:RainbowNeos+1","theDuelist:FluteKuriboh+1","theDuelist:SwordsConcealing+1","theDuelist:OnslaughtFireKings+1","theDuelist:EarthEffigy+1","theDuelist:OnslaughtFireKings+1","theDuelist:ScrapFactory+1","Pot Of Greed+1","Pot Of Greed+1","Pot Of Greed+1","theDuelist:MillenniumShield+1","theDuelist:FrontierWiseman+1","theDuelist:SwordsConcealing+1","theDuelist:HappyLover+1","theDuelist:DarkFactory+1"],"relics":["theDuelist:MillenniumPuzzle","theDuelist:CardPoolRelic","theDuelist:CardPoolBasicRelic","theDuelist:BoosterPackPoolRelic","theDuelist:CardPoolAddRelic","theDuelist:CardPoolMinusRelic","theDuelist:CardPoolSaveRelic","theDuelist:CardPoolOptionsRelic","Hammer of Thor","Seething Fire","Anvil of the Gods","EVO:Axolotl","theDuelist:BoosterBetterBoostersRelic","MerchantsRug","hubris:BundleOfHerbs","Bromod:ArcaneNullifier","Self Forming Clay","Melange","Blood Vial","Juzu Bracelet","construct:ClawGrip","Toxic Egg 2","theDuelist:DuelistOrichalcum","theDuelist:CardRewardRelicF","Replay:Bandana","Singing Bowl","Mercury Hourglass","Tiny Chest","Medical Kit","Grinning Jar","Solar Panel","MealTicket","Pantograph","Kunai","HandDrill","MawBank","hubris:CrystalStatue","Replay:Mystery Machine","War Paint","theDuelist:ResummonBranch","Quantum Egg","ReplayTheSpireMod:Ninjato"],"acts_visited":["Exordium","TheCity","TheBeyond","TheEnding"],"potions_floor_usage":[16,55,55,55],"damage_taken":[{"damage":0,"enemies":"Cultist","floor":1,"turns":3},{"damage":0,"enemies":"Small Slimes","floor":2,"turns":2},{"damage":0,"enemies":"2 Louse","floor":3,"turns":3},{"damage":0,"enemies":"Looter","floor":5,"turns":3},{"damage":0,"enemies":"Lagavulin","floor":6,"turns":7},{"damage":0,"enemies":"Large Slime","floor":7,"turns":4},{"damage":4,"enemies":"Blue Slaver","floor":8,"turns":2},{"damage":0,"enemies":"Replay:BlueRogue","floor":10,"turns":4},{"damage":0,"enemies":"Red Slaver","floor":11,"turns":3},{"damage":28,"enemies":"Gremlin Nob","floor":14,"turns":5},{"damage":0,"enemies":"Slime Boss","floor":16,"turns":8},{"damage":9,"enemies":"2 Thieves","floor":18,"turns":4},{"damage":0,"enemies":"3 Byrds","floor":21,"turns":2},{"damage":0,"enemies":"Shelled Parasite and Fungi","floor":23,"turns":3},{"damage":0,"enemies":"theDuelist:KaibaA2","floor":29,"turns":4},{"damage":16,"enemies":"Book of Stabbing","floor":31,"turns":7},{"damage":4,"enemies":"Automaton","floor":33,"turns":6},{"damage":0,"enemies":"3 Shapes","floor":35,"turns":1},{"damage":0,"enemies":"3 Darklings","floor":37,"turns":4},{"damage":0,"enemies":"Maw","floor":39,"turns":6},{"damage":4,"enemies":"Reptomancer","floor":40,"turns":4},{"damage":0,"enemies":"Transient","floor":42,"turns":5},{"damage":3,"enemies":"Nemesis","floor":44,"turns":9},{"damage":0,"enemies":"Spire Growth","floor":45,"turns":4},{"damage":7,"enemies":"Reptomancer","floor":47,"turns":6},{"damage":2,"enemies":"2 Orb Walkers","floor":48,"turns":3},{"damage":0,"enemies":"Donu and Deca","floor":50,"turns":6},{"damage":19,"enemies":"Shield and Spear","floor":54,"turns":6},{"damage":43,"enemies":"The Heart","floor":55,"turns":9}],"seed_played":"7724028988279053855","potions_obtained":[{"floor":1,"key":"SpeedPotion"},{"floor":2,"key":"theDuelist:WhiteBottle"},{"floor":16,"key":"Ancient Potion"},{"floor":44,"key":"champ:CounterPotion"}],"is_trial":false,"path_per_floor":["M","M","M","$","M","E","M","M","T","E","M","R","$","E","R","B",null,"M","$","?","M","$","M","$","R","T","?","R","E","?","E","R","B",null,"M","$","M","?","M","E","T","M","T","E","M","$","E","?","R","B",null,"R","$","E","B",null],"character_chosen":"THE_DUELIST","items_purchased":["theDuelist:MillenniumShield","theDuelist:SpellShatteringArrow","theDuelist:BoosterBetterBoostersRelic","theDuelist:Electrowhip","MerchantsRug","theDuelist:BottledKuriboh","Self Forming Clay","Melange","Blood Vial","theDuelist:MiraculousDescent","Toxic Egg 2","theDuelist:DuelistOrichalcum","theDuelist:CardRewardRelicF","theDuelist:OnslaughtFireKings+1","Replay:Bandana","Singing Bowl","theDuelist:Electrowhip","theDuelist:OnslaughtFireKings+1","Mercury Hourglass","Tiny Chest","Medical Kit","theDuelist:AfterGenocide+1","Replay:SS_forest_5+1","Kunai","HandDrill","Quantum Egg"],"campfire_rested":6,"item_purchase_floors":[4,4,4,4,4,4,13,13,13,13,19,19,19,19,22,22,22,22,24,24,24,24,24,36,36,53],"current_hp_per_floor":[80,80,80,80,80,80,80,76,76,76,76,76,76,50,74,76,80,71,71,71,73,73,75,75,80,80,80,80,82,82,68,84,80,84,86,86,88,94,94,90,90,94,94,93,97,98,91,93,100,100,100,100,100,83,61],"gold":202,"neow_bonus":"","is_daily":false,"chose_seed":false,"campfire_upgraded":0,"win_rate":0.0,"timestamp":1610136059,"path_taken":["M","M","M","$","M","E","M","M","T","E","?","R","?","E","R","BOSS","M","$","?","M","$","M","$","R","T","?","R","E","?","E","R","BOSS","M","$","M","?","M","E","?","M","T","E","M","?","E","?","R","BOSS","R","$","E","BOSS"],"items_purchased_type":["Card","Card","Relic","Card","Relic","Potion","Relic","Relic","Relic","Card","Relic","Relic","Relic","Card","Relic","Relic","Card","Card","Relic","Relic","Relic","Card","Card","Relic","Relic","Relic"],"build_version":"2020-12-22","purchased_purges":0,"victory":true,"max_hp_per_floor":[80,80,80,80,80,80,80,80,80,80,80,80,80,80,80,80,80,80,80,80,80,80,80,80,80,80,80,80,82,82,84,84,84,84,86,86,88,94,94,94,94,96,96,96,98,98,98,100,100,100,100,100,100,102,102],"relic_stats":{"Singing Bowl":16,"counters":[30,136],"Self Forming Clay":[51],"Melange":[69],"Juzu Bracelet":0,"War Paint":[],"Medical Kit":[16],"MawBank":156,"Mercury Hourglass":[298],"Blood Vial":16,"Pantograph":19,"Tiny Chest":1,"MealTicket":1,"HandDrill":[14],"Kunai":[59],"obtain_stats":[{"Solar Panel":29,"theDuelist:DuelistOrichalcum":19,"hubris:CrystalStatue":41,"Bromod:ArcaneNullifier":10,"Singing Bowl":22,"theDuelist:CardRewardRelicF":19,"Melange":13,"Hammer of Thor":0,"Juzu Bracelet":14,"EVO:Axolotl":0,"theDuelist:MillenniumPuzzle":0,"Replay:Mystery Machine":44,"theDuelist:BoosterBetterBoostersRelic":4,"Blood Vial":13,"theDuelist:BoosterPackPoolRelic":0,"Replay:Bandana":22,"Pantograph":31,"Tiny Chest":24,"MealTicket":30,"theDuelist:CardPoolAddRelic":0,"theDuelist:CardPoolOptionsRelic":0,"HandDrill":36,"Kunai":36,"Toxic Egg 2":19,"theDuelist:CardPoolRelic":0,"MerchantsRug":4,"construct:ClawGrip":17,"theDuelist:ResummonBranch":48,"ReplayTheSpireMod:Ninjato":54,"Self Forming Clay":13,"Quantum Egg":53,"Oddly Smooth Stone":2,"theDuelist:CardPoolSaveRelic":0,"Seething Fire":0,"War Paint":47,"Medical Kit":24,"MawBank":40,"Mercury Hourglass":24,"theDuelist:CardPoolMinusRelic":0,"Anvil of the Gods":0,"theDuelist:CardPoolBasicRelic":0,"hubris:BundleOfHerbs":6,"Grinning Jar":26},{"Solar Panel":16,"theDuelist:DuelistOrichalcum":13,"hubris:CrystalStatue":22,"Bromod:ArcaneNullifier":9,"Singing Bowl":14,"theDuelist:CardRewardRelicF":13,"Melange":10,"Hammer of Thor":0,"Juzu Bracelet":11,"EVO:Axolotl":0,"theDuelist:MillenniumPuzzle":0,"Replay:Mystery Machine":24,"theDuelist:BoosterBetterBoostersRelic":4,"Blood Vial":10,"theDuelist:BoosterPackPoolRelic":0,"Replay:Bandana":14,"Pantograph":17,"Tiny Chest":15,"MealTicket":16,"theDuelist:CardPoolAddRelic":0,"theDuelist:CardPoolOptionsRelic":0,"HandDrill":19,"Kunai":19,"Toxic Egg 2":13,"theDuelist:CardPoolRelic":0,"MerchantsRug":4,"construct:ClawGrip":12,"theDuelist:ResummonBranch":27,"ReplayTheSpireMod:Ninjato":29,"Self Forming Clay":10,"Quantum Egg":28,"Oddly Smooth Stone":1,"theDuelist:CardPoolSaveRelic":0,"Seething Fire":0,"War Paint":26,"Medical Kit":15,"MawBank":22,"Mercury Hourglass":15,"theDuelist:CardPoolMinusRelic":0,"Anvil of the Gods":0,"theDuelist:CardPoolBasicRelic":0,"hubris:BundleOfHerbs":6,"Grinning Jar":15},{"Solar Panel":60,"theDuelist:DuelistOrichalcum":51,"hubris:CrystalStatue":88,"Bromod:ArcaneNullifier":31,"Singing Bowl":53,"theDuelist:CardRewardRelicF":51,"Melange":34,"Hammer of Thor":0,"Juzu Bracelet":39,"EVO:Axolotl":0,"theDuelist:MillenniumPuzzle":0,"Replay:Mystery Machine":102,"theDuelist:BoosterBetterBoostersRelic":11,"Blood Vial":34,"theDuelist:BoosterPackPoolRelic":0,"Replay:Bandana":53,"Pantograph":67,"Tiny Chest":56,"MealTicket":60,"theDuelist:CardPoolAddRelic":0,"theDuelist:CardPoolOptionsRelic":0,"HandDrill":74,"Kunai":74,"Toxic Egg 2":51,"theDuelist:CardPoolRelic":0,"MerchantsRug":11,"construct:ClawGrip":47,"theDuelist:ResummonBranch":115,"ReplayTheSpireMod:Ninjato":127,"Self Forming Clay":34,"Quantum Egg":121,"Oddly Smooth Stone":3,"theDuelist:CardPoolSaveRelic":0,"Seething Fire":0,"War Paint":112,"Medical Kit":56,"MawBank":88,"Mercury Hourglass":56,"theDuelist:CardPoolMinusRelic":0,"Anvil of the Gods":0,"theDuelist:CardPoolBasicRelic":0,"hubris:BundleOfHerbs":21,"Grinning Jar":56}]},"card_choices":[{"not_picked":["theDuelist:BattleguardKing","theDuelist:GiantTrapHole","theDuelist:GemElephant","theDuelist:FutureFusion"],"picked":"theDuelist:Wiretap","floor":1},{"not_picked":["theDuelist:BerserkerCrush","theDuelist:WhiteNinja","theDuelist:WhiteMagicalHat","theDuelist:PsychicShockwave"],"picked":"theDuelist:HappyLover","floor":2},{"not_picked":["theDuelist:FrontierWiseman","theDuelist:BlackPendant","theDuelist:PreventRat","theDuelist:BattleOx"],"picked":"theDuelist:Tuningware","floor":3},{"not_picked":["theDuelist:RainbowNeos","theDuelist:Hinotama","theDuelist:DoubleTool","theDuelist:BigFire"],"picked":"theDuelist:CombinationAttack","floor":5},{"not_picked":["theDuelist:CoreBlaster","theDuelist:WormApocalypse","theDuelist:DarkBurningAttack","theDuelist:Invigoration"],"picked":"theDuelist:RainbowNeos","floor":6},{"not_picked":["theDuelist:DoubleTool","theDuelist:RainbowNeos","theDuelist:SilentDoom","theDuelist:InfernoFireBlast"],"picked":"theDuelist:PsychicShockwave","floor":7},{"not_picked":["theDuelist:WhiteHowling+1","theDuelist:GravityAxe+1","theDuelist:YamiForm+1","theDuelist:GridRod+1"],"picked":"theDuelist:ElectromagneticShield+1","floor":8},{"not_picked":["theDuelist:RainbowNeos","theDuelist:HappyLover","theDuelist:Eva","theDuelist:Blockman"],"picked":"theDuelist:KamionTimelord","floor":10},{"not_picked":["theDuelist:SpellShatteringArrow","theDuelist:Downbeat","theDuelist:Eva","theDuelist:EgoBoost","theDuelist:BattleFootballer"],"picked":"SKIP","floor":11},{"not_picked":["theDuelist:DoubleTool","theDuelist:WormApocalypse","theDuelist:WhiteMagicalHat","theDuelist:WhiteNinja"],"picked":"theDuelist:SilverApples","floor":14},{"not_picked":["theDuelist:YamiForm","theDuelist:Raigeki","theDuelist:PineappleBlast","theDuelist:LightLaser"],"picked":"theDuelist:AmuletAmbition","floor":16},{"not_picked":["theDuelist:Hinotama","theDuelist:BigFire+1","theDuelist:MagnumShield+1","theDuelist:WhiteHowling+1"],"picked":"theDuelist:FluteKuriboh","floor":18},{"not_picked":["theDuelist:EarthquakeGiant","theDuelist:Kuriboh+1","theDuelist:Fissure+1","theDuelist:DarkCreator+1"],"picked":"theDuelist:EarthEffigy+1","floor":21},{"not_picked":["theDuelist:MeteorDestruction","theDuelist:Eva+1","theDuelist:Hinotama","theDuelist:MagicalStone+1"],"picked":"theDuelist:ScrapFactory+1","floor":23},{"not_picked":["theDuelist:VendreadCharge","theDuelist:MythicalBeast","theDuelist:GravityLash"],"picked":"Singing Bowl","floor":29},{"not_picked":["theDuelist:YamiForm","theDuelist:AmuletAmbition+1","theDuelist:Mathematician"],"picked":"Singing Bowl","floor":31},{"not_picked":["theDuelist:PineappleBlast","theDuelist:LightningBlade+1","theDuelist:GridRod","theDuelist:ForbiddenLance"],"picked":"theDuelist:MillenniumShield+1","floor":33},{"not_picked":["theDuelist:VenomShot","theDuelist:BreakDraw+1","theDuelist:FusionFire+1","theDuelist:EgoBoost+1","theDuelist:Predaponics+1"],"picked":"Singing Bowl","floor":35},{"not_picked":["theDuelist:CombinationAttack","theDuelist:SwordDeepSeated+1","theDuelist:Tuningware+1","theDuelist:AfterTheStorm+1","theDuelist:SolarWindJammer+1"],"picked":"Singing Bowl","floor":37},{"not_picked":["theDuelist:PsychicShockwave+1","theDuelist:CrystalBlessing+1","theDuelist:SangaEarth+1","theDuelist:Raigeki+1"],"picked":"theDuelist:FrontierWiseman+1","floor":39},{"not_picked":["theDuelist:WhiteHowling","theDuelist:GravityAxe+1","theDuelist:ElectromagneticShield+1","theDuelist:MiraculousDescent+1"],"picked":"theDuelist:SwordsConcealing+1","floor":40},{"not_picked":["theDuelist:SpellShatteringArrow","theDuelist:DoubleTool","theDuelist:CoreBlaster","theDuelist:CombinationAttack","theDuelist:CrystalRaigeki+1"],"picked":"Singing Bowl","floor":42},{"not_picked":["theDuelist:RainbowNeos","theDuelist:GreenGraveOni+1","theDuelist:GreyGreedOni+1","theDuelist:PurplePainOni+1"],"picked":"theDuelist:HappyLover+1","floor":44},{"not_picked":["theDuelist:FrontierWiseman+1","theDuelist:BlackPendant+1","theDuelist:Tuningware+1","theDuelist:PreventRat+1","theDuelist:BattleOx+1"],"picked":"Singing Bowl","floor":45},{"not_picked":["theDuelist:MudGolem","theDuelist:FeatherPho+1","theDuelist:DestroyerGolem","theDuelist:RadiantMirrorForce"],"picked":"theDuelist:DarkFactory+1","floor":47},{"not_picked":["theDuelist:WhiteMagicalHat+1","theDuelist:MythicalBeast+1","theDuelist:FrontierWiseman+1","theDuelist:RainbowNeos+1","theDuelist:HappyLover+1"],"picked":"Singing Bowl","floor":48},{"not_picked":["theDuelist:Wildfire+4","theDuelist:MagicalStone+4","theDuelist:DoubleTool+6","theDuelist:CoreBlaster+4","theDuelist:AmuletAmbition+5"],"picked":"Singing Bowl","floor":54}],"player_experience":252335,"relics_obtained":[{"floor":6,"key":"hubris:BundleOfHerbs"},{"floor":10,"key":"Bromod:ArcaneNullifier"},{"floor":14,"key":"Juzu Bracelet"},{"floor":26,"key":"Grinning Jar"},{"floor":29,"key":"Solar Panel"},{"floor":31,"key":"Pantograph"},{"floor":40,"key":"MawBank"},{"floor":41,"key":"hubris:CrystalStatue"},{"floor":44,"key":"Replay:Mystery Machine"},{"floor":47,"key":"War Paint"},{"floor":48,"key":"theDuelist:ResummonBranch"},{"floor":54,"key":"ReplayTheSpireMod:Ninjato"}],"event_choices":[{"damage_healed":0,"gold_gain":0,"player_choice":"Ignored","damage_taken":0,"max_hp_gain":0,"max_hp_loss":0,"event_name":"Beggar","floor":20,"gold_loss":0},{"damage_healed":0,"gold_gain":0,"player_choice":"Leave","duelist":true,"damage_taken":0,"max_hp_gain":0,"max_hp_loss":0,"event_name":"Egyptian Village","floor":27,"gold_loss":0},{"total_magic_score":79,"gold_gain":0,"duelist":true,"damage_taken":0,"relics_obtained":[],"points":13,"max_hp_gain":6,"max_hp_loss":0,"spent_points":{"magic":4,"greed":0,"war":0,"power":4,"hunger":4},"event_name":"Nameless Tomb","hunger_reward":4,"floor":38,"gold_loss":0,"magic_reward":4,"cards_obtained":["theDuelist:Nameless:Magic:ImperialOrder"]},{"total_magic_score":79,"gold_gain":0,"duelist":true,"damage_taken":0,"relics_obtained":[],"points":13,"max_hp_gain":6,"max_hp_loss":0,"spent_points":{"magic":4,"greed":0,"war":0,"power":4,"hunger":4},"event_name":"Nameless Tomb","hunger_reward":4,"floor":38,"gold_loss":0,"magic_reward":4,"cards_obtained":["theDuelist:Nameless:Magic:ImperialOrder"]},{"damage_healed":0,"gold_gain":0,"player_choice":"Fight","damage_taken":0,"max_hp_gain":0,"max_hp_loss":0,"event_name":"Mysterious Sphere","floor":48,"gold_loss":0}],"is_beta":false,"boss_relics":[{"not_picked":["Cursed Key","Runic Dome"],"picked":"construct:ClawGrip"},{"not_picked":["Mark of Pain","ReplayTheSpireMod:DimensionalGlitch","hubris:HollowSoul"]}],"items_purged_floors":[],"is_endless":false,"potions_floor_spawned":[1,2,6,11,14,16,18,33,35,40,44,47,54],"ascension_level":1}}