{"host":"91blwi3hgehj6ch9","time":1610074931,"event":{"mods":["2.2 Compatiblity","AchievementEnabler","BaseMod","Colored Map","DeckTracker","Keyboard Shortcuts","Minty Spire (QoL Compilation)","Permanent Neow","Quick Restart","StSLib","SuperFastMode"],"gold_per_floor":[117,117,133,12,12,12,47,61,61,61,78,112,124,135,135,240,240,256,133,146,146,165,165,200,200,200,228,111,131,145,165,165,270,270,280,292,304,304,304,321,182,208,235,235,260,276,276,125,125,125,125,125,24,54,54],"floor_reached":56,"playtime":3939,"items_purged":["Strike_R","Strike_R","Strike_R","Strike_R","Bash","Defend_R"],"score":1467,"play_id":"6881a8d0-4305-42b9-b67e-4437ad5e84af","local_time":"20210108120211","is_ascension_mode":true,"campfire_choices":[{"data":"Entrench","floor":6.0,"key":"SMITH"},{"data":"Body Slam","floor":10.0,"key":"SMITH"},{"data":"Pommel Strike","floor":15.0,"key":"SMITH"},{"data":"Battle Trance","floor":23.0,"key":"SMITH"},{"floor":25.0,"key":"REST"},{"floor":32,"key":"REST"},{"data":"Shrug It Off","floor":44,"key":"SMITH"},{"floor":47,"key":"RECALL"},{"data":"Seeing Red","floor":49,"key":"SMITH"},{"data":"Purity","floor":52,"key":"SMITH"}],"circlet_count":0,"master_deck":["Defend_R","Defend_R","Reckless Charge+1","Entrench+1","Seeing Red+1","Pommel Strike+1","Body Slam+1","Shrug It Off+1","Impervious","Battle Trance+1","Battle Trance+1","Impervious","Shrug It Off+1","Warcry+1","Body Slam+1","Shrug It Off+1","Entrench+1","Purity+1","True Grit+1"],"relics":["Burning Blood","Pear","Smiling Mask","Ornamental Fan","Runic Dome","Whetstone","Regal Pillow","Letter Opener","Runic Pyramid","Bronze Scales","Strawberry","Torii"],"acts_visited":["Exordium","TheCity","TheBeyond","TheEnding"],"potions_floor_usage":[55],"damage_taken":[{"damage":15.0,"enemies":"Small Slimes","floor":1.0,"turns":3.0},{"damage":1.0,"enemies":"Cultist","floor":3.0,"turns":3.0},{"damage":37.0,"enemies":"Lagavulin","floor":7.0,"turns":8.0},{"damage":0.0,"enemies":"2 Louse","floor":8.0,"turns":3.0},{"damage":9.0,"enemies":"Lots of Slimes","floor":11.0,"turns":5.0},{"damage":17.0,"enemies":"3 Sentries","floor":12.0,"turns":10.0},{"damage":0.0,"enemies":"Looter","floor":13.0,"turns":2.0},{"damage":0.0,"enemies":"Gremlin Gang","floor":14.0,"turns":6.0},{"damage":25.0,"enemies":"Hexaghost","floor":16.0,"turns":7.0},{"damage":16.0,"enemies":"Spheric Guardian","floor":18.0,"turns":4.0},{"damage":7.0,"enemies":"3 Byrds","floor":20.0,"turns":6.0},{"damage":19.0,"enemies":"Sentry and Sphere","floor":22.0,"turns":6.0},{"damage":68.0,"enemies":"Slavers","floor":24.0,"turns":8.0},{"damage":6.0,"enemies":"Book of Stabbing","floor":27.0,"turns":5.0},{"damage":2,"enemies":"Shelled Parasite and Fungi","floor":29,"turns":3},{"damage":18,"enemies":"Centurion and Healer","floor":30,"turns":5},{"damage":12,"enemies":"Cultist and Chosen","floor":31,"turns":6},{"damage":57,"enemies":"Automaton","floor":33,"turns":11},{"damage":0,"enemies":"Orb Walker","floor":35,"turns":2},{"damage":0,"enemies":"3 Shapes","floor":36,"turns":3},{"damage":0,"enemies":"Transient","floor":37,"turns":5},{"damage":0,"enemies":"Maw","floor":40,"turns":6},{"damage":0,"enemies":"Nemesis","floor":42,"turns":6},{"damage":0,"enemies":"Giant Head","floor":45,"turns":5},{"damage":0,"enemies":"Sphere and 2 Shapes","floor":46,"turns":4},{"damage":0,"enemies":"Donu and Deca","floor":50,"turns":5},{"damage":0,"enemies":"Shield and Spear","floor":54,"turns":3},{"damage":39,"enemies":"The Heart","floor":55,"turns":6}],"seed_played":"-3171504468933432093","potions_obtained":[{"floor":5.0,"key":"PowerPotion"},{"floor":5.0,"key":"SmokeBomb"},{"floor":5.0,"key":"LiquidBronze"},{"floor":12.0,"key":"Fire Potion"},{"floor":20.0,"key":"Fruit Juice"},{"floor":27.0,"key":"FearPotion"},{"floor":30,"key":"FearPotion"},{"floor":37,"key":"ElixirPotion"}],"is_trial":false,"path_per_floor":["M","?","M","$","?","R","E","M","T","R","M","E","M","M","R","B",null,"M","$","M","?","M","R","E","R","T","E","$","M","M","M","R","B",null,"M","M","M","?","?","M","$","E","T","R","E","M","R","$","R","B",null,"R","$","E","B",null],"character_chosen":"IRONCLAD","items_purchased":["Body Slam","Battle Trance","Impervious","Purity","FairyPotion","BloodPotion"],"campfire_rested":2,"item_purchase_floors":[4,19,28,41,48,53],"current_hp_per_floor":[71,71,76,76,76,76,55,61,61,61,58,47,53,59,59,40,90,80,80,84,84,71,71,9,37,37,37,37,41,29,23,66,15,95,95,95,95,95,95,95,95,95,95,95,102,102,102,102,102,102,102,102,102,102,69],"gold":54,"neow_bonus":"TRANSFORM_CARD","is_daily":false,"chose_seed":false,"campfire_upgraded":7,"win_rate":0.0,"timestamp":1610074931,"path_taken":["M","?","?","$","?","R","E","M","T","R","M","E","?","M","R","BOSS","M","$","M","?","?","R","E","R","T","E","$","M","M","M","R","BOSS","M","M","M","?","?","M","$","E","T","R","E","?","R","$","R","BOSS","R","$","E","BOSS"],"items_purchased_type":["Card","Card","Card","Card","Potion","Potion"],"build_version":"2020-12-22","purchased_purges":6,"victory":true,"max_hp_per_floor":[80,80,80,80,80,80,90,90,90,90,90,90,90,90,90,90,90,90,90,95,95,95,95,95,95,95,95,95,95,95,95,95,95,95,95,95,95,95,95,95,95,95,95,95,102,102,102,102,102,102,102,102,102,102,102],"card_choices":[{"not_picked":["Pommel Strike","Perfected Strike"],"picked":"Entrench","floor":1.0},{"not_picked":["Dark Embrace","Intimidate"],"picked":"Pommel Strike","floor":3.0},{"not_picked":["Inflame","Armaments"],"picked":"Shrug It Off","floor":7.0},{"not_picked":["Headbutt","True Grit"],"picked":"Impervious","floor":8.0},{"not_picked":["Clothesline","Armaments","Clash"],"picked":"SKIP","floor":11.0},{"not_picked":["Sentinel","Fire Breathing"],"picked":"Headbutt","floor":12.0},{"not_picked":["Pommel Strike","Flame Barrier","Reckless Charge"],"picked":"SKIP","floor":13.0},{"not_picked":["Wild Strike","Carnage","Whirlwind"],"picked":"SKIP","floor":14.0},{"not_picked":["Iron Wave+1","Heavy Blade","Blood for Blood"],"picked":"SKIP","floor":18.0},{"not_picked":["Searing Blow","Dark Embrace"],"picked":"Battle Trance","floor":20.0},{"not_picked":["Wild Strike+1","Heavy Blade","Sword Boomerang"],"picked":"SKIP","floor":22.0},{"not_picked":["Feel No Pain","Searing Blow+1","Disarm"],"picked":"SKIP","floor":24.0},{"not_picked":["Dropkick","Sword Boomerang","Reckless Charge"],"picked":"SKIP","floor":27.0},{"not_picked":["Clothesline","Sentinel","Dropkick+1"],"picked":"SKIP","floor":29},{"not_picked":["Reaper","Anger+1"],"picked":"Shrug It Off+1","floor":30},{"not_picked":["Combust","Wild Strike"],"picked":"Warcry+1","floor":31},{"not_picked":["Sentinel","Warcry"],"picked":"Body Slam+1","floor":35},{"not_picked":["Blood for Blood","Thunderclap"],"picked":"Shrug It Off+1","floor":36},{"not_picked":["Havoc+1","Thunderclap","Armaments+1"],"picked":"SKIP","floor":37},{"not_picked":["Flex+1","Iron Wave","Clothesline"],"picked":"SKIP","floor":40},{"not_picked":["Dual Wield+1","Twin Strike+1"],"picked":"True Grit+1","floor":42},{"not_picked":["Bloodletting+1","Spot Weakness","Pommel Strike+1"],"picked":"SKIP","floor":45},{"not_picked":["Flex","Havoc+1","Corruption"],"picked":"SKIP","floor":46},{"not_picked":["Power Through","Anger+1","Headbutt+1"],"picked":"SKIP","floor":54}],"player_experience":124983,"relics_obtained":[{"floor":7.0,"key":"Pear"},{"floor":9.0,"key":"Smiling Mask"},{"floor":12.0,"key":"Ornamental Fan"},{"floor":24.0,"key":"Whetstone"},{"floor":26.0,"key":"Regal Pillow"},{"floor":27.0,"key":"Letter Opener"},{"floor":42,"key":"Bronze Scales"},{"floor":45,"key":"Strawberry"},{"floor":54,"key":"Torii"}],"event_choices":[{"damage_healed":0.0,"max_hp_gain":0.0,"max_hp_loss":0.0,"gold_gain":0.0,"cards_transformed":["Strike_R"],"event_name":"Transmorgrifier","player_choice":"Transformed","floor":2.0,"gold_loss":0.0,"damage_taken":0.0,"cards_obtained":["Seeing Red"]},{"damage_healed":0.0,"max_hp_gain":0.0,"max_hp_loss":0.0,"gold_gain":0.0,"event_name":"Lab","player_choice":"Got Potions","floor":5.0,"gold_loss":0.0,"damage_taken":0.0},{"damage_healed":0.0,"max_hp_gain":0.0,"max_hp_loss":0.0,"gold_gain":0.0,"event_name":"Accursed Blacksmith","player_choice":"Forge","floor":21.0,"gold_loss":0.0,"damage_taken":0.0,"cards_upgraded":["Battle Trance"]},{"cards_removed":["Headbutt"],"damage_healed":0,"gold_gain":0,"player_choice":"Removed Attack","damage_taken":0,"max_hp_gain":0,"max_hp_loss":0,"event_name":"Falling","floor":38,"gold_loss":0},{"damage_healed":0,"gold_gain":0,"player_choice":"Copied","damage_taken":0,"max_hp_gain":0,"max_hp_loss":0,"event_name":"Duplicator","floor":39,"gold_loss":0,"cards_obtained":["Entrench"]}],"is_beta":false,"boss_relics":[{"not_picked":["Coffee Dripper","Black Star"],"picked":"Runic Dome"},{"not_picked":["Fusion Hammer","Velvet Choker"],"picked":"Runic Pyramid"}],"items_purged_floors":[4,19,28,41,48,53],"is_endless":false,"potions_floor_spawned":[7,8,12,13,18,20,27,30,33,35,37,45,54],"ascension_level":2}}