{"host":"ig7tc0uedzltt2sr","time":1610073240,"event":{"mods":["BaseMod","Better Twitch Integration","Block Reminder","Colored Map","Colored Powertips","Communication Mod","Current Relic Mod","GifTheSpireLib","HexUI Lib","Minty Spire (QoL Compilation)","Quick Restart","Random Character Button","Rare Cards Sparkle","Relic Sorter","Relic Stats","Slay the Relics Exporter","StSLib","SuperFastMode","Synergy Search","Twitch Decklist","Twitch Utils","everything is the same but u backflip on backflip","slay the spire mod where everything is the same but ironclad has a cowboy hat"],"gold_per_floor":[118,130,150,150,150,150,118,151,204,204,222,242,261,271,271,271,271],"floor_reached":16,"playtime":184,"items_purged":[],"score":106,"play_id":"fe666dd9-c9a3-43cb-902c-d5faf1655e07","local_time":"20210107183400","is_ascension_mode":false,"campfire_choices":[{"floor":6,"key":"REST"},{"floor":10,"key":"REST"},{"floor":15,"key":"REST"}],"circlet_count":0,"master_deck":["Strike_R","Strike_R","Strike_R","Strike_R","Strike_R","Defend_R","Defend_R","Defend_R","Defend_R","Bash","Iron Wave","Pommel Strike","Clash","Pommel Strike","Juggernaut","Carnage","Entrench","Heavy Blade"],"relics":["Burning Blood","Gremlin Horn"],"acts_visited":["Exordium"],"potions_floor_usage":[],"damage_taken":[{"damage":41,"enemies":"Jaw Worm","floor":1,"turns":13},{"damage":10,"enemies":"2 Louse","floor":2,"turns":7},{"damage":2,"enemies":"Cultist","floor":3,"turns":8},{"damage":12,"enemies":"Exordium Thugs","floor":7,"turns":5},{"damage":69,"enemies":"Lagavulin","floor":8,"turns":12},{"damage":1,"enemies":"3 Louse","floor":11,"turns":6},{"damage":37,"enemies":"Gremlin Gang","floor":12,"turns":7},{"damage":7,"enemies":"Blue Slaver","floor":13,"turns":5},{"damage":32,"enemies":"Red Slaver","floor":14,"turns":8},{"damage":38,"enemies":"The Guardian","floor":16,"turns":5}],"seed_played":"-5202788069384064818","potions_obtained":[{"floor":2,"key":"HeartOfIron"},{"floor":11,"key":"FairyPotion"},{"floor":12,"key":"Dexterity Potion"},{"floor":13,"key":"LiquidMemories"}],"is_trial":false,"path_per_floor":["M","M","M","?","$","R","M","E","T","R","M","M","M","M","R","B"],"character_chosen":"IRONCLAD","items_purchased":[],"campfire_rested":3,"item_purchase_floors":[],"current_hp_per_floor":[53,49,53,53,53,79,73,10,10,36,41,10,9,11,37,0,0],"gold":271,"neow_bonus":"TEN_PERCENT_HP_BONUS","is_daily":false,"chose_seed":false,"campfire_upgraded":0,"win_rate":0.0,"timestamp":1610073240,"path_taken":["M","M","M","?","$","R","M","E","T","R","M","M","M","M","R","BOSS"],"items_purchased_type":[],"build_version":"2020-12-22","purchased_purges":0,"victory":false,"max_hp_per_floor":[88,88,88,88,88,88,88,88,88,88,88,88,88,88,88,88,88],"relic_stats":{"Gremlin Horn":[5,5],"counters":[10,76],"obtain_stats":[{"Gremlin Horn":8,"Burning Blood":0},{"Gremlin Horn":5,"Burning Blood":0},{"Gremlin Horn":45,"Burning Blood":0}],"Burning Blood":54},"card_choices":[{"not_picked":["Twin Strike","Sword Boomerang"],"picked":"Iron Wave","floor":1},{"not_picked":["Cleave","Havoc"],"picked":"Pommel Strike","floor":2},{"not_picked":["Entrench","Thunderclap"],"picked":"Clash","floor":3},{"not_picked":["Wild Strike","Flex"],"picked":"Pommel Strike","floor":7},{"not_picked":["Bloodletting","Blood for Blood"],"picked":"Juggernaut","floor":8},{"not_picked":["Heavy Blade","True Grit"],"picked":"Carnage","floor":11},{"not_picked":["Flex","Body Slam"],"picked":"Entrench","floor":12},{"not_picked":["Thunderclap","Headbutt"],"picked":"Heavy Blade","floor":13},{"not_picked":["Combust","Warcry","Rampage"],"picked":"SKIP","floor":14}],"player_experience":1469548,"relics_obtained":[{"floor":8,"key":"Gremlin Horn"}],"event_choices":[{"damage_healed":0,"gold_gain":0,"player_choice":"Ignored","damage_taken":0,"max_hp_gain":0,"max_hp_loss":0,"event_name":"Liars Game","floor":4,"gold_loss":0}],"is_beta":false,"boss_relics":[],"items_purged_floors":[],"is_endless":false,"potions_floor_spawned":[2,11,12,13],"killed_by":"The Guardian","ascension_level":0}}