{"host":"roqztpbdbchtekes","time":1610123230,"event":{"mods":["AchievementEnabler","BaseMod","Better Third Choice","Block Reminder","Colored Map","Colored Powertips","Curses Come First","DeckTracker","Minty Spire (QoL Compilation)","Relic Stats","Spicy Shops","StSLib"],"gold_per_floor":[113,113,123,123,123,123,123,123,123,159,179,179,102,121,121,121,121],"floor_reached":16,"playtime":735,"items_purged":["Defend_G"],"score":108,"play_id":"bd13c953-2fca-43e9-b0f9-232c2bfd80d9","local_time":"20210108172710","is_ascension_mode":true,"campfire_choices":[{"data":"After Image","floor":6,"key":"SMITH"},{"data":"Blade Dance","floor":8,"key":"SMITH"},{"data":"Night Terror","floor":12,"key":"SMITH"},{"data":"Neutralize","floor":15,"key":"SMITH"}],"circlet_count":0,"master_deck":["Strike_G","Strike_G","Strike_G","Strike_G","Strike_G","Defend_G","Defend_G","Defend_G","Defend_G","Survivor","Neutralize+1","After Image+1","Blade Dance+1","Underhanded Strike","Night Terror+1","Backflip"],"relics":["Ring of the Snake","The Courier","Golden Idol","Singing Bowl","PreservedInsect","StoneCalendar"],"acts_visited":["Exordium"],"potions_floor_usage":[16],"damage_taken":[{"damage":2,"enemies":"Small Slimes","floor":1,"turns":6},{"damage":0,"enemies":"2 Louse","floor":3,"turns":5},{"damage":23,"enemies":"Gremlin Nob","floor":10,"turns":4},{"damage":0,"enemies":"Cultist","floor":11,"turns":3},{"damage":25,"enemies":"Gremlin Gang","floor":14,"turns":6},{"damage":17,"enemies":"Slime Boss","floor":16,"turns":4}],"seed_played":"3806122994553236179","potions_obtained":[{"floor":10,"key":"Swift Potion"}],"is_trial":false,"path_per_floor":["M","?","M","?","?","R","T","R","T","E","M","R","$","M","R","B"],"character_chosen":"THE_SILENT","items_purchased":["StoneCalendar"],"campfire_rested":0,"item_purchase_floors":[13],"current_hp_per_floor":[68,68,68,51,51,51,51,51,51,28,28,28,28,5,5,0,0],"gold":121,"neow_bonus":"ONE_RANDOM_RARE_CARD","is_daily":false,"chose_seed":false,"campfire_upgraded":4,"win_rate":0.0,"timestamp":1610123230,"path_taken":["M","?","M","?","?","R","?","R","T","E","M","R","?","?","R","BOSS"],"items_purchased_type":["Relic"],"build_version":"2020-12-22","purchased_purges":1,"victory":false,"max_hp_per_floor":[70,70,70,70,70,70,70,70,70,70,70,70,70,72,72,72,72],"relic_stats":{"Singing Bowl":2,"counters":[6,28],"Golden Idol":15,"StoneCalendar":[0],"PreservedInsect":0,"obtain_stats":[{"Singing Bowl":9,"Golden Idol":4,"StoneCalendar":13,"The Courier":2,"PreservedInsect":10,"Ring of the Snake":0},{"Singing Bowl":2,"Golden Idol":2,"StoneCalendar":4,"The Courier":1,"PreservedInsect":3,"Ring of the Snake":0},{"Singing Bowl":11,"Golden Idol":11,"StoneCalendar":18,"The Courier":6,"PreservedInsect":15,"Ring of the Snake":0}],"Ring of the Snake":[12]},"card_choices":[{"not_picked":["Slice","Bane"],"picked":"Blade Dance","floor":1},{"not_picked":["Dodge and Roll","Bouncing Flask"],"picked":"Underhanded Strike","floor":3},{"not_picked":["Quick Slash","Prepared"],"picked":"Night Terror","floor":10},{"not_picked":["Blade Dance","Outmaneuver"],"picked":"Backflip","floor":11},{"not_picked":["Outmaneuver","Dash","Slice"],"picked":"Singing Bowl","floor":14}],"player_experience":261635,"relics_obtained":[{"floor":9,"key":"Singing Bowl"},{"floor":10,"key":"PreservedInsect"}],"event_choices":[{"damage_healed":0,"gold_gain":0,"player_choice":"Box","damage_taken":0,"relics_obtained":["The Courier"],"max_hp_gain":0,"max_hp_loss":0,"event_name":"Big Fish","floor":2,"gold_loss":0,"cards_obtained":["Regret"]},{"damage_healed":0,"gold_gain":0,"player_choice":"Take Damage","damage_taken":17,"relics_obtained":["Golden Idol"],"max_hp_gain":0,"max_hp_loss":0,"event_name":"Golden Idol","floor":4,"gold_loss":0},{"cards_removed":["Regret"],"damage_healed":0,"gold_gain":0,"player_choice":"Forget","damage_taken":0,"max_hp_gain":0,"max_hp_loss":0,"event_name":"Living Wall","floor":5,"gold_loss":0}],"is_beta":false,"boss_relics":[],"items_purged_floors":[13],"is_endless":false,"potions_floor_spawned":[10],"killed_by":"Slime Boss","ascension_level":2}}