{"host":"ct28ocsd8g8yr2ah","time":1610120676,"event":{"mods":["BaseMod","Better Third Choice","Hermit","Marisa????????","Minty Spire (QoL Compilation)","Remilia??????","StSLib","The Animator","The Gatherer","The Servant 0.9.4","Waifu the Spire"],"gold_per_floor":[110,122,141,151,151,151,165,165,165,180,197,212,232,232,232,337,337,349,15,31,31,50,63,63,63,87,101,101,119,119,136,136,239,239,255,4,104,118,128,128,155,4,31,31,44,57,73,0,0,0,0,0],"floor_reached":50,"playtime":2369,"items_purged":["Gatherer:Strike_Gatherer"],"score":549,"play_id":"bcb9520a-d219-44f4-a058-38955a6a243b","local_time":"20210108204436","is_ascension_mode":false,"metric_token":736,"campfire_choices":[{"data":"Gatherer:FruitForce","floor":6,"key":"SMITH"},{"data":"Gatherer:FragileHammer","floor":8,"key":"SMITH"},{"floor":15,"key":"REST"},{"floor":28,"key":"REST"},{"floor":30,"key":"REST"},{"floor":32,"key":"REST"},{"floor":40,"key":"REST"},{"data":"Gatherer:BlackTea","floor":44,"key":"SMITH"},{"floor":49,"key":"REST"}],"circlet_count":0,"master_deck":["Gatherer:Defend_Gatherer","Gatherer:Defend_Gatherer","Gatherer:Defend_Gatherer","Gatherer:Defend_Gatherer","Gatherer:Defend_Gatherer","Gatherer:Centralize","Gatherer:FlowerWhip","Gatherer:EnergyBasket","Gatherer:FruitForce+1","Gatherer:TreeGrowth","Gatherer:Snatch","Gatherer:FragileHammer+1","Gatherer:AcidicSpray","Gatherer:DrugPower","Gatherer:QuickSynthesis","Gatherer:BlackTea+1","Gatherer:RecoveryHerb","LeisurelyOfLord","Gatherer:GatherMaterial","Gatherer:BalancedGrowth","Blind","Gatherer:FruitForce","Gatherer:QuickSynthesis+1","Strike_B","Gatherer:ColorfulGarden+1","Gatherer:QuickSynthesis","Gatherer:BalancedGrowth+1","Gatherer:Bulldoze","Gatherer:ScherryThrow+1","Jack Of All Trades","Gatherer:AromaProtection+1","Gatherer:SealedBomb","Gatherer:ScherryThrow+1"],"relics":["Gatherer:AlchemyBag","Dream Catcher","Pear","SlaversCollar","Frozen Egg 2","Lantern","Empty Cage","PreservedInsect","Gambling Chip","Strawberry","Ancient Tea Set","Red Mask"],"acts_visited":["Exordium","TheCity","TheBeyond"],"potions_floor_usage":[11,16,16,16,16,16,19,27,29,41,41,41,41,45,45,50,50],"damage_taken":[{"damage":6,"enemies":"Cultist","floor":1,"turns":3},{"damage":5,"enemies":"Small Slimes","floor":2,"turns":3},{"damage":0,"enemies":"2 Louse","floor":3,"turns":2},{"damage":13,"enemies":"Red Slaver","floor":4,"turns":5},{"damage":14,"enemies":"Looter","floor":7,"turns":3},{"damage":9,"enemies":"Blue Slaver","floor":10,"turns":3},{"damage":11,"enemies":"Red Slaver","floor":11,"turns":2},{"damage":0,"enemies":"Gremlin Gang","floor":12,"turns":5},{"damage":0,"enemies":"Exordium Wildlife","floor":13,"turns":2},{"damage":28,"enemies":"The Guardian","floor":16,"turns":7},{"damage":16,"enemies":"2 Thieves","floor":18,"turns":3},{"damage":10,"enemies":"Spheric Guardian","floor":20,"turns":4},{"damage":31,"enemies":"3 Cultists","floor":22,"turns":6},{"damage":37,"enemies":"Snake Plant","floor":23,"turns":6},{"damage":3,"enemies":"Centurion and Healer","floor":27,"turns":7},{"damage":3,"enemies":"Chosen and Byrds","floor":29,"turns":3},{"damage":9,"enemies":"Snecko","floor":31,"turns":5},{"damage":24,"enemies":"Champ","floor":33,"turns":14},{"damage":4,"enemies":"Orb Walker","floor":35,"turns":3},{"damage":29,"enemies":"3 Shapes","floor":38,"turns":5},{"damage":21,"enemies":"Sphere and 2 Shapes","floor":39,"turns":5},{"damage":0,"enemies":"Giant Head","floor":41,"turns":7},{"damage":33,"enemies":"4 Shapes","floor":45,"turns":5},{"damage":2,"enemies":"Maw","floor":46,"turns":8},{"damage":30,"enemies":"Sphere and 2 Shapes","floor":47,"turns":6},{"damage":89,"enemies":"Donu and Deca","floor":50,"turns":8}],"seed_played":"4850594591377290538","potions_obtained":[{"floor":3,"key":"EntropicBrew"},{"floor":10,"key":"Poison Potion"},{"floor":12,"key":"LiquidMemories"},{"floor":16,"key":"Weak Potion"},{"floor":23,"key":"LiquidBronze"},{"floor":27,"key":"Fruit Juice"},{"floor":33,"key":"FearPotion"},{"floor":35,"key":"EssenceOfSteel"},{"floor":39,"key":"EntropicBrew"},{"floor":45,"key":"SteroidPotion"},{"floor":46,"key":"GamblersBrew"}],"is_trial":false,"path_per_floor":["M","M","M","M","?","R","M","R","T","M","M","M","M","?","R","B",null,"M","$","M","?","M","M","?","?","T","M","R","M","R","M","R","B",null,"M","$","?","M","M","R","E","$","T","R","M","M","M","?","R","B"],"character_chosen":"THE_GATHERER","items_purchased":["Fruit Juice","Gatherer:BalancedGrowth","Blind","PreservedInsect","Jack Of All Trades","Strawberry"],"campfire_rested":6,"item_purchase_floors":[19,19,19,36,36,42],"current_hp_per_floor":[66,65,65,52,52,52,38,38,48,39,28,28,28,21,46,24,86,70,75,69,69,38,9,9,9,9,20,50,47,77,71,100,79,100,96,96,96,67,50,80,82,89,89,89,56,60,37,37,69,0,0,0],"gold":0,"neow_bonus":"RANDOM_COMMON_RELIC","is_daily":false,"chose_seed":false,"campfire_upgraded":3,"win_rate":0.0,"timestamp":1610120676,"path_taken":["M","M","M","M","?","R","?","R","T","M","M","M","M","?","R","BOSS","M","$","M","?","?","M","?","?","T","?","R","M","R","?","R","BOSS","M","$","?","M","?","R","E","$","T","R","M","?","M","?","R","BOSS"],"items_purchased_type":["Potion","Card","Card","Relic","Card","Relic"],"build_version":"2020-12-22","purchased_purges":1,"victory":false,"max_hp_per_floor":[72,76,76,76,76,76,76,76,86,86,86,86,86,86,86,86,86,86,91,95,95,95,95,95,95,95,100,100,100,100,100,100,100,100,100,100,100,100,100,100,100,107,107,107,107,107,107,107,107,107,107,107],"card_choices":[{"not_picked":["Gatherer:ScrollOfWall","Gatherer:BambuSword"],"picked":"Gatherer:EnergyBasket","floor":1},{"not_picked":["Gatherer:FlowerBeam","Gatherer:TreeGrowth"],"picked":"Gatherer:FruitForce","floor":2},{"not_picked":["Gatherer:EchoOfNature","Gatherer:FlowerShield"],"picked":"Gatherer:TreeGrowth","floor":3},{"not_picked":["Gatherer:FlowerFalling","Gatherer:AlchemyTrial"],"picked":"Gatherer:Snatch","floor":4},{"not_picked":["Gatherer:Duality","Gatherer:Polymorphism"],"picked":"Gatherer:FragileHammer","floor":7},{"not_picked":["Gatherer:Misfortune","Gatherer:CarefulStrike"],"picked":"Gatherer:AcidicSpray","floor":10},{"not_picked":["Gatherer:WoolGloves","Gatherer:WitheringStrike"],"picked":"Gatherer:DrugPower","floor":11},{"not_picked":["Gatherer:WoolGloves","Gatherer:Liquidism"],"picked":"Gatherer:QuickSynthesis","floor":12},{"not_picked":["Gatherer:TreeGrowth","Gatherer:EnergyBasket"],"picked":"Gatherer:BlackTea","floor":13},{"not_picked":["Gatherer:UpgradeBag","Gatherer:Frenzy"],"picked":"Gatherer:RecoveryHerb","floor":15},{"not_picked":["Gatherer:Photoscythe","Gatherer:Examine"],"picked":"Gatherer:GrowBook","floor":16},{"not_picked":["Gatherer:WoolGloves","Gatherer:TacticalStrike"],"picked":"Gatherer:GatherMaterial","floor":18},{"not_picked":["Gatherer:FragileHammer+1","Gatherer:WitheringStrike"],"picked":"Gatherer:FruitForce","floor":20},{"not_picked":["Gatherer:WoolGloves+1","Gatherer:FeelingFine+1","Gatherer:BambuSword+1"],"picked":"SKIP","floor":22},{"not_picked":["Gatherer:OddSpoils","Gatherer:ScrollOfWall+1"],"picked":"Gatherer:QuickSynthesis+1","floor":23},{"not_picked":["Gatherer:AcidicSpray+1","Gatherer:CollectorsShot","Gatherer:CarefulStrike"],"picked":"SKIP","floor":27},{"not_picked":["Gatherer:Snatch","Gatherer:TacticalStrike"],"picked":"Gatherer:ColorfulGarden+1","floor":28},{"not_picked":["Gatherer:GatherMaterial","Gatherer:Frenzy+1","Gatherer:BigPouch"],"picked":"SKIP","floor":29},{"not_picked":["Gatherer:GatherMaterial","Gatherer:CarefulStrike"],"picked":"Gatherer:QuickSynthesis","floor":31},{"not_picked":["Gatherer:CarefulStrike","Gatherer:AcidicSpray"],"picked":"Gatherer:BalancedGrowth+1","floor":32},{"not_picked":["Gatherer:HeartToFruit","Gatherer:StoneFence+1"],"picked":"Gatherer:Bulldoze","floor":33},{"not_picked":["Gatherer:CollectorsShot","Gatherer:PotentialSlash+1"],"picked":"Gatherer:ScherryThrow+1","floor":35},{"not_picked":["Gatherer:SaveValuables","Gatherer:Misfortune+1","Gatherer:FeelingFine+1"],"picked":"SKIP","floor":38},{"not_picked":["Gatherer:PotentialSlash","Gatherer:CollectorsShot","Gatherer:RecipeChange+1"],"picked":"SKIP","floor":39},{"not_picked":["Gatherer:Frenzy","Gatherer:TacticalStrike"],"picked":"Gatherer:AromaProtection+1","floor":40},{"not_picked":["Gatherer:Frenzy+1","Gatherer:FlowerShield","Gatherer:BalancedGrowth+1"],"picked":"SKIP","floor":41},{"not_picked":["Gatherer:AcidicSpray","Gatherer:FragileHammer+1","Gatherer:LuckyClover+1"],"picked":"SKIP","floor":45},{"not_picked":["Gatherer:GatherMaterial","Gatherer:WoolGloves"],"picked":"Gatherer:SealedBomb","floor":46},{"not_picked":["Gatherer:DrugPower","Gatherer:BambuSword+1","Gatherer:WoolGloves"],"picked":"SKIP","floor":47},{"not_picked":["Gatherer:FruitForce","Gatherer:CollectorsShot+1"],"picked":"Gatherer:ScherryThrow+1","floor":49}],"player_experience":485311,"relics_obtained":[{"floor":9,"key":"Pear"},{"floor":26,"key":"Lantern"},{"floor":41,"key":"Gambling Chip"},{"floor":43,"key":"Ancient Tea Set"}],"event_choices":[{"cards_removed":["Gatherer:Strike_Gatherer"],"damage_healed":0,"gold_gain":0,"player_choice":"Offered Basic","damage_taken":0,"max_hp_gain":0,"max_hp_loss":0,"event_name":"Bonfire Elementals","floor":5,"gold_loss":0},{"cards_removed":["Gatherer:Strike_Gatherer"],"damage_healed":0,"gold_gain":0,"player_choice":"Card Removal","damage_taken":7,"max_hp_gain":0,"max_hp_loss":0,"event_name":"Golden Wing","floor":14,"gold_loss":0},{"damage_healed":0,"gold_gain":0,"player_choice":"Gave Potion","damage_taken":0,"relics_obtained":["Frozen Egg 2"],"max_hp_gain":0,"max_hp_loss":0,"event_name":"WeMeetAgain","floor":21,"gold_loss":0},{"damage_healed":0,"gold_gain":0,"player_choice":"Smashed Altar","damage_taken":0,"max_hp_gain":0,"max_hp_loss":0,"event_name":"Forgotten Altar","floor":24,"gold_loss":0,"cards_obtained":["Decay"]},{"cards_removed":["Decay"],"damage_healed":0,"gold_gain":0,"player_choice":"Took Card","damage_taken":0,"max_hp_gain":0,"max_hp_loss":0,"event_name":"NoteForYourself","floor":25,"gold_loss":0,"cards_obtained":["Strike_B"]},{"damage_healed":0,"gold_gain":100,"player_choice":"Pray","damage_taken":0,"max_hp_gain":0,"max_hp_loss":0,"event_name":"Golden Shrine","floor":37,"gold_loss":0},{"damage_healed":0,"gold_gain":0,"player_choice":"Paid","damage_taken":0,"relics_obtained":["Red Mask"],"max_hp_gain":0,"max_hp_loss":0,"event_name":"Tomb of Lord Red Mask","floor":48,"gold_loss":73}],"is_beta":false,"boss_relics":[{"not_picked":["Coffee Dripper","Sozu"],"picked":"SlaversCollar"},{"not_picked":["Gatherer:ExplorersPath","Cursed Key"],"picked":"Empty Cage"}],"items_purged_floors":[19],"is_endless":false,"potions_floor_spawned":[3,10,12,16,23,27,33,35,39,45,46],"killed_by":"Donu and Deca","ascension_level":0}}