{"host":"o0q01dgb4z8zpo6o","time":1610148890,"event":{"mods":["BaseMod","GifTheSpireLib","Minty Spire (QoL Compilation)","Relic Stats","StSLib"],"gold_per_floor":[109,122,122,136,147,147,178,178,201,212,244,244,244,259,259,333,333,350,375,375,375,391,391,391,391],"floor_reached":24,"playtime":1355,"items_purged":[],"score":450,"play_id":"267f4674-ac52-409b-8ff2-1b24795a5cbe","local_time":"20210108153450","is_ascension_mode":true,"campfire_choices":[{"data":"Buffer","floor":6.0,"key":"SMITH"},{"data":"Coolheaded","floor":8.0,"key":"SMITH"},{"data":"Zap","floor":12.0,"key":"SMITH"},{"data":"Dualcast","floor":15.0,"key":"SMITH"},{"floor":23,"key":"REST"}],"circlet_count":0,"master_deck":["AscendersBane","Strike_B+1","Defend_B","Zap+1","Dualcast+1","Beam Cell+1","Go for the Eyes","Buffer+1","Coolheaded+1","Glacier","White Noise","All For One","Capacitor","Rainbow","All For One+1","Creative AI+1","Seek+1","Steam","Loop","Chill"],"relics":["Cracked Core","Bronze Scales","Pen Nib","Whetstone","Dream Catcher","Astrolabe","Red Mask"],"acts_visited":["Exordium","TheCity"],"potions_floor_usage":[24],"damage_taken":[{"damage":1.0,"enemies":"Cultist","floor":1.0,"turns":4.0},{"damage":1.0,"enemies":"2 Louse","floor":2.0,"turns":2.0},{"damage":7.0,"enemies":"Jaw Worm","floor":4.0,"turns":2.0},{"damage":0.0,"enemies":"Large Slime","floor":5.0,"turns":8.0},{"damage":6.0,"enemies":"3 Sentries","floor":7.0,"turns":11.0},{"damage":0.0,"enemies":"Looter","floor":10.0,"turns":3.0},{"damage":0.0,"enemies":"Lagavulin","floor":11.0,"turns":7.0},{"damage":1.0,"enemies":"Exordium Thugs","floor":14.0,"turns":4.0},{"damage":9.0,"enemies":"The Guardian","floor":16.0,"turns":10.0},{"damage":0.0,"enemies":"Chosen","floor":18.0,"turns":3.0},{"damage":48.0,"enemies":"Masked Bandits","floor":19.0,"turns":4.0},{"damage":0.0,"enemies":"Spheric Guardian","floor":22.0,"turns":3.0},{"damage":50,"enemies":"Slavers","floor":24,"turns":5}],"seed_played":"3283176940443331368","potions_obtained":[{"floor":1.0,"key":"EssenceOfSteel"},{"floor":10.0,"key":"SteroidPotion"},{"floor":11.0,"key":"PowerPotion"},{"floor":16.0,"key":"Fruit Juice"},{"floor":19.0,"key":"DuplicationPotion"}],"is_trial":false,"path_per_floor":["M","M","?","M","M","R","E","R","T","M","E","R","?","M","R","B",null,"M","?","?","?","M","R","E"],"character_chosen":"DEFECT","items_purchased":[],"campfire_rested":1,"item_purchase_floors":[],"current_hp_per_floor":[63,62,62,55,55,55,49,49,49,49,49,49,54,53,53,44,68,68,20,20,20,25,49,0,0],"gold":391,"neow_bonus":"RANDOM_COMMON_RELIC","is_daily":false,"chose_seed":false,"campfire_upgraded":4,"win_rate":0.0,"timestamp":1610148890,"path_taken":["M","?","?","M","M","R","E","R","T","M","E","R","?","?","R","BOSS","M","?","?","?","?","R","E"],"items_purchased_type":[],"build_version":"2020-12-22","purchased_purges":0,"victory":false,"max_hp_per_floor":[71,71,71,71,71,71,71,71,71,71,71,71,76,76,76,76,76,76,76,76,76,81,81,81,81],"relic_stats":{"Dream Catcher":1,"counters":[13,66],"Bronze Scales":[171],"Astrolabe":["All For One","Creative AI","Seek"],"Pen Nib":[5],"Whetstone":["Beam Cell","Strike_B"],"obtain_stats":[{"Dream Catcher":11,"Bronze Scales":0,"Astrolabe":17,"Pen Nib":7,"Red Mask":19,"Whetstone":9,"Cracked Core":0},{"Dream Catcher":7,"Bronze Scales":0,"Astrolabe":9,"Pen Nib":5,"Red Mask":11,"Whetstone":5,"Cracked Core":0},{"Dream Catcher":37,"Bronze Scales":0,"Astrolabe":51,"Pen Nib":27,"Red Mask":58,"Whetstone":27,"Cracked Core":0}]},"card_choices":[{"not_picked":["Stack","Scrape"],"picked":"Beam Cell","floor":1.0},{"not_picked":["Steam","Conserve Battery"],"picked":"Go for the Eyes","floor":2.0},{"not_picked":["Tempest","Static Discharge"],"picked":"Coolheaded","floor":4.0},{"not_picked":["Barrage","Reboot"],"picked":"Glacier","floor":5.0},{"not_picked":["Genetic Algorithm","Streamline","Redo"],"picked":"SKIP","floor":7.0},{"not_picked":["Barrage","Conserve Battery"],"picked":"White Noise","floor":10.0},{"not_picked":["Hello World","Redo"],"picked":"All For One","floor":11.0},{"not_picked":["Conserve Battery","Auto Shields"],"picked":"Capacitor","floor":14.0},{"not_picked":["Machine Learning","Fission"],"picked":"Rainbow","floor":16.0},{"not_picked":["BootSequence","Rebound+1"],"picked":"Steam","floor":18.0},{"not_picked":["Conserve Battery","Compile Driver"],"picked":"Loop","floor":22},{"not_picked":["Reprogram","Beam Cell"],"picked":"Chill","floor":23}],"player_experience":1075477,"relics_obtained":[{"floor":7.0,"key":"Pen Nib"},{"floor":9.0,"key":"Whetstone"},{"floor":11.0,"key":"Dream Catcher"},{"floor":19.0,"key":"Red Mask"}],"event_choices":[{"damage_healed":0.0,"max_hp_gain":0.0,"max_hp_loss":0.0,"gold_gain":0.0,"cards_transformed":["Strike_B"],"event_name":"Living Wall","player_choice":"Change","floor":3.0,"gold_loss":0.0,"damage_taken":0.0,"cards_obtained":["Buffer"]},{"damage_healed":0.0,"max_hp_gain":5.0,"max_hp_loss":0.0,"gold_gain":0.0,"event_name":"Big Fish","player_choice":"Donut","floor":13.0,"gold_loss":0.0,"damage_taken":0.0},{"damage_healed":0.0,"max_hp_gain":0.0,"max_hp_loss":0.0,"gold_gain":0.0,"event_name":"Masked Bandits","player_choice":"Fought Bandits","floor":19.0,"gold_loss":0.0,"damage_taken":0.0},{"cards_removed":["Defend_B"],"damage_healed":0.0,"max_hp_gain":0.0,"max_hp_loss":0.0,"gold_gain":0.0,"event_name":"Back to Basics","player_choice":"Elegance","floor":20.0,"gold_loss":0.0,"damage_taken":0.0},{"cards_removed":["Defend_B"],"damage_healed":0.0,"max_hp_gain":0.0,"max_hp_loss":0.0,"gold_gain":0.0,"event_name":"Purifier","player_choice":"Purged","floor":21.0,"gold_loss":0.0,"damage_taken":0.0}],"is_beta":false,"boss_relics":[{"not_picked":["Tiny House","Nuclear Battery"],"picked":"Astrolabe"}],"items_purged_floors":[],"is_endless":false,"potions_floor_spawned":[1,10,11,14,16,19],"killed_by":"Slavers","ascension_level":19}}