{"host":"gpkbl0cayp7vm3va","time":1610135482,"event":{"mods":["BaseMod","Bestiary","Colored Map","Curses Come First","Downfall","Highlight Path","Minty Spire (QoL Compilation)","Replay The Spire","Robot Space Explorer","StSLib","The Animator"],"gold_per_floor":[112,128,192,192,192,231,231,274,274,318,318,318,318,318,349,370,370,498,598,614,539,562,576,360,396,396,416,416,437,472,472,515,534,534,657,657,678,701,507,522,522,522,555,555,625,650,683,683,698,737,737,737,737,737,520,558,558],"floor_reached":58,"playtime":5333,"items_purged":["ReplayTheSpireMod:Doomed","RobotSpaceExplorer:Defend+1"],"score":1527,"play_id":"0a241ef4-0102-4dcb-b1d8-bdc78dc88032","local_time":"20210108125122","is_ascension_mode":true,"campfire_choices":[{"floor":7,"key":"REST"},{"floor":12,"key":"REST"},{"floor":17,"key":"REST"},{"data":"RobotSpaceExplorer:PowerCollector","floor":31,"key":"SMITH"},{"data":"RobotSpaceExplorer:ExhaustFan","floor":34,"key":"SMITH"},{"data":"ReplayUltimateDefense","floor":42,"key":"SMITH"},{"data":"RobotSpaceExplorer:LaserBurst","floor":44,"key":"SMITH"},{"data":"RobotSpaceExplorer:MiniLasers","floor":48,"key":"SMITH"},{"floor":51,"key":"RECALL"},{"data":"RobotSpaceExplorer:TrailblazerForm","floor":54,"key":"SMITH"}],"circlet_count":0,"master_deck":["RobotSpaceExplorer:Strike+1","RobotSpaceExplorer:Strike+1","RobotSpaceExplorer:Strike+1","RobotSpaceExplorer:Defend+1","RobotSpaceExplorer:Defend+1","RobotSpaceExplorer:Defend+1","RobotSpaceExplorer:Scan","RobotSpaceExplorer:MiniLasers+1","RobotSpaceExplorer:SurgingStrike","RobotSpaceExplorer:StunGrenade","RobotSpaceExplorer:DroneSwarm","RobotSpaceExplorer:PowerCollector+1","RobotSpaceExplorer:FreezeRay","RobotSpaceExplorer:StunGrenade","RobotSpaceExplorer:Electropulse","RobotSpaceExplorer:Autoloader","RobotSpaceExplorer:ExhaustFan+1","RobotSpaceExplorer:ScrapToss","RobotSpaceExplorer:Fix+1","RobotSpaceExplorer:Fix","RobotSpaceExplorer:DroneSwarm","RobotSpaceExplorer:StunGrenade+1","RobotSpaceExplorer:MiniDrones","RobotSpaceExplorer:LuckyStrike","RobotSpaceExplorer:DualCore+1","RobotSpaceExplorer:TrailblazerForm+1","AbeCurse","RobotSpaceExplorer:LuckyStrike+1","RobotSpaceExplorer:GlueShot","RobotSpaceExplorer:StarDust","RobotSpaceExplorer:LaserBurst+1","ReplayUltimateDefense+1","RobotSpaceExplorer:Probe+1","RobotSpaceExplorer:FreezeRay","RobotSpaceExplorer:ScrapMissile+1","RobotSpaceExplorer:MiniDrones+1","RobotSpaceExplorer:Probe+1","RobotSpaceExplorer:LaserBurst+1","RobotSpaceExplorer:LaserBurst+1","Violence+1","RobotSpaceExplorer:ScrapToss+1"],"relics":["Runic Dome","Gremlin Horn","Golden Idol","Replay:Bottled Flurry","Shuriken","PreservedInsect","Ring of Searing","Ring of Fury","Odd Mushroom","Replay:Wanted Poster","Medical Kit","Mango","ReplayTheSpireMod:Ninjato","The Courier","Replay:Ringing Soul","Replay:Grab Bag","Painkiller Herb","Abe\u0027s Treasure","Black Star","BargainBundle","Blood Vial","Letter Opener","Chameleon Ring","Golden Egg","Bottled Lightning","Replay:Rubber Ducky","RobotSpaceExplorer:RingOfTheNewt","StoneCalendar","CaptainsWheel"],"acts_visited":["Exordium","TheCity","TheBeyond","TheEnding"],"potions_floor_usage":[6,15,25,25,32,35,35,43,50,57,57,57],"damage_taken":[{"damage":3,"enemies":"Jaw Worm","floor":1,"turns":4},{"damage":0,"enemies":"2 Louse","floor":2,"turns":3},{"damage":23,"enemies":"Lagavulin","floor":6,"turns":7},{"damage":6,"enemies":"Replay:BlueRogue","floor":8,"turns":5},{"damage":16,"enemies":"Gremlin Nob","floor":10,"turns":5},{"damage":4,"enemies":"The Mushroom Lair","floor":15,"turns":3},{"damage":2,"enemies":"Small Slimes","floor":16,"turns":2},{"damage":10,"enemies":"The Guardian","floor":18,"turns":8},{"damage":16,"enemies":"Chosen","floor":20,"turns":3},{"damage":5,"enemies":"Spheric Guardian","floor":22,"turns":3},{"damage":19,"enemies":"Snake Plant","floor":23,"turns":4},{"damage":14,"enemies":"Slavers","floor":25,"turns":3},{"damage":0,"enemies":"3 Cultists","floor":27,"turns":3},{"damage":10,"enemies":"Centurion and Healer","floor":29,"turns":3},{"damage":18,"enemies":"Book of Stabbing","floor":30,"turns":5},{"damage":0,"enemies":"Gremlin Leader","floor":32,"turns":3},{"damage":27,"enemies":"Snake Plant","floor":33,"turns":4},{"damage":10,"enemies":"Pondfish","floor":35,"turns":5},{"damage":10,"enemies":"3 Darklings","floor":37,"turns":3},{"damage":5,"enemies":"Orb Walker","floor":38,"turns":2},{"damage":20,"enemies":"Transient","floor":40,"turns":5},{"damage":9,"enemies":"Reptomancer","floor":43,"turns":3},{"damage":33,"enemies":"4 Shapes","floor":46,"turns":3},{"damage":0,"enemies":"Nemesis","floor":47,"turns":5},{"damage":11,"enemies":"Writhing Mass","floor":49,"turns":3},{"damage":13,"enemies":"R_Hoarder","floor":50,"turns":4},{"damage":2,"enemies":"Replay:Hell Engine","floor":52,"turns":6},{"damage":41,"enemies":"Shield and Spear","floor":56,"turns":3},{"damage":8,"enemies":"The Heart","floor":57,"turns":5}],"seed_played":"1279701387448099427","potions_obtained":[{"floor":1,"key":"Elixir"},{"floor":3,"key":"SneckoOil"},{"floor":10,"key":"GamblersBrew"},{"floor":16,"key":"Toxic Potion"},{"floor":22,"key":"AttackPotion"},{"floor":25,"key":"SteroidPotion"},{"floor":27,"key":"Adrenaline Potion"},{"floor":29,"key":"Fire Potion"},{"floor":30,"key":"FearPotion"},{"floor":33,"key":"GamblersBrew"},{"floor":37,"key":"SteroidPotion"},{"floor":47,"key":"AttackPotion"},{"floor":49,"key":"DuplicationPotion"}],"is_trial":false,"path_per_floor":["M","M","?","?","?","E","R","E","T","E","?","R","PTL","PTL","?","M","R_BF","B",null,"M","$","M","M","$","E","?","M","T","M","E","R","E","M","R","B",null,"?","?","T","?","?","T","E","T","T","?","E","T","?","E","T","B",null,"T","T","E","B",null],"character_chosen":"RobotSpaceExplorer","items_purchased":["RobotSpaceExplorer:Fix","Medical Kit","BargainBundle","PowerPotion","SkillPotion","RobotSpaceExplorer:StarDust","RobotSpaceExplorer:LaserBurst","ReplayUltimateDefense","RobotSpaceExplorer:LaserBurst","Violence","Dexterity Potion"],"campfire_rested":3,"item_purchase_floors":[24,24,39,39,39,39,39,39,55,55,55],"current_hp_per_floor":[72,72,42,24,24,1,23,17,17,1,1,23,23,23,19,17,39,29,75,59,59,54,35,35,39,39,43,43,37,29,29,35,21,21,24,98,95,93,96,85,85,85,76,76,76,54,65,65,59,57,57,67,122,122,125,87,87],"gold":558,"neow_bonus":"BOSS_RELIC","is_daily":false,"chose_seed":false,"campfire_upgraded":6,"win_rate":0.0,"timestamp":1610135482,"path_taken":["M","M","?","?","?","E","R","E","T","E","?","R","PTL","PTL","?","?","R_BF","BOSS","M","?","M","M","$","E","?","?","T","M","E","R","E","M","R","BOSS","?","?","T","?","?","T","E","T","T","?","E","T","?","E","T","BOSS","T","T","E","BOSS"],"items_purchased_type":["Card","Relic","Relic","Potion","Potion","Card","Card","Card","Card","Card","Potion"],"build_version":"2020-12-22","purchased_purges":2,"victory":true,"max_hp_per_floor":[75,75,75,75,75,75,75,75,75,75,75,75,75,75,75,75,75,75,75,75,75,75,75,75,89,89,89,89,89,89,89,89,92,92,95,98,101,104,107,110,110,110,110,110,110,113,116,116,119,122,122,122,122,122,125,128,128],"card_choices":[{"not_picked":["RobotSpaceExplorer:ShovelStrike","RobotSpaceExplorer:SelfCleaning"],"picked":"RobotSpaceExplorer:SurgingStrike","floor":1},{"not_picked":["RobotSpaceExplorer:SlimeMissile","RobotSpaceExplorer:FreezingShield"],"picked":"RobotSpaceExplorer:StunGrenade","floor":2},{"not_picked":["RobotSpaceExplorer:FranticSearch","RobotSpaceExplorer:FreezeRay"],"picked":"RobotSpaceExplorer:DroneSwarm","floor":6},{"not_picked":["RobotSpaceExplorer:GlueShot","RobotSpaceExplorer:Pulsar"],"picked":"RobotSpaceExplorer:PowerCollector","floor":8},{"not_picked":["RobotSpaceExplorer:Counterblock","RobotSpaceExplorer:Ammunition"],"picked":"RobotSpaceExplorer:FreezeRay","floor":10},{"not_picked":["RobotSpaceExplorer:TurboDodge","RobotSpaceExplorer:ScrapMissile"],"picked":"RobotSpaceExplorer:StunGrenade","floor":15},{"not_picked":["RobotSpaceExplorer:FrostMissile","RobotSpaceExplorer:Pulsar"],"picked":"RobotSpaceExplorer:Electropulse","floor":16},{"not_picked":["RobotSpaceExplorer:Explosion","RobotSpaceExplorer:BlastShield"],"picked":"RobotSpaceExplorer:Autoloader","floor":18},{"not_picked":["RobotSpaceExplorer:SlimeMissile","RobotSpaceExplorer:StunGrenade"],"picked":"RobotSpaceExplorer:ExhaustFan","floor":20},{"not_picked":["RobotSpaceExplorer:Ammunition","RobotSpaceExplorer:Probe"],"picked":"RobotSpaceExplorer:ScrapToss","floor":22},{"not_picked":["RobotSpaceExplorer:Counterblock+1","RobotSpaceExplorer:LuckyStrike+1"],"picked":"RobotSpaceExplorer:Fix+1","floor":23},{"not_picked":["RobotSpaceExplorer:StarDust","RobotSpaceExplorer:LuckyStrike"],"picked":"RobotSpaceExplorer:DroneSwarm","floor":25},{"not_picked":["RobotSpaceExplorer:Jetpack+1","RobotSpaceExplorer:ShockKick"],"picked":"RobotSpaceExplorer:StunGrenade+1","floor":27},{"not_picked":["RobotSpaceExplorer:Probe","RobotSpaceExplorer:FrostMissile"],"picked":"RobotSpaceExplorer:MiniDrones","floor":29},{"not_picked":["RobotSpaceExplorer:ScrapMissile","RobotSpaceExplorer:Counterblock"],"picked":"RobotSpaceExplorer:LuckyStrike","floor":30},{"not_picked":["RobotSpaceExplorer:FrostMissile","RobotSpaceExplorer:Ammunition","RobotSpaceExplorer:TurboDodge"],"picked":"SKIP","floor":32},{"not_picked":["RobotSpaceExplorer:Smokescreen","RobotSpaceExplorer:GlueShot"],"picked":"RobotSpaceExplorer:DualCore+1","floor":33},{"not_picked":["RobotSpaceExplorer:Multitool","RobotSpaceExplorer:DroneSwarm"],"picked":"RobotSpaceExplorer:TrailblazerForm","floor":35},{"not_picked":["RobotSpaceExplorer:Ammunition+1","RobotSpaceExplorer:PowerGlove+1"],"picked":"RobotSpaceExplorer:LuckyStrike+1","floor":37},{"not_picked":["RobotSpaceExplorer:ToxicBomb","RobotSpaceExplorer:ShovelStrike"],"picked":"RobotSpaceExplorer:GlueShot","floor":38},{"not_picked":["RobotSpaceExplorer:Ammunition","RobotSpaceExplorer:Blitz+1"],"picked":"RobotSpaceExplorer:Probe+1","floor":40},{"not_picked":["RobotSpaceExplorer:BigMissile+1","RobotSpaceExplorer:GlueShot+1","RobotSpaceExplorer:StarDust"],"picked":"SKIP","floor":43},{"not_picked":["RobotSpaceExplorer:ScrapShield","RobotSpaceExplorer:SlimeMissile+1"],"picked":"RobotSpaceExplorer:FreezeRay","floor":46},{"not_picked":["RobotSpaceExplorer:ToxicBomb+1","RobotSpaceExplorer:DoubleBlock+1"],"picked":"RobotSpaceExplorer:ScrapMissile+1","floor":47},{"not_picked":["RobotSpaceExplorer:GearShield","RobotSpaceExplorer:DoubleFind"],"picked":"RobotSpaceExplorer:MiniDrones+1","floor":49},{"not_picked":["RobotSpaceExplorer:SlimeMissile+1","RobotSpaceExplorer:Reload"],"picked":"RobotSpaceExplorer:Probe+1","floor":50},{"not_picked":["RobotSpaceExplorer:PlasmaMissile","RobotSpaceExplorer:SlimeMissile+1"],"picked":"RobotSpaceExplorer:ScrapToss+1","floor":56}],"player_experience":792813,"relics_obtained":[{"floor":3,"key":"Gremlin Horn"},{"floor":6,"key":"Replay:Bottled Flurry"},{"floor":8,"key":"Shuriken"},{"floor":10,"key":"PreservedInsect"},{"floor":11,"key":"Ring of Searing"},{"floor":11,"key":"Ring of Fury"},{"floor":15,"key":"Odd Mushroom"},{"floor":25,"key":"Mango"},{"floor":28,"key":"ReplayTheSpireMod:Ninjato"},{"floor":30,"key":"The Courier"},{"floor":32,"key":"Replay:Ringing Soul"},{"floor":43,"key":"Blood Vial"},{"floor":43,"key":"Letter Opener"},{"floor":45,"key":"Chameleon Ring"},{"floor":47,"key":"Golden Egg"},{"floor":47,"key":"Bottled Lightning"},{"floor":50,"key":"Replay:Rubber Ducky"},{"floor":50,"key":"RobotSpaceExplorer:RingOfTheNewt"},{"floor":56,"key":"StoneCalendar"},{"floor":56,"key":"CaptainsWheel"}],"event_choices":[{"damage_healed":0,"gold_gain":0,"player_choice":"Take Damage","damage_taken":18,"relics_obtained":["Golden Idol"],"max_hp_gain":0,"max_hp_loss":0,"event_name":"Golden Idol","floor":4,"gold_loss":0},{"damage_healed":0,"gold_gain":0,"player_choice":"Fought Mushrooms","damage_taken":0,"max_hp_gain":0,"max_hp_loss":0,"event_name":"Mushrooms","floor":15,"gold_loss":0},{"damage_healed":0,"gold_gain":0,"player_choice":"Simplicity","damage_taken":0,"max_hp_gain":0,"max_hp_loss":0,"event_name":"Back to Basics","floor":26,"gold_loss":0,"cards_upgraded":["RobotSpaceExplorer:Strike","RobotSpaceExplorer:Strike","RobotSpaceExplorer:Strike","RobotSpaceExplorer:Strike","RobotSpaceExplorer:Defend","RobotSpaceExplorer:Defend","RobotSpaceExplorer:Defend","RobotSpaceExplorer:Defend"]},{"cards_removed":["RobotSpaceExplorer:Strike"],"damage_healed":0,"gold_gain":0,"player_choice":"Removed Attack","damage_taken":0,"max_hp_gain":0,"max_hp_loss":0,"event_name":"Falling","floor":41,"gold_loss":0}],"is_beta":false,"boss_relics":[{"not_picked":["Philosopher\u0027s Stone","Replay:Ancient Bell"],"picked":"Replay:Wanted Poster"},{"not_picked":["Fusion Hammer","Honey Jar"],"picked":"Replay:Grab Bag"},{"not_picked":["Coffee Dripper","Velvet Choker"],"picked":"Painkiller Herb"},{"not_picked":["Sozu","ReplayTheSpireMod:DimensionalGlitch"],"picked":"Abe\u0027s Treasure"},{"not_picked":["SlaversCollar","RobotSpaceExplorer:Reprocessor"],"picked":"Black Star"}],"items_purged_floors":[21,39],"is_endless":false,"potions_floor_spawned":[1,10,16,22,25,27,29,30,33,37,47,49,56],"ascension_level":1}}