{"host":"qdfumeom6htv8yxl","time":1610129590,"event":{"mods":["AchievementEnabler","BaseMod","Bestiary","Block Reminder","Minty Spire (QoL Compilation)","Quick Restart","Relic Stats"],"gold_per_floor":[117,117,267,267,283,283,317,335,359,359,369,383,413,425,425,502,552,571,471,471],"floor_reached":19,"playtime":695,"items_purged":[],"score":408,"play_id":"def46e08-b909-4168-a484-b8669158219e","local_time":"20210108121310","is_ascension_mode":true,"campfire_choices":[{"data":"Choke","floor":6.0,"key":"SMITH"},{"data":"Accuracy","floor":10.0,"key":"SMITH"},{"data":"Blade Dance","floor":15.0,"key":"SMITH"}],"circlet_count":0,"master_deck":["AscendersBane","Strike_G","Strike_G","Strike_G","Strike_G","Strike_G","Defend_G+1","Defend_G","Defend_G","Defend_G","Defend_G","Survivor","Neutralize","Choke+1","Accuracy+1","Blade Dance+1","Cloak And Dagger","Dagger Spray","Finisher","Malaise","Backstab","Envenom","Acrobatics"],"relics":["Ring of the Snake","NeowsBlessing","Anchor","Tiny Chest","Calipers","Tiny House"],"acts_visited":["Exordium","TheCity"],"potions_floor_usage":[16,16],"damage_taken":[{"damage":0.0,"enemies":"2 Louse","floor":1.0,"turns":1.0},{"damage":0.0,"enemies":"Small Slimes","floor":5.0,"turns":1.0},{"damage":0.0,"enemies":"Gremlin Nob","floor":7.0,"turns":1.0},{"damage":0.0,"enemies":"Cultist","floor":8.0,"turns":3.0},{"damage":3.0,"enemies":"Blue Slaver","floor":11.0,"turns":5.0},{"damage":0.0,"enemies":"Exordium Wildlife","floor":12.0,"turns":3.0},{"damage":19.0,"enemies":"Lagavulin","floor":13.0,"turns":6.0},{"damage":0.0,"enemies":"2 Fungi Beasts","floor":14.0,"turns":2.0},{"damage":30,"enemies":"Slime Boss","floor":16,"turns":9},{"damage":41,"enemies":"Shell Parasite","floor":18,"turns":7},{"damage":37,"enemies":"2 Thieves","floor":19,"turns":3}],"seed_played":"-7757654100059373770","potions_obtained":[{"floor":1.0,"key":"Swift Potion"},{"floor":5.0,"key":"Energy Potion"},{"floor":11.0,"key":"GhostInAJar"},{"floor":17,"key":"DuplicationPotion"}],"is_trial":false,"path_per_floor":["M","?","?","?","M","R","E","M","T","R","M","M","E","M","R","B",null,"M","M"],"character_chosen":"THE_SILENT","items_purchased":[],"campfire_rested":0,"item_purchase_floors":[],"current_hp_per_floor":[59,64,64,64,64,64,64,64,64,64,61,61,42,42,42,12,61,20,0,0],"gold":471,"neow_bonus":"THREE_ENEMY_KILL","is_daily":false,"chose_seed":false,"campfire_upgraded":3,"win_rate":0.0,"timestamp":1610129590,"path_taken":["M","?","?","?","M","R","E","M","T","R","?","M","E","M","R","BOSS","M","M"],"items_purchased_type":[],"build_version":"2020-12-22","purchased_purges":0,"victory":false,"max_hp_per_floor":[66,71,71,71,71,71,71,71,71,71,71,71,71,71,71,71,76,76,76,76],"relic_stats":{"counters":[11,41],"Tiny Chest":0,"obtain_stats":[{"Anchor":7,"Calipers":13,"Tiny House":17,"NeowsBlessing":0,"Tiny Chest":9,"Ring of the Snake":0},{"Anchor":3,"Calipers":7,"Tiny House":9,"NeowsBlessing":0,"Tiny Chest":4,"Ring of the Snake":0},{"Anchor":3,"Calipers":20,"Tiny House":31,"NeowsBlessing":0,"Tiny Chest":6,"Ring of the Snake":0}],"Ring of the Snake":[22]},"card_choices":[{"not_picked":["Caltrops","Underhanded Strike"],"picked":"Choke","floor":1.0},{"not_picked":["Quick Slash","Sucker Punch"],"picked":"Accuracy","floor":5.0},{"not_picked":["Eviscerate","Reflex"],"picked":"Blade Dance","floor":7.0},{"not_picked":["Underhanded Strike","Prepared"],"picked":"Cloak And Dagger","floor":8.0},{"not_picked":["Wraith Form v2","Underhanded Strike"],"picked":"Dagger Spray","floor":11.0},{"not_picked":["Escape Plan","Deflect"],"picked":"Finisher","floor":12.0},{"not_picked":["Eviscerate","Dagger Throw"],"picked":"Malaise","floor":13.0},{"not_picked":["Concentrate","Riddle With Holes"],"picked":"Backstab","floor":14.0},{"not_picked":["Malaise","Bullet Time"],"picked":"Envenom","floor":16},{"not_picked":["Deadly Poison","Reflex"],"picked":"Acrobatics","floor":17},{"not_picked":["Reflex","Deadly Poison","Slice"],"picked":"SKIP","floor":18}],"player_experience":1743232,"relics_obtained":[{"floor":7.0,"key":"Anchor"},{"floor":9.0,"key":"Tiny Chest"},{"floor":13.0,"key":"Calipers"}],"event_choices":[{"damage_healed":0.0,"max_hp_gain":5.0,"max_hp_loss":0.0,"gold_gain":0.0,"event_name":"Big Fish","player_choice":"Donut","floor":2.0,"gold_loss":0.0,"damage_taken":0.0},{"damage_healed":0.0,"max_hp_gain":0.0,"max_hp_loss":0.0,"gold_gain":150.0,"event_name":"Liars Game","player_choice":"AGREE","floor":3.0,"gold_loss":0.0,"damage_taken":0.0,"cards_obtained":["Doubt"]},{"cards_removed":["Doubt"],"damage_healed":0.0,"max_hp_gain":0.0,"max_hp_loss":0.0,"gold_gain":0.0,"event_name":"Fountain of Cleansing","player_choice":"Removed Curses","floor":4.0,"gold_loss":0.0,"damage_taken":0.0}],"is_beta":false,"boss_relics":[{"not_picked":["SacredBark","Velvet Choker"],"picked":"Tiny House"}],"items_purged_floors":[],"is_endless":false,"potions_floor_spawned":[1,5,11,12],"killed_by":"2 Thieves","ascension_level":20}}