{"host":"o97o7ui5vncz1kje","time":1610123361,"event":{"mods":["Arknights The Spire","BaseMod","Better Third Choice","Minty Spire (QoL Compilation)","StSLib"],"gold_per_floor":[115,115,132,147,147,173,173,187,234,234,234,259,292,23,23,127,127,141,141,155,155,173,173,173,173,173,173,189,66,77,92,92,92,92],"floor_reached":33,"playtime":1654,"items_purged":[],"score":365,"play_id":"bb4a1cf3-cee3-4c00-a625-c46a5caff470","local_time":"20210109002921","daily_mods":["Heirloom","Flight"],"is_ascension_mode":false,"campfire_choices":[{"floor":7,"key":"REST"},{"floor":10,"key":"REST"},{"floor":11,"key":"REST"},{"floor":15,"key":"REST"},{"floor":23,"key":"REST"},{"floor":24,"key":"REST"},{"data":"ats:Explosion Area Strengthen","floor":25,"key":"SMITH"},{"data":"ats:Rapid Magazine","floor":27,"key":"SMITH"},{"floor":32,"key":"REST"}],"circlet_count":0,"master_deck":["ats:Strike C","ats:Strike G","ats:Strike S","ats:Strike V","ats:Armor Crushing Shot+1","ats:Defend","ats:Defend","ats:Defend","ats:Defend","ats:Emotion Absorption+1","ats:Leaping Hammer","ats:Hammer On","ats:Apocalypse+1","ats:Poison Spread","ats:Magnetic Hammer","ats:Rapid Magazine+1","ats:Soul Rend","ats:Explosion Area Strengthen+1","ats:Revitalization+1","ats:Shadow Raid"],"relics":["ats:Sanity","Dead Branch","ats:Originium","Letter Opener","Orichalcum","ats:Berate","Toy Ornithopter","Membership Card","Meat on the Bone","SlaversCollar","Gremlin Horn","ats:Ability Aura","Kunai"],"acts_visited":["Exordium","TheCity"],"potions_floor_usage":[16,22,30],"damage_taken":[{"damage":2,"enemies":"Jaw Worm","floor":1,"turns":5},{"damage":9,"enemies":"Cultist","floor":3,"turns":4},{"damage":5,"enemies":"2 Louse","floor":4,"turns":3},{"damage":50,"enemies":"Lagavulin","floor":6,"turns":6},{"damage":8,"enemies":"Red Slaver","floor":8,"turns":3},{"damage":11,"enemies":"Gremlin Nob","floor":12,"turns":5},{"damage":21,"enemies":"3 Sentries","floor":13,"turns":8},{"damage":39,"enemies":"The Guardian","floor":16,"turns":10},{"damage":22,"enemies":"Spheric Guardian","floor":18,"turns":5},{"damage":16,"enemies":"Chosen","floor":20,"turns":5},{"damage":39,"enemies":"Sentry and Sphere","floor":22,"turns":8},{"damage":45,"enemies":"Snake Plant","floor":28,"turns":6},{"damage":36,"enemies":"3 Cultists","floor":30,"turns":6},{"damage":32,"enemies":"Centurion and Healer","floor":31,"turns":9},{"damage":107,"enemies":"Collector","floor":33,"turns":8}],"seed_played":"6021763222388631021","potions_obtained":[{"floor":8,"key":"SteroidPotion"},{"floor":13,"key":"Energy Potion"},{"floor":16,"key":"CultistPotion"},{"floor":18,"key":"SmokeBomb"},{"floor":28,"key":"SpeedPotion"}],"is_trial":true,"path_per_floor":["M","?","M","M","?","E","R","M","T","R","R","E","E","$","R","B",null,"M","?","M","$","M","R","R","R","T","R","M","$","M","M","R","B"],"character_chosen":"DOCTOR_CLASS","items_purchased":["Membership Card","Meat on the Bone","Kunai"],"campfire_rested":7,"item_purchase_floors":[14,14,29],"current_hp_per_floor":[70,70,61,56,42,2,23,20,20,41,62,51,35,35,56,44,72,50,50,39,39,27,48,69,69,69,69,47,47,38,45,66,0,0],"gold":92,"neow_bonus":"","is_daily":false,"chose_seed":false,"campfire_upgraded":2,"win_rate":0.0,"timestamp":1610123361,"path_taken":["M","?","M","?","?","E","R","M","T","R","R","E","E","$","R","BOSS","M","?","M","$","?","R","R","R","T","R","M","?","M","M","R","BOSS"],"items_purchased_type":["Relic","Relic","Relic"],"build_version":"2020-12-22","purchased_purges":0,"victory":false,"max_hp_per_floor":[72,72,72,72,72,72,72,72,72,72,72,72,72,72,72,72,72,72,72,72,72,72,72,72,72,72,72,72,72,72,72,72,72,72],"card_choices":[{"not_picked":["ats:Flexible Camouflage","ats:Childhood Dance"],"picked":"ats:Leaping Hammer","floor":1},{"not_picked":["ats:Consecutive Shot Auto","ats:Flexible Camouflage"],"picked":"ats:Hammer On","floor":3},{"not_picked":["ats:Directed Diagnosis","ats:Steam Pump"],"picked":"ats:Apocalypse","floor":4},{"not_picked":["ats:Flame Of Heaven","ats:Chain Hook"],"picked":"ats:Poison Spread","floor":6},{"not_picked":["ats:Flexible Camouflage","ats:Leaping Hammer"],"picked":"ats:Magnetic Hammer","floor":8},{"not_picked":["ats:Revitalization","ats:Childhood Dance"],"picked":"ats:Rapid Magazine","floor":12},{"not_picked":["ats:Leaping Hammer","ats:Automatic Cover","ats:Hammer On"],"picked":"SKIP","floor":13},{"not_picked":["ats:Fractured Body","ats:Volcano"],"picked":"ats:Soul Rend","floor":16},{"not_picked":["ats:Childhood Dance","ats:Overload","ats:Shell Defense"],"picked":"SKIP","floor":18},{"not_picked":["ats:Closed Bolt Burst Fire","ats:Apocalypse","ats:Cat Scratch"],"picked":"SKIP","floor":20},{"not_picked":["ats:Ignite+1","ats:Poison Spread"],"picked":"ats:Explosion Area Strengthen","floor":22},{"not_picked":["ats:Flexible Camouflage","ats:Shell Defense+1"],"picked":"ats:Revitalization+1","floor":28},{"not_picked":["ats:Consecutive Shot Auto","ats:Poison Spread","ats:Leaping Hammer"],"picked":"SKIP","floor":30},{"not_picked":["ats:Mental Burst","ats:Leaping Hammer"],"picked":"ats:Shadow Raid","floor":31}],"player_experience":301812,"relics_obtained":[{"floor":6,"key":"ats:Originium"},{"floor":6,"key":"Letter Opener"},{"floor":9,"key":"Orichalcum"},{"floor":12,"key":"ats:Originium"},{"floor":12,"key":"ats:Berate"},{"floor":13,"key":"ats:Originium"},{"floor":13,"key":"Toy Ornithopter"},{"floor":26,"key":"ats:Ability Aura"}],"event_choices":[{"damage_healed":0,"gold_gain":0,"player_choice":"Upgraded","damage_taken":0,"max_hp_gain":0,"max_hp_loss":0,"event_name":"Upgrade Shrine","floor":2,"gold_loss":0,"cards_upgraded":["ats:Emotion Absorption"]},{"damage_healed":56,"gold_gain":0,"player_choice":"Upgrade","damage_taken":14,"max_hp_gain":0,"max_hp_loss":72,"event_name":"betterThird:BetterShining","floor":5,"gold_loss":0,"cards_upgraded":["ats:Apocalypse","ats:Armor Crushing Shot"]},{"damage_healed":0,"gold_gain":0,"player_choice":"Gave Potion","damage_taken":0,"relics_obtained":["Gremlin Horn"],"max_hp_gain":0,"max_hp_loss":0,"event_name":"WeMeetAgain","floor":19,"gold_loss":0}],"is_beta":false,"boss_relics":[{"not_picked":["Runic Dome","Pandora\u0027s Box"],"picked":"SlaversCollar"}],"items_purged_floors":[],"is_endless":true,"potions_floor_spawned":[8,13,16,18,28],"killed_by":"Collector","ascension_level":0}}