{"host":"h2zaclyrd1q1i31f","time":1610088535,"event":{"mods":["Act Like it!","BaseMod","Colored Map","Downfall","Duelist Mod","GifTheSpireLib","Hallownest","Hermit","Minty Spire (QoL Compilation)","Permanent Neow","StSLib","SuperFastMode","The Bug Knight","The Gatherer","The Hierophant","The Mystic","The Wild Card"],"gold_per_floor":[145,123,134,134,153,153,153],"floor_reached":6,"playtime":546,"items_purged":[],"score":36,"play_id":"db91799e-28f0-47f9-8b28-ad3009e3cf4f","local_time":"20210108004855","is_ascension_mode":false,"campfire_choices":[],"circlet_count":0,"master_deck":["theDuelist:BeaverWarrior","theDuelist:BeaverWarrior","theDuelist:CastleWalls","theDuelist:CastleWalls","theDuelist:FinalFlame","theDuelist:GiantSoldier","theDuelist:GiantSoldier","theDuelist:ScrapFactory+1","theDuelist:Sparks","theDuelist:Sparks","theDuelist:MagnumShield","theDuelist:RainbowNeos","Thinking Ahead","theDuelist:HammerShot"],"relics":["theDuelist:MillenniumPuzzle","theDuelist:CardPoolRelic","theDuelist:CardPoolBasicRelic","theDuelist:BoosterPackPoolRelic","theDuelist:CardPoolAddRelic","theDuelist:CardPoolMinusRelic","theDuelist:CardPoolSaveRelic","theDuelist:CardPoolOptionsRelic"],"acts_visited":["Exordium"],"potions_floor_usage":[],"damage_taken":[{"damage":0,"enemies":"Jaw Worm","floor":1,"turns":3},{"damage":0,"enemies":"Cultist","floor":3,"turns":3},{"damage":0,"enemies":"2 Louse","floor":5,"turns":3},{"damage":0,"enemies":"HollowMod:MossKnight","floor":6,"turns":7}],"seed_played":"4813637793503240026","potions_obtained":[{"floor":1,"key":"Strength Potion"}],"is_trial":false,"path_per_floor":["M","$","M","?","M","E"],"character_chosen":"THE_DUELIST","items_purchased":["theDuelist:RainbowNeos"],"campfire_rested":0,"item_purchase_floors":[2],"current_hp_per_floor":[80,80,80,80,80,80,80],"gold":153,"neow_bonus":"UPGRADE_CARD","is_daily":false,"chose_seed":false,"campfire_upgraded":0,"win_rate":0.0,"timestamp":1610088535,"path_taken":["M","$","M","?","M","E"],"items_purchased_type":["Card"],"build_version":"2020-12-22","purchased_purges":0,"victory":false,"max_hp_per_floor":[80,80,80,80,80,80,80],"card_choices":[{"not_picked":["theDuelist:Hinotama","theDuelist:FluteKuriboh","theDuelist:WormApocalypse","theDuelist:Invigoration"],"picked":"theDuelist:MagnumShield","floor":1},{"not_picked":["Dark Shackles","Sadistic Nature","Swift Strike"],"picked":"Thinking Ahead","floor":3},{"not_picked":["theDuelist:DarklordSuperbia","theDuelist:LightningVortex","theDuelist:Mudora","theDuelist:Fissure"],"picked":"theDuelist:HammerShot","floor":5}],"player_experience":154412,"relics_obtained":[],"event_choices":[{"damage_healed":0,"gold_gain":0,"player_choice":"Full Heal","damage_taken":0,"max_hp_gain":0,"max_hp_loss":0,"event_name":"Wheel of Change","floor":4,"gold_loss":0}],"is_beta":false,"boss_relics":[],"items_purged_floors":[],"is_endless":false,"potions_floor_spawned":[1],"killed_by":"HollowMod:MossKnight","ascension_level":0}}