{"host":"i09pxcjttd31eh4q","time":1610133992,"event":{"mods":["AchievementEnabler","BaseMod","Colored Map","Keyboard Shortcuts","Minty Spire (QoL Compilation)","StSLib","SuperFastMode"],"gold_per_floor":[119,89,101,26,26,26,26,104,128,128,148,172,207,52,52,145,145,170,81,104,128,142,142,192,192,192,192,8,8,8,28,28,102,102,121,121,132,7,26,26,26,26,26,51,77,97,125,142,142,142,142,142,142,35,70,70,70],"floor_reached":56,"playtime":2976,"items_purged":["Strike_G","Strike_G","Strike_G"],"score":1906,"play_id":"8f587850-a1ce-40c4-8da6-3de69e46dab1","local_time":"20210109042632","is_ascension_mode":true,"campfire_choices":[{"data":"Noxious Fumes","floor":6.0,"key":"SMITH"},{"data":"Eviscerate","floor":10.0,"key":"SMITH"},{"data":"Burst","floor":15.0,"key":"SMITH"},{"data":"Calculated Gamble","floor":23.0,"key":"SMITH"},{"data":"Adrenaline","floor":25.0,"key":"SMITH"},{"data":"Reflex","floor":27.0,"key":"SMITH"},{"data":"Well Laid Plans","floor":32.0,"key":"SMITH"},{"floor":41.0,"key":"RECALL"},{"data":"Concentrate","floor":49.0,"key":"SMITH"},{"data":"Purity","floor":53.0,"key":"SMITH"}],"circlet_count":0,"master_deck":["AscendersBane","Defend_G","Defend_G","Defend_G","Defend_G","Survivor","Neutralize","Burst+1","Noxious Fumes+1","Backflip","Eviscerate+1","Deadly Poison","Reflex+1","Dagger Throw","Escape Plan","Adrenaline+1","Dagger Spray","Well Laid Plans+1","PiercingWail","Calculated Gamble+1","Crippling Poison","Crippling Poison","Corpse Explosion","Backflip","Purity+1","Acrobatics+1","Deflect+1","PiercingWail+1","Outmaneuver","Blur","Prepared","Concentrate+1"],"relics":["Ring of the Snake","Bloody Idol","Strawberry","Happy Flower","Philosopher\u0027s Stone","Paper Crane","Thread and Needle","HoveringKite","StrikeDummy","Shovel","Pen Nib","Boot","Bronze Scales"],"acts_visited":["Exordium","TheCity","TheBeyond","TheEnding"],"potions_floor_usage":[],"damage_taken":[{"damage":0.0,"enemies":"2 Louse","floor":1.0,"turns":4.0},{"damage":1.0,"enemies":"Cultist","floor":3.0,"turns":5.0},{"damage":2.0,"enemies":"Jaw Worm","floor":11.0,"turns":4.0},{"damage":1.0,"enemies":"2 Fungi Beasts","floor":12.0,"turns":5.0},{"damage":17.0,"enemies":"3 Sentries","floor":13.0,"turns":6.0},{"damage":11.0,"enemies":"The Guardian","floor":16.0,"turns":8.0},{"damage":0.0,"enemies":"Chosen","floor":18.0,"turns":3.0},{"damage":10.0,"enemies":"2 Thieves","floor":20.0,"turns":3.0},{"damage":0.0,"enemies":"Chosen and Byrds","floor":21.0,"turns":5.0},{"damage":0.0,"enemies":"Cultist and Chosen","floor":22.0,"turns":5.0},{"damage":0.0,"enemies":"Snecko","floor":31.0,"turns":4.0},{"damage":12.0,"enemies":"Automaton","floor":33.0,"turns":8.0},{"damage":0.0,"enemies":"3 Darklings","floor":35.0,"turns":3.0},{"damage":0.0,"enemies":"3 Shapes","floor":37.0,"turns":4.0},{"damage":6.0,"enemies":"Transient","floor":39.0,"turns":6.0},{"damage":0.0,"enemies":"Mind Bloom Boss Battle","floor":44.0,"turns":5.0},{"damage":24.0,"enemies":"Nemesis","floor":45.0,"turns":9.0},{"damage":0.0,"enemies":"Spire Growth","floor":46.0,"turns":5.0},{"damage":0.0,"enemies":"Giant Head","floor":47.0,"turns":7.0},{"damage":0.0,"enemies":"4 Shapes","floor":48.0,"turns":3.0},{"damage":14.0,"enemies":"Awakened One","floor":50.0,"turns":16.0},{"damage":14.0,"enemies":"Donu and Deca","floor":51.0,"turns":8.0},{"damage":19.0,"enemies":"Shield and Spear","floor":55.0,"turns":7.0},{"damage":42,"enemies":"The Heart","floor":56,"turns":3}],"seed_played":"4534511163464520962","potions_obtained":[{"floor":2.0,"key":"SkillPotion"},{"floor":2.0,"key":"FearPotion"},{"floor":12.0,"key":"Strength Potion"},{"floor":13.0,"key":"Explosive Potion"},{"floor":18.0,"key":"BlessingOfTheForge"},{"floor":31.0,"key":"CunningPotion"},{"floor":35.0,"key":"Explosive Potion"},{"floor":37.0,"key":"LiquidMemories"},{"floor":39.0,"key":"Energy Potion"},{"floor":45.0,"key":"EssenceOfSteel"}],"is_trial":false,"path_per_floor":["M","?","M","?","?","R","?","T","T","R","M","M","E","$","R","B",null,"M","$","M","M","M","R","?","R","T","R","$","T","?","M","R","B",null,"M","?","M","$","M","?","R","$","T","?","E","M","E","M","R","B","B",null,"R","$","E","B"],"character_chosen":"THE_SILENT","items_purchased":["Escape Plan","Well Laid Plans","Crippling Poison","Energy Potion","SpeedPotion"],"campfire_rested":0,"item_purchase_floors":[14,19,28,54,54],"current_hp_per_floor":[59,59,58,58,58,58,51,51,58,58,56,55,38,38,38,27,57,57,57,47,47,47,47,47,47,47,47,47,47,47,52,52,45,62,67,57,62,62,61,61,61,61,61,64,45,50,55,60,60,46,32,56,56,56,42,0,0],"gold":70,"neow_bonus":"TRANSFORM_TWO_CARDS","is_daily":false,"chose_seed":false,"campfire_upgraded":9,"win_rate":0.0,"timestamp":1610133992,"path_taken":["M","?","?","?","?","R","?","?","T","R","M","M","E","$","R","BOSS","M","$","M","M","M","R","?","R","T","R","$","?","?","M","R","BOSS","M","?","M","$","M","?","R","$","T","?","E","M","E","M","R","BOSS","BOSS","R","$","E","BOSS"],"items_purchased_type":["Card","Card","Card","Potion","Potion"],"build_version":"2020-12-22","purchased_purges":3,"victory":false,"max_hp_per_floor":[66,66,66,66,60,60,60,60,67,67,67,67,67,67,67,67,67,67,67,67,67,67,67,67,67,67,67,67,67,67,67,67,67,67,67,67,67,67,67,64,64,64,64,64,64,64,64,64,64,64,64,64,64,64,64,64,64],"card_choices":[{"not_picked":["Deadly Poison","Underhanded Strike"],"picked":"Backflip","floor":1.0},{"not_picked":["All Out Attack","Caltrops"],"picked":"Eviscerate","floor":3.0},{"not_picked":["Backstab","Underhanded Strike"],"picked":"Deadly Poison","floor":11.0},{"not_picked":["Deadly Poison","Noxious Fumes"],"picked":"Reflex","floor":12.0},{"not_picked":["Footwork","Riddle With Holes"],"picked":"Dagger Throw","floor":13.0},{"not_picked":["Glass Knife","Burst"],"picked":"Adrenaline","floor":16.0},{"not_picked":["Sucker Punch","Bane"],"picked":"Dagger Spray","floor":18.0},{"not_picked":["Dagger Throw+1","Quick Slash"],"picked":"PiercingWail","floor":20.0},{"not_picked":["Terror","Slice"],"picked":"Calculated Gamble","floor":21.0},{"not_picked":["Heel Hook","Bane"],"picked":"Crippling Poison","floor":22.0},{"not_picked":["Blade Dance","Phantasmal Killer","Underhanded Strike"],"picked":"SKIP","floor":31.0},{"not_picked":["Glass Knife","Burst"],"picked":"Corpse Explosion","floor":33.0},{"not_picked":["PiercingWail","Deadly Poison+1"],"picked":"Backflip","floor":35.0},{"not_picked":["PanicButton","Trip"],"picked":"Purity","floor":36.0},{"not_picked":["Slice","Backflip+1"],"picked":"Acrobatics+1","floor":37.0},{"not_picked":["Acrobatics","Sucker Punch"],"picked":"Deflect+1","floor":39.0},{"not_picked":["Burst","Sucker Punch"],"picked":"PiercingWail+1","floor":44.0},{"not_picked":["Dagger Spray+1","Outmaneuver","Distraction+1"],"picked":"SKIP","floor":45.0},{"not_picked":["Dagger Spray+1","Distraction+1"],"picked":"Outmaneuver","floor":45.0},{"not_picked":["Acrobatics","Deadly Poison"],"picked":"Blur","floor":46.0},{"not_picked":["Corpse Explosion","Unload"],"picked":"Prepared","floor":47.0},{"not_picked":["Masterful Stab","Backflip"],"picked":"Concentrate","floor":48.0},{"not_picked":["Quick Slash+1","Underhanded Strike","Outmaneuver"],"picked":"SKIP","floor":55.0}],"player_experience":843905,"relics_obtained":[{"floor":9.0,"key":"Strawberry"},{"floor":13.0,"key":"Happy Flower"},{"floor":26.0,"key":"Paper Crane"},{"floor":29.0,"key":"Thread and Needle"},{"floor":43.0,"key":"StrikeDummy"},{"floor":44.0,"key":"Shovel"},{"floor":45.0,"key":"Pen Nib"},{"floor":47.0,"key":"Boot"},{"floor":55.0,"key":"Bronze Scales"}],"event_choices":[{"damage_healed":0.0,"max_hp_gain":0.0,"max_hp_loss":0.0,"gold_gain":0.0,"event_name":"The Woman in Blue","player_choice":"Bought 2 Potions","floor":2.0,"gold_loss":0.0,"damage_taken":0.0},{"cards_removed":["Writhe"],"damage_healed":0.0,"max_hp_gain":0.0,"max_hp_loss":0.0,"gold_gain":0.0,"event_name":"The Cleric","player_choice":"Card Removal","floor":4.0,"gold_loss":75.0,"damage_taken":0.0},{"damage_healed":0.0,"max_hp_gain":0.0,"max_hp_loss":6.0,"gold_gain":0.0,"event_name":"Golden Idol","player_choice":"Lose Max HP","floor":5.0,"gold_loss":0.0,"damage_taken":0.0,"relics_obtained":["Golden Idol"]},{"cards_removed":["Strike_G"],"damage_healed":0.0,"max_hp_gain":0.0,"max_hp_loss":0.0,"gold_gain":0.0,"event_name":"Golden Wing","player_choice":"Card Removal","floor":7.0,"gold_loss":0.0,"damage_taken":7.0},{"damage_healed":0.0,"max_hp_gain":0.0,"max_hp_loss":0.0,"gold_gain":100.0,"event_name":"The Joust","player_choice":"Bet on Murderer","floor":24.0,"gold_loss":50.0,"damage_taken":0.0},{"damage_healed":0.0,"max_hp_gain":0.0,"max_hp_loss":0.0,"gold_gain":0.0,"event_name":"Forgotten Altar","player_choice":"Gave Idol","floor":30.0,"relics_lost":["Golden Idol"],"gold_loss":0.0,"damage_taken":0.0,"relics_obtained":["Bloody Idol"]},{"damage_healed":0.0,"max_hp_gain":0.0,"max_hp_loss":0.0,"gold_gain":0.0,"event_name":"SensoryStone","player_choice":"Memory 3","floor":36.0,"gold_loss":0.0,"damage_taken":10.0},{"damage_healed":0.0,"max_hp_gain":0.0,"max_hp_loss":3.0,"gold_gain":0.0,"event_name":"Winding Halls","player_choice":"Max HP","floor":40.0,"gold_loss":0.0,"damage_taken":0.0},{"damage_healed":0.0,"max_hp_gain":0.0,"max_hp_loss":0.0,"gold_gain":0.0,"event_name":"MindBloom","player_choice":"Fight","floor":44.0,"gold_loss":0.0,"damage_taken":0.0}],"is_beta":false,"boss_relics":[{"not_picked":["Busted Crown","WristBlade"],"picked":"Philosopher\u0027s Stone"},{"not_picked":["Fusion Hammer","Runic Pyramid"],"picked":"HoveringKite"}],"items_purged_floors":[14,28,38],"is_endless":false,"potions_floor_spawned":[3,12,13,18,31,35,37,39,45],"killed_by":"The Heart","ascension_level":20}}