{"host":"8z9pdspl1iu3cd7i","time":1610120843,"event":{"mods":["BaseMod","Colored Powertips","Highlight Path","Marked Mod","Minty Spire (QoL Compilation)","Reimu£®≤©¿ˆ¡È√Œ£©","StSLib"],"gold_per_floor":[118,68,116,129,141,141,152,187,187,199,211,257,283,68,68,166,166,182,282,301,314,327,354,57,57,106,106,106],"floor_reached":27,"playtime":2496,"items_purged":[],"score":243,"play_id":"7fe92a37-559d-429f-a42f-3df5aecc15bd","local_time":"20210108234723","is_ascension_mode":false,"campfire_choices":[{"data":"Revelation:ReiMu","floor":6.0,"key":"SMITH"},{"floor":10.0,"key":"REST"},{"floor":15.0,"key":"REST"}],"circlet_count":0,"master_deck":["Strike_Lin:ReiMu","Strike_Lin:ReiMu","Strike_Lin:ReiMu","Defend_Lin:ReiMu","Defend_Lin:ReiMu","Defend_Lin:ReiMu","NB:ReiMu","Stagnation:ReiMu","FoulBorder2:ReiMu","SubAcupoint:ReiMu","Revelation:ReiMu+1","InherentArray:ReiMu","Authority:ReiMu","CareerPray:ReiMu","SubcavityFantasy:ReiMu","OctopathBindingBorder2:ReiMu+1","FantasyMoon:ReiMu+1","MikOfLucky:ReiMu","KamiRite:ReiMu"],"relics":["FlyPower:ReiMu","NeowsBlessing","Anchor","Girya","MawBank","Omamori","Regal Pillow","Black Star","Boot","Pen Nib","Bottled Lightning","Bow_fan:ReiMu"],"acts_visited":["TheCity"],"potions_floor_usage":[23,23],"damage_taken":[{"damage":0.0,"enemies":"2 Louse","floor":1.0,"turns":1.0},{"damage":0.0,"enemies":"Jaw Worm","floor":4.0,"turns":2.0},{"damage":0.0,"enemies":"Cultist","floor":5.0,"turns":1.0},{"damage":24.0,"enemies":"Exordium Wildlife","floor":7.0,"turns":8.0},{"damage":32.0,"enemies":"3 Sentries","floor":8.0,"turns":15.0},{"damage":4.0,"enemies":"Lagavulin","floor":12.0,"turns":13.0},{"damage":11.0,"enemies":"Lots of Slimes","floor":13.0,"turns":9.0},{"damage":42.0,"enemies":"Hexaghost","floor":16.0,"turns":15.0},{"damage":11.0,"enemies":"Shell Parasite","floor":18.0,"turns":10.0},{"damage":30.0,"enemies":"3 Byrds","floor":20.0,"turns":7.0},{"damage":0.0,"enemies":"Snake Plant","floor":21.0,"turns":6.0},{"damage":2.0,"enemies":"Cultist and Chosen","floor":22.0,"turns":7.0},{"damage":15,"enemies":"Gremlin Leader","floor":23,"turns":10},{"damage":7,"enemies":"Shelled Parasite and Fungi","floor":27,"turns":2}],"seed_played":"-3702351948921652667","potions_obtained":[{"floor":5.0,"key":"Dexterity Potion"},{"floor":7.0,"key":"SteroidPotion"},{"floor":13.0,"key":"Strength Potion"},{"floor":16.0,"key":"Fire Potion"},{"floor":20.0,"key":"FearPotion"},{"floor":21.0,"key":"EssenceOfSteel"},{"floor":22.0,"key":"Swift Potion"},{"floor":23,"key":"MagicPotion:ReiMu"},{"floor":25,"key":"Block Potion"}],"is_trial":false,"path_per_floor":["M","?","T","M","M","R","M","E","T","R","?","E","M","$","R","B",null,"M","?","M","M","M","E","$","?","T","M"],"character_chosen":"REIMU","items_purchased":["BottledKami:ReiMu","Regal Pillow","Weak Potion","Bottled Lightning"],"campfire_rested":2,"item_purchase_floors":[14,14,24,24],"current_hp_per_floor":[65,65,65,65,65,65,41,9,9,28,28,24,13,13,47,5,65,54,54,24,24,22,7,7,7,7,0,0],"gold":106,"neow_bonus":"THREE_ENEMY_KILL","is_daily":false,"chose_seed":false,"campfire_upgraded":1,"win_rate":0.0,"timestamp":1610120843,"path_taken":["M","?","?","M","?","R","M","E","T","R","?","E","?","$","R","BOSS","M","?","?","M","?","E","?","?","T","?"],"items_purchased_type":["Potion","Relic","Potion","Relic"],"build_version":"2020-12-22","purchased_purges":0,"victory":false,"max_hp_per_floor":[65,65,65,65,65,65,65,65,65,65,65,65,65,65,65,65,65,65,65,65,65,65,65,65,65,65,65,65],"card_choices":[{"not_picked":["SpreadBorder2:ReiMu","UniversalSpiritual:ReiMu"],"picked":"FoulBorder2:ReiMu","floor":1.0},{"not_picked":["TakeOff:ReiMu","Amulet:ReiMu"],"picked":"SubAcupoint:ReiMu","floor":4.0},{"not_picked":["PhosphorusFlame:ReiMu","SealNeedle:ReiMu"],"picked":"Revelation:ReiMu","floor":5.0},{"not_picked":["SpreadBorder2:ReiMu","Mountainwind:ReiMu"],"picked":"InherentArray:ReiMu","floor":7.0},{"not_picked":["WonderfulDomain:ReiMu","OrbThrow:ReiMu","AirManeuver:ReiMu"],"picked":"SKIP","floor":8.0},{"not_picked":["AirStrike:ReiMu","OctopathBindingBorder2:ReiMu"],"picked":"Authority:ReiMu","floor":12.0},{"not_picked":["ManaGlint:ReiMu","Amulet:ReiMu"],"picked":"CareerPray:ReiMu","floor":13.0},{"not_picked":["Shading:ReiMu","CardOfSanctity:ReiMu"],"picked":"SubcavityFantasy:ReiMu","floor":16.0},{"not_picked":["SubcavityInstant:ReiMu","SpreadBorder2:ReiMu"],"picked":"OctopathBindingBorder2:ReiMu+1","floor":18.0},{"not_picked":["PrepareRite:ReiMu","Intuition:ReiMu"],"picked":"FantasyMoon:ReiMu+1","floor":20.0},{"not_picked":["SafetyPray:ReiMu","WonderfulDomain:ReiMu"],"picked":"MikOfLucky:ReiMu","floor":21.0},{"not_picked":["EmergencyTakeOff:ReiMu","SpreadBorder2:ReiMu","SpiritualOutbreak2:ReiMu"],"picked":"SKIP","floor":22.0},{"not_picked":["Enchanting:ReiMu","WonderfulDomain:ReiMu+1"],"picked":"KamiRite:ReiMu","floor":23}],"player_experience":88851,"relics_obtained":[{"floor":3.0,"key":"Anchor"},{"floor":8.0,"key":"Girya"},{"floor":9.0,"key":"MawBank"},{"floor":12.0,"key":"Omamori"},{"floor":23,"key":"Boot"},{"floor":23,"key":"Pen Nib"},{"floor":26,"key":"Bow_fan:ReiMu"}],"event_choices":[{"cards_removed":["Defend_Lin:ReiMu"],"damage_healed":0.0,"max_hp_gain":0.0,"max_hp_loss":0.0,"gold_gain":0.0,"event_name":"The Cleric","player_choice":"Card Removal","floor":2.0,"gold_loss":50.0,"damage_taken":0.0},{"cards_removed":["Strike_Lin:ReiMu"],"damage_healed":0.0,"max_hp_gain":0.0,"max_hp_loss":0.0,"gold_gain":0.0,"event_name":"Purifier","player_choice":"Purged","floor":11.0,"gold_loss":0.0,"damage_taken":0.0},{"damage_healed":0.0,"max_hp_gain":0.0,"max_hp_loss":0.0,"gold_gain":100.0,"event_name":"Golden Shrine","player_choice":"Pray","floor":19.0,"gold_loss":0.0,"damage_taken":0.0},{"damage_healed":0,"gold_gain":0,"player_choice":"Got Potions","damage_taken":0,"max_hp_gain":0,"max_hp_loss":0,"event_name":"Lab","floor":25,"gold_loss":0}],"is_beta":false,"boss_relics":[{"not_picked":["SlaversCollar","Velvet Choker"],"picked":"Black Star"}],"items_purged_floors":[],"is_endless":false,"potions_floor_spawned":[5,7,13,16,20,21,22,23],"killed_by":"Shelled Parasite and Fungi","ascension_level":0}}