{"host":"1a3cjta80tad0aqj","time":1610099060,"event":{"mods":["2.2 Compatiblity","AchievementEnabler","BaseMod","Colored Map","DeckTracker","KOR Keyword Fix","Keyboard Shortcuts","Minty Spire (QoL Compilation)","Permanent Neow","Quick Restart","Random Character Button","StSLib","SuperFastMode","everything is the same but u backflip on backflip"],"gold_per_floor":[112,124,47,47,47,47,74,74,74,88,108,33,108,8,8,108,108,124,49,69,98,98,98,113,128,128,128,148,148,166,41,41,136,136,151,151,151,151,151],"floor_reached":38,"playtime":1081,"items_purged":["Strike_P","Defend_P","Strike_P"],"score":422,"play_id":"e25acfd8-d9e3-4605-b394-1cdda2a1ee9c","local_time":"20210108184420","is_ascension_mode":false,"campfire_choices":[{"data":"Eruption","floor":6.0,"key":"SMITH"},{"data":"Wallop","floor":8.0,"key":"SMITH"},{"data":"FlurryOfBlows","floor":15.0,"key":"SMITH"},{"floor":23.0,"key":"REST"},{"floor":27.0,"key":"REST"},{"data":"Brilliance","floor":32,"key":"SMITH"}],"circlet_count":0,"master_deck":["Eruption+1","Vigilance","SashWhip+1","Crescendo+1","Halt","FlurryOfBlows+1","Wallop+1","Brilliance+1","BowlingBash+1","Adaptation+1","Blasphemy"],"relics":["Astrolabe"],"acts_visited":["Exordium","TheCity","TheBeyond"],"potions_floor_usage":[],"damage_taken":[{"damage":3.0,"enemies":"Jaw Worm","floor":1.0,"turns":2.0},{"damage":0.0,"enemies":"2 Louse","floor":2.0,"turns":2.0},{"damage":3.0,"enemies":"Gremlin Nob","floor":7.0,"turns":3.0},{"damage":0.0,"enemies":"Cultist","floor":10.0,"turns":2.0},{"damage":0.0,"enemies":"Looter","floor":11.0,"turns":2.0},{"damage":0.0,"enemies":"Slime Boss","floor":16.0,"turns":6.0},{"damage":15.0,"enemies":"Shell Parasite","floor":18.0,"turns":2.0},{"damage":20.0,"enemies":"2 Thieves","floor":20.0,"turns":2.0},{"damage":15.0,"enemies":"Masked Bandits","floor":21.0,"turns":4.0},{"damage":0.0,"enemies":"3 Cultists","floor":24.0,"turns":3.0},{"damage":8.0,"enemies":"Sentry and Sphere","floor":25.0,"turns":3.0},{"damage":3.0,"enemies":"Snake Plant","floor":28.0,"turns":3.0},{"damage":0,"enemies":"3 Cultists","floor":30,"turns":3},{"damage":43,"enemies":"Collector","floor":33,"turns":5},{"damage":0,"enemies":"3 Shapes","floor":35,"turns":5}],"seed_played":"2422888770204025981","potions_obtained":[{"floor":7.0,"key":"Weak Potion"},{"floor":11.0,"key":"Energy Potion"},{"floor":21.0,"key":"CultistPotion"},{"floor":24.0,"key":"StancePotion"},{"floor":33,"key":"DuplicationPotion"}],"is_trial":false,"path_per_floor":["M","M","$","?","?","R","E","R","T","M","M","$","?","$","R","B",null,"M","?","M","?","?","R","M","M","T","R","M","?","M","$","R","B",null,"M","?","?","$"],"character_chosen":"WATCHER","items_purchased":["Wallop"],"campfire_rested":2,"item_purchase_floors":[3],"current_hp_per_floor":[69,69,69,69,72,72,69,69,69,69,69,69,58,58,58,58,72,57,57,37,22,22,43,43,35,35,56,53,53,53,53,53,10,72,72,68,68,68,68],"gold":151,"neow_bonus":"BOSS_RELIC","is_daily":false,"chose_seed":true,"campfire_upgraded":4,"win_rate":0.0,"timestamp":1610099060,"path_taken":["M","M","$","?","?","R","E","R","T","M","?","$","?","$","R","BOSS","M","?","M","?","?","R","?","M","T","R","M","?","?","$","R","BOSS","M","?","?","$"],"items_purchased_type":["Card"],"build_version":"2020-12-22","purchased_purges":3,"victory":false,"max_hp_per_floor":[72,72,72,72,72,72,72,72,72,72,72,72,72,72,72,72,72,72,72,72,72,72,72,72,72,72,72,72,72,72,72,72,72,72,72,68,68,68,68],"card_choices":[{"not_picked":["SashWhip","BattleHymn"],"picked":"Halt","floor":1.0},{"not_picked":["LikeWater","CrushJoints"],"picked":"FlurryOfBlows","floor":2.0},{"not_picked":["WheelKick","Judgement","JustLucky"],"picked":"SKIP","floor":7.0},{"not_picked":["Halt","FlurryOfBlows","Indignation"],"picked":"SKIP","floor":10.0},{"not_picked":["Evaluate","Protect","EmptyFist"],"picked":"SKIP","floor":11.0},{"not_picked":["DeusExMachina","MasterReality"],"picked":"Brilliance","floor":16.0},{"not_picked":["Evaluate","Protect"],"picked":"BowlingBash","floor":18.0},{"not_picked":["Halt","JustLucky"],"picked":"Adaptation+1","floor":20.0},{"not_picked":["SashWhip+1","Weave+1","Study"],"picked":"SKIP","floor":24.0},{"not_picked":["EmptyBody","SandsOfTime+1","Indignation+1"],"picked":"SKIP","floor":25.0},{"not_picked":["CarveReality","EmptyBody+1","Weave+1"],"picked":"SKIP","floor":28.0},{"not_picked":["CrushJoints","JustLucky","ThirdEye"],"picked":"SKIP","floor":30},{"not_picked":["Vault","ConjureBlade"],"picked":"Blasphemy","floor":33},{"not_picked":["Vengeance","JustLucky","Sanctity+1"],"picked":"SKIP","floor":35}],"player_experience":205517,"relics_obtained":[],"event_choices":[{"damage_healed":0.0,"max_hp_gain":0.0,"max_hp_loss":0.0,"gold_gain":0.0,"event_name":"Scrap Ooze","player_choice":"Fled","floor":4.0,"gold_loss":0.0,"damage_taken":0.0},{"cards_removed":["Pray"],"damage_healed":3.0,"max_hp_gain":0.0,"max_hp_loss":0.0,"gold_gain":0.0,"event_name":"Bonfire Elementals","player_choice":"Offered Uncommon","floor":5.0,"gold_loss":0.0,"damage_taken":0.0},{"damage_healed":0.0,"max_hp_gain":0.0,"max_hp_loss":0.0,"gold_gain":75.0,"event_name":"World of Goop","player_choice":"Gather Gold","floor":13.0,"gold_loss":0.0,"damage_taken":11.0},{"cards_removed":["Strike_P"],"damage_healed":0.0,"max_hp_gain":0.0,"max_hp_loss":0.0,"gold_gain":0.0,"event_name":"Beggar","player_choice":"Gave Gold","floor":19.0,"gold_loss":75.0,"damage_taken":0.0},{"damage_healed":0.0,"max_hp_gain":0.0,"max_hp_loss":0.0,"gold_gain":0.0,"event_name":"Masked Bandits","player_choice":"Fought Bandits","floor":21.0,"gold_loss":0.0,"damage_taken":0.0},{"cards_removed":["Defend_P"],"damage_healed":0.0,"max_hp_gain":0.0,"max_hp_loss":0.0,"gold_gain":0.0,"event_name":"Purifier","player_choice":"Purged","floor":22.0,"gold_loss":0.0,"damage_taken":0.0},{"damage_healed":0.0,"max_hp_gain":0.0,"max_hp_loss":0.0,"gold_gain":0.0,"event_name":"Upgrade Shrine","player_choice":"Upgraded","floor":29.0,"gold_loss":0.0,"damage_taken":0.0,"cards_upgraded":["BowlingBash"]},{"damage_healed":0,"gold_gain":0,"player_choice":"Max HP","damage_taken":0,"max_hp_gain":0,"max_hp_loss":4,"event_name":"Winding Halls","floor":36,"gold_loss":0},{"damage_healed":0,"gold_gain":0,"player_choice":"Ignored","damage_taken":0,"max_hp_gain":0,"max_hp_loss":0,"event_name":"Tomb of Lord Red Mask","floor":37,"gold_loss":0}],"is_beta":false,"boss_relics":[{"not_picked":[]},{"not_picked":[]}],"items_purged_floors":[12,14,31],"is_endless":false,"potions_floor_spawned":[7,11,21,24,33],"ascension_level":0}}