{"host":"q1yq0ibtlljsjzm9","time":1610070483,"event":{"mods":["BaseMod","DeckTracker","Duelist Mod","GifTheSpireLib","Minty Spire (QoL Compilation)","StSLib"],"gold_per_floor":[320,320,94,106,118,118,151,166,166,19,19,31,56,76,76,172,222,232,232,247,0,0,0,0,0,27,42,42,42,42,62,62,62,62],"floor_reached":33,"playtime":3889,"items_purged":[],"score":255,"play_id":"8ca746d0-e87d-4c5b-8220-73afe1d283b4","local_time":"20210107174803","is_ascension_mode":false,"campfire_choices":[{"floor":6.0,"key":"RECALL"},{"floor":11.0,"key":"REST"},{"floor":15.0,"key":"REST"},{"floor":23,"key":"REST"},{"floor":28,"key":"REST"},{"floor":30,"key":"REST"},{"floor":32,"key":"REST"}],"circlet_count":0,"master_deck":["Strike_R","Strike_R","Strike_R","Strike_R","Strike_R","Defend_R+1","Defend_R","Defend_R","Bash","Pommel Strike","Inflame","Heavy Blade+1","Rampage","Sever Soul","Clash","Inflame","Carnage","Armaments","Impervious+1","Metallicize","Juggernaut","Shrug It Off","Perfected Strike","RitualDagger","Perfected Strike","Wild Strike","Thunderclap","Double Tap"],"relics":["Burning Blood","Old Coin","InkBottle","OrangePellets","Paper Frog","Ancient Tea Set","Tiny House","Kunai","War Paint"],"acts_visited":["Exordium","TheCity"],"potions_floor_usage":[33,33,33],"damage_taken":[{"damage":0.0,"enemies":"2 Louse","floor":1.0,"turns":4.0},{"damage":6.0,"enemies":"Cultist","floor":4.0,"turns":3.0},{"damage":1.0,"enemies":"Jaw Worm","floor":5.0,"turns":3.0},{"damage":43.0,"enemies":"3 Sentries","floor":7.0,"turns":9.0},{"damage":13.0,"enemies":"3 Louse","floor":8.0,"turns":5.0},{"damage":2.0,"enemies":"Blue Slaver","floor":12.0,"turns":2.0},{"damage":40.0,"enemies":"Lagavulin","floor":13.0,"turns":7.0},{"damage":9.0,"enemies":"2 Fungi Beasts","floor":14.0,"turns":3.0},{"damage":38.0,"enemies":"Hexaghost","floor":16.0,"turns":7.0},{"damage":34,"enemies":"Shell Parasite","floor":18,"turns":7},{"damage":23,"enemies":"Chosen","floor":20,"turns":6},{"damage":27,"enemies":"Centurion and Healer","floor":27,"turns":7},{"damage":35,"enemies":"Snake Plant","floor":31,"turns":6},{"damage":95,"enemies":"Automaton","floor":33,"turns":10}],"seed_played":"5215885036348763230","potions_obtained":[{"floor":1.0,"key":"SkillPotion"},{"floor":7.0,"key":"EntropicBrew"},{"floor":12.0,"key":"DistilledChaos"},{"floor":17,"key":"ElixirPotion"},{"floor":27,"key":"ElixirPotion"}],"is_trial":false,"path_per_floor":["M","?","$","M","M","R","E","M","T","$","R","M","E","M","R","B",null,"M","?","M","?","$","R","T","?","T","M","R","$","R","M","R","B"],"character_chosen":"IRONCLAD","items_purchased":["OrangePellets","Inflame","Inflame","Carnage"],"campfire_rested":6,"item_purchase_floors":[3,3,10,10],"current_hp_per_floor":[80,80,80,80,80,80,43,36,36,36,60,64,30,27,51,19,85,57,51,34,34,34,59,59,59,59,38,63,63,85,56,81,0,0],"gold":62,"neow_bonus":"ONE_RARE_RELIC","is_daily":false,"chose_seed":false,"campfire_upgraded":0,"win_rate":0.0,"timestamp":1610070483,"path_taken":["M","?","$","M","M","R","E","M","T","$","R","M","E","?","R","BOSS","M","?","M","?","$","R","?","?","T","?","R","$","R","M","R","BOSS"],"items_purchased_type":["Relic","Card","Card","Card"],"build_version":"2020-12-22","purchased_purges":0,"victory":false,"max_hp_per_floor":[80,80,80,80,80,80,80,80,80,80,80,80,80,80,80,80,85,85,85,85,85,85,85,85,85,85,85,85,85,85,85,85,85,85],"card_choices":[{"not_picked":["Second Wind","Anger"],"picked":"Pommel Strike","floor":1.0},{"not_picked":["Armaments","Perfected Strike"],"picked":"Heavy Blade","floor":4.0},{"not_picked":["True Grit","Twin Strike"],"picked":"Rampage","floor":5.0},{"not_picked":["Reckless Charge","Hemokinesis"],"picked":"Sever Soul","floor":7.0},{"not_picked":["Battle Trance","Sever Soul"],"picked":"Clash","floor":8.0},{"not_picked":["Wild Strike","Cleave"],"picked":"Armaments","floor":12.0},{"not_picked":["True Grit","Twin Strike"],"picked":"Impervious","floor":13.0},{"not_picked":["Inflame","Spot Weakness"],"picked":"Metallicize","floor":14.0},{"not_picked":["Double Tap","Corruption"],"picked":"Juggernaut","floor":16.0},{"not_picked":["Thunderclap","Reckless Charge"],"picked":"Shrug It Off","floor":17},{"not_picked":["Shrug It Off","Anger+1"],"picked":"Perfected Strike","floor":18},{"not_picked":["Flex","Infernal Blade+1"],"picked":"Perfected Strike","floor":20},{"not_picked":["Rampage","Sword Boomerang"],"picked":"Thunderclap","floor":27},{"not_picked":["Inflame","Evolve+1"],"picked":"Double Tap","floor":31}],"player_experience":61322,"relics_obtained":[{"floor":7.0,"key":"Paper Frog"},{"floor":13.0,"key":"Ancient Tea Set"},{"floor":24,"key":"Kunai"},{"floor":26,"key":"War Paint"}],"event_choices":[{"damage_healed":0.0,"max_hp_gain":0.0,"max_hp_loss":0.0,"gold_gain":0.0,"event_name":"WeMeetAgain","player_choice":"Gave Potion","floor":2.0,"gold_loss":0.0,"damage_taken":0.0,"relics_obtained":["InkBottle"]},{"damage_healed":0,"gold_gain":0,"player_choice":"Joined the Cult","damage_taken":6,"max_hp_gain":0,"max_hp_loss":0,"event_name":"Nest","floor":19,"gold_loss":0,"cards_obtained":["RitualDagger"]},{"damage_healed":0,"gold_gain":0,"player_choice":"Paid Fearfully","damage_taken":0,"max_hp_gain":0,"max_hp_loss":0,"event_name":"Masked Bandits","floor":21,"gold_loss":247},{"damage_healed":0,"gold_gain":0,"cards_transformed":["Defend_R"],"player_choice":"Transformed","damage_taken":0,"max_hp_gain":0,"max_hp_loss":0,"event_name":"Transmorgrifier","floor":25,"gold_loss":0,"cards_obtained":["Wild Strike"]}],"is_beta":false,"boss_relics":[{"not_picked":["Snecko Eye","Velvet Choker"],"picked":"Tiny House"}],"items_purged_floors":[],"is_endless":false,"potions_floor_spawned":[1,7,12,13,14,27],"killed_by":"Automaton","ascension_level":0}}