{"host":"5m2js577gj4e7pak","time":1610145280,"event":{"mods":["AchievementEnabler","BaseMod","Better Match","BetterRewards","Colored Map","Colored Powertips","Googly Eyes","Highlight Path","Lobotomy","LobotomyExtend","Minty Spire (QoL Compilation)","Quick Restart","Relic Filter","StSLib"],"gold_per_floor":[111,174,349,309,325,325,325,325],"floor_reached":7,"playtime":128,"items_purged":[],"score":41,"play_id":"e7218077-0026-4f6a-994b-ea987f3c9d6d","local_time":"20210108233440","is_ascension_mode":true,"campfire_choices":[],"circlet_count":0,"master_deck":["SpecialBullet","SpecialBullet","SpecialBullet","SpecialBullet","SpecialBullet","SpecialBullet","SpecialBullet","SpecialBullet","InformationCode","SecurityCode","ExtractionCode","FrostShard","FourthMatchFlame","OSAHOGD","Doubt","BeautyBeast","FourthMatchFlame","DisciplinaryCode"],"relics":["CogitoBucket","LetterFromLob"],"acts_visited":[],"potions_floor_usage":[7],"damage_taken":[{"damage":14,"enemies":"2 Louse","floor":1,"turns":3},{"damage":10,"enemies":"Small Slimes","floor":5,"turns":3},{"damage":67,"enemies":"Lagavulin","floor":7,"turns":6}],"seed_played":"-218021922832274994","potions_obtained":[{"floor":4,"key":"Block Potion"},{"floor":4,"key":"BlessingOfTheForge"},{"floor":4,"key":"SpeedPotion"}],"is_trial":false,"path_per_floor":["M","?","?","?","M","R","E"],"character_chosen":"Angela","items_purchased":[],"campfire_rested":0,"item_purchase_floors":[],"current_hp_per_floor":[64,64,64,64,62,62,0,0],"gold":325,"neow_bonus":"","is_daily":false,"chose_seed":false,"campfire_upgraded":0,"win_rate":0.0,"timestamp":1610145280,"path_taken":["M","?","?","?","M","R","E"],"items_purchased_type":[],"build_version":"2020-12-22","purchased_purges":0,"victory":false,"max_hp_per_floor":[70,70,70,70,70,70,70,70],"card_choices":[{"not_picked":["Horn"],"picked":"FrostShard","floor":1},{"not_picked":["Hornet"],"picked":"FourthMatchFlame","floor":1},{"not_picked":["Funeral","Murderer"],"picked":"OSAHOGD","floor":1},{"not_picked":["CrumblingArmor","QueenOfHatred"],"picked":"BeautyBeast","floor":5},{"not_picked":["Tough"],"picked":"FourthMatchFlame","floor":5}],"player_experience":36538,"relics_obtained":[{"floor":1,"key":"LetterFromLob"}],"event_choices":[{"damage_healed":0,"gold_gain":63,"player_choice":"Gained Gold","damage_taken":0,"max_hp_gain":0,"max_hp_loss":0,"event_name":"Golden Wing","floor":2,"gold_loss":0},{"damage_healed":0,"gold_gain":175,"player_choice":"AGREE","damage_taken":0,"max_hp_gain":0,"max_hp_loss":0,"event_name":"Liars Game","floor":3,"gold_loss":0,"cards_obtained":["Doubt"]},{"damage_healed":0,"gold_gain":0,"player_choice":"Bought 3 Potions","damage_taken":0,"max_hp_gain":0,"max_hp_loss":0,"event_name":"The Woman in Blue","floor":4,"gold_loss":0}],"is_beta":false,"boss_relics":[],"items_purged_floors":[],"is_endless":false,"potions_floor_spawned":[5],"killed_by":"Lagavulin","ascension_level":1}}