{"host":"6febr6iklru1ag3j","time":1610123710,"event":{"mods":["Aspiration","BaseMod","Better Note","DeckTracker","Hubris","Minty Spire (QoL Compilation)","Replay The Spire","Shop Mod","StSLib","The Jungle","slay the spire mod where everything is the same but ironclad has a cowboy hat"],"gold_per_floor":[112,127,127,18,38,68,79,79,79,79,111,126,137,257,257,352,352,318,333,333,333,345,345,31,31,31,31],"floor_reached":26,"playtime":1463,"items_purged":["hubris:Lust"],"score":300,"play_id":"9c2e47e4-154d-4f1d-b1b8-a7b3bd42e309","local_time":"20210108113510","is_ascension_mode":true,"campfire_choices":[{"floor":8.0,"key":"REST"},{"floor":10.0,"key":"REST"},{"floor":15.0,"key":"REST"},{"data":"Ghostly","floor":25.0,"key":"SMITH"}],"circlet_count":0,"master_deck":["Strike_B","Strike_B","Strike_B","Defend_B","Defend_B","Defend_B","Defend_B","Zap","Dualcast","Consume","Genetic Algorithm","Glacier","BootSequence","ReplayTheSpireMod:Speed Training","aspiration:Polymerization","Glass Knife","Ball Lightning","Creative AI","Bouncing Flask","Storm","Ghostly+1","Ghostly","Ghostly","Ghostly","Ghostly"],"relics":["Cracked Core","hubris:Icosahedron","ReplayTheSpireMod:CursedCoin","hubris:DisguiseKit","ReplayTheSpireMod:Shallot","Cables","Pen Nib","Replay:Bronze Core","aspiration:FrozenJewel"],"acts_visited":["Exordium","TheCity"],"potions_floor_usage":[],"damage_taken":[{"damage":8.0,"enemies":"Jaw Worm","floor":1.0,"turns":4.0},{"damage":9.0,"enemies":"Small Slimes","floor":2.0,"turns":3.0},{"damage":9.0,"enemies":"2 Louse","floor":5.0,"turns":3.0},{"damage":32.0,"enemies":"3 Sentries","floor":6.0,"turns":14.0},{"damage":6.0,"enemies":"2 Fungi Beasts","floor":7.0,"turns":6.0},{"damage":38.0,"enemies":"Gremlin Nob","floor":11.0,"turns":4.0},{"damage":3.0,"enemies":"Exordium Thugs","floor":12.0,"turns":6.0},{"damage":0.0,"enemies":"3 Louse","floor":13.0,"turns":4.0},{"damage":5.0,"enemies":"Gremlin Gang","floor":14.0,"turns":6.0},{"damage":21.0,"enemies":"Hexaghost","floor":16.0,"turns":11.0},{"damage":3.0,"enemies":"2 Thieves","floor":18.0,"turns":6.0},{"damage":9.0,"enemies":"Spheric Guardian","floor":19.0,"turns":6.0},{"damage":34.0,"enemies":"Snake Plant","floor":22.0,"turns":8.0},{"damage":12,"enemies":"Book of Stabbing","floor":26,"turns":3}],"seed_played":"9010252567442147549","potions_obtained":[{"floor":5.0,"key":"FocusPotion"},{"floor":7.0,"key":"AttackPotion"},{"floor":13.0,"key":"Reflective Coating"},{"floor":16.0,"key":"SpeedPotion"}],"is_trial":false,"path_per_floor":["M","M","?","$","M","E","M","R","T","R","E","M","M","M","R","B",null,"M","M","PTL","PTL","M","?","$","R","E"],"character_chosen":"DEFECT","items_purchased":["ReplayTheSpireMod:CursedCoin","hubris:DisguiseKit","aspiration:FrozenJewel"],"campfire_rested":3,"item_purchase_floors":[4,4,24],"current_hp_per_floor":[67,58,58,58,49,17,11,33,33,55,17,14,14,9,31,10,59,56,47,47,47,13,13,13,13,1,1],"gold":31,"neow_bonus":"TRANSFORM_CARD","is_daily":false,"chose_seed":false,"campfire_upgraded":1,"win_rate":0.0,"timestamp":1610123710,"path_taken":["M","M","?","$","M","E","M","R","T","R","E","M","M","M","R","BOSS","M","M","PTL","PTL","M","?","$","R","E"],"items_purchased_type":["Relic","Relic","Relic"],"build_version":"2020-12-22","purchased_purges":1,"victory":false,"max_hp_per_floor":[75,75,75,75,75,75,75,75,75,75,75,75,75,75,75,75,75,75,75,75,75,75,37,37,37,37,37],"card_choices":[{"not_picked":["Go for the Eyes","Coolheaded"],"picked":"Genetic Algorithm","floor":1.0},{"not_picked":["Hologram","Conserve Battery"],"picked":"Glacier","floor":2.0},{"not_picked":["White Noise","Go for the Eyes","Cloak And Dagger"],"picked":"BootSequence","floor":5.0},{"not_picked":["Compile Driver","Rebound","Barrage"],"picked":"ReplayTheSpireMod:Speed Training","floor":6.0},{"not_picked":["Hello World","Go for the Eyes","Sweeping Beam","Prepared"],"picked":"SKIP","floor":7.0},{"not_picked":["Go for the Eyes","Fusion","ReplayTheSpireMod:Necrosis"],"picked":"aspiration:Polymerization","floor":11.0},{"not_picked":["Compile Driver","Turbo","Leap"],"picked":"Glass Knife","floor":12.0},{"not_picked":["Steam","hubris:PowerSurge","Go for the Eyes","A Thousand Cuts"],"picked":"SKIP","floor":13.0},{"not_picked":["Compile Driver","Panic Button","Dagger Throw"],"picked":"Ball Lightning","floor":14.0},{"not_picked":["Reboot","hubris:Prefetch","Unload"],"picked":"Creative AI","floor":16.0},{"not_picked":["Consume","Conserve Battery","Recycle","Flechettes"],"picked":"SKIP","floor":18.0},{"not_picked":["Cold Snap","Go for the Eyes","Hologram"],"picked":"Bouncing Flask","floor":19.0},{"not_picked":["Steam","Streamline","Predator"],"picked":"Storm","floor":22.0}],"player_experience":363135,"relics_obtained":[{"floor":6.0,"key":"ReplayTheSpireMod:Shallot"},{"floor":9.0,"key":"Cables"},{"floor":11.0,"key":"Pen Nib"}],"event_choices":[{"damage_healed":0.0,"max_hp_gain":0.0,"max_hp_loss":38.0,"gold_gain":0.0,"event_name":"Ghosts","player_choice":"Became a Ghost","floor":23.0,"gold_loss":0.0,"damage_taken":0.0,"cards_obtained":["Ghostly","Ghostly","Ghostly","Ghostly","Ghostly"]}],"is_beta":false,"boss_relics":[{"not_picked":["hubris:CrackedHourglass","ReplayTheSpireMod:DimensionalGlitch"],"picked":"Replay:Bronze Core"}],"items_purged_floors":[24],"is_endless":false,"potions_floor_spawned":[5,7,13,14,16,19,22],"killed_by":"Book of Stabbing","ascension_level":5}}