{"host":"mtg945c5jssv10ty","time":1610145863,"event":{"mods":["Ascension Unlocker","BaseMod","Downfall","Minty Spire (QoL Compilation)","StSLib","SuperFastMode"],"gold_per_floor":[99,99,99,99,99,132,132,132,6,6,35,48,123,134,151,248,248,248,260,271,271,271,283,306,17,36,66,77,96,96,96,108,206,206,206,220,270,270,281,281,305,338,350,398,417,217,217,251,151,151,151,182,6,6,6,6],"floor_reached":57,"playtime":2350,"items_purged":["downfall:Malfunctioning","Slimebound:Defend_Slimebound","Slimebound:Strike_Slimebound+1"],"score":1466,"play_id":"c5aba800-6a24-4aae-ae1f-9a8f96f0e7e8","local_time":"20210108174423","is_ascension_mode":true,"campfire_choices":[{"data":"Slimebound:Split","floor":1.0,"key":"SMITH"},{"data":"Slimebound:Strike_Slimebound","floor":18.0,"key":"PURGE"},{"data":"Slimebound:Defend_Slimebound","floor":30.0,"key":"PURGE"},{"data":"Slimebound:Defend_Slimebound","floor":35.0,"key":"PURGE"},{"floor":40.0,"key":"RECALL"},{"data":"expansioncontent:DashGenerateEvil","floor":46.0,"key":"SMITH"},{"data":"Slimebound:CorrosiveSpit","floor":49.0,"key":"PURGE"},{"data":"Slimebound:TagTeam","floor":54.0,"key":"SMITH"}],"circlet_count":0,"master_deck":["Slimebound:Tackle","Slimebound:Defend_Slimebound+1","Slimebound:Split+1","Slimebound:FlameTackle+1","Slimebound:ForwardTackle","Slimebound:Schlurp+1","Slimebound:TagTeam","Slimebound:DisruptingSlam","Slimebound:SamplingLick","Slimebound:SlimeTap+1","Slimebound:RollThrough","Slimebound:LevelUp","Slimebound:Chomp","Slimebound:Prepare+1","Slimebound:ViciousTackle+1","Slimebound:FlameTackle","Slimebound:Recycling","Slimebound:SlimeBrawl","expansioncontent:DashGenerateEvil+1","Slimebound:FormOfPuddle","Slimebound:LivingWall","Slimebound:FormOfPuddle","Slimebound:LeechEnergy+1","Slimebound:TagTeam+1","Slimebound:ForwardTackle+1","Slimebound:LeechEnergy+1"],"relics":["Slimebound:AbsorbEndCombat","downfall:HeartsMalice","HornCleat","Peace Pipe","Pear","TungstenRod","Snecko Eye","War Paint","Strawberry","Busted Crown","champ:DeflectingBracers","Ornamental Fan","MealTicket","Calipers","downfall:HeartBlessingRed","downfall:HeartBlessingBlue","Regal Pillow","downfall:HeartBlessingGreen","Sundial"],"acts_visited":["Exordium","TheCity","TheBeyond","TheEnding"],"potions_floor_usage":[56,56,56],"damage_taken":[{"damage":0.0,"enemies":"2 Louse","floor":2.0,"turns":1.0},{"damage":0.0,"enemies":"Jaw Worm","floor":5.0,"turns":1.0},{"damage":0.0,"enemies":"Gremlin Nob","floor":6.0,"turns":1.0},{"damage":6.0,"enemies":"downfall:FleeingMerchant","floor":9.0,"turns":4.0},{"damage":0.0,"enemies":"Cultist","floor":10.0,"turns":1.0},{"damage":15.0,"enemies":"Lagavulin","floor":11.0,"turns":5.0},{"damage":3.0,"enemies":"Gremlin Gang","floor":12.0,"turns":3.0},{"damage":5.0,"enemies":"3 Louse","floor":14.0,"turns":2.0},{"damage":0.0,"enemies":"Large Slime","floor":15.0,"turns":3.0},{"damage":26.0,"enemies":"downfall:Defect","floor":16.0,"turns":6.0},{"damage":9.0,"enemies":"Spheric Guardian","floor":19.0,"turns":4.0},{"damage":0.0,"enemies":"Snecko","floor":20.0,"turns":4.0},{"damage":3.0,"enemies":"3 Cultists","floor":23.0,"turns":5.0},{"damage":10.0,"enemies":"downfall:FleeingMerchant","floor":25.0,"turns":4.0},{"damage":0.0,"enemies":"Chosen and Byrds","floor":26.0,"turns":4.0},{"damage":0.0,"enemies":"Gremlin Leader","floor":27.0,"turns":3.0},{"damage":4.0,"enemies":"Centurion and Healer","floor":28.0,"turns":4.0},{"damage":0.0,"enemies":"Snake Plant","floor":29.0,"turns":2.0},{"damage":4.0,"enemies":"Shelled Parasite and Fungi","floor":32.0,"turns":3.0},{"damage":24.0,"enemies":"downfall:Silent","floor":33.0,"turns":8.0},{"damage":7.0,"enemies":"3 Darklings","floor":36.0,"turns":4.0},{"damage":0.0,"enemies":"3 Darklings","floor":37.0,"turns":3.0},{"damage":1.0,"enemies":"3 Shapes","floor":39.0,"turns":2.0},{"damage":2.0,"enemies":"Giant Head","floor":42.0,"turns":5.0},{"damage":0.0,"enemies":"Sphere and 2 Shapes","floor":43.0,"turns":4.0},{"damage":2.0,"enemies":"2 Orb Walkers","floor":44.0,"turns":3.0},{"damage":20.0,"enemies":"Jaw Worm Horde","floor":45.0,"turns":3.0},{"damage":0.0,"enemies":"Nemesis","floor":48.0,"turns":5.0},{"damage":0.0,"enemies":"downfall:Watcher","floor":50.0,"turns":6.0},{"damage":5.0,"enemies":"downfall:CharBossMerchant","floor":52.0,"turns":5.0},{"damage":62,"enemies":"downfall:NeowBoss","floor":55,"turns":14},{"damage":15,"enemies":"downfall:NeowBossFinal","floor":56,"turns":8}],"seed_played":"-3225466817401256281","potions_obtained":[{"floor":11.0,"key":"GamblersBrew"},{"floor":12.0,"key":"Weak Potion"},{"floor":14.0,"key":"Slimebound:ThreeZeroPotion"},{"floor":15.0,"key":"BlessingOfTheForge"},{"floor":20.0,"key":"FearPotion"},{"floor":27.0,"key":"Explosive Potion"},{"floor":32.0,"key":"DistilledChaos"},{"floor":33.0,"key":"Strength Potion"},{"floor":36.0,"key":"champ:CounterPotion"},{"floor":39.0,"key":"SkillPotion"},{"floor":42.0,"key":"Fruit Juice"},{"floor":48.0,"key":"Dexterity Potion"},{"floor":52.0,"key":"Block Potion"}],"is_trial":false,"path_per_floor":["R","M","?","?","M","E","T","T","$","M","E","M","?","M","M","B",null,"R","M","M","?","?","M","T","$","M","E","M","M","R","?","M","B",null,"R","M","?","T","M","R","T","E","M","?","M","R","?","E","R","B",null,"E","$","R","B","B",null],"character_chosen":"SLIMEBOUND","items_purchased":["Slimebound:DisruptingSlam","expansioncontent:DashGenerateEvil","Dexterity Potion"],"campfire_rested":0,"item_purchase_floors":[9,25,53],"current_hp_per_floor":[65,65,65,65,65,65,65,75,70,70,59,58,58,53,54,34,75,75,67,70,70,70,70,70,64,65,74,72,73,73,73,73,59,82,82,81,82,82,81,81,81,85,85,84,64,74,107,107,107,107,107,107,107,107,57,48],"gold":6,"neow_bonus":"THREE_ENEMY_KILL","is_daily":false,"chose_seed":false,"campfire_upgraded":3,"win_rate":0.0,"timestamp":1610145863,"path_taken":["R","M","?","?","M","E","T","?","$","?","E","?","?","M","M","BOSS","R","M","M","?","?","M","T","$","M","E","M","M","R","?","M","BOSS","R","M","?","?","M","R","T","E","M","?","M","R","?","E","R","BOSS","E","$","R","BOSS","BOSS"],"items_purchased_type":["Card","Card","Potion"],"build_version":"2020-12-22","purchased_purges":3,"victory":true,"max_hp_per_floor":[65,65,65,65,65,65,65,75,75,75,75,75,75,75,75,75,75,75,75,75,75,75,75,75,75,75,82,82,82,82,82,82,82,82,82,82,82,82,82,82,82,87,87,87,87,97,107,107,107,107,107,107,107,107,107,107],"card_choices":[{"not_picked":["Slimebound:PressTheAttack","Slimebound:Schlurp"],"picked":"Slimebound:FlameTackle","floor":2.0},{"not_picked":["Slimebound:ComboTackle","Slimebound:FormOfPuddle"],"picked":"Slimebound:ForwardTackle","floor":5.0},{"not_picked":["Slimebound:FinishingTackle","Slimebound:GrowthPunch"],"picked":"Slimebound:Schlurp","floor":6.0},{"not_picked":["Slimebound:AcidTongue","Slimebound:SlimeBarrage"],"picked":"Slimebound:TagTeam","floor":9.0},{"not_picked":["Slimebound:LeechingTouch","Slimebound:Recollect"],"picked":"Slimebound:SamplingLick","floor":10.0},{"not_picked":["Slimebound:Replication","Slimebound:SplitMire"],"picked":"Slimebound:SlimeTap","floor":11.0},{"not_picked":["Slimebound:SplitAcid","Slimebound:FormOfPuddle"],"picked":"Slimebound:RollThrough","floor":12.0},{"not_picked":["Slimebound:Prepare","Slimebound:Schlurp"],"picked":"Slimebound:LevelUp","floor":14.0},{"not_picked":["Slimebound:ForwardTackle","Slimebound:Grow"],"picked":"Slimebound:Chomp","floor":15.0},{"not_picked":["Slimebound:TagTeam","Slimebound:WasteNot"],"picked":"Slimebound:Recycling","floor":16.0},{"not_picked":["Slimebound:SlimeSpikes+1","Slimebound:GoopTackle"],"picked":"Slimebound:Prepare+1","floor":19.0},{"not_picked":["Slimebound:DisruptingSlam","Slimebound:SplitBruiser"],"picked":"Slimebound:ViciousTackle+1","floor":20.0},{"not_picked":["Slimebound:TongueLash+1","Slimebound:Schlurp"],"picked":"Slimebound:Recycling","floor":23.0},{"not_picked":["Slimebound:FinishingTackle+1","Slimebound:PressTheAttack+1"],"picked":"Slimebound:SlimeBrawl","floor":25.0},{"not_picked":["Slimebound:Schlurp","Slimebound:Prepare"],"picked":"Slimebound:FormOfPuddle","floor":26.0},{"not_picked":["Slimebound:SlimeSpikes","Slimebound:SlimeTap","Slimebound:Gluttony"],"picked":"SKIP","floor":27.0},{"not_picked":["Slimebound:SplitMire+1","Slimebound:GoopSpray+1"],"picked":"Slimebound:LivingWall","floor":28.0},{"not_picked":["Slimebound:ItLooksTasty","Slimebound:SplitLeeching"],"picked":"Slimebound:FormOfPuddle","floor":29.0},{"not_picked":["Slimebound:SlimeTap","Slimebound:PressTheAttack"],"picked":"Slimebound:LeechEnergy+1","floor":32.0},{"not_picked":["Slimebound:WasteNot","Slimebound:Recycling"],"picked":"Slimebound:TagTeam","floor":33.0},{"not_picked":["Slimebound:RainOfGoop"],"picked":"SKIP","floor":36.0},{"not_picked":["Slimebound:FinishingTackle+1"],"picked":"SKIP","floor":39.0},{"not_picked":[],"picked":"Slimebound:ForwardTackle+1","floor":42.0},{"not_picked":["Slimebound:LeechEnergy"],"picked":"SKIP","floor":43.0},{"not_picked":["Slimebound:Gluttony"],"picked":"SKIP","floor":45.0},{"not_picked":["Slimebound:LeechingTouch"],"picked":"SKIP","floor":48.0},{"not_picked":[],"picked":"Slimebound:LeechEnergy+1","floor":52.0}],"player_experience":196049,"relics_obtained":[{"floor":6.0,"key":"HornCleat"},{"floor":7.0,"key":"Peace Pipe"},{"floor":8.0,"key":"Pear"},{"floor":11.0,"key":"TungstenRod"},{"floor":24.0,"key":"War Paint"},{"floor":27.0,"key":"Strawberry"},{"floor":37.0,"key":"champ:DeflectingBracers"},{"floor":38.0,"key":"Ornamental Fan"},{"floor":42.0,"key":"MealTicket"},{"floor":44.0,"key":"Calipers"},{"floor":48.0,"key":"Regal Pillow"},{"floor":52.0,"key":"Sundial"}],"event_choices":[{"damage_healed":0.0,"max_hp_gain":0.0,"max_hp_loss":0.0,"gold_gain":0.0,"event_name":"The Library","player_choice":"Read","floor":22.0,"gold_loss":0.0,"damage_taken":0.0,"cards_obtained":["Slimebound:FlameTackle"]},{"damage_healed":0.0,"max_hp_gain":0.0,"max_hp_loss":0.0,"gold_gain":0.0,"event_name":"Mysterious Sphere","player_choice":"Fight","floor":44.0,"gold_loss":0.0,"damage_taken":0.0},{"cards_removed":["Slimebound:Recycling"],"damage_healed":23.0,"max_hp_gain":10.0,"max_hp_loss":0.0,"gold_gain":0.0,"event_name":"Bonfire Elementals","player_choice":"Offered Rare","floor":47.0,"gold_loss":0.0,"damage_taken":0.0}],"is_beta":false,"boss_relics":[{"not_picked":["SacredBark","Runic Pyramid"],"picked":"Snecko Eye"},{"not_picked":["Velvet Choker","Black Star"],"picked":"Busted Crown"}],"items_purged_floors":[9,25,53],"is_endless":false,"potions_floor_spawned":[11,12,14,15,20,27,28,32,33,36,39,42,48,52],"ascension_level":1}}