{"host":"uikxj58mzlixykyi","time":1610134699,"event":{"mods":["AchievementEnabler","BaseMod","BetterRewards","Colored Map","Colored Powertips","Downfall","Highlight Path","Minty Spire (QoL Compilation)","Rare Cards Sparkle","Replay The Spire","Shop Mod","StSLib"],"gold_per_floor":[99,99,99,99,111,131,200,125,35,35,51,51,63,79,91,91,91,91],"floor_reached":16,"playtime":598,"items_purged":["Slimebound:Defend_Slimebound"],"score":152,"play_id":"e6b1a6c0-1532-4617-b33a-1cfd12ccb988","local_time":"20210108213819","is_ascension_mode":true,"campfire_choices":[{"data":"Slimebound:CorrosiveSpit","floor":1,"key":"SMITH"},{"floor":8,"key":"RECALL"},{"data":"Slimebound:Split","floor":10,"key":"SMITH"}],"circlet_count":0,"master_deck":["AscendersBane","Slimebound:Strike_Slimebound","Slimebound:Strike_Slimebound","Slimebound:Strike_Slimebound","Slimebound:Tackle","Slimebound:Defend_Slimebound","Slimebound:Defend_Slimebound","Slimebound:Defend_Slimebound","Slimebound:Split+1","Slimebound:CorrosiveSpit+1","Slimebound:SplitBruiser","Slimebound:SplitMire","Slimebound:SlimeSpikes+1","Slimebound:SplitMire","Slimebound:SplitMire","Slimebound:ProtectTheBoss","Slimebound:Replication","Slimebound:SelfFormingGoo"],"relics":["Slimebound:AbsorbEndCombat","downfall:HeartsMalice","downfall:HeartBlessingBlue"],"acts_visited":["Exordium"],"potions_floor_usage":[16,16],"damage_taken":[{"damage":0,"enemies":"Cultist","floor":2,"turns":1},{"damage":0,"enemies":"Small Slimes","floor":3,"turns":1},{"damage":0,"enemies":"2 Louse","floor":4,"turns":1},{"damage":49,"enemies":"Large Slime","floor":5,"turns":4},{"damage":22,"enemies":"Blue Slaver","floor":6,"turns":4},{"damage":12,"enemies":"downfall:FleeingMerchant","floor":9,"turns":4},{"damage":34,"enemies":"Exordium Thugs","floor":11,"turns":4},{"damage":26,"enemies":"2 Fungi Beasts","floor":13,"turns":3},{"damage":23,"enemies":"Blue Slaver","floor":14,"turns":3},{"damage":35,"enemies":"2 Fungi Beasts","floor":15,"turns":3},{"damage":70,"enemies":"downfall:Ironclad","floor":16,"turns":3}],"seed_played":"6370158404385519302","potions_obtained":[{"floor":5,"key":"LiquidBronze"},{"floor":11,"key":"Strength Potion"}],"is_trial":false,"path_per_floor":["R","M","M","M","M","M","T","R","$","R","M","?","M","M","M","B"],"character_chosen":"SLIMEBOUND","items_purchased":[],"campfire_rested":0,"item_purchase_floors":[],"current_hp_per_floor":[54,54,54,54,37,35,35,45,49,49,43,43,49,42,35,0,0,0],"gold":91,"neow_bonus":"THREE_ENEMY_KILL","is_daily":false,"chose_seed":false,"campfire_upgraded":2,"win_rate":0.0,"timestamp":1610134699,"path_taken":["R","M","M","M","?","?","T","R","?","R","M","?","M","?","M","BOSS"],"items_purchased_type":[],"build_version":"2020-12-22","purchased_purges":1,"victory":false,"max_hp_per_floor":[60,60,60,60,60,60,60,70,70,70,70,70,70,70,70,70,70,70],"card_choices":[{"not_picked":["Slimebound:FinishingTackle","Slimebound:SlimeSpikes"],"picked":"Slimebound:SplitBruiser","floor":2},{"not_picked":["Slimebound:LeechEnergy","Slimebound:Prepare","Slimebound:FirmFortitude"],"picked":"SKIP","floor":3},{"not_picked":["Slimebound:SplitLeeching","Slimebound:Equalize"],"picked":"Slimebound:SplitMire","floor":4},{"not_picked":["Slimebound:DivideAndConquer","Slimebound:ViciousTackle","Slimebound:SlimeBrawl"],"picked":"SKIP","floor":5},{"not_picked":["Slimebound:ComboTackle","Slimebound:LevelUp"],"picked":"Slimebound:SlimeSpikes","floor":6},{"not_picked":["Slimebound:ServeAndProtect","Slimebound:SplitAcid"],"picked":"Slimebound:SplitMire","floor":9},{"not_picked":["Slimebound:ServeAndProtect","Slimebound:ViciousTackle"],"picked":"Slimebound:SplitMire","floor":11},{"not_picked":["Slimebound:GrowthPunch","Slimebound:BestDefense"],"picked":"Slimebound:ProtectTheBoss","floor":13},{"not_picked":["Slimebound:SplitAcid","Slimebound:FinishingTackle"],"picked":"Slimebound:Replication","floor":14},{"not_picked":["Slimebound:SplitMire","Slimebound:FinishingTackle"],"picked":"Slimebound:SelfFormingGoo","floor":15}],"player_experience":128354,"relics_obtained":[],"event_choices":[{"damage_healed":0,"gold_gain":0,"player_choice":"Forge","damage_taken":0,"max_hp_gain":0,"max_hp_loss":0,"event_name":"Accursed Blacksmith","floor":12,"gold_loss":0,"cards_upgraded":["Slimebound:SlimeSpikes"]}],"is_beta":false,"boss_relics":[],"items_purged_floors":[9],"is_endless":false,"potions_floor_spawned":[5,11,13],"killed_by":"downfall:Ironclad","ascension_level":13}}