{"host":"o0q01dgb4z8zpo6o","time":1610070716,"event":{"mods":["BaseMod","GifTheSpireLib","Minty Spire (QoL Compilation)","Relic Stats","StSLib"],"gold_per_floor":[111,122,122,122,188,216,216,227,227,227,240,275,275,294,294,373,373,383,398,448,287,287,287,212,6,6,32,32,32,32,60,60,60,60],"floor_reached":33,"playtime":1362,"items_purged":["Strike_B"],"score":577,"play_id":"667c57d2-333a-4775-a6cc-020398e699dd","local_time":"20210107175156","is_ascension_mode":true,"campfire_choices":[{"floor":7,"key":"REST"},{"data":"Streamline","floor":10,"key":"SMITH"},{"floor":13,"key":"REST"},{"data":"Conserve Battery","floor":15,"key":"SMITH"},{"data":"Sweeping Beam","floor":23,"key":"SMITH"},{"floor":30,"key":"REST"},{"data":"Undo","floor":32,"key":"SMITH"}],"circlet_count":0,"master_deck":["AscendersBane","Strike_B+1","Strike_B","Defend_B","Defend_B","Defend_B+1","Defend_B","Zap+1","Dualcast+1","Streamline+1","Compile Driver","Ball Lightning","Undo+1","Undo","Conserve Battery+1","Echo Form","Melter","Sweeping Beam+1","Self Repair+1","Auto Shields","Glacier"],"relics":["FrozenCore","NeowsBlessing","Sundial","War Paint","Mercury Hourglass","Pocketwatch","Runic Capacitor","CeramicFish","Toy Ornithopter"],"acts_visited":["Exordium","TheCity"],"potions_floor_usage":[12,16],"damage_taken":[{"damage":0,"enemies":"Jaw Worm","floor":1,"turns":1},{"damage":0,"enemies":"2 Louse","floor":2,"turns":1},{"damage":0,"enemies":"Gremlin Nob","floor":6,"turns":1},{"damage":5,"enemies":"Small Slimes","floor":8,"turns":3},{"damage":0,"enemies":"Exordium Wildlife","floor":11,"turns":3},{"damage":14,"enemies":"Lagavulin","floor":12,"turns":5},{"damage":0,"enemies":"Large Slime","floor":14,"turns":2},{"damage":7,"enemies":"Slime Boss","floor":16,"turns":6},{"damage":25,"enemies":"3 Byrds","floor":18,"turns":4},{"damage":2,"enemies":"Chosen","floor":19,"turns":5},{"damage":32,"enemies":"Book of Stabbing","floor":27,"turns":6},{"damage":4,"enemies":"Snake Plant","floor":31,"turns":6},{"damage":66,"enemies":"Champ","floor":33,"turns":18}],"seed_played":"5335748021144849","potions_obtained":[{"floor":1,"key":"GamblersBrew"},{"floor":6,"key":"AttackPotion"},{"floor":12,"key":"AttackPotion"},{"floor":27,"key":"FairyPotion"}],"is_trial":false,"path_per_floor":["M","M","?","?","?","E","R","M","T","R","M","E","R","M","R","B",null,"M","M","?","$","?","R","?","$","T","E","?","?","R","M","R","B"],"character_chosen":"DEFECT","items_purchased":["Self Repair","Runic Capacitor","Auto Shields"],"campfire_rested":3,"item_purchase_floors":[21,25,25],"current_hp_per_floor":[64,64,43,17,17,17,38,33,33,33,33,19,40,40,40,33,62,37,35,35,35,35,35,35,35,35,3,3,3,24,30,30,0,0],"gold":60,"neow_bonus":"THREE_ENEMY_KILL","is_daily":false,"chose_seed":false,"campfire_upgraded":4,"win_rate":0.0,"timestamp":1610070716,"path_taken":["M","M","?","?","?","E","R","M","T","R","M","E","R","M","R","BOSS","M","M","?","$","?","R","?","$","T","E","?","?","R","M","R","BOSS"],"items_purchased_type":["Card","Relic","Card"],"build_version":"2020-12-22","purchased_purges":1,"victory":false,"max_hp_per_floor":[71,71,71,71,71,71,71,71,71,71,71,71,71,71,71,71,71,71,71,71,71,71,71,71,71,71,71,71,71,71,71,71,71,71],"relic_stats":{"counters":[13,61],"Sundial":[8],"CeramicFish":9,"War Paint":["Dualcast","Zap"],"obtain_stats":[{"NeowsBlessing":0,"Sundial":4,"CeramicFish":26,"Runic Capacitor":25,"War Paint":6,"Cracked Core":0,"Toy Ornithopter":27,"Mercury Hourglass":9,"Pocketwatch":12,"FrozenCore":17},{"NeowsBlessing":0,"Sundial":2,"CeramicFish":10,"Runic Capacitor":10,"War Paint":3,"Cracked Core":0,"Toy Ornithopter":11,"Mercury Hourglass":4,"Pocketwatch":6,"FrozenCore":8},{"NeowsBlessing":0,"Sundial":2,"CeramicFish":31,"Runic Capacitor":31,"War Paint":3,"Cracked Core":0,"Toy Ornithopter":37,"Mercury Hourglass":6,"Pocketwatch":14,"FrozenCore":22}],"Toy Ornithopter":0,"FrozenCore":[22],"Mercury Hourglass":[153],"Pocketwatch":[41]},"card_choices":[{"not_picked":["Lockon","Redo"],"picked":"Streamline","floor":1},{"not_picked":["Stack","Hello World"],"picked":"Compile Driver","floor":2},{"not_picked":["Hello World","Skim"],"picked":"Ball Lightning","floor":6},{"not_picked":["Blizzard","Skim"],"picked":"Undo","floor":8},{"not_picked":["Fusion","Beam Cell","Steam"],"picked":"SKIP","floor":11},{"not_picked":["Barrage","Stack"],"picked":"Undo","floor":12},{"not_picked":["Fusion","Barrage"],"picked":"Conserve Battery","floor":14},{"not_picked":["All For One","Fission"],"picked":"Echo Form","floor":16},{"not_picked":["Steam","Rebound"],"picked":"Melter","floor":18},{"not_picked":["Double Energy+1","Go for the Eyes"],"picked":"Sweeping Beam","floor":19},{"not_picked":["Compile Driver","Sunder","Steam Power"],"picked":"SKIP","floor":27},{"not_picked":["Coolheaded+1","Static Discharge"],"picked":"Glacier","floor":31}],"player_experience":1064839,"relics_obtained":[{"floor":6,"key":"War Paint"},{"floor":9,"key":"Mercury Hourglass"},{"floor":12,"key":"Pocketwatch"},{"floor":26,"key":"CeramicFish"},{"floor":27,"key":"Toy Ornithopter"}],"event_choices":[{"damage_healed":0,"gold_gain":0,"player_choice":"Entered Light","damage_taken":21,"max_hp_gain":0,"max_hp_loss":0,"event_name":"Shining Light","floor":3,"gold_loss":0,"cards_upgraded":["Defend_B","Strike_B"]},{"damage_healed":0,"gold_gain":0,"player_choice":"Success","damage_taken":26,"relics_obtained":["Sundial"],"max_hp_gain":0,"max_hp_loss":0,"event_name":"Scrap Ooze","floor":4,"gold_loss":0},{"damage_healed":0,"gold_gain":66,"player_choice":"Gained Gold","damage_taken":0,"max_hp_gain":0,"max_hp_loss":0,"event_name":"Golden Wing","floor":5,"gold_loss":0},{"damage_healed":0,"gold_gain":50,"player_choice":"Stole From Cult","damage_taken":0,"max_hp_gain":0,"max_hp_loss":0,"event_name":"Nest","floor":20,"gold_loss":0},{"damage_healed":0,"gold_gain":0,"player_choice":"Ignored","damage_taken":0,"max_hp_gain":0,"max_hp_loss":0,"event_name":"Cursed Tome","floor":22,"gold_loss":0},{"cards_removed":["Strike_B"],"damage_healed":0,"gold_gain":0,"player_choice":"Gave Gold","damage_taken":0,"max_hp_gain":0,"max_hp_loss":0,"event_name":"Beggar","floor":24,"gold_loss":75},{"damage_healed":0,"gold_gain":0,"player_choice":"Upgraded","damage_taken":0,"max_hp_gain":0,"max_hp_loss":0,"event_name":"Upgrade Shrine","floor":29,"gold_loss":0,"cards_upgraded":["Self Repair"]}],"is_beta":false,"boss_relics":[{"not_picked":["Philosopher\u0027s Stone","Tiny House"],"picked":"FrozenCore"}],"items_purged_floors":[21],"is_endless":false,"potions_floor_spawned":[1,6,12,27],"killed_by":"Champ","ascension_level":19}}