{"host":"Qube","time":1610146398,"event":{"mods":["AchievementEnabler","BaseMod","Colored Map","Colored Powertips","Minty Spire (QoL Compilation)","Quick Restart","Random Character Button","StSLib"],"gold_per_floor":[117,42,42,60,2,2,36,36,87,113,113,145,158,177,177,253,253,263,277,14,14,33,63,63,93,119,119,119],"floor_reached":27,"playtime":822,"items_purged":[],"score":573,"play_id":"df052593-e7cc-4be9-a95b-fe6ed6aab320","local_time":"20210108145318","is_ascension_mode":true,"campfire_choices":[{"data":"Zap","floor":6.0,"key":"SMITH"},{"data":"Dualcast","floor":8.0,"key":"SMITH"},{"floor":11.0,"key":"REST"},{"data":"Hologram","floor":15.0,"key":"SMITH"},{"floor":24,"key":"REST"}],"circlet_count":0,"master_deck":["AscendersBane","Strike_B","Strike_B","Strike_B","Defend_B+1","Defend_B","Defend_B","Zap+1","Dualcast+1","Cold Snap","Cold Snap","Cold Snap","Go for the Eyes","Doom and Gloom","Hologram+1","Multi-Cast+1","Barrage","Echo Form","Redo","Writhe","Ball Lightning","Electrodynamics","Ball Lightning"],"relics":["Cracked Core","NeowsBlessing","HornCleat","Smiling Mask","Pantograph","Bag of Marbles","Fusion Hammer","Bottled Lightning","Happy Flower","Boot","Blue Candle","War Paint"],"acts_visited":["Exordium","TheCity"],"potions_floor_usage":[19,23],"damage_taken":[{"damage":0.0,"enemies":"Small Slimes","floor":1.0,"turns":1.0},{"damage":0.0,"enemies":"Jaw Worm","floor":4.0,"turns":1.0},{"damage":0.0,"enemies":"3 Sentries","floor":7.0,"turns":1.0},{"damage":24.0,"enemies":"Gremlin Nob","floor":10.0,"turns":4.0},{"damage":10.0,"enemies":"3 Sentries","floor":12.0,"turns":6.0},{"damage":0.0,"enemies":"2 Louse","floor":13.0,"turns":1.0},{"damage":8.0,"enemies":"Large Slime","floor":14.0,"turns":4.0},{"damage":9.0,"enemies":"Slime Boss","floor":16.0,"turns":8.0},{"damage":4.0,"enemies":"2 Thieves","floor":18.0,"turns":4.0},{"damage":0,"enemies":"Spheric Guardian","floor":19,"turns":3},{"damage":9,"enemies":"Centurion and Healer","floor":22,"turns":4},{"damage":15,"enemies":"Slavers","floor":23,"turns":4},{"damage":55,"enemies":"Book of Stabbing","floor":25,"turns":6},{"damage":23,"enemies":"Snecko","floor":27,"turns":3}],"seed_played":"-2239648157113365280","potions_obtained":[{"floor":14.0,"key":"BlessingOfTheForge"},{"floor":16.0,"key":"SkillPotion"},{"floor":22,"key":"Strength Potion"},{"floor":25,"key":"Ancient Potion"}],"is_trial":false,"path_per_floor":["M","?","?","M","$","R","E","R","T","E","R","E","M","M","R","B",null,"M","M","$","?","M","E","R","E","T","M"],"character_chosen":"DEFECT","items_purchased":["Cold Snap","Bottled Lightning"],"campfire_rested":2,"item_purchase_floors":[5,20],"current_hp_per_floor":[64,64,57,57,57,57,57,57,57,33,54,44,44,36,36,52,66,62,62,62,62,53,38,59,4,4,0,0],"gold":119,"neow_bonus":"THREE_ENEMY_KILL","is_daily":false,"chose_seed":false,"campfire_upgraded":3,"win_rate":0.0,"timestamp":1610146398,"path_taken":["M","?","?","M","$","R","E","R","T","E","R","E","M","M","R","BOSS","M","M","$","?","M","E","R","E","T","M"],"items_purchased_type":["Card","Relic"],"build_version":"2020-12-18","purchased_purges":0,"victory":false,"max_hp_per_floor":[71,71,71,71,71,71,71,71,71,71,71,71,71,71,71,71,71,71,71,71,71,71,71,71,71,71,71,71],"card_choices":[{"not_picked":["Chaos","Rip and Tear"],"picked":"Cold Snap","floor":1.0},{"not_picked":["Sweeping Beam","Hologram"],"picked":"Cold Snap","floor":4.0},{"not_picked":["Turbo","Sweeping Beam"],"picked":"Go for the Eyes","floor":7.0},{"not_picked":["Beam Cell","Compile Driver"],"picked":"Doom and Gloom","floor":10.0},{"not_picked":["Redo","Reinforced Body"],"picked":"Hologram","floor":12.0},{"not_picked":["Melter","Stack"],"picked":"Multi-Cast","floor":13.0},{"not_picked":["Go for the Eyes","Leap"],"picked":"Barrage","floor":14.0},{"not_picked":["Hyperbeam","All For One"],"picked":"Echo Form","floor":16.0},{"not_picked":["Compile Driver","Sweeping Beam","Static Discharge"],"picked":"SKIP","floor":18.0},{"not_picked":["Gash","Self Repair"],"picked":"Redo","floor":19},{"not_picked":["Barrage","Hologram"],"picked":"Ball Lightning","floor":22},{"not_picked":["Leap","Buffer"],"picked":"Electrodynamics","floor":23},{"not_picked":["Heatsinks","Go for the Eyes"],"picked":"Ball Lightning","floor":25}],"player_experience":850138,"relics_obtained":[{"floor":7.0,"key":"HornCleat"},{"floor":9.0,"key":"Smiling Mask"},{"floor":10.0,"key":"Pantograph"},{"floor":12.0,"key":"Bag of Marbles"},{"floor":23,"key":"Boot"},{"floor":25,"key":"Blue Candle"},{"floor":26,"key":"War Paint"}],"event_choices":[{"cards_removed":["Strike_B"],"damage_healed":0.0,"max_hp_gain":0.0,"max_hp_loss":0.0,"gold_gain":0.0,"event_name":"The Cleric","player_choice":"Card Removal","floor":2.0,"gold_loss":75.0,"damage_taken":0.0},{"cards_removed":["Defend_B"],"damage_healed":0.0,"max_hp_gain":0.0,"max_hp_loss":0.0,"gold_gain":0.0,"event_name":"Golden Wing","player_choice":"Card Removal","floor":3.0,"gold_loss":0.0,"damage_taken":7.0},{"damage_healed":0,"gold_gain":0,"player_choice":"Opened","damage_taken":0,"relics_obtained":["Happy Flower"],"max_hp_gain":0,"max_hp_loss":0,"event_name":"The Mausoleum","floor":21,"gold_loss":0,"cards_obtained":["Writhe"]}],"is_beta":true,"boss_relics":[{"not_picked":["SlaversCollar","Calling Bell"],"picked":"Fusion Hammer"}],"items_purged_floors":[],"is_endless":false,"potions_floor_spawned":[14,16,22,25],"killed_by":"Snecko","ascension_level":19}}