{"host":"qdfumeom6htv8yxl","time":1610121391,"event":{"mods":["AchievementEnabler","BaseMod","Bestiary","Block Reminder","Minty Spire (QoL Compilation)","Quick Restart","Relic Stats"],"gold_per_floor":[115,129,129,143,143,143,182,200,200,200,200,200,219,86,86,86,86],"floor_reached":16,"playtime":823,"items_purged":["Injury"],"score":200,"play_id":"930d1836-3040-4d4a-92ce-573f4637b62d","local_time":"20210108095631","is_ascension_mode":true,"campfire_choices":[{"data":"Skewer","floor":6.0,"key":"SMITH"},{"floor":10.0,"key":"REST"},{"data":"Night Terror","floor":12.0,"key":"SMITH"},{"data":"Backstab","floor":15.0,"key":"SMITH"}],"circlet_count":0,"master_deck":["AscendersBane","Strike_G","Strike_G","Strike_G","Strike_G","Defend_G","Defend_G","Defend_G","Defend_G","Defend_G","Survivor","Neutralize","CurseOfTheBell","Skewer+1","Acrobatics","Burst","Backstab+1","Deadly Poison","Night Terror+1","Dagger Spray","Backflip"],"relics":["Calling Bell","Ancient Tea Set","Darkstone Periapt","Ice Cream","Golden Idol","Blue Candle","Incense Burner"],"acts_visited":[],"potions_floor_usage":[16],"damage_taken":[{"damage":19.0,"enemies":"Jaw Worm","floor":1.0,"turns":8.0},{"damage":0.0,"enemies":"Cultist","floor":2.0,"turns":5.0},{"damage":1.0,"enemies":"Small Slimes","floor":4.0,"turns":3.0},{"damage":22.0,"enemies":"3 Sentries","floor":7.0,"turns":11.0},{"damage":9.0,"enemies":"3 Louse","floor":8.0,"turns":4.0},{"damage":6.0,"enemies":"Exordium Wildlife","floor":13.0,"turns":2.0},{"damage":40,"enemies":"Hexaghost","floor":16,"turns":10}],"seed_played":"-6670662153010337343","potions_obtained":[{"floor":1.0,"key":"LiquidMemories"},{"floor":4.0,"key":"FearPotion"},{"floor":8.0,"key":"CunningPotion"}],"is_trial":false,"path_per_floor":["M","M","?","M","?","R","E","M","T","R","?","R","M","$","R","B"],"character_chosen":"THE_SILENT","items_purchased":["Backflip"],"campfire_rested":1,"item_purchase_floors":[14],"current_hp_per_floor":[40,40,40,39,45,45,23,14,14,35,59,59,53,53,53,13,13],"gold":86,"neow_bonus":"BOSS_RELIC","is_daily":false,"chose_seed":false,"campfire_upgraded":3,"win_rate":0.0,"timestamp":1610121391,"path_taken":["M","M","?","?","?","R","E","M","T","R","?","R","M","$","R","BOSS"],"items_purchased_type":["Card"],"build_version":"2020-12-22","purchased_purges":1,"victory":false,"max_hp_per_floor":[66,66,66,66,72,72,72,72,72,72,72,72,72,72,72,72,72],"relic_stats":{"Darkstone Periapt":6,"counters":[7,43],"Golden Idol":16,"Blue Candle":[3],"obtain_stats":[{"Calling Bell":0,"Darkstone Periapt":0,"Ice Cream":0,"Golden Idol":5,"Blue Candle":7,"Incense Burner":9,"Ancient Tea Set":0,"Ring of the Snake":0},{"Calling Bell":0,"Darkstone Periapt":0,"Ice Cream":0,"Golden Idol":3,"Blue Candle":4,"Incense Burner":5,"Ancient Tea Set":0,"Ring of the Snake":0},{"Calling Bell":0,"Darkstone Periapt":0,"Ice Cream":0,"Golden Idol":16,"Blue Candle":27,"Incense Burner":31,"Ancient Tea Set":0,"Ring of the Snake":0}]},"card_choices":[{"not_picked":["Quick Slash","Dodge and Roll"],"picked":"Skewer","floor":1.0},{"not_picked":["Concentrate","Outmaneuver"],"picked":"Acrobatics","floor":2.0},{"not_picked":["Riddle With Holes","PiercingWail"],"picked":"Backstab","floor":4.0},{"not_picked":["Flying Knee","Slice"],"picked":"Deadly Poison","floor":7.0},{"not_picked":["Dagger Spray","Sucker Punch"],"picked":"Night Terror","floor":8.0},{"not_picked":["Acrobatics","Deflect"],"picked":"Dagger Spray","floor":13.0}],"player_experience":1738653,"relics_obtained":[{"floor":0.0,"key":"Ancient Tea Set"},{"floor":0.0,"key":"Darkstone Periapt"},{"floor":0.0,"key":"Ice Cream"},{"floor":7.0,"key":"Blue Candle"},{"floor":9.0,"key":"Incense Burner"}],"event_choices":[{"damage_healed":0.0,"max_hp_gain":0.0,"max_hp_loss":0.0,"gold_gain":0.0,"cards_transformed":["Strike_G"],"event_name":"Transmorgrifier","player_choice":"Transformed","floor":3.0,"gold_loss":0.0,"damage_taken":0.0,"cards_obtained":["Burst"]},{"damage_healed":0.0,"max_hp_gain":0.0,"max_hp_loss":0.0,"gold_gain":0.0,"event_name":"Golden Idol","player_choice":"Take Wound","floor":5.0,"gold_loss":0.0,"damage_taken":0.0,"relics_obtained":["Golden Idol"],"cards_obtained":["Injury"]},{"damage_healed":24.0,"max_hp_gain":0.0,"max_hp_loss":0.0,"gold_gain":0.0,"event_name":"Big Fish","player_choice":"Banana","floor":11.0,"gold_loss":0.0,"damage_taken":0.0}],"is_beta":false,"boss_relics":[],"items_purged_floors":[14],"is_endless":false,"potions_floor_spawned":[1,4,8],"killed_by":"Hexaghost","ascension_level":20}}