{"host":"oiw60b5ins9fyx34","time":1610105449,"event":{"mods":["BaseMod","Colored Powertips","Minty Spire (QoL Compilation)","Permanent Neow","Quick Restart","Relic Stats","StSLib"],"gold_per_floor":[113,125,145,145,162,162,180,213,213,227,227,302,302,320,320,424,424,436,451,451,341,353,388,388,408,408,408,440,459,459,482,482,482,482],"floor_reached":33,"playtime":1886,"items_purged":["Strike_P"],"score":289,"play_id":"ef64ff03-089d-46f7-9c3f-fb9de71e30f5","local_time":"20210108203049","is_ascension_mode":false,"campfire_choices":[{"data":"Eruption","floor":6,"key":"SMITH"},{"data":"Adaptation","floor":11,"key":"SMITH"},{"floor":15,"key":"REST"},{"floor":24,"key":"REST"},{"floor":27,"key":"REST"},{"floor":30,"key":"REST"},{"floor":32,"key":"REST"}],"circlet_count":0,"master_deck":["Strike_P","Strike_P","Strike_P","Defend_P","Defend_P+1","Defend_P","Defend_P","Eruption+1","Vigilance+1","Clumsy","Adaptation+1","BowlingBash","CutThroughFate","Crescendo","FlurryOfBlows","DeusExMachina","PathToVictory","Sanctity","Ragnarok","LikeWater+1","Necronomicurse","Wireheading","Meditate+1","Tantrum+1","Tantrum+1","Evaluate+1"],"relics":["PureWater","Pocketwatch","War Paint","Lizard Tail","Calipers","SlaversCollar","Necronomicon","Girya","Ornamental Fan","StrikeDummy"],"acts_visited":["Exordium","TheCity"],"potions_floor_usage":[16,28],"damage_taken":[{"damage":2,"enemies":"2 Louse","floor":1,"turns":3},{"damage":6,"enemies":"Jaw Worm","floor":2,"turns":3},{"damage":0,"enemies":"Small Slimes","floor":3,"turns":3},{"damage":0,"enemies":"3 Louse","floor":5,"turns":2},{"damage":7,"enemies":"Exordium Wildlife","floor":7,"turns":3},{"damage":14,"enemies":"3 Sentries","floor":8,"turns":5},{"damage":3,"enemies":"Large Slime","floor":10,"turns":3},{"damage":7,"enemies":"Blue Slaver","floor":14,"turns":3},{"damage":12,"enemies":"Slime Boss","floor":16,"turns":4},{"damage":2,"enemies":"2 Thieves","floor":18,"turns":2},{"damage":13,"enemies":"Spheric Guardian","floor":19,"turns":4},{"damage":2,"enemies":"Snake Plant","floor":22,"turns":2},{"damage":29,"enemies":"Gremlin Leader","floor":23,"turns":5},{"damage":13,"enemies":"Chosen and Byrds","floor":25,"turns":3},{"damage":42,"enemies":"Slavers","floor":28,"turns":2},{"damage":17,"enemies":"Snecko","floor":29,"turns":5},{"damage":2,"enemies":"Collector","floor":33,"turns":5}],"seed_played":"-1814475401208158843","potions_obtained":[{"floor":2,"key":"Fire Potion"},{"floor":3,"key":"SkillPotion"},{"floor":8,"key":"LiquidBronze"},{"floor":16,"key":"Energy Potion"},{"floor":22,"key":"FairyPotion"},{"floor":29,"key":"Weak Potion"}],"is_trial":false,"path_per_floor":["M","M","M","?","M","R","M","E","T","M","R","?","?","M","R","B",null,"M","M","?","$","M","E","R","M","T","R","E","M","R","T","R","B"],"character_chosen":"WATCHER","items_purchased":["Wireheading"],"campfire_rested":5,"item_purchase_floors":[21],"current_hp_per_floor":[70,64,64,52,52,52,45,31,31,28,28,17,17,10,31,19,72,70,57,41,41,39,10,31,18,18,39,21,4,25,25,46,44,44],"gold":482,"neow_bonus":"ONE_RARE_RELIC","is_daily":false,"chose_seed":false,"campfire_upgraded":2,"win_rate":0.0,"timestamp":1610105449,"path_taken":["M","M","M","?","M","R","M","E","T","M","R","?","?","M","R","BOSS","M","M","?","$","M","E","R","M","T","R","E","M","R","?","R","BOSS"],"items_purchased_type":["Card"],"build_version":"2020-12-22","purchased_purges":1,"victory":false,"max_hp_per_floor":[72,72,72,72,72,72,72,72,72,72,72,72,72,72,72,72,72,72,72,72,72,72,72,72,72,72,72,72,72,72,72,72,72,72],"relic_stats":{"Lizard Tail":0,"counters":[17,57],"Ornamental Fan":[28],"Necronomicon":[7],"War Paint":["Vigilance","Defend_P"],"obtain_stats":[{"SlaversCollar":17,"Girya":23,"Lizard Tail":8,"Calipers":9,"Ornamental Fan":26,"Necronomicon":20,"PureWater":0,"War Paint":4,"StrikeDummy":28,"Pocketwatch":0},{"SlaversCollar":9,"Girya":13,"Lizard Tail":6,"Calipers":6,"Ornamental Fan":14,"Necronomicon":11,"PureWater":0,"War Paint":3,"StrikeDummy":15,"Pocketwatch":0},{"SlaversCollar":29,"Girya":42,"Lizard Tail":19,"Calipers":19,"Ornamental Fan":45,"Necronomicon":35,"PureWater":0,"War Paint":9,"StrikeDummy":47,"Pocketwatch":0}],"Pocketwatch":[39]},"card_choices":[{"not_picked":["Wireheading","Prostrate"],"picked":"Adaptation","floor":1},{"not_picked":["Protect","FlurryOfBlows"],"picked":"BowlingBash","floor":2},{"not_picked":["EmptyBody","FollowUp"],"picked":"CutThroughFate","floor":3},{"not_picked":["Consecrate","Wireheading"],"picked":"Crescendo","floor":5},{"not_picked":["SashWhip","Prostrate"],"picked":"FlurryOfBlows","floor":7},{"not_picked":["Perseverance","SignatureMove"],"picked":"DeusExMachina","floor":8},{"not_picked":["Nirvana","Adaptation"],"picked":"PathToVictory","floor":10},{"not_picked":["ThirdEye","Consecrate"],"picked":"Sanctity","floor":14},{"not_picked":["Wish","ConjureBlade"],"picked":"Ragnarok","floor":16},{"not_picked":["Prostrate","Crescendo","PathToVictory+1"],"picked":"SKIP","floor":18},{"not_picked":["WheelKick+1","CrushJoints"],"picked":"LikeWater+1","floor":19},{"not_picked":["LikeWater+1","JustLucky"],"picked":"Meditate+1","floor":22},{"not_picked":["Crescendo","Brilliance"],"picked":"Tantrum+1","floor":23},{"not_picked":["Swivel","InnerPeace"],"picked":"Tantrum+1","floor":25},{"not_picked":["ConjureBlade","Wireheading"],"picked":"Evaluate+1","floor":28},{"not_picked":["BattleHymn","Evaluate","EmptyFist+1"],"picked":"SKIP","floor":29}],"player_experience":557384,"relics_obtained":[{"floor":8,"key":"Lizard Tail"},{"floor":9,"key":"Calipers"},{"floor":20,"key":"Necronomicon"},{"floor":23,"key":"Girya"},{"floor":26,"key":"Ornamental Fan"},{"floor":28,"key":"StrikeDummy"}],"event_choices":[{"damage_healed":0,"gold_gain":0,"player_choice":"Success","damage_taken":12,"relics_obtained":["War Paint"],"max_hp_gain":0,"max_hp_loss":0,"event_name":"Scrap Ooze","floor":4,"gold_loss":0},{"damage_healed":0,"gold_gain":75,"player_choice":"Gather Gold","damage_taken":11,"max_hp_gain":0,"max_hp_loss":0,"event_name":"World of Goop","floor":12,"gold_loss":0},{"damage_healed":0,"gold_gain":0,"player_choice":"Ignored","damage_taken":0,"max_hp_gain":0,"max_hp_loss":0,"event_name":"Liars Game","floor":13,"gold_loss":0},{"damage_healed":0,"gold_gain":0,"player_choice":"Obtained Book","damage_taken":16,"max_hp_gain":0,"max_hp_loss":0,"event_name":"Cursed Tome","floor":20,"gold_loss":0}],"is_beta":false,"boss_relics":[{"not_picked":["Black Star","Empty Cage"],"picked":"SlaversCollar"}],"items_purged_floors":[21],"is_endless":false,"potions_floor_spawned":[2,3,8,14,16,22,25,29],"killed_by":"Collector","ascension_level":0}}