{"host":"pvafbce70weqvzks","time":1610075437,"event":{"mods":["BaseMod","Gremlin Mod","Hermit","Minty Spire (QoL Compilation)","StSLib","themimic"],"gold_per_floor":[116,127,145,155,155,155,182,195,195,206,130,130,164,22,22,22,22],"floor_reached":16,"playtime":759,"items_purged":[],"score":112,"play_id":"a2122f67-fe86-452c-9af7-e4da49ba1211","local_time":"20210108001037","is_ascension_mode":false,"campfire_choices":[{"data":"Anger","floor":6,"key":"SMITH"},{"data":"Infernal Blade","floor":12,"key":"SMITH"},{"floor":15,"key":"REST"}],"circlet_count":0,"master_deck":["Strike_R","Strike_R","Strike_R","Strike_R","Strike_R","Defend_R","Defend_R","Defend_R","Defend_R","Bash","Anger","Searing Blow","Anger+1","Shrug It Off","Flame Barrier","Infernal Blade+1","Armaments","Reckless Charge","Dramatic Entrance","Perfected Strike"],"relics":["Burning Blood","Blood Vial","Anchor","Pear","Sundial"],"acts_visited":["Exordium"],"potions_floor_usage":[16],"damage_taken":[{"damage":0,"enemies":"2 Louse","floor":1,"turns":3},{"damage":1,"enemies":"Cultist","floor":2,"turns":3},{"damage":6,"enemies":"Jaw Worm","floor":3,"turns":3},{"damage":28,"enemies":"Gremlin Gang","floor":4,"turns":5},{"damage":35,"enemies":"3 Sentries","floor":7,"turns":9},{"damage":0,"enemies":"2 Fungi Beasts","floor":8,"turns":3},{"damage":0,"enemies":"Looter","floor":10,"turns":2},{"damage":27,"enemies":"Lagavulin","floor":13,"turns":6},{"damage":89,"enemies":"The Guardian","floor":16,"turns":16}],"seed_played":"-3634444792771855107","potions_obtained":[{"floor":4,"key":"PowerPotion"},{"floor":7,"key":"ElixirPotion"},{"floor":10,"key":"SpeedPotion"}],"is_trial":false,"path_per_floor":["M","M","M","M","?","R","E","M","T","M","$","R","E","$","R","B"],"character_chosen":"IRONCLAD","items_purchased":["Reckless Charge","Dramatic Entrance","Perfected Strike"],"campfire_rested":1,"item_purchase_floors":[11,14,14],"current_hp_per_floor":[80,80,80,58,58,58,31,39,49,57,57,57,38,38,65,0,0],"gold":22,"neow_bonus":"THREE_CARDS","is_daily":false,"chose_seed":false,"campfire_upgraded":2,"win_rate":0.0,"timestamp":1610075437,"path_taken":["M","M","M","M","?","R","E","M","T","?","$","R","E","$","R","BOSS"],"items_purchased_type":["Card","Card","Card"],"build_version":"2020-12-22","purchased_purges":0,"victory":false,"max_hp_per_floor":[80,80,80,80,80,80,80,80,90,90,90,90,90,90,90,90,90],"card_choices":[{"not_picked":["Armaments","Rampage"],"picked":"Anger","floor":0},{"not_picked":["Heavy Blade","Body Slam"],"picked":"Searing Blow","floor":1},{"not_picked":["Battle Trance","Clash"],"picked":"Anger","floor":2},{"not_picked":["Dark Embrace","Disarm","Fire Breathing"],"picked":"SKIP","floor":3},{"not_picked":["Body Slam","Fire Breathing"],"picked":"Shrug It Off","floor":4},{"not_picked":["Fire Breathing","Evolve"],"picked":"Flame Barrier","floor":7},{"not_picked":["Body Slam","Armaments"],"picked":"Infernal Blade","floor":8},{"not_picked":["Iron Wave","Headbutt"],"picked":"Armaments","floor":10},{"not_picked":["Second Wind","Limit Break","True Grit"],"picked":"SKIP","floor":13}],"player_experience":57350,"relics_obtained":[{"floor":7,"key":"Anchor"},{"floor":9,"key":"Pear"},{"floor":13,"key":"Sundial"}],"event_choices":[{"damage_healed":0,"gold_gain":0,"player_choice":"Gave Potion","damage_taken":0,"relics_obtained":["Blood Vial"],"max_hp_gain":0,"max_hp_loss":0,"event_name":"WeMeetAgain","floor":5,"gold_loss":0}],"is_beta":false,"boss_relics":[],"items_purged_floors":[],"is_endless":false,"potions_floor_spawned":[4,7,10],"killed_by":"The Guardian","ascension_level":0}}