{"host":"baymyijz6sxaqj5s","time":1610107426,"event":{"mods":["AchievementEnabler","BaseMod","Colored Map","Colored Powertips","DeckTracker","Highlight Path","KOR Keyword Fix","Keyboard Shortcuts","Minty Spire (QoL Compilation)","Quick Restart","StSLib","SuperFastMode"],"gold_per_floor":[110,110,122,135,153,153,55,71,71,81,81,99,114,125,125,230,230,212,240,240,259,259,259],"floor_reached":22,"playtime":755,"items_purged":[],"score":209,"play_id":"f53f02b0-923f-4464-a113-561226df711c","local_time":"20210108210346","is_ascension_mode":true,"campfire_choices":[{"data":"Seeing Red","floor":6,"key":"SMITH"},{"data":"Body Slam","floor":11,"key":"SMITH"},{"data":"Power Through","floor":15,"key":"SMITH"}],"circlet_count":0,"master_deck":["Strike_R","Strike_R","Strike_R","Strike_R","Strike_R","Defend_R","Defend_R","Defend_R","Defend_R","Bash","Seeing Red+1","Power Through+1","Ghostly Armor","Body Slam+1","Inflame","Sword Boomerang","Thunderclap","Double Tap","Cleave+1","Reaper","Flame Barrier"],"relics":["Burning Blood","Oddly Smooth Stone","Letter Opener","SlaversCollar","Red Mask","Enchiridion"],"acts_visited":["Exordium","TheCity"],"potions_floor_usage":[10,16],"damage_taken":[{"damage":13,"enemies":"Jaw Worm","floor":1,"turns":4},{"damage":0,"enemies":"Cultist","floor":3,"turns":4},{"damage":1,"enemies":"2 Louse","floor":4,"turns":3},{"damage":6,"enemies":"Blue Slaver","floor":5,"turns":6},{"damage":6,"enemies":"Exordium Wildlife","floor":8,"turns":3},{"damage":31,"enemies":"Exordium Thugs","floor":10,"turns":14},{"damage":3,"enemies":"2 Fungi Beasts","floor":12,"turns":4},{"damage":3,"enemies":"Exordium Wildlife","floor":13,"turns":4},{"damage":11,"enemies":"Looter","floor":14,"turns":3},{"damage":65,"enemies":"Hexaghost","floor":16,"turns":15},{"damage":17,"enemies":"2 Thieves","floor":18,"turns":4},{"damage":56,"enemies":"Masked Bandits","floor":19,"turns":6},{"damage":12,"enemies":"Chosen","floor":21,"turns":6},{"damage":23,"enemies":"Centurion and Healer","floor":22,"turns":8}],"seed_played":"5389331973141423484","potions_obtained":[{"floor":1,"key":"DistilledChaos"},{"floor":3,"key":"Regen Potion"},{"floor":8,"key":"ElixirPotion"},{"floor":13,"key":"FearPotion"},{"floor":18,"key":"Dexterity Potion"},{"floor":21,"key":"SteroidPotion"}],"is_trial":false,"path_per_floor":["M","?","M","M","M","R","$","M","T","M","R","M","M","M","R","B",null,"M","?","?","M","M"],"character_chosen":"IRONCLAD","items_purchased":["Body Slam","Inflame"],"campfire_rested":0,"item_purchase_floors":[7,7],"current_hp_per_floor":[81,81,87,88,88,88,88,88,88,78,78,81,84,79,79,20,88,77,27,11,9,0,0],"gold":259,"neow_bonus":"TEN_PERCENT_HP_BONUS","is_daily":false,"chose_seed":false,"campfire_upgraded":3,"win_rate":0.0,"timestamp":1610107426,"path_taken":["M","?","M","M","?","R","$","M","T","M","R","M","?","M","R","BOSS","M","?","?","M","M"],"items_purchased_type":["Card","Card"],"build_version":"2020-12-22","purchased_purges":0,"victory":false,"max_hp_per_floor":[88,88,88,88,88,88,88,88,88,88,88,88,88,88,88,88,88,88,88,88,88,88,88],"card_choices":[{"not_picked":["Intimidate","Sword Boomerang"],"picked":"Seeing Red","floor":1},{"not_picked":["Havoc","Iron Wave"],"picked":"Power Through","floor":3},{"not_picked":["True Grit","Sever Soul","Clash"],"picked":"SKIP","floor":4},{"not_picked":["Thunderclap","Battle Trance"],"picked":"Ghostly Armor","floor":5},{"not_picked":["Anger","Sever Soul"],"picked":"Sword Boomerang","floor":8},{"not_picked":["Sword Boomerang","Blood for Blood"],"picked":"Thunderclap","floor":10},{"not_picked":["Fire Breathing","Iron Wave","Dark Embrace"],"picked":"SKIP","floor":12},{"not_picked":["Perfected Strike","Sever Soul","Sword Boomerang"],"picked":"SKIP","floor":13},{"not_picked":["Sever Soul","Clothesline","Cleave"],"picked":"SKIP","floor":14},{"not_picked":["Feed","Offering"],"picked":"Double Tap","floor":16},{"not_picked":["Burning Pact","Warcry"],"picked":"Cleave+1","floor":18},{"not_picked":["Intimidate","Havoc"],"picked":"Reaper","floor":19},{"not_picked":["Intimidate","Sever Soul"],"picked":"Flame Barrier","floor":21}],"player_experience":83962,"relics_obtained":[{"floor":9,"key":"Letter Opener"},{"floor":19,"key":"Red Mask"},{"floor":20,"key":"Enchiridion"}],"event_choices":[{"damage_healed":0,"gold_gain":0,"player_choice":"Gave Potion","damage_taken":0,"relics_obtained":["Oddly Smooth Stone"],"max_hp_gain":0,"max_hp_loss":0,"event_name":"WeMeetAgain","floor":2,"gold_loss":0},{"damage_healed":0,"gold_gain":0,"player_choice":"Fought Bandits","damage_taken":0,"max_hp_gain":0,"max_hp_loss":0,"event_name":"Masked Bandits","floor":19,"gold_loss":0},{"damage_healed":0,"gold_gain":0,"player_choice":"Obtained Book","damage_taken":16,"max_hp_gain":0,"max_hp_loss":0,"event_name":"Cursed Tome","floor":20,"gold_loss":0}],"is_beta":false,"boss_relics":[{"not_picked":["Ectoplasm","Busted Crown"],"picked":"SlaversCollar"}],"items_purged_floors":[],"is_endless":false,"potions_floor_spawned":[1,3,8,13,18,21],"killed_by":"Centurion and Healer","ascension_level":3}}