{"host":"c3lc60y5x60jlt1y","time":1610134461,"event":{"mods":["AchievementEnabler","BaseMod","Bestiary","Colored Map","Minty Spire (QoL Compilation)","Quick Restart","StSLib","ojb\u0027s Info Mod"],"gold_per_floor":[113,64,64,78,104,104,140,140,190,232,251,251,292,312,312,417,417,442,469,497,506,527,567,537,146,179,205,89,89,117,151,151,151,151],"floor_reached":33,"playtime":4820,"items_purged":["Strike_B","Strike_B"],"score":372,"play_id":"57b446c7-c9a3-473a-91b5-b0deb11cb1d2","local_time":"20210108213421","is_ascension_mode":true,"campfire_choices":[{"data":"Genetic Algorithm","floor":6,"key":"SMITH"},{"data":"Sunder","floor":8,"key":"SMITH"},{"data":"Streamline","floor":15,"key":"SMITH"},{"data":"Redo","floor":29,"key":"SMITH"},{"floor":32,"key":"RECALL"}],"circlet_count":0,"master_deck":["Strike_B","Defend_B+1","Defend_B","Defend_B","Defend_B","Zap","Dualcast","BootSequence","Streamline+1","Genetic Algorithm+1","Sunder+1","Glacier","Biased Cognition","Ball Lightning","FTL","Thunder Strike","Fusion","Ball Lightning+1","Doom and Gloom+1","Writhe","Lockon+1","Auto Shields+1","Undo","Loop","Coolheaded","Clumsy","Blizzard","Redo+1","Hologram+1"],"relics":["Cracked Core","NeowsBlessing","MealTicket","CeramicFish","Bronze Scales","Darkstone Periapt","Blood Vial","Cursed Key","Shuriken","Pear","War Paint","Boot","Ornamental Fan"],"acts_visited":["Exordium","TheCity"],"potions_floor_usage":[16,16,22,23,31],"damage_taken":[{"damage":0,"enemies":"Jaw Worm","floor":1,"turns":1},{"damage":0,"enemies":"Cultist","floor":4,"turns":1},{"damage":0,"enemies":"Lagavulin","floor":7,"turns":1},{"damage":26,"enemies":"3 Sentries","floor":10,"turns":5},{"damage":0,"enemies":"2 Louse","floor":11,"turns":2},{"damage":4,"enemies":"Lagavulin","floor":13,"turns":7},{"damage":0,"enemies":"Looter","floor":14,"turns":2},{"damage":14,"enemies":"Hexaghost","floor":16,"turns":8},{"damage":10,"enemies":"2 Thieves","floor":18,"turns":4},{"damage":2,"enemies":"Shell Parasite","floor":19,"turns":3},{"damage":1,"enemies":"Snake Plant","floor":20,"turns":4},{"damage":6,"enemies":"Snecko","floor":22,"turns":5},{"damage":26,"enemies":"Slavers","floor":23,"turns":3},{"damage":1,"enemies":"Centurion and Healer","floor":27,"turns":7},{"damage":0,"enemies":"Shelled Parasite and Fungi","floor":30,"turns":4},{"damage":5,"enemies":"Book of Stabbing","floor":31,"turns":4},{"damage":96,"enemies":"Automaton","floor":33,"turns":14}],"seed_played":"1946846042497473929","potions_obtained":[{"floor":1,"key":"Fire Potion"},{"floor":7,"key":"Fire Potion"},{"floor":13,"key":"PotionOfCapacity"},{"floor":20,"key":"AttackPotion"},{"floor":22,"key":"Strength Potion"},{"floor":24,"key":"SpeedPotion"},{"floor":24,"key":"Weak Potion"},{"floor":30,"key":"FocusPotion"}],"is_trial":false,"path_per_floor":["M","$","?","M","T","R","E","R","T","E","M","?","E","M","R","B",null,"M","M","M","?","M","E","?","$","T","M","$","R","M","E","R","B"],"character_chosen":"DEFECT","items_purchased":["Streamline","Undo","Loop","Coolheaded","War Paint","Redo"],"campfire_rested":0,"item_purchase_floors":[2,25,25,25,25,28],"current_hp_per_floor":[75,75,75,75,75,75,75,75,75,49,49,42,38,40,40,28,75,65,65,66,72,68,54,54,69,75,76,91,91,93,90,90,0,0],"gold":151,"neow_bonus":"THREE_ENEMY_KILL","is_daily":false,"chose_seed":false,"campfire_upgraded":4,"win_rate":0.0,"timestamp":1610134461,"path_taken":["M","$","?","M","?","R","E","R","T","E","?","?","E","M","R","BOSS","M","M","M","?","M","E","?","$","T","?","$","R","M","E","R","BOSS"],"items_purchased_type":["Card","Card","Card","Card","Relic","Card"],"build_version":"2020-12-22","purchased_purges":2,"victory":false,"max_hp_per_floor":[75,75,75,75,75,75,75,75,75,75,75,75,75,75,75,75,75,75,75,75,81,81,91,91,91,97,97,97,97,97,97,97,97,97],"card_choices":[{"not_picked":["Rip and Tear","Double Energy"],"picked":"BootSequence","floor":1},{"not_picked":["Barrage","Turbo"],"picked":"Genetic Algorithm","floor":4},{"not_picked":["Compile Driver","Skim"],"picked":"Sunder","floor":7},{"not_picked":["Undo","Compile Driver"],"picked":"Glacier","floor":10},{"not_picked":["Barrage","Tempest"],"picked":"Biased Cognition","floor":11},{"not_picked":["Steam","Stack"],"picked":"Ball Lightning","floor":13},{"not_picked":["Hologram","Redo"],"picked":"FTL","floor":14},{"not_picked":["Hyperbeam","Rainbow"],"picked":"Thunder Strike","floor":16},{"not_picked":["Rebound+1","Go for the Eyes"],"picked":"Fusion","floor":18},{"not_picked":["Go for the Eyes","Reinforced Body"],"picked":"Ball Lightning+1","floor":19},{"not_picked":["Hologram+1","Rip and Tear"],"picked":"Doom and Gloom+1","floor":20},{"not_picked":["Coolheaded+1","Reprogram+1"],"picked":"Lockon+1","floor":22},{"not_picked":["FTL+1","Hello World+1"],"picked":"Auto Shields","floor":23},{"not_picked":["Loop","Cold Snap"],"picked":"Blizzard","floor":27},{"not_picked":["Rebound","Hyperbeam"],"picked":"Hologram+1","floor":30},{"not_picked":["Rebound","Cold Snap","BootSequence"],"picked":"SKIP","floor":31}],"player_experience":7618237,"relics_obtained":[{"floor":5,"key":"MealTicket"},{"floor":7,"key":"CeramicFish"},{"floor":9,"key":"Bronze Scales"},{"floor":10,"key":"Darkstone Periapt"},{"floor":13,"key":"Blood Vial"},{"floor":23,"key":"Pear"},{"floor":26,"key":"Boot"},{"floor":31,"key":"Ornamental Fan"}],"event_choices":[{"damage_healed":0,"gold_gain":0,"cards_transformed":["Strike_B"],"player_choice":"Change","damage_taken":0,"max_hp_gain":0,"max_hp_loss":0,"event_name":"Living Wall","floor":3,"gold_loss":0,"cards_obtained":["Streamline"]},{"cards_removed":["Streamline"],"damage_healed":0,"gold_gain":0,"player_choice":"Card Removal","damage_taken":7,"max_hp_gain":0,"max_hp_loss":0,"event_name":"Golden Wing","floor":12,"gold_loss":0},{"damage_healed":0,"gold_gain":0,"player_choice":"Opened","damage_taken":0,"relics_obtained":["Shuriken"],"max_hp_gain":0,"max_hp_loss":0,"event_name":"The Mausoleum","floor":21,"gold_loss":0,"cards_obtained":["Writhe"]},{"damage_healed":0,"gold_gain":0,"player_choice":"Bought 2 Potions","damage_taken":0,"max_hp_gain":0,"max_hp_loss":0,"event_name":"The Woman in Blue","floor":24,"gold_loss":0}],"is_beta":false,"boss_relics":[{"not_picked":["Astrolabe","Runic Dome"],"picked":"Cursed Key"}],"items_purged_floors":[25,28],"is_endless":false,"potions_floor_spawned":[1,7,13,14,20,22,30],"killed_by":"Automaton","ascension_level":1}}