{"host":"7k2a2omxz3voj5ax","time":1610127913,"event":{"mods":["BaseMod","Marisa£¨ìFÓê¡¡Ä§ÀíÉ³£©","Minty Spire (QoL Compilation)","Quick Restart","Spicy Shops","StSLib","Starting Relic: Pandora\u0027s Box","óô»ðÖ¸ÄÏ"],"gold_per_floor":[115,115,115,136,2096,2134,2155,2195,2221,1002,1002,1038,1052,1072,1072,1165,1165,1189,1104,994,1013,1013,1056,1056,1090,1139,1183,1183,462,462,482,252,324,324,341,366,719,285,297,327,327,355,408,408,90,118,146,163,163,163,163,163,163,10,42,42],"floor_reached":57,"playtime":2402,"items_purged":["StarlightTyphoon","LuminesStrike","MasterSpark+1","PropBag","GalacticHalo","StarBarrage"],"score":3659,"play_id":"4f46bcd6-d947-45d1-af53-7bcc5b42008e","local_time":"20210109024513","is_ascension_mode":true,"campfire_choices":[{"floor":15.0,"key":"REST"},{"data":"Deep Breath","floor":24.0,"key":"SMITH"},{"data":"Singularity","floor":30.0,"key":"SMITH"},{"data":"Barricade","floor":41.0,"key":"SMITH"},{"floor":49.0,"key":"RECALL"},{"data":"Turbo","floor":53.0,"key":"SMITH"}],"circlet_count":0,"master_deck":["AscendersBane","MagicAbsorber+1","MachineGunSpark","Skim+1","PowerUp+1","Deep Breath+1","Barricade+1","Turbo+1","Footwork","Reaper","Singularity+1","6A","Escape Plan+1"],"relics":["BewitchedHakkero","Bloody Idol","PrismaticShard","Vajra","Whetstone","Ancient Tea Set","Medical Kit","Ice Cream","WingedGreaves","Omamori","Centennial Puzzle","Mummified Hand","Ornamental Fan","Boot","Orichalcum","Potion Belt","HandDrill","Frozen Egg 2","SacredBark","TungstenRod","Old Coin","Membership Card","Gambling Chip","War Paint","Smiling Mask","InkBottle","SimpleLauncher","Strawberry","Art of War","Question Card","Anchor","Toy Ornithopter"],"acts_visited":["Exordium","TheCity","TheBeyond","TheEnding"],"potions_floor_usage":[56,56,56,56],"damage_taken":[{"damage":2.0,"enemies":"Small Slimes","floor":1.0,"turns":2.0},{"damage":12.0,"enemies":"Jaw Worm","floor":4.0,"turns":2.0},{"damage":20.0,"enemies":"Lagavulin","floor":6.0,"turns":5.0},{"damage":14.0,"enemies":"2 Louse","floor":7.0,"turns":3.0},{"damage":8.0,"enemies":"Gremlin Nob","floor":8.0,"turns":3.0},{"damage":0.0,"enemies":"Lagavulin","floor":12.0,"turns":3.0},{"damage":0.0,"enemies":"Exordium Thugs","floor":13.0,"turns":1.0},{"damage":0.0,"enemies":"Gremlin Gang","floor":14.0,"turns":2.0},{"damage":4.0,"enemies":"The Guardian","floor":16.0,"turns":5.0},{"damage":15.0,"enemies":"Spheric Guardian","floor":18.0,"turns":4.0},{"damage":22.0,"enemies":"2 Thieves","floor":21.0,"turns":2.0},{"damage":0.0,"enemies":"Slavers","floor":23.0,"turns":2.0},{"damage":2.0,"enemies":"Book of Stabbing","floor":25.0,"turns":2.0},{"damage":0.0,"enemies":"Gremlin Leader","floor":27.0,"turns":2.0},{"damage":2.0,"enemies":"Snecko","floor":31.0,"turns":3.0},{"damage":0.0,"enemies":"Collector","floor":33.0,"turns":2.0},{"damage":5.0,"enemies":"3 Darklings","floor":35.0,"turns":2.0},{"damage":0.0,"enemies":"Mind Bloom Boss Battle","floor":36.0,"turns":3.0},{"damage":21.0,"enemies":"2 Orb Walkers","floor":37.0,"turns":3.0},{"damage":19.0,"enemies":"3 Shapes","floor":39.0,"turns":2.0},{"damage":4.0,"enemies":"Giant Head","floor":40.0,"turns":2.0},{"damage":0.0,"enemies":"Reptomancer","floor":42.0,"turns":2.0},{"damage":0.0,"enemies":"Nemesis","floor":46.0,"turns":1.0},{"damage":0.0,"enemies":"Giant Head","floor":47.0,"turns":1.0},{"damage":0.0,"enemies":"3 Darklings","floor":48.0,"turns":2.0},{"damage":0.0,"enemies":"Donu and Deca","floor":50.0,"turns":1.0},{"damage":6.0,"enemies":"Time Eater","floor":51.0,"turns":4.0},{"damage":0,"enemies":"Shield and Spear","floor":55,"turns":2},{"damage":6,"enemies":"The Heart","floor":56,"turns":6}],"seed_played":"752350342460654638","potions_obtained":[{"floor":4.0,"key":"SkillPotion"},{"floor":7.0,"key":"Energy Potion"},{"floor":13.0,"key":"ShroomBrew"},{"floor":25.0,"key":"Explosive Potion"},{"floor":27.0,"key":"Fire Potion"},{"floor":33.0,"key":"Weak Potion"},{"floor":35.0,"key":"CultistPotion"},{"floor":36.0,"key":"FearPotion"},{"floor":40.0,"key":"SteroidPotion"}],"is_trial":false,"path_per_floor":["M","?","?","M","$","E","M","E","T","$","?","E","M","M","R","B",null,"M","?","?","M","?","E","R","E","T","E","?","$","R","M","R","B",null,"M","?","?","$","M","E","R","E","T","$","$","E","E","M","R","B","B",null,"R","$","E","B",null],"character_chosen":"MARISA","items_purchased":["PrismaticShard","Medical Kit","Ice Cream","WingedGreaves","Omamori","Deep Breath","Singularity","HandDrill","Frozen Egg 2","6A","Membership Card","Gambling Chip","InkBottle","SimpleLauncher","Strawberry","Anchor","EssenceOfSteel","Energy Potion"],"campfire_rested":1,"item_purchase_floors":[5,10,10,10,10,10,29,29,29,32,38,38,45,45,45,54,54,54],"current_hp_per_floor":[61,57,57,45,45,25,11,3,3,3,3,3,3,3,20,16,47,32,32,32,10,10,10,10,8,8,8,8,8,8,32,32,57,57,57,57,57,57,57,57,57,57,57,57,64,64,64,64,64,64,58,63,63,63,64,64],"gold":42,"neow_bonus":"TRANSFORM_TWO_CARDS","is_daily":false,"chose_seed":false,"campfire_upgraded":4,"win_rate":0.0,"timestamp":1610127913,"path_taken":["M","?","?","M","$","E","M","E","T","$","?","E","?","?","R","BOSS","M","?","?","?","?","E","R","E","T","E","?","$","R","M","R","BOSS","M","?","?","$","M","E","R","E","T","?","$","E","E","M","R","BOSS","BOSS","R","$","E","BOSS"],"items_purchased_type":["Relic","Relic","Relic","Relic","Relic","Card","Card","Relic","Relic","Card","Relic","Relic","Relic","Relic","Relic","Relic","Potion","Potion"],"build_version":"2020-12-22","purchased_purges":6,"victory":true,"max_hp_per_floor":[63,57,57,57,57,57,57,57,57,57,57,57,57,57,57,57,57,57,57,57,57,57,57,57,57,57,57,57,57,57,57,57,57,57,57,57,57,57,57,57,57,57,57,57,64,64,64,64,64,64,64,64,64,64,64,64],"card_choices":[{"not_picked":["GravityBeat","StarlightTyphoon","ChargingUp"],"picked":"SKIP","floor":1.0},{"not_picked":["Occultation","DC","Robbery"],"picked":"SKIP","floor":4.0},{"not_picked":["Coolheaded","Masterful Stab"],"picked":"Skim","floor":6.0},{"not_picked":["Burning Pact","SporeBomb"],"picked":"PowerUp","floor":7.0},{"not_picked":["Dodge and Roll","Swivel","Finisher"],"picked":"SKIP","floor":8.0},{"not_picked":["Coolheaded","Deflect","Twin Strike"],"picked":"SKIP","floor":12.0},{"not_picked":["Perfected Strike","Heavy Blade","Rupture"],"picked":"SKIP","floor":13.0},{"not_picked":["Intimidate","OneTimeOff","DeepEcoloBomb"],"picked":"SKIP","floor":14.0},{"not_picked":["BlazingStar","Establishment"],"picked":"Barricade","floor":16.0},{"not_picked":["Evolve","Carnage","Poisoned Stab"],"picked":"SKIP","floor":18.0},{"not_picked":["Shrug It Off","Reprogram"],"picked":"Turbo","floor":21.0},{"not_picked":["Choke+1","Clothesline"],"picked":"Footwork","floor":23.0},{"not_picked":["Halt","Go for the Eyes","PathToVictory"],"picked":"SKIP","floor":25.0},{"not_picked":["SuperPerseids","Cloak And Dagger"],"picked":"Reaper","floor":27.0},{"not_picked":["Sweeping Beam","Heavy Blade","Body Slam+1"],"picked":"SKIP","floor":31.0},{"not_picked":["Ghostly Armor+1","Tactician+1","DarkSpark"],"picked":"SKIP","floor":35.0},{"not_picked":["Sucker Punch+1","Heavy Blade","Ball Lightning"],"picked":"SKIP","floor":39.0},{"not_picked":["Havoc","Evaluate+1"],"picked":"Escape Plan+1","floor":40.0},{"not_picked":["UnstableBomb","Poisoned Stab","Melter"],"picked":"SKIP","floor":42.0},{"not_picked":["UnstableBomb","Poisoned Stab","Melter"],"picked":"SKIP","floor":42.0},{"not_picked":["WheelKick","FollowUp","Reckless Charge"],"picked":"SKIP","floor":46.0},{"not_picked":["PathToVictory","ClearTheMind+1","FearNoEvil"],"picked":"SKIP","floor":47.0},{"not_picked":["DarkSpark","Feel No Pain+1","WitchLeyline","FlyingSleeves"],"picked":"SKIP","floor":48.0},{"not_picked":["Armaments","Apotheosis","ThirdEye","Sweeping Beam+1"],"picked":"SKIP","floor":55}],"player_experience":409848,"relics_obtained":[{"floor":6.0,"key":"Vajra"},{"floor":8.0,"key":"Whetstone"},{"floor":9.0,"key":"Ancient Tea Set"},{"floor":12.0,"key":"Centennial Puzzle"},{"floor":23.0,"key":"Ornamental Fan"},{"floor":25.0,"key":"Boot"},{"floor":26.0,"key":"Orichalcum"},{"floor":27.0,"key":"Potion Belt"},{"floor":36.0,"key":"TungstenRod"},{"floor":37.0,"key":"Old Coin"},{"floor":40.0,"key":"War Paint"},{"floor":42.0,"key":"Smiling Mask"},{"floor":46.0,"key":"Art of War"},{"floor":47.0,"key":"Question Card"},{"floor":55,"key":"Toy Ornithopter"}],"event_choices":[{"damage_healed":0.0,"max_hp_gain":0.0,"max_hp_loss":6.0,"gold_gain":0.0,"event_name":"Golden Idol","player_choice":"Lose Max HP","floor":2.0,"gold_loss":0.0,"damage_taken":0.0,"relics_obtained":["Golden Idol"]},{"damage_healed":0.0,"max_hp_gain":0.0,"max_hp_loss":0.0,"gold_gain":0.0,"event_name":"Liars Game","player_choice":"Ignored","floor":3.0,"gold_loss":0.0,"damage_taken":0.0},{"cards_removed":["UpSweep"],"damage_healed":0.0,"max_hp_gain":0.0,"max_hp_loss":0.0,"gold_gain":0.0,"event_name":"Bonfire Elementals","player_choice":"Offered Basic","floor":11.0,"gold_loss":0.0,"damage_taken":0.0},{"damage_healed":0.0,"max_hp_gain":0.0,"max_hp_loss":0.0,"gold_gain":0.0,"event_name":"Addict","player_choice":"Obtained Relic","floor":19.0,"gold_loss":85.0,"damage_taken":0.0,"relics_obtained":["Mummified Hand"]},{"cards_removed":["GrandCross"],"damage_healed":0.0,"max_hp_gain":0.0,"max_hp_loss":0.0,"gold_gain":0.0,"event_name":"Designer","player_choice":"Upgrade and Remove","floor":20.0,"gold_loss":110.0,"damage_taken":0.0,"cards_upgraded":["PowerUp"]},{"damage_healed":0.0,"max_hp_gain":0.0,"max_hp_loss":0.0,"gold_gain":0.0,"event_name":"The Mausoleum","player_choice":"Ignored","floor":22.0,"gold_loss":0.0,"damage_taken":0.0},{"damage_healed":0.0,"max_hp_gain":0.0,"max_hp_loss":0.0,"gold_gain":0.0,"event_name":"Forgotten Altar","player_choice":"Gave Idol","floor":28.0,"relics_lost":["Golden Idol"],"gold_loss":0.0,"damage_taken":0.0,"relics_obtained":["Bloody Idol"]},{"damage_healed":0.0,"max_hp_gain":0.0,"max_hp_loss":0.0,"gold_gain":0.0,"event_name":"MindBloom","player_choice":"Fight","floor":36.0,"gold_loss":0.0,"damage_taken":0.0},{"damage_healed":0.0,"max_hp_gain":0.0,"max_hp_loss":0.0,"gold_gain":0.0,"event_name":"Mysterious Sphere","player_choice":"Fight","floor":37.0,"gold_loss":0.0,"damage_taken":0.0}],"is_beta":false,"boss_relics":[{"not_picked":["Sozu","SlaversCollar"],"picked":"BewitchedHakkero"},{"not_picked":["Velvet Choker","Philosopher\u0027s Stone"],"picked":"SacredBark"}],"items_purged_floors":[5,10,29,29,32,38],"is_endless":false,"potions_floor_spawned":[4,7,13,16,25,27,33,35,36,40,42,47],"ascension_level":20}}