{"host":"t7mx8yfj1no5p62f","time":1610112567,"event":{"mods":["BaseMod","Colored Map","Colored Powertips","Minty Spire (QoL Compilation)","Relic Stats","StSLib"],"gold_per_floor":[114,124,134,146,221,221,252,252,303,321,345,345,376,376,376,452,452,466,53,72,72,83,83,0,26,26,61,61,92,92,7,7,7,7],"floor_reached":33,"playtime":1291,"items_purged":[],"score":672,"play_id":"b52bd78b-65ce-4d59-b9d5-b573bd5aa9eb","local_time":"20210108082927","is_ascension_mode":true,"campfire_choices":[{"data":"Sucker Punch","floor":6,"key":"SMITH"},{"floor":8,"key":"REST"},{"floor":12,"key":"REST"},{"data":"Parasite","floor":15,"key":"PURGE"},{"data":"All Out Attack","floor":23,"key":"SMITH"},{"data":"Malaise","floor":28,"key":"SMITH"},{"data":"Corpse Explosion","floor":30,"key":"SMITH"},{"data":"Deadly Poison","floor":32,"key":"SMITH"}],"circlet_count":0,"master_deck":["AscendersBane","Strike_G","Strike_G","Strike_G","Strike_G","Defend_G","Defend_G","Defend_G","Defend_G","Defend_G","Survivor","Neutralize","Sucker Punch+1","Blur","All Out Attack+1","Deadly Poison+1","Malaise+1","Deflect","Tools of the Trade","Underhanded Strike","Reflex","Acrobatics","Poisoned Stab+1","Corpse Explosion+1","Backflip","Blur"],"relics":["Ring of the Snake","Peace Pipe","Kunai","Centennial Puzzle","Art of War","Coffee Dripper","PreservedInsect","Anchor","InkBottle","Smiling Mask","Bag of Marbles","Toy Ornithopter","MealTicket"],"acts_visited":["Exordium","TheCity"],"potions_floor_usage":[7,13,16,22,33,33],"damage_taken":[{"damage":1,"enemies":"2 Louse","floor":1,"turns":4},{"damage":4,"enemies":"Jaw Worm","floor":2,"turns":5},{"damage":0,"enemies":"Cultist","floor":3,"turns":4},{"damage":13,"enemies":"Large Slime","floor":4,"turns":9},{"damage":29,"enemies":"Gremlin Nob","floor":7,"turns":4},{"damage":7,"enemies":"Exordium Thugs","floor":10,"turns":5},{"damage":24,"enemies":"3 Sentries","floor":13,"turns":10},{"damage":4,"enemies":"The Guardian","floor":16,"turns":18},{"damage":3,"enemies":"Chosen","floor":18,"turns":8},{"damage":2,"enemies":"3 Byrds","floor":20,"turns":5},{"damage":12,"enemies":"3 Cultists","floor":22,"turns":6},{"damage":7,"enemies":"Slavers","floor":25,"turns":2},{"damage":0,"enemies":"Gremlin Leader","floor":27,"turns":6},{"damage":19,"enemies":"Slavers","floor":29,"turns":2},{"damage":30,"enemies":"Collector","floor":33,"turns":7}],"seed_played":"-296929438550342419","potions_obtained":[{"floor":4,"key":"CunningPotion"},{"floor":7,"key":"BlessingOfTheForge"},{"floor":10,"key":"SpeedPotion"},{"floor":13,"key":"Energy Potion"},{"floor":16,"key":"CultistPotion"},{"floor":22,"key":"PowerPotion"},{"floor":27,"key":"Regen Potion"}],"is_trial":false,"path_per_floor":["M","M","M","M","?","R","E","R","T","M","T","R","E","?","R","B",null,"M","$","M","?","M","R","$","E","T","E","R","E","R","?","R","B"],"character_chosen":"THE_SILENT","items_purchased":["PreservedInsect","Anchor","Reflex","Corpse Explosion"],"campfire_rested":2,"item_purchase_floors":[19,19,19,24],"current_hp_per_floor":[58,54,54,41,30,30,1,19,19,12,12,30,6,21,21,17,47,44,44,42,42,30,30,30,23,23,23,23,4,4,4,4,0,0],"gold":7,"neow_bonus":"ONE_RARE_RELIC","is_daily":false,"chose_seed":false,"campfire_upgraded":5,"win_rate":0.0,"timestamp":1610112567,"path_taken":["M","M","M","M","?","R","E","R","T","M","?","R","E","?","R","BOSS","M","$","M","?","M","R","?","E","T","E","R","E","R","?","R","BOSS"],"items_purchased_type":["Relic","Relic","Card","Card"],"build_version":"2020-12-22","purchased_purges":0,"victory":false,"max_hp_per_floor":[60,60,60,60,60,60,60,60,60,60,60,60,60,60,57,57,57,57,57,57,57,57,57,57,57,57,57,57,57,57,57,57,57,57],"relic_stats":{"Peace Pipe":1,"Centennial Puzzle":[24],"counters":[15,95],"MealTicket":0,"PreservedInsect":130,"Art of War":[10],"Kunai":[19],"Smiling Mask":0,"obtain_stats":[{"PreservedInsect":19,"Smiling Mask":26,"Peace Pipe":0,"Centennial Puzzle":11,"Anchor":19,"MealTicket":31,"Art of War":13,"Coffee Dripper":17,"Bag of Marbles":27,"Kunai":7,"InkBottle":25,"Toy Ornithopter":29,"Ring of the Snake":0},{"PreservedInsect":9,"Smiling Mask":12,"Peace Pipe":0,"Centennial Puzzle":6,"Anchor":9,"MealTicket":14,"Art of War":7,"Coffee Dripper":8,"Bag of Marbles":13,"Kunai":5,"InkBottle":12,"Toy Ornithopter":14,"Ring of the Snake":0},{"PreservedInsect":67,"Smiling Mask":80,"Peace Pipe":0,"Centennial Puzzle":31,"Anchor":67,"MealTicket":88,"Art of War":41,"Coffee Dripper":59,"Bag of Marbles":86,"Kunai":26,"InkBottle":80,"Toy Ornithopter":88,"Ring of the Snake":0}],"InkBottle":[6],"Toy Ornithopter":10,"Ring of the Snake":[30]},"card_choices":[{"not_picked":["Underhanded Strike","Bane"],"picked":"Sucker Punch","floor":1},{"not_picked":["Prepared","Backflip"],"picked":"Blur","floor":2},{"not_picked":["Heel Hook","Outmaneuver"],"picked":"All Out Attack","floor":3},{"not_picked":["Dagger Throw","Sucker Punch"],"picked":"Deadly Poison","floor":4},{"not_picked":["Glass Knife","Accuracy"],"picked":"Malaise","floor":7},{"not_picked":["Flying Knee","Caltrops","Deadly Poison"],"picked":"SKIP","floor":10},{"not_picked":["Choke","Dagger Spray"],"picked":"Deflect","floor":13},{"not_picked":["Die Die Die","Wraith Form v2"],"picked":"Tools of the Trade","floor":16},{"not_picked":["Sucker Punch","Bane"],"picked":"Underhanded Strike","floor":18},{"not_picked":["Caltrops","Dagger Throw"],"picked":"Acrobatics","floor":20},{"not_picked":["Masterful Stab","Acrobatics"],"picked":"Poisoned Stab+1","floor":22},{"not_picked":["Crippling Poison","Outmaneuver"],"picked":"Backflip","floor":25},{"not_picked":["Storm of Steel","Acrobatics"],"picked":"Blur","floor":27},{"not_picked":["Caltrops","Heel Hook","Acrobatics"],"picked":"SKIP","floor":29}],"player_experience":1680372,"relics_obtained":[{"floor":7,"key":"Kunai"},{"floor":11,"key":"Centennial Puzzle"},{"floor":13,"key":"Art of War"},{"floor":25,"key":"InkBottle"},{"floor":26,"key":"Smiling Mask"},{"floor":27,"key":"Bag of Marbles"},{"floor":29,"key":"Toy Ornithopter"}],"event_choices":[{"damage_healed":0,"gold_gain":75,"player_choice":"Gather Gold","damage_taken":11,"max_hp_gain":0,"max_hp_loss":0,"event_name":"World of Goop","floor":5,"gold_loss":0},{"damage_healed":15,"gold_gain":0,"player_choice":"Healed and dodged fight","damage_taken":0,"max_hp_gain":0,"max_hp_loss":0,"event_name":"Mushrooms","floor":14,"gold_loss":0,"cards_obtained":["Parasite"]},{"cards_removed":["Strike_G"],"damage_healed":0,"gold_gain":0,"player_choice":"Offered Basic","damage_taken":0,"max_hp_gain":0,"max_hp_loss":0,"event_name":"Bonfire Elementals","floor":21,"gold_loss":0},{"damage_healed":0,"gold_gain":0,"player_choice":"Obtained Relic","damage_taken":0,"relics_obtained":["MealTicket"],"max_hp_gain":0,"max_hp_loss":0,"event_name":"Addict","floor":31,"gold_loss":85}],"is_beta":false,"boss_relics":[{"not_picked":["Calling Bell","Velvet Choker"],"picked":"Coffee Dripper"}],"items_purged_floors":[],"is_endless":false,"potions_floor_spawned":[4,7,10,13,16,22,27,29],"killed_by":"Collector","ascension_level":20}}