{"host":"56ghxnzsglgdq727","time":1610106385,"event":{"mods":["AchievementEnabler","BaseMod","Downfall","Duelist Mod","Hermit","Minty Spire (QoL Compilation)","Rare Cards Sparkle","SOS???????","StSLib","The Bug Knight","The Senshi","The Servant 0.9.4","The Wild Card","Yuri Mod"],"gold_per_floor":[114,114,66,66,86,86,128,58,81,81,114,179,219,253,253],"floor_reached":14,"playtime":628,"items_purged":[],"score":115,"play_id":"d98de471-879b-4edd-b2b9-29ce20705532","local_time":"20210108064625","is_ascension_mode":false,"campfire_choices":[{"data":"Redorb","floor":6,"key":"SMITH"}],"circlet_count":0,"master_deck":["Attack_a","Attack_a","Attack_b","Shoot","Shoot","Provocation","Defend_Dante","Defend_Dante","Defend_Dante","Redorb+1","SSScard","EbonyIvory","Swordmaster","Darkslayer","Gunslinger","DT","Whiteorb"],"relics":["SSS","Combocheck","NeowsBlessing","Pantograph","Nunchaku"],"acts_visited":["Exordium"],"potions_floor_usage":[14,14,14],"damage_taken":[{"damage":0,"enemies":"2 Louse","floor":1,"turns":1},{"damage":0,"enemies":"Jaw Worm","floor":5,"turns":1},{"damage":0,"enemies":"Lagavulin","floor":7,"turns":1},{"damage":4,"enemies":"Cultist","floor":11,"turns":3},{"damage":11,"enemies":"Red Slaver","floor":12,"turns":4},{"damage":7,"enemies":"Exordium Wildlife","floor":13,"turns":2},{"damage":52,"enemies":"3 Sentries","floor":14,"turns":8}],"seed_played":"-390173544706548975","potions_obtained":[{"floor":11,"key":"SneckoOil"},{"floor":12,"key":"Weak Potion"},{"floor":13,"key":"DistilledChaos"}],"is_trial":false,"path_per_floor":["M","?","$","?","M","R","E","$","T","?","M","M","M","E"],"character_chosen":"DANTE","items_purchased":["EbonyIvory","Gunslinger"],"campfire_rested":0,"item_purchase_floors":[3,8],"current_hp_per_floor":[80,85,85,85,85,85,85,85,85,85,81,70,63,11,11],"gold":253,"neow_bonus":"THREE_ENEMY_KILL","is_daily":false,"chose_seed":false,"campfire_upgraded":1,"win_rate":0.0,"timestamp":1610106385,"path_taken":["M","?","$","?","?","R","E","?","T","?","?","M","M","E"],"items_purchased_type":["Card","Card"],"build_version":"2020-12-22","purchased_purges":0,"victory":false,"max_hp_per_floor":[80,85,85,85,85,85,85,85,85,85,85,85,85,85,85],"card_choices":[{"not_picked":["Dash2","Shock"],"picked":"SSScard","floor":1},{"not_picked":["CoyoteA","LucifercomboB"],"picked":"Swordmaster","floor":5},{"not_picked":["Chargeshoot2","Swordmaster"],"picked":"Darkslayer","floor":7},{"not_picked":["Gunslinger","Dash2","Rebellion"],"picked":"SKIP","floor":11},{"not_picked":["BeastUppercut","LucifercomboD","Royaldefend"],"picked":"SKIP","floor":12},{"not_picked":["Splesh","Holywater"],"picked":"Whiteorb","floor":13}],"player_experience":186848,"relics_obtained":[{"floor":7,"key":"Pantograph"},{"floor":9,"key":"Nunchaku"}],"event_choices":[{"damage_healed":0,"gold_gain":0,"player_choice":"Donut","damage_taken":0,"max_hp_gain":5,"max_hp_loss":0,"event_name":"Big Fish","floor":2,"gold_loss":0},{"damage_healed":0,"gold_gain":0,"player_choice":"Bought 0 Potions","damage_taken":0,"max_hp_gain":0,"max_hp_loss":0,"event_name":"The Woman in Blue","floor":4,"gold_loss":0},{"damage_healed":0,"gold_gain":0,"cards_transformed":["Defend_Dante"],"player_choice":"Transformed","damage_taken":0,"max_hp_gain":0,"max_hp_loss":0,"event_name":"Transmorgrifier","floor":10,"gold_loss":0,"cards_obtained":["DT"]}],"is_beta":false,"boss_relics":[],"items_purged_floors":[],"is_endless":false,"potions_floor_spawned":[11,12,13],"killed_by":"3 Sentries","ascension_level":0}}