{"host":"1a3cjta80tad0aqj","time":1610102574,"event":{"mods":["2.2 Compatiblity","AchievementEnabler","BaseMod","Colored Map","DeckTracker","KOR Keyword Fix","Keyboard Shortcuts","Minty Spire (QoL Compilation)","Permanent Neow","Quick Restart","Random Character Button","StSLib","SuperFastMode","everything is the same but u backflip on backflip"],"gold_per_floor":[144,189,234,135,135,135,180,225,250,409,454,454,544,589,589,889,889,943,997,1051,1101,1146,1146,1146,1200,1225,1225,1279,1333,667,667,667,976,976,1030,1084,376,526,526,526],"floor_reached":39,"playtime":2290,"items_purged":["Iron Wave"],"score":457,"play_id":"607f9efd-9bb0-4a1c-9971-3656df97b55b","local_time":"20210108194254","daily_mods":["Draft","Uncertain Future","Midas"],"is_ascension_mode":false,"campfire_choices":[{"floor":12,"key":"REST"},{"floor":15,"key":"REST"},{"floor":24,"key":"REST"},{"floor":27,"key":"REST"},{"floor":32,"key":"REST"}],"circlet_count":0,"master_deck":["Anger","Wild Strike","Anger","Pommel Strike","Flex","Cleave","Battle Trance","Sword Boomerang","Whirlwind+1","Flex","Shrug It Off","Seeing Red","Warcry","Thunderclap","Flex","Flex","Burning Pact","Power Through","Rage","Immolate","CurseOfTheBell","Inflame+1","Twin Strike+1","Ghostly Armor","Spot Weakness","Heavy Blade+1","Anger+1","Flex","Offering","Heavy Blade+1","Demon Form","Inflame","Apotheosis"],"relics":["Burning Blood","Boot","Meat on the Bone","Gremlin Horn","Calling Bell","CeramicFish","Molten Egg 2","Torii","Bag of Preparation","DollysMirror","Vajra","Prayer Wheel","Sozu","Oddly Smooth Stone","Regal Pillow","Frozen Eye","StoneCalendar"],"acts_visited":["Exordium","TheCity","TheBeyond"],"potions_floor_usage":[16,23,25,33,33],"damage_taken":[{"damage":0,"enemies":"2 Louse","floor":1,"turns":2},{"damage":0,"enemies":"Small Slimes","floor":2,"turns":1},{"damage":3,"enemies":"Jaw Worm","floor":3,"turns":2},{"damage":0,"enemies":"Gremlin Gang","floor":7,"turns":2},{"damage":0,"enemies":"2 Fungi Beasts","floor":8,"turns":2},{"damage":25,"enemies":"Lagavulin Event","floor":10,"turns":4},{"damage":0,"enemies":"3 Louse","floor":11,"turns":2},{"damage":8,"enemies":"Gremlin Nob","floor":13,"turns":3},{"damage":0,"enemies":"Blue Slaver","floor":14,"turns":1},{"damage":55,"enemies":"Hexaghost","floor":16,"turns":8},{"damage":1,"enemies":"Chosen","floor":18,"turns":3},{"damage":10,"enemies":"Shell Parasite","floor":19,"turns":4},{"damage":1,"enemies":"Sentry and Sphere","floor":20,"turns":3},{"damage":30,"enemies":"Shelled Parasite and Fungi","floor":22,"turns":3},{"damage":0,"enemies":"Book of Stabbing","floor":23,"turns":1},{"damage":9,"enemies":"Centurion and Healer","floor":25,"turns":5},{"damage":24,"enemies":"Snecko","floor":28,"turns":6},{"damage":29,"enemies":"Snake Plant","floor":29,"turns":4},{"damage":20,"enemies":"Colosseum Slavers","floor":31,"turns":2},{"damage":40,"enemies":"Collector","floor":33,"turns":5},{"damage":0,"enemies":"3 Darklings","floor":35,"turns":2},{"damage":6,"enemies":"3 Shapes","floor":36,"turns":2},{"damage":52,"enemies":"Mind Bloom Boss Battle","floor":38,"turns":5},{"damage":50,"enemies":"Transient","floor":39,"turns":5}],"seed_played":"-6062085814737979882","potions_obtained":[{"floor":1,"key":"Weak Potion"},{"floor":8,"key":"GamblersBrew"},{"floor":10,"key":"SteroidPotion"},{"floor":16,"key":"AttackPotion"},{"floor":22,"key":"SmokeBomb"},{"floor":25,"key":"DistilledChaos"},{"floor":28,"key":"DuplicationPotion"},{"floor":33,"key":"Ancient Potion"}],"is_trial":false,"path_per_floor":["M","M","M","$","?","?","M","M","T","?","M","R","E","M","R","B",null,"M","M","M","?","M","E","R","M","T","R","M","M","$","?","R","B",null,"M","M","$","?","M"],"character_chosen":"IRONCLAD","items_purchased":["Flex","SteroidPotion","DollysMirror","Vajra","Prayer Wheel","Inflame","Apotheosis","Oddly Smooth Stone","Regal Pillow","Frozen Eye"],"campfire_rested":5,"item_purchase_floors":[4,4,30,30,30,37,37,37,37,37],"current_hp_per_floor":[80,80,80,80,80,80,80,80,80,61,67,80,78,80,80,43,80,80,76,80,80,56,62,80,77,77,80,62,51,51,49,73,51,80,80,80,80,46,0,0],"gold":526,"neow_bonus":"","is_daily":true,"chose_seed":false,"campfire_upgraded":0,"win_rate":0.0,"timestamp":1610102574,"path_taken":["M","M","M","$","?","?","M","M","T","?","M","R","E","M","R","BOSS","M","M","M","?","M","E","R","M","T","R","?","M","$","?","R","BOSS","M","M","$","?","M"],"items_purchased_type":["Card","Potion","Relic","Relic","Relic","Card","Card","Relic","Relic","Relic"],"build_version":"2020-12-22","purchased_purges":1,"victory":false,"max_hp_per_floor":[80,80,80,80,80,80,80,80,80,80,80,80,80,80,80,80,80,80,80,80,80,80,80,80,80,80,80,80,80,80,80,80,80,80,80,80,80,80,80,80],"card_choices":[{"not_picked":["Intimidate","Metallicize"],"picked":"Iron Wave","floor":0},{"not_picked":["Rampage","Sword Boomerang"],"picked":"Anger","floor":0},{"not_picked":["Havoc","Clothesline"],"picked":"Wild Strike","floor":0},{"not_picked":["Twin Strike","Clash"],"picked":"Anger","floor":0},{"not_picked":["Flame Barrier","Warcry"],"picked":"Pommel Strike","floor":0},{"not_picked":["Warcry","Disarm"],"picked":"Flex","floor":0},{"not_picked":["Fire Breathing","Armaments"],"picked":"Cleave","floor":0},{"not_picked":["Cleave","Rupture"],"picked":"Battle Trance","floor":0},{"not_picked":["Sever Soul","Dual Wield"],"picked":"Sword Boomerang","floor":0},{"not_picked":["Wild Strike","Combust"],"picked":"Whirlwind","floor":0},{"not_picked":["Metallicize","Reckless Charge"],"picked":"Flex","floor":0},{"not_picked":["Entrench","Battle Trance"],"picked":"Shrug It Off","floor":0},{"not_picked":["True Grit","Reckless Charge"],"picked":"Seeing Red","floor":0},{"not_picked":["Clash","Cleave"],"picked":"Warcry","floor":0},{"not_picked":["Disarm","Flex"],"picked":"Thunderclap","floor":0},{"not_picked":["Armaments","Perfected Strike","True Grit"],"picked":"SKIP","floor":1},{"not_picked":["Hemokinesis","Ghostly Armor"],"picked":"Flex","floor":2},{"not_picked":["Flame Barrier","Clothesline","Rupture"],"picked":"SKIP","floor":3},{"not_picked":["Pommel Strike","Wild Strike"],"picked":"Burning Pact","floor":7},{"not_picked":["Cleave","Bloodletting","Battle Trance"],"picked":"SKIP","floor":8},{"not_picked":["Corruption","Pommel Strike"],"picked":"Power Through","floor":10},{"not_picked":["Perfected Strike","Fire Breathing","Intimidate"],"picked":"SKIP","floor":11},{"not_picked":["Infernal Blade","Metallicize"],"picked":"Rage","floor":13},{"not_picked":["Clothesline","Metallicize","Combust"],"picked":"SKIP","floor":14},{"not_picked":["Fiend Fire","Corruption"],"picked":"Immolate","floor":16},{"not_picked":["Thunderclap+1","Warcry"],"picked":"Inflame+1","floor":18},{"not_picked":["Armaments","Clothesline+1"],"picked":"Twin Strike+1","floor":19},{"not_picked":["Shrug It Off","Rampage+1"],"picked":"Ghostly Armor","floor":20},{"not_picked":["Dual Wield","Twin Strike+1","Body Slam+1"],"picked":"SKIP","floor":22},{"not_picked":["Shrug It Off","Entrench+1"],"picked":"Spot Weakness","floor":25},{"not_picked":["Headbutt+1","Intimidate"],"picked":"Heavy Blade+1","floor":28},{"not_picked":["Entrench+1","Pommel Strike+1"],"picked":"Anger+1","floor":29},{"not_picked":["Brutality","Impervious"],"picked":"Offering","floor":33},{"not_picked":["Sword Boomerang+1","Intimidate"],"picked":"Heavy Blade+1","floor":35},{"not_picked":["Sword Boomerang+1","Armaments","Body Slam+1"],"picked":"SKIP","floor":35},{"not_picked":["Entrench+1","Shockwave+1"],"picked":"Demon Form","floor":36},{"not_picked":["Rupture","Carnage+1","Iron Wave+1"],"picked":"SKIP","floor":36}],"player_experience":207631,"relics_obtained":[{"floor":9,"key":"Boot"},{"floor":13,"key":"Gremlin Horn"},{"floor":17,"key":"CeramicFish"},{"floor":17,"key":"Molten Egg 2"},{"floor":17,"key":"Torii"},{"floor":26,"key":"Bag of Preparation"},{"floor":38,"key":"StoneCalendar"}],"event_choices":[{"damage_healed":0,"gold_gain":0,"player_choice":"Ignored","damage_taken":0,"max_hp_gain":0,"max_hp_loss":0,"event_name":"Liars Game","floor":5,"gold_loss":0},{"damage_healed":0,"gold_gain":0,"player_choice":"Grow","damage_taken":0,"max_hp_gain":0,"max_hp_loss":0,"event_name":"Living Wall","floor":6,"gold_loss":0,"cards_upgraded":["Whirlwind"]},{"damage_healed":0,"gold_gain":0,"player_choice":"Searched \u00272\u0027 times","damage_taken":0,"relics_obtained":["Meat on the Bone"],"max_hp_gain":0,"max_hp_loss":0,"event_name":"Dead Adventurer","floor":10,"gold_loss":0},{"damage_healed":0,"gold_gain":100,"player_choice":"Bet on Murderer","damage_taken":0,"max_hp_gain":0,"max_hp_loss":0,"event_name":"The Joust","floor":21,"gold_loss":50},{"damage_healed":0,"gold_gain":0,"player_choice":"Fight","damage_taken":0,"max_hp_gain":0,"max_hp_loss":0,"event_name":"Colosseum","floor":31,"gold_loss":0},{"damage_healed":0,"gold_gain":0,"player_choice":"Fled From Nobs","damage_taken":0,"max_hp_gain":0,"max_hp_loss":0,"event_name":"Colosseum","floor":31,"gold_loss":0},{"damage_healed":0,"gold_gain":0,"player_choice":"Fight","damage_taken":0,"max_hp_gain":0,"max_hp_loss":0,"event_name":"MindBloom","floor":38,"gold_loss":0}],"is_beta":false,"boss_relics":[{"not_picked":["Runic Cube","Runic Pyramid"],"picked":"Calling Bell"},{"not_picked":["Tiny House","Philosopher\u0027s Stone"],"picked":"Sozu"}],"items_purged_floors":[30],"is_endless":false,"potions_floor_spawned":[1,8,10,13,16,18,22,25,28,33,38],"killed_by":"Transient","ascension_level":0}}