{"host":"qheym18ww6mhskxf","time":1610140313,"event":{"mods":["BaseMod","CapriCore","Friendly Minions","GungeonMod","KOR Keyword Fix","Kiyohime£¨?ýï£©","Minty Spire (QoL Compilation)","Prisma Mod","Quick Restart","RRrroohrrRGHHhhh!!","Rare Cards Sparkle","Shop Mod","Spicy Shops","StSLib","Td1madao Mod","Username Fix"],"gold_per_floor":[119,134,2,0,0,0,0,28,28,54,54,74,74,74,74,176,176,194,194,29,304,215,215,215,215,240,273,76,76,105,137,137,236,236,255,133,133,113,217,217,345,477,477,593,733,35,135,267,267,362,362,362],"floor_reached":51,"playtime":1443,"items_purged":["KiyohimeMod:Shapeshift","Regret","KiyohimeMod:FlameKiss+1","KiyohimeMod:Strike","KiyohimeMod:Strike","KiyohimeMod:Strike"],"score":2304,"play_id":"452cfcf5-83f1-4eba-8a81-55416b0770b0","local_time":"20210109061153","daily_mods":["Time Dilation","Flight","DeadlyEvents","Elite Swarm"],"is_ascension_mode":true,"campfire_choices":[{"data":"KiyohimeMod:FlameKiss","floor":6.0,"key":"SMITH"},{"data":"KiyohimeMod:Track","floor":7.0,"key":"SMITH"},{"data":"KiyohimeMod:Defend","floor":11.0,"key":"SMITH"},{"data":"PrismaMod:IllyaPartialInstallAssassin","floor":13.0,"key":"SMITH"},{"data":"KiyohimeMod:Defend","floor":15.0,"key":"SMITH"},{"data":"KiyohimeMod:Defend","floor":23.0,"key":"SMITH"},{"data":"KiyohimeMod:Defend","floor":24.0,"key":"SMITH"},{"data":"PrismaMod:IllyaGrail","floor":25.0,"key":"SMITH"},{"data":"KiyohimeMod:Preemptive","floor":29.0,"key":"SMITH"},{"data":"KiyohimeMod:AVerseOfBurningLoveStory","floor":32.0,"key":"SMITH"},{"data":"KiyohimeMod:RedBlackKey","floor":40.0,"key":"SMITH"},{"data":"KiyohimeMod:RedBlackKey","floor":49,"key":"SMITH"}],"circlet_count":0,"master_deck":["KiyohimeMod:Strike","KiyohimeMod:Defend+1","KiyohimeMod:Defend+1","KiyohimeMod:Defend+1","KiyohimeMod:Defend+1","KiyohimeMod:Track+1","PrismaMod:IllyaGrail+1","PrismaMod:IllyaPartialInstallAssassin+1","KiyohimeMod:RedBlackKey+1","KiyohimeMod:RedBlackKey+1","KiyohimeMod:Preemptive+1","KiyohimeMod:Preemptive+1","KiyohimeMod:Track+1","KiyohimeMod:AVerseOfBurningLoveStory+1","KiyohimeMod:ImaginaryNumberMagecraft+1","KiyohimeMod:ImaginaryNumberMagecraft+1","KiyohimeMod:ImaginaryNumberMagecraft+1"],"relics":["Unceasing Top","DemoMod:GnawedKey","DemoMod:GlassGuonStoneRelic","FossilizedHelix","SlaversCollar","MerchantsRug","Membership Card","DemoMod:GundromedaStrain","DemoMod:WhiteGuonStone","Singing Bowl","rorgmod:The Boot","Toxic Egg 2","rorgmod:Black Star","Oddly Smooth Stone","Bag of Marbles","Centennial Puzzle","PreservedInsect","The Courier","DemoMod:Bottle","Thread and Needle","Girya","Bird Faced Urn","Shuriken","Vajra","Omamori","Bag of Preparation","Nunchaku","Pen Nib","Akabeko","Anchor","Bronze Scales","HandDrill","ClockworkSouvenir","DemoMod:MonsterBlood","Strawberry","Pear","Bottled Lightning","Lantern","Potion Belt","Blood Vial","StoneCalendar","DemoMod:SerJunkan","Turnip","DemoMod:Junk","DemoMod:SevenLeafClover","TungstenRod","Gremlin Horn","DemoMod:OrangeGuonStone","KiyohimeMod:TerritoryCreation","Molten Egg 2","DemoMod:WaxWing"],"acts_visited":["Exordium","TheCity","TheBeyond","Exordium"],"potions_floor_usage":[],"damage_taken":[{"damage":0.0,"enemies":"2 Louse","floor":1.0,"turns":2.0},{"damage":0.0,"enemies":"Small Slimes","floor":2.0,"turns":2.0},{"damage":0.0,"enemies":"3 Sentries","floor":8.0,"turns":5.0},{"damage":0.0,"enemies":"Jaw Worm","floor":12.0,"turns":1.0},{"damage":0.0,"enemies":"Slime Boss","floor":16.0,"turns":6.0},{"damage":0.0,"enemies":"Chosen","floor":18.0,"turns":2.0},{"damage":0.0,"enemies":"Slavers","floor":27.0,"turns":1.0},{"damage":0.0,"enemies":"Gremlin Leader","floor":30.0,"turns":1.0},{"damage":0.0,"enemies":"Book of Stabbing","floor":31.0,"turns":1.0},{"damage":0.0,"enemies":"Champ","floor":33.0,"turns":1.0},{"damage":0.0,"enemies":"Orb Walker","floor":35.0,"turns":1.0},{"damage":0.0,"enemies":"Nemesis","floor":39.0,"turns":2.0},{"damage":0.0,"enemies":"Reptomancer","floor":41.0,"turns":1.0},{"damage":0.0,"enemies":"Giant Head","floor":42.0,"turns":2.0},{"damage":0.0,"enemies":"Nemesis","floor":44.0,"turns":2.0},{"damage":0.0,"enemies":"Reptomancer","floor":45.0,"turns":2.0},{"damage":0.0,"enemies":"Giant Head","floor":47.0,"turns":1.0},{"damage":0.0,"enemies":"Reptomancer","floor":48.0,"turns":1.0},{"damage":0,"enemies":"Donu and Deca","floor":50,"turns":1}],"seed_played":"-7362138902952511455","potions_obtained":[{"floor":2.0,"key":"DuplicationPotion"},{"floor":16.0,"key":"BlessingOfTheForge"},{"floor":18.0,"key":"Dexterity Potion"},{"floor":27.0,"key":"Dexterity Potion"},{"floor":33.0,"key":"SkillPotion"},{"floor":38.0,"key":"FairyPotion"},{"floor":50,"key":"DistilledChaos"}],"is_trial":true,"path_per_floor":["M","M","$","?","?","R","R","E","T","T","R","M","R","$","R","B",null,"M","?","$","?","$","R","R","R","T","E","$","R","E","E","R","B",null,"M","$","?","?","E","R","E","E","T","E","E","$","E","E","R","B",null],"character_chosen":"Kiyohime","items_purchased":["DemoMod:GnawedKey","MerchantsRug","Membership Card","DemoMod:GundromedaStrain","DollysMirror","rorgmod:The Boot","Lee\u0027s Waffle","DemoMod:LamentConfigurum","Oddly Smooth Stone","HandDrill","ClockworkSouvenir","DemoMod:MonsterBlood","Strawberry","Pear","Bottled Lightning","Lantern","Potion Belt","Blood Vial","StoneCalendar","DemoMod:SerJunkan"],"campfire_rested":0,"item_purchase_floors":[3,20,20,22,22,28,28,28,36,46,46,46,46,46,46,46,46,46,46,46],"current_hp_per_floor":[1,1,1,1,1,1,1,1,1,1,1,1,1,1,1,1,1,1,1,1,1,1,1,1,1,1,3,10,10,24,26,26,26,26,28,28,27,27,29,29,31,33,33,35,37,61,61,61,61,63,63,63],"gold":362,"neow_bonus":"","is_daily":false,"chose_seed":false,"campfire_upgraded":12,"win_rate":0.0,"timestamp":1610140313,"path_taken":["M","M","$","?","?","R","R","?","T","?","R","?","R","?","R","BOSS","M","?","$","?","$","R","R","R","T","E","$","R","?","E","R","BOSS","M","$","?","?","?","R","E","E","T","E","E","$","E","?","R","BOSS"],"items_purchased_type":["Relic","Relic","Relic","Relic","Relic","Relic","Relic","Relic","Relic","Relic","Relic","Relic","Relic","Relic","Relic","Relic","Relic","Relic","Relic","Relic"],"build_version":"2020-12-22","purchased_purges":6,"victory":false,"max_hp_per_floor":[1,1,1,1,1,1,1,1,1,1,1,1,1,1,1,1,1,1,1,1,1,1,1,1,1,1,3,10,10,24,26,26,26,26,28,28,27,27,29,29,31,33,33,35,37,61,61,61,61,63,63,63],"card_choices":[{"not_picked":["PrismaMod:IllyaMaid","PrismaMod:IllyaPoisonTippedWeapons"],"picked":"PrismaMod:IllyaGrail","floor":1.0},{"not_picked":["KiyohimeMod:ExSpicyMapoTofu","PrismaMod:IllyaFeed","KiyohimeMod:Fragarach"],"picked":"SKIP","floor":2.0},{"not_picked":["PrismaMod:IllyaUberPoisonChannel","KiyohimeMod:ImaginaryNumberMagecraft","PrismaMod:IllyaCarnivalAttack"],"picked":"SKIP","floor":8.0},{"not_picked":["KiyohimeMod:LimitedZeroOver","PrismaMod:IllyaCheapChannelAttack"],"picked":"PrismaMod:IllyaPartialInstallAssassin","floor":12.0},{"not_picked":["PrismaMod:IllyaDetonatingBlow","PrismaMod:IllyaGrail"],"picked":"KiyohimeMod:RedBlackKey","floor":12.0},{"not_picked":["PrismaMod:IllyaUpgradeOrbs","PrismaMod:IllyaAOECommonAttack+1"],"picked":"KiyohimeMod:RedBlackKey","floor":18.0},{"not_picked":["KiyohimeMod:EatSoul","PrismaMod:IllyaCommonEvoke"],"picked":"KiyohimeMod:Preemptive+1","floor":18.0},{"not_picked":["PrismaMod:IllyaCarnivalAttack","KiyohimeMod:GoldenCarpFigure","PrismaMod:IllyaUberPoisonChannel"],"picked":"Singing Bowl","floor":27.0},{"not_picked":["PrismaMod:IllyaUberDefendChannel","KiyohimeMod:Barrier"],"picked":"KiyohimeMod:AVerseOfBurningLoveStory","floor":30.0},{"not_picked":["KiyohimeMod:Servant_TamamoNoMae+1","KiyohimeMod:Servant_Osakabehime+1","KiyohimeMod:Barrier+1"],"picked":"Singing Bowl","floor":31.0},{"not_picked":["PrismaMod:IllyaCarnivalOrbs+1","PrismaMod:IllyaUberAttackChannel+1"],"picked":"KiyohimeMod:ImaginaryNumberMagecraft+1","floor":33.0},{"not_picked":["PrismaMod:IllyaRussianRoulette+1","KiyohimeMod:BeElegant+1","PrismaMod:IllyaHassanGift+1"],"picked":"Singing Bowl","floor":35.0},{"not_picked":["PrismaMod:IllyaUberDefendChannel+1","PrismaMod:IllyaCarnivalPrismaAstolfo+1","KiyohimeMod:Destruction"],"picked":"Singing Bowl","floor":39.0},{"not_picked":["KiyohimeMod:Destruction","KiyohimeMod:Servant_Osakabehime+1","PrismaMod:IllyaUberDefendChannel+1"],"picked":"Singing Bowl","floor":41.0},{"not_picked":["KiyohimeMod:FiringTheFirstArrow","KiyohimeMod:Servant_TamamoNoMae+1","KiyohimeMod:Destruction"],"picked":"Singing Bowl","floor":42.0},{"not_picked":["PrismaMod:IllyaZwei+1","PrismaMod:IllyaUberAttackChannel+1","KiyohimeMod:HeroCreation+1"],"picked":"Singing Bowl","floor":44.0},{"not_picked":["KiyohimeMod:FiringTheFirstArrow","PrismaMod:IllyaUberAttackChannel+1","KiyohimeMod:CastleOfTheSun"],"picked":"Singing Bowl","floor":45.0},{"not_picked":["KiyohimeMod:AVerseOfBurningLoveStory","KiyohimeMod:FacelessMoon+1"],"picked":"KiyohimeMod:ImaginaryNumberMagecraft+1","floor":47.0},{"not_picked":["KiyohimeMod:JeweledSword+1","PrismaMod:IllyaUberPoisonChannel+1"],"picked":"KiyohimeMod:ImaginaryNumberMagecraft+1","floor":48},{"not_picked":["PrismaMod:IllyaZwei+1","PrismaMod:IllyaUberDefendChannel+1","KiyohimeMod:CastleOfTheSun"],"picked":"Singing Bowl","floor":50}],"player_experience":569076,"relics_obtained":[{"floor":8.0,"key":"Prayer Wheel"},{"floor":9.0,"key":"FossilizedHelix"},{"floor":10.0,"key":"Regal Pillow"},{"floor":26.0,"key":"DemoMod:WhiteGuonStone"},{"floor":27.0,"key":"Singing Bowl"},{"floor":30.0,"key":"Mango"},{"floor":31.0,"key":"Toxic Egg 2"},{"floor":39.0,"key":"DemoMod:WeirdEgg"},{"floor":39.0,"key":"War Paint"},{"floor":39.0,"key":"Centennial Puzzle"},{"floor":39.0,"key":"PreservedInsect"},{"floor":41.0,"key":"DemoMod:DecoyRelic"},{"floor":41.0,"key":"Bottled Tornado"},{"floor":41.0,"key":"The Courier"},{"floor":41.0,"key":"DemoMod:Bottle"},{"floor":42.0,"key":"Thread and Needle"},{"floor":42.0,"key":"Girya"},{"floor":42.0,"key":"Bird Faced Urn"},{"floor":42.0,"key":"Pocketwatch"},{"floor":43.0,"key":"Shuriken"},{"floor":44.0,"key":"Vajra"},{"floor":44.0,"key":"Omamori"},{"floor":44.0,"key":"Bag of Preparation"},{"floor":44.0,"key":"Nunchaku"},{"floor":45.0,"key":"Pen Nib"},{"floor":45.0,"key":"Akabeko"},{"floor":45.0,"key":"Anchor"},{"floor":45.0,"key":"Bronze Scales"},{"floor":47.0,"key":"Turnip"},{"floor":47.0,"key":"DemoMod:Junk"},{"floor":47.0,"key":"DemoMod:SevenLeafClover"},{"floor":47.0,"key":"TungstenRod"},{"floor":48,"key":"Gremlin Horn"},{"floor":48,"key":"DemoMod:OrangeGuonStone"},{"floor":48,"key":"KiyohimeMod:TerritoryCreation"},{"floor":48,"key":"Molten Egg 2"}],"event_choices":[{"damage_healed":0.0,"max_hp_gain":0.0,"max_hp_loss":0.0,"gold_gain":0.0,"event_name":"World of Goop","player_choice":"Left Gold","floor":4.0,"gold_loss":2.0,"damage_taken":0.0},{"damage_healed":0.0,"max_hp_gain":0.0,"max_hp_loss":0.0,"gold_gain":0.0,"event_name":"Liars Game","player_choice":"Ignored","floor":5.0,"gold_loss":0.0,"damage_taken":0.0},{"damage_healed":0.0,"max_hp_gain":0.0,"max_hp_loss":0.0,"gold_gain":0.0,"event_name":"The Library","player_choice":"Read","floor":19.0,"gold_loss":0.0,"damage_taken":0.0,"cards_obtained":["KiyohimeMod:Preemptive"]},{"damage_healed":0.0,"max_hp_gain":0.0,"max_hp_loss":0.0,"gold_gain":275.0,"event_name":"Golden Shrine","player_choice":"Desecrate","floor":21.0,"gold_loss":0.0,"damage_taken":0.0,"cards_obtained":["Regret"]},{"damage_healed":0.0,"max_hp_gain":0.0,"max_hp_loss":1.0,"gold_gain":0.0,"event_name":"Winding Halls","player_choice":"Max HP","floor":37.0,"gold_loss":0.0,"damage_taken":0.0},{"damage_healed":0.0,"max_hp_gain":0.0,"max_hp_loss":0.0,"gold_gain":0.0,"event_name":"The Woman in Blue","player_choice":"Bought 1 Potion","floor":38.0,"gold_loss":0.0,"damage_taken":0.0}],"is_beta":false,"boss_relics":[{"not_picked":["Snecko Eye","Philosopher\u0027s Stone"],"picked":"SlaversCollar"},{"not_picked":["Busted Crown","SacredBark"],"picked":"rorgmod:Black Star"},{"not_picked":["Black Star","Coffee Dripper"],"picked":"DemoMod:WaxWing"}],"items_purged_floors":[3,22,28,36,36,46],"is_endless":true,"potions_floor_spawned":[2,16,18,27,33,35,39,47,50],"ascension_level":9}}