{"host":"ig7tc0uedzltt2sr","time":1610068673,"event":{"mods":["BaseMod","Better Twitch Integration","Block Reminder","Colored Map","Colored Powertips","Communication Mod","Current Relic Mod","GifTheSpireLib","HexUI Lib","Minty Spire (QoL Compilation)","Quick Restart","Random Character Button","Rare Cards Sparkle","Relic Sorter","Relic Stats","Slay the Relics Exporter","StSLib","SuperFastMode","Synergy Search","Twitch Decklist","Twitch Utils","everything is the same but u backflip on backflip","slay the spire mod where everything is the same but ironclad has a cowboy hat"],"gold_per_floor":[117,134,148,161,177,177,177,177,177],"floor_reached":8,"playtime":88,"items_purged":[],"score":50,"play_id":"a31c9543-fc60-4cfc-a861-246cc143bfe4","local_time":"20210107171753","is_ascension_mode":false,"campfire_choices":[{"data":"Strike_R","floor":6,"key":"SMITH"}],"circlet_count":0,"master_deck":["Strike_R+1","Strike_R","Strike_R","Strike_R","Strike_R","Defend_R","Defend_R","Defend_R","Defend_R","Bash","Rupture","Thunderclap","Rampage","Sentinel","Offering"],"relics":["Burning Blood"],"acts_visited":["Exordium"],"potions_floor_usage":[],"damage_taken":[{"damage":45,"enemies":"Cultist","floor":1,"turns":9},{"damage":7,"enemies":"Small Slimes","floor":2,"turns":7},{"damage":22,"enemies":"Jaw Worm","floor":3,"turns":7},{"damage":25,"enemies":"Blue Slaver","floor":4,"turns":8},{"damage":7,"enemies":"3 Louse","floor":5,"turns":5},{"damage":16,"enemies":"Gremlin Nob","floor":8,"turns":3}],"seed_played":"-5703653053713046817","potions_obtained":[{"floor":1,"key":"Dexterity Potion"},{"floor":4,"key":"SpeedPotion"},{"floor":5,"key":"HeartOfIron"}],"is_trial":false,"path_per_floor":["M","M","M","M","M","R","?","E"],"character_chosen":"IRONCLAD","items_purchased":[],"campfire_rested":0,"item_purchase_floors":[],"current_hp_per_floor":[49,48,32,13,12,12,12,0,0],"gold":177,"neow_bonus":"TEN_PERCENT_HP_BONUS","is_daily":false,"chose_seed":false,"campfire_upgraded":1,"win_rate":0.0,"timestamp":1610068673,"path_taken":["M","M","M","?","M","R","?","E"],"items_purchased_type":[],"build_version":"2020-12-22","purchased_purges":0,"victory":false,"max_hp_per_floor":[88,88,88,88,88,88,88,88,88],"relic_stats":{"counters":[6,39],"obtain_stats":[{"Burning Blood":0},{"Burning Blood":0},{"Burning Blood":0}],"Burning Blood":30},"card_choices":[{"not_picked":["Heavy Blade","Wild Strike"],"picked":"Rupture","floor":1},{"not_picked":["Clothesline","Dark Embrace"],"picked":"Thunderclap","floor":2},{"not_picked":["Bloodletting","Cleave"],"picked":"Rampage","floor":3},{"not_picked":["Twin Strike","Armaments"],"picked":"Sentinel","floor":4},{"not_picked":["Flex","Armaments"],"picked":"Offering","floor":5}],"player_experience":1466140,"relics_obtained":[],"event_choices":[{"damage_healed":0,"gold_gain":0,"player_choice":"Ignored","damage_taken":0,"max_hp_gain":0,"max_hp_loss":0,"event_name":"Golden Idol","floor":7,"gold_loss":0}],"is_beta":false,"boss_relics":[],"items_purged_floors":[],"is_endless":false,"potions_floor_spawned":[1,4,5],"killed_by":"Gremlin Nob","ascension_level":0}}