{"host":"w3q5ijqu8eoknil3","time":1610065144,"event":{"mods":["AchievementEnabler","BaseMod","Block Reminder","Colored Powertips","Curses Come First","Minty Spire (QoL Compilation)","Quick Restart","Relic Stats","StSLib","ojb\u0027s Better Paths Mod","ojb\u0027s Info Mod","slay the spire mod where everything is the same but ironclad has a cowboy hat"],"gold_per_floor":[109,180,255,255,16,46,46,60,60,93,93,105,105,118,118,192,192,211,222,222,234,246,246,274,14,14,37,37,63,74,87,87,87,87],"floor_reached":33,"playtime":1277,"items_purged":["Strike_G","Strike_G"],"score":592,"play_id":"c0762b17-da8b-4b18-b845-fbec13e87e3d","local_time":"20210108001904","is_ascension_mode":true,"campfire_choices":[{"data":"Blade Dance","floor":7,"key":"SMITH"},{"floor":11,"key":"REST"},{"floor":15,"key":"REST"},{"floor":23,"key":"REST"},{"data":"Eviscerate","floor":28,"key":"SMITH"},{"floor":32,"key":"REST"}],"circlet_count":0,"master_deck":["AscendersBane","Strike_G+1","Strike_G","Defend_G+1","Defend_G","Defend_G","Defend_G","Defend_G","Survivor","Neutralize","Choke","Blade Dance+1","Caltrops","Predator","PiercingWail","Calculated Gamble","Cloak And Dagger","Dagger Spray","Bullet Time","Backflip","Outmaneuver","Flying Knee","Poisoned Stab","Eviscerate+1","Glass Knife","Headbutt","Collect","Wild Strike"],"relics":["Ring of the Snake","NeowsBlessing","Bag of Marbles","Dream Catcher","Boot","Orichalcum","Snecko Eye","Potion Belt","PrismaticShard","Toy Ornithopter","Vajra","Happy Flower"],"acts_visited":["Exordium","TheCity"],"potions_floor_usage":[10,10,19,24,24,30],"damage_taken":[{"damage":0,"enemies":"2 Louse","floor":1,"turns":1},{"damage":0,"enemies":"3 Sentries","floor":6,"turns":2},{"damage":0,"enemies":"Jaw Worm","floor":8,"turns":1},{"damage":25,"enemies":"Gremlin Nob","floor":10,"turns":4},{"damage":0,"enemies":"Small Slimes","floor":12,"turns":3},{"damage":2,"enemies":"Blue Slaver","floor":14,"turns":2},{"damage":25,"enemies":"The Guardian","floor":16,"turns":14},{"damage":0,"enemies":"2 Thieves","floor":18,"turns":2},{"damage":5,"enemies":"3 Byrds","floor":19,"turns":3},{"damage":5,"enemies":"Centurion and Healer","floor":21,"turns":6},{"damage":27,"enemies":"Shelled Parasite and Fungi","floor":22,"turns":5},{"damage":1,"enemies":"Gremlin Leader","floor":24,"turns":6},{"damage":9,"enemies":"Slavers","floor":29,"turns":3},{"damage":0,"enemies":"3 Cultists","floor":30,"turns":3},{"damage":18,"enemies":"Cultist and Chosen","floor":31,"turns":4},{"damage":52,"enemies":"Collector","floor":33,"turns":8}],"seed_played":"8549780340917892958","potions_obtained":[{"floor":1,"key":"ColorlessPotion"},{"floor":6,"key":"FearPotion"},{"floor":18,"key":"DuplicationPotion"},{"floor":21,"key":"FearPotion"},{"floor":22,"key":"BlessingOfTheForge"},{"floor":29,"key":"GamblersBrew"}],"is_trial":false,"path_per_floor":["M","?","?","?","$","E","R","M","T","E","R","M","?","M","R","B",null,"M","M","?","M","M","R","E","$","T","T","R","E","M","M","R","B"],"character_chosen":"THE_SILENT","items_purchased":["Bag of Marbles","PrismaticShard"],"campfire_rested":4,"item_purchase_floors":[5,25],"current_hp_per_floor":[59,59,48,28,28,28,28,28,28,3,22,22,27,25,46,21,59,59,54,54,49,22,43,42,42,42,42,42,33,38,20,41,0,0],"gold":87,"neow_bonus":"THREE_ENEMY_KILL","is_daily":false,"chose_seed":false,"campfire_upgraded":2,"win_rate":0.0,"timestamp":1610065144,"path_taken":["M","?","?","?","?","E","R","M","T","E","R","M","?","M","R","BOSS","M","M","?","M","?","R","E","$","T","?","R","E","M","M","R","BOSS"],"items_purchased_type":["Relic","Relic"],"build_version":"2020-12-22","purchased_purges":2,"victory":false,"max_hp_per_floor":[66,66,66,66,66,66,66,66,66,66,66,66,71,71,71,71,71,71,71,71,71,71,71,71,71,71,71,71,71,71,71,71,71,71],"relic_stats":{"Dream Catcher":4,"Happy Flower":[5],"counters":[16,67],"Snecko Eye":[67,78,85,90],"Orichalcum":[114],"Boot":[122],"obtain_stats":[{"Potion Belt":24,"Dream Catcher":6,"NeowsBlessing":0,"Happy Flower":29,"Snecko Eye":17,"Vajra":27,"Bag of Marbles":5,"Orichalcum":10,"Boot":9,"PrismaticShard":25,"Toy Ornithopter":26,"Ring of the Snake":0},{"Potion Belt":12,"Dream Catcher":2,"NeowsBlessing":0,"Happy Flower":13,"Snecko Eye":7,"Vajra":12,"Bag of Marbles":1,"Orichalcum":4,"Boot":3,"PrismaticShard":12,"Toy Ornithopter":12,"Ring of the Snake":0},{"Potion Belt":49,"Dream Catcher":3,"NeowsBlessing":0,"Happy Flower":52,"Snecko Eye":27,"Vajra":49,"Bag of Marbles":1,"Orichalcum":8,"Boot":4,"PrismaticShard":49,"Toy Ornithopter":49,"Ring of the Snake":0}],"Toy Ornithopter":5,"Ring of the Snake":[32]},"card_choices":[{"not_picked":["Dagger Throw","Outmaneuver"],"picked":"Choke","floor":1},{"not_picked":["Heel Hook","All Out Attack"],"picked":"Blade Dance","floor":6},{"not_picked":["Prepared","Quick Slash"],"picked":"Caltrops","floor":8},{"not_picked":["Sucker Punch","Prepared"],"picked":"Predator","floor":10},{"not_picked":["Outmaneuver","Concentrate"],"picked":"PiercingWail","floor":11},{"not_picked":["Dodge and Roll","PiercingWail"],"picked":"Calculated Gamble","floor":12},{"not_picked":["Flying Knee","Deflect"],"picked":"Cloak And Dagger","floor":14},{"not_picked":["Endless Agony","Dagger Throw"],"picked":"Dagger Spray","floor":15},{"not_picked":["Venomology","Malaise"],"picked":"Bullet Time","floor":16},{"not_picked":["PiercingWail","Deflect"],"picked":"Backflip","floor":18},{"not_picked":["Calculated Gamble","Dagger Throw"],"picked":"Outmaneuver","floor":19},{"not_picked":["Heel Hook","Cloak And Dagger"],"picked":"Flying Knee","floor":21},{"not_picked":["Dagger Spray","Expertise"],"picked":"Poisoned Stab","floor":22},{"not_picked":["Tactician+1","Terror"],"picked":"Eviscerate","floor":23},{"not_picked":["Flechettes","Distraction"],"picked":"Glass Knife","floor":24},{"not_picked":["Conserve Battery","Havoc"],"picked":"Headbutt","floor":29},{"not_picked":["Gash","Deep Breath","Outmaneuver"],"picked":"SKIP","floor":30},{"not_picked":["Heavy Blade","Protect"],"picked":"Collect","floor":31},{"not_picked":["FlurryOfBlows","Quick Slash"],"picked":"Wild Strike","floor":32}],"player_experience":954654,"relics_obtained":[{"floor":6,"key":"Dream Catcher"},{"floor":9,"key":"Boot"},{"floor":10,"key":"Orichalcum"},{"floor":24,"key":"Potion Belt"},{"floor":26,"key":"Toy Ornithopter"},{"floor":27,"key":"Vajra"},{"floor":29,"key":"Happy Flower"}],"event_choices":[{"damage_healed":0,"gold_gain":71,"player_choice":"Gained Gold","damage_taken":0,"max_hp_gain":0,"max_hp_loss":0,"event_name":"Golden Wing","floor":2,"gold_loss":0},{"damage_healed":0,"gold_gain":75,"player_choice":"Gather Gold","damage_taken":11,"max_hp_gain":0,"max_hp_loss":0,"event_name":"World of Goop","floor":3,"gold_loss":0},{"damage_healed":0,"gold_gain":0,"player_choice":"Entered Light","damage_taken":20,"max_hp_gain":0,"max_hp_loss":0,"event_name":"Shining Light","floor":4,"gold_loss":0,"cards_upgraded":["Defend_G","Strike_G"]},{"damage_healed":0,"gold_gain":0,"player_choice":"Donut","damage_taken":0,"max_hp_gain":5,"max_hp_loss":0,"event_name":"Big Fish","floor":13,"gold_loss":0},{"cards_removed":["Strike_G"],"damage_healed":0,"gold_gain":0,"player_choice":"Offered Basic","damage_taken":0,"max_hp_gain":0,"max_hp_loss":0,"event_name":"Bonfire Elementals","floor":20,"gold_loss":0}],"is_beta":false,"boss_relics":[{"not_picked":["Ectoplasm","Runic Dome"],"picked":"Snecko Eye"}],"items_purged_floors":[5,25],"is_endless":false,"potions_floor_spawned":[1,6,18,21,22,29],"killed_by":"Collector","ascension_level":17}}