{"host":"8fup84v061vi31le","time":1610087933,"event":{"mods":["Aspiration","BaseMod","Better Match","Better Third Choice","Minty Spire (QoL Compilation)","Shop Mod","Spicy Shops","StSLib"],"gold_per_floor":[115,79,79,79,29,29,29,39,39,58,58,75,85,113,113,212,212,225,225,225,250,269,303,36,36,36,36,65,65,15,15,15,112,112,131,131,131,144,64,83,83,98,125,175,175,192,192,192],"floor_reached":47,"playtime":1599,"items_purged":["Hemokinesis+1","Thunderclap","Shame"],"score":691,"play_id":"aa552707-f9a7-4a37-98eb-5b5a6da4e492","local_time":"20210108143853","is_ascension_mode":true,"campfire_choices":[{"data":"Rampage","floor":6.0,"key":"SMITH"},{"data":"Concentrate","floor":11.0,"key":"SMITH"},{"data":"Bash","floor":15.0,"key":"SMITH"},{"floor":25.0,"key":"REST"},{"floor":27.0,"key":"REST"},{"floor":32.0,"key":"REST"},{"floor":41,"key":"REST"}],"circlet_count":0,"master_deck":["Strike_R+1","Strike_R+1","Defend_R","Defend_R","Bash+1","Rampage+1","Concentrate+1","Carnage+1","Impervious","Double Tap+1","Bloodletting","Shrug It Off+1","Thunderclap+1","Bullet Time","Demon Form+1","SashWhip+1","Anger+1","Crescendo","Buffer"],"relics":["Burning Blood","NeowsBlessing","Molten Egg 2","Pear","Pocketwatch","Runic Cube","PrismaticShard","Lantern","Smiling Mask","Membership Card","Lizard Tail","Whetstone","Mummified Hand","Astrolabe","Oddly Smooth Stone","CaptainsWheel"],"acts_visited":["Exordium","TheCity","TheBeyond"],"potions_floor_usage":[],"damage_taken":[{"damage":0.0,"enemies":"Jaw Worm","floor":1.0,"turns":1.0},{"damage":0.0,"enemies":"2 Louse","floor":8.0,"turns":1.0},{"damage":0.0,"enemies":"Small Slimes","floor":10.0,"turns":1.0},{"damage":3.0,"enemies":"Blue Slaver","floor":12.0,"turns":3.0},{"damage":11.0,"enemies":"Looter","floor":13.0,"turns":2.0},{"damage":16.0,"enemies":"Gremlin Nob","floor":14.0,"turns":3.0},{"damage":15.0,"enemies":"Hexaghost","floor":16.0,"turns":7.0},{"damage":19.0,"enemies":"Shell Parasite","floor":18.0,"turns":4.0},{"damage":2.0,"enemies":"Chosen","floor":22.0,"turns":2.0},{"damage":47.0,"enemies":"Slavers","floor":23.0,"turns":5.0},{"damage":38.0,"enemies":"Book of Stabbing","floor":28.0,"turns":5.0},{"damage":84.0,"enemies":"Automaton","floor":33.0,"turns":11.0},{"damage":7,"enemies":"Orb Walker","floor":35,"turns":3},{"damage":14,"enemies":"3 Shapes","floor":38,"turns":3},{"damage":42,"enemies":"3 Darklings","floor":40,"turns":5},{"damage":12,"enemies":"Spire Growth","floor":42,"turns":4},{"damage":38,"enemies":"Mind Bloom Boss Battle","floor":44,"turns":7},{"damage":14,"enemies":"Sphere and 2 Shapes","floor":46,"turns":3},{"damage":19,"enemies":"Maw","floor":47,"turns":4}],"seed_played":"4123438596446481765","potions_obtained":[{"floor":13.0,"key":"SteroidPotion"},{"floor":14.0,"key":"BlessingOfTheForge"},{"floor":18.0,"key":"ElixirPotion"}],"is_trial":false,"path_per_floor":["M","$","?","?","?","R","?","M","T","M","R","M","M","E","R","B",null,"M","?","?","T","M","E","$","R","T","R","E","?","$","?","R","B",null,"M","?","?","M","$","M","R","M","T","?","?","M","M"],"character_chosen":"IRONCLAD","items_purchased":["Rampage","Membership Card","Thunderclap+1","Anger+1"],"campfire_rested":4,"item_purchase_floors":[2,24,24,39],"current_hp_per_floor":[78,78,78,78,78,78,78,80,90,90,90,90,85,75,75,66,84,71,71,63,63,67,26,26,53,53,80,48,48,48,48,75,51,80,79,79,79,71,71,35,62,56,56,24,24,16,0,0],"gold":192,"neow_bonus":"THREE_ENEMY_KILL","is_daily":false,"chose_seed":false,"campfire_upgraded":3,"win_rate":0.0,"timestamp":1610087933,"path_taken":["M","$","?","?","?","R","?","M","T","M","R","M","?","E","R","BOSS","M","?","?","?","M","E","$","R","T","R","E","?","?","?","R","BOSS","M","?","?","?","$","M","R","M","T","?","?","M","M"],"items_purchased_type":["Card","Relic","Card","Card"],"build_version":"2020-12-22","purchased_purges":3,"victory":false,"max_hp_per_floor":[80,80,80,80,80,80,80,80,90,90,90,90,90,90,90,90,90,90,90,90,90,90,90,90,90,90,90,90,90,90,90,90,90,90,90,90,90,90,90,90,90,90,90,90,90,90,90,90],"card_choices":[{"not_picked":["Havoc","Headbutt"],"picked":"Thunderclap","floor":1.0},{"not_picked":["Clash+1","Blood for Blood+1","Sword Boomerang+1"],"picked":"SKIP","floor":8.0},{"not_picked":["Warcry","Thunderclap+1","Metallicize"],"picked":"SKIP","floor":10.0},{"not_picked":["Metallicize","Shockwave"],"picked":"Carnage+1","floor":12.0},{"not_picked":["Sentinel","Wild Strike+1","Heavy Blade+1"],"picked":"SKIP","floor":13.0},{"not_picked":["Anger+1","Sword Boomerang+1"],"picked":"Impervious","floor":14.0},{"not_picked":["Impervious","Reaper+1"],"picked":"Double Tap","floor":16.0},{"not_picked":["Heavy Blade+1","Sword Boomerang+1","Clothesline+1"],"picked":"SKIP","floor":18.0},{"not_picked":["Hello World","Bandage Up"],"picked":"Shrug It Off+1","floor":22.0},{"not_picked":["Rainbow","Spot Weakness+1","Prostrate"],"picked":"SKIP","floor":23.0},{"not_picked":["Entrench+1","BowlingBash+1"],"picked":"Bullet Time","floor":28.0},{"not_picked":["BowlingBash+1","Cloak And Dagger+1","Dropkick+1"],"picked":"SKIP","floor":35},{"not_picked":["Swift Strike+1","Flex"],"picked":"SashWhip+1","floor":38},{"not_picked":["Pummel+1","Protect+1","FlyingSleeves+1"],"picked":"SKIP","floor":40},{"not_picked":["Flying Knee+1","Prepared+1","Footwork"],"picked":"SKIP","floor":42},{"not_picked":["Streamline+1","Cleave+1"],"picked":"Crescendo","floor":44},{"not_picked":["PathToVictory","Body Slam+1"],"picked":"Buffer","floor":46}],"player_experience":144441,"relics_obtained":[{"floor":9.0,"key":"Pear"},{"floor":14.0,"key":"Pocketwatch"},{"floor":20.0,"key":"PrismaticShard"},{"floor":21.0,"key":"Lantern"},{"floor":23.0,"key":"Smiling Mask"},{"floor":26.0,"key":"Lizard Tail"},{"floor":28.0,"key":"Whetstone"},{"floor":43,"key":"Oddly Smooth Stone"},{"floor":44,"key":"CaptainsWheel"}],"event_choices":[{"cards_removed":["Injury"],"damage_healed":0.0,"max_hp_gain":0.0,"max_hp_loss":0.0,"gold_gain":0.0,"event_name":"The Cleric","player_choice":"Card Removal","floor":5.0,"gold_loss":50.0,"damage_taken":0.0},{"damage_healed":0.0,"max_hp_gain":0.0,"max_hp_loss":0.0,"gold_gain":0.0,"event_name":"betterThird:BetterSerpent","player_choice":"Ignored","floor":7.0,"gold_loss":0.0,"damage_taken":29.0},{"damage_healed":0.0,"max_hp_gain":0.0,"max_hp_loss":0.0,"gold_gain":0.0,"cards_transformed":["Strike_R","Defend_R"],"event_name":"Drug Dealer","player_choice":"Became Test Subject","floor":19.0,"gold_loss":0.0,"damage_taken":0.0,"cards_obtained":["Hemokinesis","Bloodletting"]},{"damage_healed":0.0,"max_hp_gain":0.0,"max_hp_loss":0.0,"gold_gain":0.0,"event_name":"Vampires","player_choice":"Ignored","floor":29.0,"gold_loss":0.0,"damage_taken":0.0},{"damage_healed":0.0,"max_hp_gain":0.0,"max_hp_loss":0.0,"gold_gain":0.0,"event_name":"The Mausoleum","player_choice":"Opened","floor":31.0,"gold_loss":0.0,"damage_taken":0.0,"relics_obtained":["Mummified Hand"],"cards_obtained":["Writhe"]},{"cards_removed":["Dark Embrace"],"damage_healed":0,"gold_gain":0,"player_choice":"Removed Power","damage_taken":0,"max_hp_gain":0,"max_hp_loss":0,"event_name":"Falling","floor":36,"gold_loss":0},{"damage_healed":0,"gold_gain":0,"player_choice":"Forge","damage_taken":0,"max_hp_gain":0,"max_hp_loss":0,"event_name":"Accursed Blacksmith","floor":37,"gold_loss":0,"cards_upgraded":["Double Tap"]},{"damage_healed":0,"gold_gain":0,"player_choice":"Fight","damage_taken":0,"max_hp_gain":0,"max_hp_loss":0,"event_name":"MindBloom","floor":44,"gold_loss":0},{"damage_healed":0,"gold_gain":0,"player_choice":"Ignored","damage_taken":0,"max_hp_gain":0,"max_hp_loss":0,"event_name":"The Moai Head","floor":45,"gold_loss":0}],"is_beta":false,"boss_relics":[{"not_picked":["Snecko Eye","aspiration:RunicSpoon"],"picked":"Runic Cube"},{"not_picked":["Velvet Choker","aspiration:DefectSkillbook"],"picked":"Astrolabe"}],"items_purged_floors":[24,30,39],"is_endless":false,"potions_floor_spawned":[13,14,18,23,38,42],"killed_by":"Maw","ascension_level":9}}