{"host":"kw4o7b3ro2ktmmbe","time":1610085266,"event":{"mods":["BaseMod","Evolution","Minty Spire (QoL Compilation)","Robot Space Explorer","StSLib"],"gold_per_floor":[112,128,138,158,158,158,158,158,229,255,430,42,42,42,42,144,144,157,157,6,16,16,16,49,49,49,49,75,75,75,89,89,190,190,210,210,229,299,574,574,600,610,610,610,137,162,181,191,191,191],"floor_reached":51,"playtime":5455,"items_purged":["Doubt","Regret"],"score":1148,"play_id":"2bb7c1ed-52b3-49c0-ac40-e8bede2168b1","local_time":"20210108185426","is_ascension_mode":true,"campfire_choices":[{"data":"RobotSpaceExplorer:Pulsar","floor":6.0,"key":"SMITH"},{"floor":8.0,"key":"REST"},{"floor":15.0,"key":"REST"},{"floor":23.0,"key":"REST"},{"floor":27.0,"key":"REST"},{"floor":32.0,"key":"REST"},{"data":"RobotSpaceExplorer:ChargingLaser","floor":40.0,"key":"SMITH"},{"floor":44,"key":"REST"},{"floor":49,"key":"REST"}],"circlet_count":0,"master_deck":["RobotSpaceExplorer:Defend","RobotSpaceExplorer:Defend","RobotSpaceExplorer:Defend","RobotSpaceExplorer:Scan","RobotSpaceExplorer:MiniLasers","CurseOfTheBell","RobotSpaceExplorer:SelfCleaning","RobotSpaceExplorer:Pulsar+1","RobotSpaceExplorer:ScrapMissile","RobotSpaceExplorer:PowerCollector+1","RobotSpaceExplorer:PowerGlove+1","RobotSpaceExplorer:PowerGlove+1","RobotSpaceExplorer:PowerCollector+1","RobotSpaceExplorer:ChargingLaser+1","RobotSpaceExplorer:Smokescreen+1","Bite","Bite","Bite","Bite","Bite","Shame","RobotSpaceExplorer:TrailblazerForm+1","RobotSpaceExplorer:Discharger+1","RobotSpaceExplorer:StarDust+1","RobotSpaceExplorer:GearShield+1","RobotSpaceExplorer:Discharger+1","RobotSpaceExplorer:StarDust+1","RobotSpaceExplorer:Electroshield+1","RobotSpaceExplorer:Discharger+1","RobotSpaceExplorer:PowerCollector+1"],"relics":["EVO:Axolotl","Calling Bell","RobotSpaceExplorer:FoglandsKnife","Frozen Egg 2","Turnip","Dream Catcher","Matryoshka","Bottled Flame","Orichalcum","RobotSpaceExplorer:ToughPlating","Regal Pillow","Bottled Tornado","Runic Dome","Akabeko","PreservedInsect","Centennial Puzzle","Tiny Chest","HornCleat","White Beast Statue","Pantograph","Anchor","Philosopher\u0027s Stone","StrikeDummy","Art of War","Ancient Tea Set","TungstenRod","Nunchaku","Letter Opener"],"acts_visited":["Exordium","TheCity","TheBeyond"],"potions_floor_usage":[42,42,42,47,50,50],"damage_taken":[{"damage":0.0,"enemies":"Cultist","floor":1.0,"turns":4.0},{"damage":0.0,"enemies":"Jaw Worm","floor":2.0,"turns":7.0},{"damage":6.0,"enemies":"2 Louse","floor":3.0,"turns":3.0},{"damage":5.0,"enemies":"Large Slime","floor":4.0,"turns":8.0},{"damage":19.0,"enemies":"Gremlin Nob","floor":10.0,"turns":4.0},{"damage":40.0,"enemies":"The Guardian","floor":16.0,"turns":18.0},{"damage":16.0,"enemies":"Spheric Guardian","floor":18.0,"turns":6.0},{"damage":0.0,"enemies":"Chosen","floor":21.0,"turns":6.0},{"damage":48.0,"enemies":"Book of Stabbing","floor":24.0,"turns":6.0},{"damage":16.0,"enemies":"Gremlin Leader","floor":28.0,"turns":3.0},{"damage":20.0,"enemies":"Shelled Parasite and Fungi","floor":31.0,"turns":4.0},{"damage":0.0,"enemies":"Collector","floor":33.0,"turns":7.0},{"damage":0.0,"enemies":"Orb Walker","floor":35.0,"turns":3.0},{"damage":20.0,"enemies":"3 Darklings","floor":37.0,"turns":5.0},{"damage":8.0,"enemies":"Reptomancer","floor":41.0,"turns":4.0},{"damage":37,"enemies":"Writhing Mass","floor":42,"turns":5},{"damage":69,"enemies":"Nemesis","floor":46,"turns":7},{"damage":7,"enemies":"Jaw Worm Horde","floor":47,"turns":4},{"damage":11,"enemies":"Sphere and 2 Shapes","floor":48,"turns":4},{"damage":16,"enemies":"Donu and Deca","floor":50,"turns":6}],"seed_played":"3589852035835775708","potions_obtained":[{"floor":1.0,"key":"Block Potion"},{"floor":3.0,"key":"RobotSpaceExplorer:PlasmaFlask"},{"floor":10.0,"key":"LiquidMemories"},{"floor":18.0,"key":"PowerPotion"},{"floor":28.0,"key":"Fruit Juice"},{"floor":31.0,"key":"DistilledChaos"},{"floor":33.0,"key":"BlessingOfTheForge"},{"floor":35.0,"key":"DuplicationPotion"},{"floor":41.0,"key":"RobotSpaceExplorer:PlasmaFlask"},{"floor":42,"key":"DistilledChaos"},{"floor":46,"key":"Block Potion"},{"floor":47,"key":"LiquidMemories"},{"floor":48,"key":"PowerPotion"}],"is_trial":false,"path_per_floor":["M","M","M","M","?","R","T","R","T","E","?","$","?","T","R","B",null,"M","?","$","M","$","R","E","?","T","R","E","?","?","M","R","B",null,"M","?","M","T","?","R","E","M","T","R","$","E","M","M","R","B",null],"character_chosen":"RobotSpaceExplorer","items_purchased":["Blood Vial","Orichalcum","PreservedInsect","TungstenRod","RobotSpaceExplorer:Discharger+1"],"campfire_rested":7,"item_purchase_floors":[12,12,20,45,45],"current_hp_per_floor":[68,68,62,57,50,50,50,72,72,53,53,53,35,35,72,34,65,51,51,51,53,53,75,27,27,27,64,55,55,55,45,80,80,80,80,90,82,82,82,82,88,55,55,90,90,31,36,29,71,82],"gold":191,"neow_bonus":"BOSS_RELIC","is_daily":false,"chose_seed":false,"campfire_upgraded":2,"win_rate":0.0,"timestamp":1610085266,"path_taken":["M","?","M","?","?","R","?","R","T","E","?","$","?","?","R","BOSS","M","?","?","M","$","R","E","?","T","R","E","?","?","M","R","BOSS","M","?","M","?","?","R","E","?","T","R","$","E","M","M","R","BOSS"],"items_purchased_type":["Relic","Relic","Relic","Relic","Card"],"build_version":"2020-12-22","purchased_purges":2,"victory":true,"max_hp_per_floor":[75,75,75,75,75,75,75,75,75,75,75,75,75,75,75,75,75,75,75,75,75,75,75,75,75,75,75,80,80,80,80,80,80,80,80,90,90,90,90,90,90,90,90,90,90,90,90,90,90,90],"card_choices":[{"not_picked":["RobotSpaceExplorer:Electropulse","RobotSpaceExplorer:FrostMissile"],"picked":"RobotSpaceExplorer:SelfCleaning","floor":1.0},{"not_picked":["RobotSpaceExplorer:SwiftStep","RobotSpaceExplorer:DoubleFind"],"picked":"RobotSpaceExplorer:Pulsar","floor":2.0},{"not_picked":["RobotSpaceExplorer:StunGrenade","RobotSpaceExplorer:MiniDrones"],"picked":"RobotSpaceExplorer:ScrapMissile","floor":3.0},{"not_picked":["RobotSpaceExplorer:SurgingStrike","RobotSpaceExplorer:ImprovisedAttack"],"picked":"RobotSpaceExplorer:BlastShield","floor":4.0},{"not_picked":["RobotSpaceExplorer:ScrapMissile","RobotSpaceExplorer:FranticSearch"],"picked":"RobotSpaceExplorer:PowerCollector+1","floor":8.0},{"not_picked":["RobotSpaceExplorer:SurgingShield","RobotSpaceExplorer:Reload"],"picked":"RobotSpaceExplorer:PowerGlove+1","floor":10.0},{"not_picked":["RobotSpaceExplorer:HighVoltage","RobotSpaceExplorer:Explosion"],"picked":"RobotSpaceExplorer:Exploration","floor":16.0},{"not_picked":["RobotSpaceExplorer:FrostMissile","RobotSpaceExplorer:Ammunition","RobotSpaceExplorer:ShockKick"],"picked":"SKIP","floor":18.0},{"not_picked":["RobotSpaceExplorer:FranticSearch","RobotSpaceExplorer:Electropulse","RobotSpaceExplorer:ImprovisedAttack"],"picked":"SKIP","floor":21.0},{"not_picked":["RobotSpaceExplorer:FrostMissile+1","RobotSpaceExplorer:ScrapMissile+1"],"picked":"RobotSpaceExplorer:PowerGlove+1","floor":23.0},{"not_picked":["RobotSpaceExplorer:SurgingStrike","RobotSpaceExplorer:ShovelStrike"],"picked":"RobotSpaceExplorer:PowerCollector+1","floor":24.0},{"not_picked":["RobotSpaceExplorer:SlimeMissile","RobotSpaceExplorer:MiniDrones"],"picked":"RobotSpaceExplorer:ChargingLaser","floor":27.0},{"not_picked":["RobotSpaceExplorer:GlueShot+1","RobotSpaceExplorer:SurgingShield+1"],"picked":"RobotSpaceExplorer:Smokescreen+1","floor":28.0},{"not_picked":["RobotSpaceExplorer:MiniDrones","RobotSpaceExplorer:Probe","RobotSpaceExplorer:Ammunition+1"],"picked":"SKIP","floor":31.0},{"not_picked":["RobotSpaceExplorer:Blaster","RobotSpaceExplorer:DroneSwarm+1"],"picked":"RobotSpaceExplorer:TrailblazerForm+1","floor":33.0},{"not_picked":["RobotSpaceExplorer:ScrapMissile","RobotSpaceExplorer:Calculate"],"picked":"RobotSpaceExplorer:Discharger+1","floor":35.0},{"not_picked":["RobotSpaceExplorer:Reload+1","RobotSpaceExplorer:FrostMissile+1","RobotSpaceExplorer:GlueShot"],"picked":"SKIP","floor":37.0},{"not_picked":["RobotSpaceExplorer:ShovelStrike+1","RobotSpaceExplorer:TurboDodge"],"picked":"RobotSpaceExplorer:StarDust+1","floor":41.0},{"not_picked":["RobotSpaceExplorer:LaserBurst","RobotSpaceExplorer:ImprovisedAttack+1"],"picked":"RobotSpaceExplorer:Exploration","floor":42},{"not_picked":["RobotSpaceExplorer:SlimeMissile","RobotSpaceExplorer:Ammunition+1"],"picked":"RobotSpaceExplorer:GearShield+1","floor":44},{"not_picked":["RobotSpaceExplorer:ScrapMissile+1","RobotSpaceExplorer:MiniBoosters+1"],"picked":"RobotSpaceExplorer:StarDust+1","floor":46},{"not_picked":["RobotSpaceExplorer:GlueSpray+1","RobotSpaceExplorer:FranticSearch"],"picked":"RobotSpaceExplorer:Electroshield+1","floor":47},{"not_picked":["RobotSpaceExplorer:SlimeMissile+1","RobotSpaceExplorer:ImprovisedAttack+1"],"picked":"RobotSpaceExplorer:Discharger+1","floor":48},{"not_picked":["RobotSpaceExplorer:SlimeMissile+1","RobotSpaceExplorer:ToxicBomb"],"picked":"RobotSpaceExplorer:PowerCollector+1","floor":49}],"player_experience":1865318,"relics_obtained":[{"floor":0.0,"key":"RobotSpaceExplorer:FoglandsKnife"},{"floor":0.0,"key":"Frozen Egg 2"},{"floor":0.0,"key":"Turnip"},{"floor":7.0,"key":"Dream Catcher"},{"floor":9.0,"key":"Matryoshka"},{"floor":10.0,"key":"Bottled Flame"},{"floor":14.0,"key":"Regal Pillow"},{"floor":14.0,"key":"Bottled Tornado"},{"floor":18.0,"key":"Akabeko"},{"floor":24.0,"key":"Centennial Puzzle"},{"floor":26.0,"key":"HornCleat"},{"floor":26.0,"key":"White Beast Statue"},{"floor":28.0,"key":"Pantograph"},{"floor":38.0,"key":"StrikeDummy"},{"floor":41.0,"key":"Art of War"},{"floor":43,"key":"Ancient Tea Set"},{"floor":46,"key":"Nunchaku"},{"floor":46,"key":"Letter Opener"}],"event_choices":[{"cards_removed":["RobotSpaceExplorer:Defend"],"damage_healed":0.0,"max_hp_gain":0.0,"max_hp_loss":0.0,"gold_gain":0.0,"event_name":"Golden Wing","player_choice":"Card Removal","floor":5.0,"gold_loss":0.0,"damage_taken":7.0},{"damage_healed":0.0,"max_hp_gain":0.0,"max_hp_loss":0.0,"gold_gain":175.0,"event_name":"Liars Game","player_choice":"AGREE","floor":11.0,"gold_loss":0.0,"damage_taken":0.0,"cards_obtained":["Doubt"]},{"damage_healed":0.0,"max_hp_gain":0.0,"max_hp_loss":0.0,"gold_gain":0.0,"event_name":"Scrap Ooze","player_choice":"Success","floor":13.0,"gold_loss":0.0,"damage_taken":18.0,"relics_obtained":["RobotSpaceExplorer:ToughPlating"]},{"damage_healed":0.0,"max_hp_gain":0.0,"max_hp_loss":0.0,"gold_gain":0.0,"event_name":"The Woman in Blue","player_choice":"Bought 0 Potions","floor":19.0,"gold_loss":0.0,"damage_taken":0.0},{"damage_healed":0.0,"max_hp_gain":0.0,"max_hp_loss":0.0,"gold_gain":0.0,"event_name":"The Mausoleum","player_choice":"Opened","floor":25.0,"gold_loss":0.0,"damage_taken":0.0,"relics_obtained":["Tiny Chest"]},{"damage_healed":0.0,"max_hp_gain":0.0,"max_hp_loss":0.0,"gold_gain":0.0,"event_name":"Vampires","player_choice":"Became a vampire (Vial)","floor":29.0,"relics_lost":["Blood Vial"],"gold_loss":0.0,"damage_taken":0.0,"cards_obtained":["Bite","Bite","Bite","Bite","Bite"]},{"damage_healed":0.0,"max_hp_gain":0.0,"max_hp_loss":0.0,"gold_gain":0.0,"event_name":"Addict","player_choice":"Stole Relic","floor":30.0,"gold_loss":0.0,"damage_taken":0.0,"relics_obtained":["Anchor"],"cards_obtained":["Shame"]},{"cards_removed":["RobotSpaceExplorer:BlastShield"],"damage_healed":0.0,"max_hp_gain":10.0,"max_hp_loss":0.0,"gold_gain":0.0,"event_name":"Bonfire Elementals","player_choice":"Offered Rare","floor":36.0,"gold_loss":0.0,"damage_taken":0.0},{"damage_healed":0.0,"max_hp_gain":0.0,"max_hp_loss":0.0,"gold_gain":275.0,"event_name":"Golden Shrine","player_choice":"Desecrate","floor":39.0,"gold_loss":0.0,"damage_taken":0.0,"cards_obtained":["Regret"]}],"is_beta":false,"boss_relics":[{"not_picked":["Runic Pyramid","Pandora\u0027s Box"],"picked":"Runic Dome"},{"not_picked":["Coffee Dripper","Empty Cage"],"picked":"Philosopher\u0027s Stone"}],"items_purged_floors":[12,45],"is_endless":false,"potions_floor_spawned":[1,3,10,18,28,31,33,35,37,41,42,46,47,48],"ascension_level":7}}