{"host":"oiw60b5ins9fyx34","time":1610114020,"event":{"mods":["BaseMod","Colored Powertips","Minty Spire (QoL Compilation)","Permanent Neow","Quick Restart","Relic Stats","StSLib"],"gold_per_floor":[116,116,116,134,153,153,171,171,197,122,132,147,147,163,163,261,261,279,279,289,301,301,301],"floor_reached":22,"playtime":784,"items_purged":["Decay"],"score":230,"play_id":"b01b44d3-e49b-43a8-a2ab-03055891a64e","local_time":"20210108225340","is_ascension_mode":false,"campfire_choices":[{"data":"Crescendo","floor":6,"key":"SMITH"},{"data":"ReachHeaven","floor":13,"key":"SMITH"},{"data":"Wish","floor":15,"key":"SMITH"}],"circlet_count":0,"master_deck":["Strike_P","Strike_P","Defend_P","Defend_P","Defend_P","Eruption+1","Vigilance+1","FlurryOfBlows","Crescendo+1","Wireheading+1","LessonLearned","ReachHeaven+1","PathToVictory+1","Wish+1","Devotion","Devotion+1","Worship+1","TalkToTheHand+1","Worship","Prostrate","JustLucky"],"relics":["PureWater","NeowsBlessing","Pen Nib","Astrolabe","Ancient Tea Set"],"acts_visited":["Exordium","TheCity"],"potions_floor_usage":[12],"damage_taken":[{"damage":0,"enemies":"Jaw Worm","floor":1,"turns":1},{"damage":0,"enemies":"Small Slimes","floor":4,"turns":1},{"damage":0,"enemies":"Cultist","floor":5,"turns":1},{"damage":0,"enemies":"Exordium Wildlife","floor":7,"turns":2},{"damage":5,"enemies":"Red Slaver","floor":11,"turns":2},{"damage":14,"enemies":"3 Louse","floor":12,"turns":3},{"damage":0,"enemies":"Large Slime","floor":14,"turns":2},{"damage":0,"enemies":"Slime Boss","floor":16,"turns":5},{"damage":15,"enemies":"Spheric Guardian","floor":18,"turns":3},{"damage":14,"enemies":"Chosen","floor":20,"turns":4},{"damage":33,"enemies":"Centurion and Healer","floor":21,"turns":6},{"damage":14,"enemies":"Snake Plant","floor":22,"turns":1}],"seed_played":"5209731600409533499","potions_obtained":[{"floor":4,"key":"BlessingOfTheForge"},{"floor":5,"key":"GamblersBrew"},{"floor":11,"key":"PowerPotion"},{"floor":20,"key":"LiquidBronze"}],"is_trial":false,"path_per_floor":["M","?","?","M","M","R","M","?","T","$","M","M","R","M","R","B",null,"M","T","M","M","M"],"character_chosen":"WATCHER","items_purchased":[],"campfire_rested":0,"item_purchase_floors":[],"current_hp_per_floor":[72,72,72,72,72,72,72,72,72,72,67,53,53,53,53,53,72,57,57,43,10,0,0],"gold":301,"neow_bonus":"THREE_ENEMY_KILL","is_daily":false,"chose_seed":false,"campfire_upgraded":3,"win_rate":0.0,"timestamp":1610114020,"path_taken":["M","?","?","?","M","R","M","?","T","$","M","M","R","M","R","BOSS","M","?","M","M","M"],"items_purchased_type":[],"build_version":"2020-12-22","purchased_purges":1,"victory":false,"max_hp_per_floor":[72,72,72,72,72,72,72,72,72,72,72,72,72,72,72,72,72,72,72,72,72,72,72],"relic_stats":{"counters":[12,31],"Astrolabe":["Devotion","Worship","TalkToTheHand"],"Pen Nib":[4],"obtain_stats":[{"NeowsBlessing":0,"Astrolabe":17,"Pen Nib":9,"PureWater":0,"Ancient Tea Set":19},{"NeowsBlessing":0,"Astrolabe":8,"Pen Nib":4,"PureWater":0,"Ancient Tea Set":9},{"NeowsBlessing":0,"Astrolabe":17,"Pen Nib":5,"PureWater":0,"Ancient Tea Set":20}]},"card_choices":[{"not_picked":["FlyingSleeves","WreathOfFlame"],"picked":"FlurryOfBlows","floor":1},{"not_picked":["CutThroughFate","EmptyBody"],"picked":"Crescendo","floor":4},{"not_picked":["JustLucky","Crescendo"],"picked":"Wireheading","floor":5},{"not_picked":["BowlingBash","Prostrate"],"picked":"LessonLearned","floor":7},{"not_picked":["ReachHeaven","PathToVictory","Evaluate"],"picked":"SKIP","floor":11},{"not_picked":["PathToVictory","Evaluate"],"picked":"ReachHeaven","floor":11},{"not_picked":["Worship","Prostrate"],"picked":"PathToVictory","floor":12},{"not_picked":["PathToVictory","WheelKick"],"picked":"Wish","floor":14},{"not_picked":["DevaForm","Alpha"],"picked":"Devotion","floor":16},{"not_picked":["Consecrate","FlurryOfBlows"],"picked":"Worship","floor":18},{"not_picked":["EmptyFist","FollowUp+1"],"picked":"Prostrate","floor":20},{"not_picked":["EmptyBody","CrushJoints"],"picked":"JustLucky","floor":21}],"player_experience":566960,"relics_obtained":[{"floor":9,"key":"Pen Nib"},{"floor":19,"key":"Ancient Tea Set"}],"event_choices":[{"damage_healed":0,"gold_gain":0,"player_choice":"Ignored","damage_taken":0,"max_hp_gain":0,"max_hp_loss":0,"event_name":"Liars Game","floor":2,"gold_loss":0},{"damage_healed":0,"gold_gain":0,"player_choice":"Upgraded","damage_taken":0,"max_hp_gain":0,"max_hp_loss":0,"event_name":"Upgrade Shrine","floor":3,"gold_loss":0,"cards_upgraded":["Eruption"]},{"damage_healed":0,"gold_gain":0,"player_choice":"Cursed","damage_taken":0,"max_hp_gain":0,"max_hp_loss":0,"event_name":"Wheel of Change","floor":8,"gold_loss":0,"cards_obtained":["Decay"]}],"is_beta":false,"boss_relics":[{"not_picked":["Ectoplasm","SacredBark"],"picked":"Astrolabe"}],"items_purged_floors":[10],"is_endless":false,"potions_floor_spawned":[4,5,11,20],"killed_by":"Snake Plant","ascension_level":0}}