{"host":"p7bugujof0m50fiz","time":1610134547,"event":{"mods":["2.2 Compatiblity","Aspiration","BaseMod","Better Altar","Better Match","Better Note","Better Sensory Stone","Better Skull","Better Third Choice","Better Vampires","Clockwork Mod","Colored Map","Energized Spire","Halation","Hubris","Mad Scientist","Minty Spire (QoL Compilation)","Permanent Neow","Random Character Button","Relic Sorter","Replay The Spire","StSLib","The Blue Laboratory","The Cursed","The Factory","The Juggle","TheHeartMod","Unknown Chances"],"gold_per_floor":[111,111,125,125,145,170,170,196,196,208,208,208,57,57,57,156,156,174,174,189,38,73,98,98,130,130,49,59,12,112,122,122,122,122],"floor_reached":33,"playtime":1887,"items_purged":["TheCursedMod:Strike_TheCursed","TheCursedMod:HellsGateOpen"],"score":291,"play_id":"4297fae6-c76c-4494-a4bc-68c647e5fe55","local_time":"20210108203547","is_ascension_mode":false,"campfire_choices":[{"data":"TheCursedMod:CursedWand","floor":7,"key":"SMITH"},{"data":"TheCursedMod:CircleOfFlame","floor":11,"key":"SMITH"},{"data":"TheCursedMod:CircleOfBlood","floor":15,"key":"SMITH"},{"floor":24,"key":"REST"},{"floor":32,"key":"REST"}],"circlet_count":0,"master_deck":["TheCursedMod:Strike_TheCursed","TheCursedMod:Defend_TheCursed+1","TheCursedMod:Defend_TheCursed+1","TheCursedMod:CursedWand+1","TheCursedMod:CleanUpWorkshop","TheCursedMod:Dregs","TheCursedMod:SurpriseAttack","TheCursedMod:RavingStaff","Riddle With Holes","Corpse Explosion","Replay:Bag of Tricks","TheCursedMod:CircleOfFlame+1","TheCursedMod:CircleOfBlood+1","TheCursedMod:Evocation","TheCursedMod:ForbiddenAlchemy","TheCursedMod:Wield","hubris:DuctTapeCard","TheCursedMod:SpitefulPray","TheCursedMod:SurpriseAttack","TheCursedMod:SpitefulPlan","TheCursedMod:CircleOfAmplification","TheCursedMod:Stretching","TheCursedMod:TroublousMinions"],"relics":["TheCursedMod:BlackMagic101","War Paint","Centennial Puzzle","energizedSpire:NeverEndingSparkler","Red Mask","hubris:DuctTape","hubris:ToyBattleship"],"acts_visited":["Exordium","TheCity"],"potions_floor_usage":[16,16,16,25,25,33,33,33],"damage_taken":[{"damage":0,"enemies":"2 Louse","floor":1,"turns":2},{"damage":0,"enemies":"Cultist","floor":3,"turns":3},{"damage":0,"enemies":"Small Slimes","floor":5,"turns":3},{"damage":27,"enemies":"Gremlin Nob","floor":6,"turns":4},{"damage":11,"enemies":"Lagavulin","floor":8,"turns":5},{"damage":13,"enemies":"Red Slaver","floor":10,"turns":3},{"damage":33,"enemies":"The Guardian","floor":16,"turns":12},{"damage":13,"enemies":"Spheric Guardian","floor":18,"turns":3},{"damage":27,"enemies":"2 Thieves","floor":20,"turns":3},{"damage":10,"enemies":"Masked Bandits","floor":22,"turns":2},{"damage":39,"enemies":"Book of Stabbing","floor":23,"turns":6},{"damage":19,"enemies":"Gremlin Leader","floor":25,"turns":6},{"damage":0,"enemies":"3 Cultists","floor":28,"turns":2},{"damage":13,"enemies":"Centurion and Healer","floor":31,"turns":4},{"damage":48,"enemies":"Champ","floor":33,"turns":14}],"seed_played":"-2420541604445689716","potions_obtained":[{"floor":1,"key":"blueLaboratory:ImpenetrablePotion"},{"floor":5,"key":"blueLaboratory:ForbiddenFruitJuice"},{"floor":6,"key":"Fire Potion"},{"floor":16,"key":"Strength Potion"},{"floor":28,"key":"blueLaboratory:EmptyBottle"}],"is_trial":false,"path_per_floor":["M","?","M","?","M","E","R","E","T","M","R","?","$","?","R","B",null,"M","?","M","$","?","E","R","E","T","$","M","$","?","M","R","B"],"character_chosen":"THE_CURSED","items_purchased":["TheCursedMod:HellsGateOpen","TheCursedMod:Wield","TheCursedMod:SpitefulPlan","TheCursedMod:Stretching"],"campfire_rested":2,"item_purchase_floors":[13,21,27,29],"current_hp_per_floor":[75,75,75,75,75,48,48,41,41,34,34,27,27,27,27,46,65,52,52,37,37,35,12,31,16,16,16,28,28,28,19,38,0,0],"gold":122,"neow_bonus":"RANDOM_EVENT","is_daily":false,"chose_seed":false,"campfire_upgraded":3,"win_rate":0.0,"timestamp":1610134547,"path_taken":["M","?","M","?","?","E","R","E","T","M","R","?","$","?","R","BOSS","M","?","?","?","?","E","R","E","T","$","M","?","?","M","R","BOSS"],"items_purchased_type":["Card","Card","Card","Card"],"build_version":"2020-12-22","purchased_purges":2,"victory":false,"max_hp_per_floor":[75,75,75,75,75,75,75,75,75,75,75,75,75,75,75,65,65,65,65,65,65,65,65,65,65,65,65,65,65,65,65,65,65,65],"card_choices":[{"not_picked":["TheCursedMod:Stigma","TheCursedMod:CursedBlade"],"picked":"TheCursedMod:RavingStaff","floor":1},{"not_picked":["TheCursedMod:SurpriseAttack","TheCursedMod:Hemoplague"],"picked":"TheCursedMod:CircleOfFlame","floor":3},{"not_picked":["TheCursedMod:CursedBlade","TheCursedMod:WearCloak"],"picked":"TheCursedMod:CircleOfBlood","floor":5},{"not_picked":["TheCursedMod:SurpriseAttack","TheCursedMod:VitalStrike"],"picked":"TheCursedMod:AbyssShockwave","floor":6},{"not_picked":["TheCursedMod:SpreadPlague","TheCursedMod:SaltUponWound"],"picked":"TheCursedMod:Evocation","floor":8},{"not_picked":["TheCursedMod:Wield","TheCursedMod:FuryStrike","TheCursedMod:BloodBarrier"],"picked":"SKIP","floor":10},{"not_picked":["TheCursedMod:Neurasthenia","TheCursedMod:CircleOfAbyss"],"picked":"TheCursedMod:ForbiddenAlchemy","floor":16},{"not_picked":["TheCursedMod:CursedShiv","TheCursedMod:RavingStaff","TheCursedMod:Wield"],"picked":"SKIP","floor":18},{"not_picked":["TheCursedMod:FuryStrike","TheCursedMod:CursedSpellbook"],"picked":"TheCursedMod:CursedBoomerang+1","floor":20},{"not_picked":["TheCursedMod:CursedBoomerang","TheCursedMod:WearCloak+1"],"picked":"TheCursedMod:SpitefulPray","floor":23},{"not_picked":["TheCursedMod:CursedStaff+1","TheCursedMod:FleshFromBone+1"],"picked":"TheCursedMod:SurpriseAttack","floor":25},{"not_picked":["TheCursedMod:FuryStrike","TheCursedMod:CircleOfFlame"],"picked":"TheCursedMod:CircleOfAmplification","floor":28},{"not_picked":["TheCursedMod:CircleOfFocus+1","TheCursedMod:Torture+1"],"picked":"TheCursedMod:TroublousMinions","floor":31}],"player_experience":182628,"relics_obtained":[{"floor":6,"key":"War Paint"},{"floor":8,"key":"Centennial Puzzle"},{"floor":22,"key":"Red Mask"},{"floor":23,"key":"hubris:DuctTape"},{"floor":25,"key":"hubris:ToyBattleship"}],"event_choices":[{"cards_removed":["Corpse Explosion"],"damage_healed":0,"gold_gain":0,"player_choice":"Give","damage_taken":0,"max_hp_gain":0,"max_hp_loss":0,"event_name":"betterNote:BetterNote","floor":4,"gold_loss":0,"cards_obtained":["None"]},{"cards_removed":["TheCursedMod:Strike_TheCursed"],"damage_healed":0,"gold_gain":0,"player_choice":"Card Removal","damage_taken":7,"max_hp_gain":0,"max_hp_loss":0,"event_name":"Golden Wing","floor":12,"gold_loss":0},{"damage_healed":0,"gold_gain":0,"player_choice":"Ignored","damage_taken":0,"max_hp_gain":0,"max_hp_loss":0,"event_name":"Duplicator","floor":19,"gold_loss":0},{"damage_healed":0,"gold_gain":0,"player_choice":"Fought Bandits","damage_taken":0,"max_hp_gain":0,"max_hp_loss":0,"event_name":"Masked Bandits","floor":22,"gold_loss":0},{"damage_healed":0,"gold_gain":100,"player_choice":"Pray","damage_taken":0,"max_hp_gain":0,"max_hp_loss":0,"event_name":"Golden Shrine","floor":30,"gold_loss":0}],"is_beta":false,"boss_relics":[{"not_picked":["aspiration:WatcherSkillbook","aspiration:SilentSkillbook"],"picked":"energizedSpire:NeverEndingSparkler"}],"items_purged_floors":[13,21],"is_endless":false,"potions_floor_spawned":[1,5,6,16,25,28,31],"killed_by":"Champ","ascension_level":0}}