{"host":"y3h3n3f7seyagppx","time":1610138955,"event":{"mods":["AlwaysNeverKeys","BaseMod","Better Vampires","Colored Powertips","DeckTracker","Emptier Cage","Minty Spire (QoL Compilation)","Permanent Neow","Quick Restart","Rare Cards Sparkle","Relic Sorter","Relic Stats","StSLib","Transform Curses"],"gold_per_floor":[17,29,29,29,29,29,72,72,72,115,128,168,182,197,197,291,291,312,312,325,345,27,27,70,95,95,130,165,209,230,275,287,299,299],"floor_reached":33,"playtime":3153,"items_purged":[],"score":618,"play_id":"47f413c8-0458-453e-a925-fe960e531392","local_time":"20210108154915","is_ascension_mode":true,"campfire_choices":[{"data":"All Out Attack","floor":6,"key":"SMITH"},{"floor":8,"key":"REST"},{"data":"Neutralize","floor":15,"key":"SMITH"},{"data":"Die Die Die","floor":23,"key":"SMITH"},{"data":"Bouncing Flask","floor":32,"key":"SMITH"}],"circlet_count":0,"master_deck":["AscendersBane","Strike_G+1","Strike_G+1","Strike_G+1","Strike_G+1","Strike_G+1","Defend_G+1","Defend_G+1","Defend_G+1","Defend_G+1","Defend_G+1","Survivor","Neutralize+1","Blade Dance","All Out Attack+1","Endless Agony","Masterful Stab","Terror","Caltrops+1","Die Die Die+1","Calculated Gamble+1","Corpse Explosion","Well Laid Plans+1","Leg Sweep","Backflip","Writhe","Bouncing Flask+1"],"relics":["Ring of the Snake","TungstenRod","Golden Idol","Orichalcum","White Beast Statue","Matryoshka","Frozen Egg 2","Smiling Mask","Coffee Dripper","Bronze Scales","Ancient Tea Set","CeramicFish","Boot","MawBank","Pen Nib"],"acts_visited":["Exordium","TheCity"],"potions_floor_usage":[7,10,12,16,18,20,27,28,28,29],"damage_taken":[{"damage":2,"enemies":"Cultist","floor":1,"turns":6},{"damage":2,"enemies":"2 Louse","floor":2,"turns":3},{"damage":27,"enemies":"Lagavulin","floor":7,"turns":8},{"damage":4,"enemies":"3 Sentries","floor":10,"turns":6},{"damage":0,"enemies":"Small Slimes","floor":11,"turns":1},{"damage":1,"enemies":"Gremlin Nob","floor":12,"turns":3},{"damage":7,"enemies":"Red Slaver","floor":13,"turns":2},{"damage":0,"enemies":"2 Fungi Beasts","floor":14,"turns":3},{"damage":16,"enemies":"Slime Boss","floor":16,"turns":6},{"damage":0,"enemies":"Chosen","floor":18,"turns":3},{"damage":8,"enemies":"Shell Parasite","floor":20,"turns":3},{"damage":10,"enemies":"Cultist and Chosen","floor":21,"turns":5},{"damage":23,"enemies":"Slavers","floor":24,"turns":2},{"damage":0,"enemies":"3 Cultists","floor":25,"turns":2},{"damage":1,"enemies":"Book of Stabbing","floor":27,"turns":5},{"damage":1,"enemies":"Snecko","floor":28,"turns":3},{"damage":0,"enemies":"Snake Plant","floor":29,"turns":3},{"damage":0,"enemies":"Centurion and Healer","floor":31,"turns":5},{"damage":4,"enemies":"Champ","floor":33,"turns":3}],"seed_played":"6852935818831483464","potions_obtained":[{"floor":5,"key":"SmokeBomb"},{"floor":5,"key":"SpeedPotion"},{"floor":7,"key":"Fire Potion"},{"floor":10,"key":"BlessingOfTheForge"},{"floor":11,"key":"Dexterity Potion"},{"floor":12,"key":"Strength Potion"},{"floor":13,"key":"AttackPotion"},{"floor":16,"key":"LiquidBronze"},{"floor":18,"key":"EssenceOfSteel"},{"floor":20,"key":"DuplicationPotion"},{"floor":21,"key":"SteroidPotion"},{"floor":27,"key":"Strength Potion"},{"floor":28,"key":"SpeedPotion"},{"floor":29,"key":"Strength Potion"},{"floor":31,"key":"Strength Potion"}],"is_trial":false,"path_per_floor":["M","M","?","?","?","R","E","R","T","E","M","E","M","M","R","B",null,"M","?","M","M","$","R","E","M","T","E","M","M","?","M","R","B"],"character_chosen":"THE_SILENT","items_purchased":["Corpse Explosion","Bronze Scales","Well Laid Plans+1"],"campfire_rested":1,"item_purchase_floors":[22,22,22],"current_hp_per_floor":[57,55,55,46,46,46,19,37,37,33,33,32,25,25,25,9,47,47,47,39,29,29,29,6,6,6,5,4,4,4,4,4,0,0],"gold":299,"neow_bonus":"ONE_RARE_RELIC","is_daily":false,"chose_seed":false,"campfire_upgraded":4,"win_rate":0.0,"timestamp":1610138955,"path_taken":["M","M","?","?","?","R","E","R","T","E","?","E","M","M","R","BOSS","M","?","M","M","$","R","E","M","T","E","M","M","?","M","R","BOSS"],"items_purchased_type":["Card","Relic","Card"],"build_version":"2020-12-22","purchased_purges":0,"victory":false,"max_hp_per_floor":[66,66,60,60,60,60,60,60,60,60,60,60,60,60,60,60,60,60,60,60,60,60,60,60,60,60,60,60,60,60,60,60,60,60],"relic_stats":{"counters":[19,72],"Golden Idol":101,"Bronze Scales":[69],"CeramicFish":27,"Pen Nib":[1],"Orichalcum":[156],"Smiling Mask":0,"Boot":[24],"MawBank":72,"obtain_stats":[{"Golden Idol":3,"CeramicFish":26,"Pen Nib":30,"Orichalcum":4,"Frozen Egg 2":10,"Smiling Mask":12,"Ancient Tea Set":24,"Boot":26,"MawBank":27,"White Beast Statue":7,"Matryoshka":9,"Bronze Scales":22,"Coffee Dripper":17,"TungstenRod":0,"Ring of the Snake":0},{"Golden Idol":2,"CeramicFish":14,"Pen Nib":17,"Orichalcum":2,"Frozen Egg 2":4,"Smiling Mask":6,"Ancient Tea Set":13,"Boot":14,"MawBank":15,"White Beast Statue":3,"Matryoshka":3,"Bronze Scales":12,"Coffee Dripper":9,"TungstenRod":0,"Ring of the Snake":0},{"Golden Idol":9,"CeramicFish":53,"Pen Nib":64,"Orichalcum":9,"Frozen Egg 2":23,"Smiling Mask":27,"Ancient Tea Set":51,"Boot":53,"MawBank":58,"White Beast Statue":17,"Matryoshka":17,"Bronze Scales":49,"Coffee Dripper":38,"TungstenRod":0,"Ring of the Snake":0}],"TungstenRod":25,"Ring of the Snake":[39]},"card_choices":[{"not_picked":["Sucker Punch","Slice"],"picked":"Blade Dance","floor":1},{"not_picked":["Crippling Poison","Acrobatics"],"picked":"All Out Attack","floor":2},{"not_picked":["Dagger Throw","Reflex"],"picked":"Endless Agony","floor":7},{"not_picked":["Dagger Throw","Eviscerate","Slice"],"picked":"SKIP","floor":10},{"not_picked":["Quick Slash","Blade Dance"],"picked":"Masterful Stab","floor":11},{"not_picked":["Eviscerate","Bouncing Flask","Distraction"],"picked":"SKIP","floor":12},{"not_picked":["Eviscerate","Bouncing Flask","Distraction"],"picked":"SKIP","floor":12},{"not_picked":["Eviscerate","Bouncing Flask","Distraction"],"picked":"SKIP","floor":12},{"not_picked":["Slice","Dagger Spray"],"picked":"Terror","floor":13},{"not_picked":["Poisoned Stab","Outmaneuver"],"picked":"Caltrops+1","floor":14},{"not_picked":["Glass Knife","Grand Finale"],"picked":"Die Die Die","floor":16},{"not_picked":["Sucker Punch","Deflect","Flying Knee"],"picked":"SKIP","floor":18},{"not_picked":["Sucker Punch","Slice","Deflect"],"picked":"SKIP","floor":20},{"not_picked":["Sucker Punch","Slice","Deflect"],"picked":"SKIP","floor":20},{"not_picked":["Dagger Throw","Deflect"],"picked":"Calculated Gamble+1","floor":21},{"not_picked":["Expertise","Dagger Spray","Prepared"],"picked":"SKIP","floor":24},{"not_picked":["Finisher","Flying Knee"],"picked":"Leg Sweep","floor":25},{"not_picked":["Underhanded Strike","Prepared","Leg Sweep"],"picked":"SKIP","floor":27},{"not_picked":["Cloak And Dagger","Dagger Spray","Flying Knee"],"picked":"SKIP","floor":28},{"not_picked":["Prepared","Die Die Die"],"picked":"Backflip","floor":29},{"not_picked":["Cloak And Dagger","Backflip"],"picked":"Bouncing Flask","floor":31}],"player_experience":20489281,"relics_obtained":[{"floor":7,"key":"White Beast Statue"},{"floor":9,"key":"Matryoshka"},{"floor":10,"key":"Frozen Egg 2"},{"floor":12,"key":"Smiling Mask"},{"floor":24,"key":"Ancient Tea Set"},{"floor":26,"key":"CeramicFish"},{"floor":26,"key":"Boot"},{"floor":27,"key":"MawBank"}],"event_choices":[{"damage_healed":0,"gold_gain":0,"player_choice":"Lose Max HP","damage_taken":0,"relics_obtained":["Golden Idol"],"max_hp_gain":0,"max_hp_loss":6,"event_name":"Golden Idol","floor":3,"gold_loss":0},{"damage_healed":0,"gold_gain":0,"player_choice":"Success","damage_taken":11,"relics_obtained":["Orichalcum"],"max_hp_gain":0,"max_hp_loss":0,"event_name":"Scrap Ooze","floor":4,"gold_loss":0},{"damage_healed":0,"gold_gain":0,"player_choice":"Got Potions","damage_taken":0,"max_hp_gain":0,"max_hp_loss":0,"event_name":"Lab","floor":5,"gold_loss":0},{"damage_healed":0,"gold_gain":0,"player_choice":"Simplicity","damage_taken":0,"max_hp_gain":0,"max_hp_loss":0,"event_name":"Back to Basics","floor":19,"gold_loss":0,"cards_upgraded":["Strike_G","Strike_G","Strike_G","Strike_G","Strike_G","Defend_G","Defend_G","Defend_G","Defend_G","Defend_G"]},{"damage_healed":0,"gold_gain":0,"player_choice":"Opened","damage_taken":0,"relics_obtained":["Pen Nib"],"max_hp_gain":0,"max_hp_loss":0,"event_name":"The Mausoleum","floor":30,"gold_loss":0,"cards_obtained":["Writhe"]}],"is_beta":false,"boss_relics":[{"not_picked":["Ring of the Serpent","Busted Crown"],"picked":"Coffee Dripper"}],"items_purged_floors":[],"is_endless":false,"potions_floor_spawned":[7,10,11,12,13,14,16,18,20,21,24,25,27,28,29,31],"killed_by":"Champ","ascension_level":20}}