{"host":"j5gdvqtwmxqn6tw6","time":1610122006,"event":{"mods":["BaseMod","Colored Map","Colored Powertips","Downfall","Hermit","Marisa????????","Minty Spire (QoL Compilation)","Replay The Spire","StSLib","SuperFastMode","The Servant 0.9.4"],"gold_per_floor":[114,126,126,126,142,186,186,225,248,248,248],"floor_reached":10,"playtime":187,"items_purged":[],"score":76,"play_id":"daf25416-831d-404a-b375-1e74e011c75a","local_time":"20210108170646","is_ascension_mode":false,"campfire_choices":[{"data":"ReplayTheSpireMod:From All Sides","floor":7,"key":"SMITH"}],"circlet_count":0,"master_deck":["Strike_G","Strike_G","Strike_G","Strike_G","Strike_G","Defend_G","Defend_G","Defend_G","Defend_G","Survivor","Neutralize","Flying Knee","ReplayTheSpireMod:Exploit Weakness","Deadly Poison","ReplayTheSpireMod:From All Sides+1"],"relics":["Ring of the Snake","NeowsBlessing","Golden Idol","Vajra","Toy Ornithopter","Smiling Mask"],"acts_visited":["Exordium"],"potions_floor_usage":[6,8,10],"damage_taken":[{"damage":0,"enemies":"Small Slimes","floor":1,"turns":1},{"damage":0,"enemies":"Jaw Worm","floor":2,"turns":1},{"damage":0,"enemies":"Cultist","floor":5,"turns":1},{"damage":21,"enemies":"Replay:BlueRogue","floor":6,"turns":7},{"damage":20,"enemies":"3 Sentries","floor":8,"turns":6},{"damage":26,"enemies":"Lagavulin","floor":10,"turns":3}],"seed_played":"4679232284047582698","potions_obtained":[{"floor":1,"key":"GamblersBrew"},{"floor":2,"key":"AttackPotion"},{"floor":8,"key":"AttackPotion"}],"is_trial":false,"path_per_floor":["M","M","?","?","M","E","R","E","T","E"],"character_chosen":"THE_SILENT","items_purchased":[],"campfire_rested":0,"item_purchase_floors":[],"current_hp_per_floor":[70,70,53,53,53,32,32,12,12,0,0],"gold":248,"neow_bonus":"THREE_ENEMY_KILL","is_daily":false,"chose_seed":false,"campfire_upgraded":1,"win_rate":0.0,"timestamp":1610122006,"path_taken":["M","M","?","?","?","E","R","E","T","E"],"items_purchased_type":[],"build_version":"2020-12-22","purchased_purges":0,"victory":false,"max_hp_per_floor":[70,70,70,70,70,70,70,70,70,70,70],"card_choices":[{"not_picked":["Well Laid Plans","Blade Dance","Dagger Throw"],"picked":"SKIP","floor":1},{"not_picked":["Prepared","Sneak Up"],"picked":"Flying Knee","floor":2},{"not_picked":["Calculated Gamble","Prepared"],"picked":"Deadly Poison","floor":5},{"not_picked":["Dagger Throw","ReplayTheSpireMod:The Works"],"picked":"ReplayTheSpireMod:From All Sides","floor":6},{"not_picked":["Riddle With Holes","Prepared","Tools of the Trade"],"picked":"SKIP","floor":8}],"player_experience":88368,"relics_obtained":[{"floor":6,"key":"Vajra"},{"floor":8,"key":"Toy Ornithopter"},{"floor":9,"key":"Smiling Mask"}],"event_choices":[{"damage_healed":0,"gold_gain":0,"player_choice":"Take Damage","damage_taken":17,"relics_obtained":["Golden Idol"],"max_hp_gain":0,"max_hp_loss":0,"event_name":"Golden Idol","floor":3,"gold_loss":0},{"damage_healed":0,"gold_gain":0,"cards_transformed":["Defend_G"],"player_choice":"Transformed","damage_taken":0,"max_hp_gain":0,"max_hp_loss":0,"event_name":"Transmorgrifier","floor":4,"gold_loss":0,"cards_obtained":["ReplayTheSpireMod:Exploit Weakness"]}],"is_beta":false,"boss_relics":[],"items_purged_floors":[],"is_endless":false,"potions_floor_spawned":[1,2,8],"killed_by":"Lagavulin","ascension_level":0}}