{"host":"dnd25fcf5l5puhl9","time":1610126602,"event":{"mods":["AchievementEnabler","Act Like it!","BaseMod","BetterRewards","Colored Map","Colored Powertips","Downfall","Gensokyo","Hermit","Hubris","Infinite Spire","Lobotomy","Minty Spire (QoL Compilation)","Replay The Spire","Shop Mod","StSLib","SuperFastMode","The Cursed","The Disciple","The Jungle"],"gold_per_floor":[274,224,224,224,239,266,266,266,266,341,372,389,404,114,114,212,212,224,224,236,252,252,252,252],"floor_reached":23,"playtime":1450,"items_purged":[],"score":199,"play_id":"f65fd4af-9481-47e3-93f9-8b5bd31e25a4","local_time":"20210108152321","is_ascension_mode":false,"campfire_choices":[{"floor":7.0,"key":"REST"},{"data":"1","floor":15.0,"key":"LIFT"}],"circlet_count":0,"master_deck":["Allegro","Strike_Br","Strike_Br","Strike_Br","Defend_Br","Defend_Br","Defend_Br","Defend_Br","SecondHand","PatternShift","HandsUpC","BeatsPerMinute","LockedAnchor","TickedOff","Goo","LockedWhetstone","OldTimer","Keepsakes+1"],"relics":["Chronometer","Shuriken","Replay:Rubber Ducky","Pen Nib","infinitespire:Lucky Rock","Girya","hubris:ScarierMask","Nilry\u0027s Codex","Matryoshka"],"acts_visited":["Exordium","TheCity"],"potions_floor_usage":[],"damage_taken":[{"damage":4.0,"enemies":"2 Louse","floor":1.0,"turns":5.0},{"damage":7.0,"enemies":"Small Slimes","floor":5.0,"turns":4.0},{"damage":21.0,"enemies":"Gremlin Nob","floor":6.0,"turns":4.0},{"damage":6.0,"enemies":"Replay:BlueRogue","floor":11.0,"turns":5.0},{"damage":4.0,"enemies":"Jaw Worm","floor":12.0,"turns":5.0},{"damage":1.0,"enemies":"Exordium Wildlife","floor":13.0,"turns":5.0},{"damage":3.0,"enemies":"The Guardian","floor":16.0,"turns":9.0},{"damage":4.0,"enemies":"Shell Parasite","floor":18.0,"turns":6.0},{"damage":13.0,"enemies":"Chosen","floor":20.0,"turns":5.0},{"damage":19,"enemies":"Shelled Parasite and Fungi","floor":21,"turns":4},{"damage":14,"enemies":"Nightmare","floor":23,"turns":2}],"seed_played":"7792804901095044546","potions_obtained":[{"floor":1.0,"key":"ColorlessPotion"},{"floor":5.0,"key":"Elixir"},{"floor":13.0,"key":"LifebloodPotion"}],"is_trial":false,"path_per_floor":["M","?","?","T","M","E","R","?","T","?","E","M","M","$","R","B",null,"M","?","M","M","T","NM"],"character_chosen":"CHRONO_CLASS","items_purchased":["Girya"],"campfire_rested":1,"item_purchase_floors":[14],"current_hp_per_floor":[61,61,61,61,54,33,52,52,52,41,35,31,30,30,30,27,65,61,45,32,13,13,0,0],"gold":252,"neow_bonus":"","is_daily":false,"chose_seed":false,"campfire_upgraded":0,"win_rate":0.0,"timestamp":1610126601,"path_taken":["M","?","?","?","?","E","R","?","T","?","E","M","M","$","R","BOSS","M","?","M","M","?","NM"],"items_purchased_type":["Relic"],"build_version":"2020-12-22","purchased_purges":0,"victory":false,"max_hp_per_floor":[65,65,65,65,65,65,65,65,65,65,65,65,65,65,65,65,65,65,65,65,65,65,65,65],"card_choices":[{"not_picked":["HandsUpB","ReapSow"],"picked":"HandsUpC","floor":1.0},{"not_picked":["HandsUpC","Echoward"],"picked":"BeatsPerMinute","floor":5.0},{"not_picked":["LockedMedicine","Echoward"],"picked":"LockedAnchor","floor":6.0},{"not_picked":["LockedAnchor","BeatsPerMinute"],"picked":"TickedOff","floor":11.0},{"not_picked":["Echoward","EscortCommand"],"picked":"Goo","floor":12.0},{"not_picked":["EscortCommand","BlueShift"],"picked":"LockedWhetstone","floor":13.0},{"not_picked":["Flay","BackFourSeconds"],"picked":"OldTimer","floor":16.0},{"not_picked":["ReapSow","BiteCommand","Engulf"],"picked":"SKIP","floor":18.0},{"not_picked":["ExoVibe","CrunchTime+1"],"picked":"Keepsakes+1","floor":20.0},{"not_picked":["ExoVibe","Facsimile","LockedTurtyl"],"picked":"SKIP","floor":21}],"player_experience":556168,"relics_obtained":[{"floor":6.0,"key":"Shuriken"},{"floor":8.0,"key":"Replay:Rubber Ducky"},{"floor":9.0,"key":"Pen Nib"},{"floor":11.0,"key":"infinitespire:Lucky Rock"},{"floor":19.0,"key":"Nilry\u0027s Codex"},{"floor":22,"key":"Matryoshka"}],"event_choices":[{"cards_removed":["Strike_Br"],"damage_healed":0.0,"max_hp_gain":0.0,"max_hp_loss":0.0,"gold_gain":0.0,"event_name":"The Cleric","player_choice":"Card Removal","floor":2.0,"gold_loss":50.0,"damage_taken":0.0},{"damage_healed":0.0,"max_hp_gain":0.0,"max_hp_loss":0.0,"gold_gain":75.0,"event_name":"World of Goop","player_choice":"Gather Gold","floor":10.0,"gold_loss":0.0,"damage_taken":11.0},{"damage_healed":0.0,"max_hp_gain":0.0,"max_hp_loss":0.0,"gold_gain":0.0,"event_name":"Cursed Tome","player_choice":"Obtained Book","floor":19.0,"gold_loss":0.0,"damage_taken":16.0}],"is_beta":false,"boss_relics":[{"not_picked":["Philosopher\u0027s Stone","Calling Bell"],"picked":"hubris:ScarierMask"}],"items_purged_floors":[],"is_endless":false,"potions_floor_spawned":[1,5,13],"killed_by":"Nightmare","ascension_level":0}}