{"host":"p9t7qd83igtcp2bh","time":1610104654,"event":{"mods":["2.2 Compatiblity","AchievementEnabler","BaseMod","Colored Map","Colored Powertips","Custom Start","DeckTracker","Keyboard Shortcuts","Minty Spire (QoL Compilation)","Permanent Neow","Spicy Shops","StSLib","SuperFastMode","everything is the same but u backflip on backflip"],"gold_per_floor":[15,33,48,68,88,88,118,193,268,268,28,38,38,57,57,57,57],"floor_reached":16,"playtime":1185,"items_purged":[],"score":151,"play_id":"0f8ebfe8-59df-41f4-9e09-ba4de168e0ec","local_time":"20210108201734","is_ascension_mode":true,"campfire_choices":[{"data":"Chaos","floor":6,"key":"SMITH"},{"data":"Recycle","floor":10,"key":"SMITH"},{"data":"Self Repair","floor":13,"key":"SMITH"},{"data":"White Noise","floor":15,"key":"SMITH"}],"circlet_count":0,"master_deck":["Strike_B","Strike_B","Strike_B","Strike_B","Defend_B","Defend_B","Defend_B","Defend_B","Zap","Dualcast","Recycle+1","Compile Driver","Skim","Cold Snap","Chaos+1","White Noise+1","Self Repair+1","Echo Form","Rebound","Ball Lightning","BootSequence","Loop"],"relics":["Cracked Core","CaptainsWheel","The Courier","Orrery","OrangePellets"],"acts_visited":["Exordium"],"potions_floor_usage":[5,7,16],"damage_taken":[{"damage":16.0,"enemies":"Small Slimes","floor":1.0,"turns":3.0},{"damage":2.0,"enemies":"Jaw Worm","floor":2.0,"turns":3.0},{"damage":0.0,"enemies":"2 Louse","floor":3.0,"turns":2.0},{"damage":14.0,"enemies":"Blue Slaver","floor":4.0,"turns":5.0},{"damage":8,"enemies":"2 Fungi Beasts","floor":5,"turns":3},{"damage":9,"enemies":"3 Sentries","floor":7,"turns":7},{"damage":0,"enemies":"Exordium Thugs","floor":12,"turns":4},{"damage":11,"enemies":"Blue Slaver","floor":14,"turns":3},{"damage":30,"enemies":"Hexaghost","floor":16,"turns":9}],"seed_played":"-6648352372720135207","potions_obtained":[{"floor":1.0,"key":"Energy Potion"},{"floor":2.0,"key":"PotionOfCapacity"},{"floor":3.0,"key":"FearPotion"},{"floor":5,"key":"LiquidBronze"},{"floor":14,"key":"DistilledChaos"}],"is_trial":false,"path_per_floor":["M","M","M","M","M","R","E","?","T","R","$","M","R","M","R","B"],"character_chosen":"DEFECT","items_purchased":["Orrery","OrangePellets"],"campfire_rested":0,"item_purchase_floors":[11,11],"current_hp_per_floor":[66,64,64,50,42,42,33,22,22,22,22,29,29,28,28,0,0],"gold":57,"neow_bonus":"TWENTY_PERCENT_HP_BONUS","is_daily":false,"chose_seed":false,"campfire_upgraded":4,"win_rate":0.0,"timestamp":1610104654,"path_taken":["M","M","M","M","M","R","E","?","T","R","?","M","R","M","R","BOSS"],"items_purchased_type":["Relic","Relic"],"build_version":"2020-12-22","purchased_purges":0,"victory":false,"max_hp_per_floor":[89,89,89,89,89,89,89,89,89,89,89,89,89,89,89,89,89],"card_choices":[{"not_picked":["Barrage","Streamline"],"picked":"Recycle","floor":1.0},{"not_picked":["Genetic Algorithm","Tempest"],"picked":"Compile Driver","floor":2.0},{"not_picked":["Streamline","Force Field"],"picked":"Skim","floor":3.0},{"not_picked":["Rebound","Streamline"],"picked":"Cold Snap","floor":4.0},{"not_picked":["Darkness","Ball Lightning"],"picked":"Chaos","floor":5},{"not_picked":["Ball Lightning","Rip and Tear","Amplify"],"picked":"SKIP","floor":7},{"not_picked":["Hologram","Scrape"],"picked":"White Noise","floor":11},{"not_picked":["Compile Driver","Reboot"],"picked":"Self Repair","floor":11},{"not_picked":["Leap","BootSequence"],"picked":"Echo Form","floor":11},{"not_picked":["Scrape","Gash"],"picked":"Rebound","floor":11},{"not_picked":["Turbo","Static Discharge"],"picked":"Ball Lightning","floor":11},{"not_picked":["Rebound","Consume"],"picked":"BootSequence","floor":12},{"not_picked":["Steam","Streamline"],"picked":"Loop","floor":14}],"player_experience":603747,"relics_obtained":[{"floor":7,"key":"CaptainsWheel"},{"floor":9,"key":"The Courier"}],"event_choices":[{"damage_healed":0,"gold_gain":75,"player_choice":"Gather Gold","damage_taken":11,"max_hp_gain":0,"max_hp_loss":0,"event_name":"World of Goop","floor":8,"gold_loss":0}],"is_beta":false,"boss_relics":[],"items_purged_floors":[],"is_endless":false,"potions_floor_spawned":[1,2,3,5,14],"killed_by":"Hexaghost","ascension_level":9}}