{"host":"erulnpr9qdnrfj6h","time":1610105128,"event":{"mods":["AchievementEnabler","BaseMod","Colored Map","Minty Spire (QoL Compilation)","Rare Cards Sparkle","SuperFastMode"],"gold_per_floor":[166,166,190,46,57,82,93,104,129,142,142,176,189,189,189],"floor_reached":14,"playtime":605,"items_purged":[],"score":193,"play_id":"bdf2324c-dcba-4ebd-b436-53ef6148e02e","local_time":"20210108202528","is_ascension_mode":true,"campfire_choices":[{"floor":11.0,"key":"REST"}],"circlet_count":0,"master_deck":["AscendersBane","Strike_G","Strike_G","Strike_G","Strike_G","Defend_G","Defend_G+1","Defend_G","Defend_G","Defend_G","Survivor","Neutralize","Reflex","Blade Dance","Envenom","Blade Dance","Tools of the Trade","Blade Dance","Blade Dance","PiercingWail","Escape Plan"],"relics":["Tiny House","Bronze Scales","Boot","Snake Skull","Sundial"],"acts_visited":["Exordium"],"potions_floor_usage":[],"damage_taken":[{"damage":7.0,"enemies":"Jaw Worm","floor":1.0,"turns":6.0},{"damage":1.0,"enemies":"Cultist","floor":5.0,"turns":5.0},{"damage":27.0,"enemies":"3 Sentries","floor":6.0,"turns":7.0},{"damage":5.0,"enemies":"Small Slimes","floor":7.0,"turns":3.0},{"damage":0.0,"enemies":"3 Louse","floor":8.0,"turns":2.0},{"damage":0.0,"enemies":"Large Slime","floor":10.0,"turns":4.0},{"damage":30.0,"enemies":"Lagavulin","floor":12.0,"turns":4.0},{"damage":0.0,"enemies":"Looter","floor":13.0,"turns":2.0},{"damage":2,"enemies":"3 Sentries","floor":14,"turns":2}],"seed_played":"4722869518961903351","potions_obtained":[{"floor":0.0,"key":"DuplicationPotion"},{"floor":1.0,"key":"AttackPotion"},{"floor":6.0,"key":"Swift Potion"},{"floor":7.0,"key":"BlessingOfTheForge"},{"floor":10.0,"key":"DistilledChaos"},{"floor":12.0,"key":"LiquidBronze"}],"is_trial":false,"path_per_floor":["M","?","T","$","M","E","M","M","T","M","R","E","M","E"],"character_chosen":"THE_SILENT","items_purchased":["Envenom"],"campfire_rested":1,"item_purchase_floors":[4],"current_hp_per_floor":[61,54,54,54,53,26,21,21,21,21,43,13,13,11,11],"gold":189,"neow_bonus":"BOSS_RELIC","is_daily":false,"chose_seed":false,"campfire_upgraded":0,"win_rate":0.0,"timestamp":1610105128,"path_taken":["M","?","?","?","M","E","M","?","T","M","R","E","M","E"],"items_purchased_type":["Card"],"build_version":"2020-12-22","purchased_purges":0,"victory":false,"max_hp_per_floor":[75,75,75,75,75,75,75,75,75,75,75,75,75,75,75],"card_choices":[{"not_picked":["Leg Sweep","Outmaneuver"],"picked":"Reflex","floor":0.0},{"not_picked":["Terror","Prepared"],"picked":"Blade Dance","floor":1.0},{"not_picked":["Skewer","Footwork"],"picked":"Blade Dance","floor":5.0},{"not_picked":["Caltrops","Concentrate"],"picked":"Tools of the Trade","floor":6.0},{"not_picked":["Predator","Dagger Spray"],"picked":"Blade Dance","floor":7.0},{"not_picked":["All Out Attack","Backflip"],"picked":"Blade Dance","floor":8.0},{"not_picked":["Deflect","Slice"],"picked":"PiercingWail","floor":10.0},{"not_picked":["Choke","Reflex","Distraction"],"picked":"SKIP","floor":12.0},{"not_picked":["Finisher","Dagger Throw"],"picked":"Escape Plan","floor":13.0}],"player_experience":194704,"relics_obtained":[{"floor":3.0,"key":"Bronze Scales"},{"floor":6.0,"key":"Boot"},{"floor":9.0,"key":"Snake Skull"},{"floor":12.0,"key":"Sundial"}],"event_choices":[{"cards_removed":["Strike_G"],"damage_healed":0.0,"max_hp_gain":0.0,"max_hp_loss":0.0,"gold_gain":0.0,"event_name":"Golden Wing","player_choice":"Card Removal","floor":2.0,"gold_loss":0.0,"damage_taken":7.0}],"is_beta":false,"boss_relics":[],"items_purged_floors":[],"is_endless":false,"potions_floor_spawned":[1,6,7,10,12],"killed_by":"3 Sentries","ascension_level":13}}