{"host":"e87rn453naquue3h","time":1610139216,"event":{"mods":["AchievementEnabler","BaseMod","Downfall","Minty Spire (QoL Compilation)","StSLib"],"gold_per_floor":[149,165,265,265,61,61,61,79,79,413,76,89,89,100,117,216,216,216,227,227,244,263,263,288,369,401,412,42,58,58,58,78,186,186,186,201,66,83,102,102,126,152,180,205,130,165,90,103,113,113],"floor_reached":51,"playtime":4251,"items_purged":["champ:Defend","champ:Strike"],"score":856,"play_id":"2dea1c12-4481-4dff-97d1-e0d488b25913","local_time":"20210108155336","is_ascension_mode":true,"campfire_choices":[{"data":"champ:Taunt","floor":1,"key":"SMITH"},{"data":"champ:Balance","floor":6,"key":"SMITH"},{"data":"champ:RisingSlash","floor":9,"key":"SMITH"},{"data":"expansioncontent:Collect","floor":13,"key":"SMITH"},{"data":"champ:Devastate","floor":18,"key":"SMITH"},{"data":"champ:StrikeOfGenius","floor":23,"key":"SMITH"},{"floor":30,"key":"REST"},{"data":"Panache","floor":35,"key":"SMITH"},{"data":"champ:StrikeOfGenius","floor":40,"key":"SMITH"},{"data":"champ:SteelEdge","floor":45,"key":"SMITH"},{"data":"champ:BerserkerStyle","floor":47,"key":"SMITH"}],"circlet_count":0,"master_deck":["champ:Strike","champ:Strike","champ:Strike","champ:Defend","champ:Defend","champ:Defend+1","champ:Execute","champ:Taunt+1","champ:DefensiveShout","champ:RisingSlash","champ:DeathBlow","champ:Balance+1","champ:RisingSlash+1","champ:BringItOn","champ:EnGarde","expansioncontent:Collect+1","champ:Circumvent","champ:Devastate+1","champ:StrikeOfGenius+1","champ:Control","champ:BringItOn+1","Panache+1","champ:BerserkerStyle+1","champ:ShieldSlam","champ:StrikeOfGenius+1","champ:ShieldWall+1","champ:IgnorePain","champ:DefensiveStyle+1","champ:SteelEdge+1","champ:CalledShot+1","champ:ShieldWall+1"],"relics":["Tiny House","Ornamental Fan","StoneCalendar","Old Coin","Mummified Hand","SlaversCollar","Enchiridion","Omamori","InkBottle","Blood Vial","CeramicFish","Snecko Eye","HornCleat","Orrery","Bag of Preparation","downfall:HeartBlessingBlue","Happy Flower","downfall:HeartBlessingGreen"],"acts_visited":["Exordium","TheCity","TheBeyond"],"potions_floor_usage":[16,16,19,50,50],"damage_taken":[{"damage":11,"enemies":"Jaw Worm","floor":2,"turns":4},{"damage":15,"enemies":"downfall:FleeingMerchant","floor":5,"turns":4},{"damage":0,"enemies":"Cultist","floor":8,"turns":3},{"damage":19,"enemies":"Lagavulin","floor":10,"turns":5},{"damage":16,"enemies":"downfall:FleeingMerchant","floor":11,"turns":4},{"damage":5,"enemies":"Small Slimes","floor":12,"turns":3},{"damage":1,"enemies":"Blue Slaver","floor":14,"turns":2},{"damage":31,"enemies":"Exordium Thugs","floor":15,"turns":4},{"damage":47,"enemies":"downfall:Watcher","floor":16,"turns":7},{"damage":4,"enemies":"3 Byrds","floor":19,"turns":4},{"damage":12,"enemies":"Spheric Guardian","floor":21,"turns":4},{"damage":11,"enemies":"Snecko","floor":22,"turns":4},{"damage":41,"enemies":"Book of Stabbing","floor":26,"turns":5},{"damage":27,"enemies":"Cultist and Chosen","floor":27,"turns":5},{"damage":25,"enemies":"downfall:FleeingMerchant","floor":28,"turns":4},{"damage":16,"enemies":"Snake Plant","floor":29,"turns":3},{"damage":18,"enemies":"Centurion and Healer","floor":32,"turns":4},{"damage":23,"enemies":"downfall:Defect","floor":33,"turns":6},{"damage":30,"enemies":"3 Shapes","floor":36,"turns":6},{"damage":10,"enemies":"downfall:FleeingMerchant","floor":37,"turns":4},{"damage":0,"enemies":"3 Darklings","floor":38,"turns":3},{"damage":8,"enemies":"Sphere and 2 Shapes","floor":39,"turns":3},{"damage":16,"enemies":"Spire Growth","floor":42,"turns":3},{"damage":10,"enemies":"Maw","floor":43,"turns":5},{"damage":37,"enemies":"Reptomancer","floor":46,"turns":3},{"damage":10,"enemies":"Jaw Worm Horde","floor":48,"turns":2},{"damage":27,"enemies":"Sphere and 2 Shapes","floor":49,"turns":4},{"damage":73,"enemies":"downfall:Ironclad","floor":50,"turns":6}],"seed_played":"-6504703929755094948","potions_obtained":[{"floor":0,"key":"Explosive Potion"},{"floor":2,"key":"Explosive Potion"},{"floor":8,"key":"PowerPotion"},{"floor":12,"key":"Fire Potion"},{"floor":14,"key":"Strength Potion"},{"floor":27,"key":"champ:TechniquePotion"},{"floor":29,"key":"Regen Potion"},{"floor":33,"key":"DistilledChaos"}],"is_trial":false,"path_per_floor":["R","M","?","?","$","R","T","M","R","E","$","M","R","M","M","B",null,"R","M","?","M","M","R","T","T","E","M","$","M","R","?","M","B",null,"R","M","?","M","M","R","T","M","M","T","R","E","R","M","M","B",null],"character_chosen":"THE_CHAMP","items_purchased":["champ:Balance","champ:RisingSlash","Mummified Hand","expansioncontent:Collect","Panache","champ:BerserkerStyle","HornCleat","Orrery","CultistPotion"],"campfire_rested":1,"item_purchase_floors":[5,5,11,11,28,28,37,37,37],"current_hp_per_floor":[95,92,92,85,80,80,80,80,80,76,76,71,71,70,55,33,95,95,91,75,68,62,62,62,62,46,44,46,48,76,76,78,76,95,95,85,87,89,95,95,95,95,95,95,105,100,100,102,104,68],"gold":113,"neow_bonus":"BOSS_RELIC","is_daily":false,"chose_seed":false,"campfire_upgraded":10,"win_rate":0.0,"timestamp":1610139216,"path_taken":["R","M","?","?","?","R","T","?","R","E","$","M","R","?","M","BOSS","R","M","?","M","M","R","T","?","E","M","$","M","R","?","M","BOSS","R","M","?","M","M","R","T","M","M","?","R","E","R","M","M","BOSS"],"items_purchased_type":["Card","Card","Relic","Card","Card","Card","Relic","Relic","Potion"],"build_version":"2020-12-22","purchased_purges":2,"victory":true,"max_hp_per_floor":[95,95,95,95,95,95,95,95,95,95,95,95,95,95,95,95,95,95,95,95,95,95,95,95,95,95,95,95,95,95,95,95,95,95,95,95,95,95,95,95,95,95,95,95,105,105,105,105,105,105],"card_choices":[{"not_picked":["champ:GladiatorsShout","champ:AdrenalArmor"],"picked":"champ:DefensiveShout","floor":0},{"not_picked":["champ:BladeFlurry","champ:BerserkersShout"],"picked":"champ:RisingSlash","floor":2},{"not_picked":["champ:Haymaker","champ:PerfectedStrike"],"picked":"champ:DeathBlow","floor":5},{"not_picked":["champ:CrookedStrike","champ:ShieldSigil"],"picked":"champ:BringItOn","floor":8},{"not_picked":["champ:TornadoPunch","champ:CrookedStrike"],"picked":"champ:EnGarde","floor":10},{"not_picked":["champ:Backstep","champ:ShieldSigil","champ:BerserkersShout"],"picked":"SKIP","floor":11},{"not_picked":["champ:FlashCut","champ:LastStand","champ:Shatter"],"picked":"SKIP","floor":12},{"not_picked":["champ:FlashCut","champ:Haymaker"],"picked":"champ:Circumvent","floor":14},{"not_picked":["champ:BladeFlurry","champ:Haymaker"],"picked":"champ:Devastate","floor":15},{"not_picked":["champ:DancingMaster","champ:EnchantCrown"],"picked":"champ:StrikeOfGenius","floor":16},{"not_picked":["champ:GladiatorsShout","champ:FanOfKnives"],"picked":"champ:Control","floor":19},{"not_picked":["champ:StanceDance","champ:Circumvent"],"picked":"champ:BringItOn+1","floor":21},{"not_picked":["champ:Backstep","champ:PreciseThrust","champ:FocusedGladiator"],"picked":"SKIP","floor":22},{"not_picked":["champ:FocusedDefense","champ:FocusedBerserking","champ:StanceDance"],"picked":"SKIP","floor":26},{"not_picked":["champ:FanOfKnives","champ:RecklessLeap","champ:DefensiveShout"],"picked":"SKIP","floor":27},{"not_picked":["champ:CheapShot","champ:GladiatorsShout+1","champ:GutPunch"],"picked":"SKIP","floor":28},{"not_picked":["champ:ArenaPreparation","champ:RecklessLeap","champ:PreciseThrust+1"],"picked":"SKIP","floor":29},{"not_picked":["champ:CrookedStrike","champ:RecklessLeap","champ:Riposte"],"picked":"SKIP","floor":32},{"not_picked":["champ:Devastate","champ:ShieldThrow"],"picked":"champ:ShieldSlam","floor":33},{"not_picked":["champ:Riposte+1","champ:CrookedStrike+1","champ:BringItOn"],"picked":"SKIP","floor":36},{"not_picked":["champ:TornadoPunch+1","champ:FanOfKnives+1"],"picked":"champ:StrikeOfGenius","floor":37},{"not_picked":["champ:VampiricStrike","champ:BladeFlurry+1"],"picked":"champ:ShieldWall+1","floor":37},{"not_picked":["champ:Haymaker+1","champ:GladiatorsShout+1"],"picked":"champ:IgnorePain","floor":37},{"not_picked":["champ:BringItOn+1","champ:HeartStrike"],"picked":"champ:DefensiveStyle+1","floor":37},{"not_picked":["champ:BringItOn","champ:BerserkersShout","champ:ShieldSigil+1"],"picked":"SKIP","floor":38},{"not_picked":["champ:FlashCut","champ:GutPunch+1","champ:DefensiveShout+1"],"picked":"SKIP","floor":39},{"not_picked":["champ:FlashCut","champ:Balance"],"picked":"champ:SteelEdge","floor":42},{"not_picked":["champ:Balance","champ:StanceDance"],"picked":"champ:CalledShot+1","floor":43},{"not_picked":["champ:StanceDance","champ:FocusedDefense"],"picked":"champ:ShieldWall+1","floor":46},{"not_picked":["champ:BerserkerStyle","champ:Duel+1","champ:BerserkersShout+1"],"picked":"SKIP","floor":48},{"not_picked":["champ:FlashCut","champ:AdrenalArmor","champ:TornadoPunch+1"],"picked":"SKIP","floor":49}],"player_experience":2469301,"relics_obtained":[{"floor":7,"key":"StoneCalendar"},{"floor":10,"key":"Old Coin"},{"floor":20,"key":"Enchiridion"},{"floor":24,"key":"Omamori"},{"floor":25,"key":"InkBottle"},{"floor":26,"key":"Blood Vial"},{"floor":44,"key":"Bag of Preparation"},{"floor":46,"key":"Happy Flower"}],"event_choices":[{"damage_healed":0,"gold_gain":0,"player_choice":"Success","damage_taken":7,"relics_obtained":["Ornamental Fan"],"max_hp_gain":0,"max_hp_loss":0,"event_name":"Scrap Ooze","floor":4,"gold_loss":0},{"damage_healed":0,"gold_gain":0,"player_choice":"Stole Relic","damage_taken":0,"relics_obtained":["CeramicFish"],"max_hp_gain":0,"max_hp_loss":0,"event_name":"Addict","floor":31,"gold_loss":0,"cards_obtained":["Shame"]}],"is_beta":false,"boss_relics":[{"not_picked":["Astrolabe","Runic Pyramid"],"picked":"SlaversCollar"},{"not_picked":["Pandora\u0027s Box","Velvet Choker"],"picked":"Snecko Eye"}],"items_purged_floors":[5,28],"is_endless":false,"potions_floor_spawned":[2,8,12,14,27,29,33,38,39,42,48],"ascension_level":3}}