{"host":"6r341r9cz00j2qc1","time":1610147522,"event":{"mods":["BaseMod","Better Third Choice","Downfall","GungeonMod","Hermit","Lobotomy","LobotomyExtend","Minty Spire (QoL Compilation)","Replay The Spire","Shop Mod","StSLib"],"gold_per_floor":[111,111,126,126,126,157,157,157,182,218,230,242,279,241,303,360,372,384,131,166,166,166,20,20,20,84,84,223,223,258,33,80,80,80,42,85,85,108,108,108,203,203,311,311,362,362,467,344,445,445,445,445,484,484,484,166,217,267,299,22,22,48,48],"floor_reached":50,"playtime":4849,"items_purged":["Normality","Languid","hermit:ImpendingDoom"],"score":654,"play_id":"08d42440-f46b-4f46-b170-a3f090d1aead","local_time":"20210109001202","is_ascension_mode":false,"campfire_choices":[{"data":"Infernal Blade","floor":8,"key":"SMITH"},{"data":"Pummel","floor":11,"key":"SMITH"},{"floor":6,"key":"REST"},{"data":"Perfected Strike","floor":12,"key":"SMITH"},{"data":"Pummel","floor":15,"key":"SMITH"},{"data":"Replay:Hysterical Blindness","floor":25,"key":"PURGE"},{"floor":30,"key":"REST"},{"data":"Languid","floor":32,"key":"PURGE"},{"floor":40,"key":"REST"},{"data":"ReplayTheSpireMod:Restless Dread","floor":42,"key":"PURGE"},{"data":"expansioncontent:CaCaw","floor":49,"key":"SMITH"}],"circlet_count":0,"master_deck":["LongBird","BlueStar","Strike_R+1","Strike_R","Strike_R+1","Strike_R","Strike_R","Defend_R","Defend_R","Defend_R","Bash","Feel No Pain","Injury","Bloodbath","Sentinel+1","Infernal Blade+1","Pummel+1","Warcry","Sword Boomerang","Parasite","Mercenary","Perfected Strike+1","Exhume+1","Pummel+1","Defy Death+1","Panache","Pommel Strike","Freischutz","Flex+1","WhiteNight","ReplayTheSpireMod:Limb From Limb","BigBird","Sword Boomerang+1","Life Link+1","OSAHOGD","The Bomb+1","HereticApostle","expansioncontent:CaCaw+1","BigBadWolf","Heavy Blade+1","Writhe","Headbutt+1","Massacre","Massacre","Inflame"],"relics":["Black Blood","CogitoBucket","Golden Idol","Sundial","Onion Ring","ReplayTheSpireMod:Ring of Addiction","ReplayTheSpireMod:Ring of Collecting","Chameleon Ring","SacredBark","Ring of Fury","LetterFromLob","Ring of Greed","Replay:Wax Seal","Replay:Bandana","Peace Pipe","LuminousBracelet","MerchantsRug","DemoMod:RingOfEthereal","Ring of Peace","Turnip","Blue Doll","Ring of Searing","Bottled Lightning","Self Forming Clay","SoundOfStar_r","Justitia_r","Membership Card","AspirationHeart","Ring of Panic","Happy Flower","ReplayTheSpireMod:Ring of Challenge","Replay:Bottled Snecko","Replay:Bronze Core","HellTrain","DemoMod:GlassGuonStoneRelic","Mercury Hourglass","Ring of Hypnosis","Replay:Accelerometer","Ring of Misfortune","DemoMod:BlueGuonStone","ReplayTheSpireMod:ShopPack","DemoMod:PinkGuonStone","Toxic Egg 2","Strawberry","Simple Rune"],"acts_visited":["Exordium","TheCity","TheBeyond"],"potions_floor_usage":[10,8,16,16,16,18,20,29,37],"damage_taken":[{"damage":6,"enemies":"Small Slimes","floor":1,"turns":4},{"damage":13,"enemies":"Jaw Worm","floor":3,"turns":3},{"damage":18,"enemies":"Gremlin Nob","floor":6,"turns":4},{"damage":0,"enemies":"2 Louse","floor":10,"turns":1},{"damage":0,"enemies":"2 Louse","floor":1,"turns":2},{"damage":32,"enemies":"Jaw Worm","floor":4,"turns":3},{"damage":0,"enemies":"Cultist","floor":8,"turns":1},{"damage":0,"enemies":"Gremlin Nob","floor":14,"turns":1},{"damage":127,"enemies":"Hexaghost","floor":16,"turns":12},{"damage":27,"enemies":"Spheric Guardian","floor":18,"turns":3},{"damage":27,"enemies":"Shell Parasite","floor":20,"turns":5},{"damage":34,"enemies":"Chosen and Byrds","floor":24,"turns":6},{"damage":49,"enemies":"Sentry and Sphere","floor":29,"turns":6},{"damage":20,"enemies":"Snecko","floor":31,"turns":5},{"damage":0,"enemies":"Collector","floor":33,"turns":2},{"damage":170,"enemies":"3 Shapes","floor":35,"turns":27},{"damage":104,"enemies":"3 Darklings","floor":37,"turns":5},{"damage":9,"enemies":"Maw","floor":41,"turns":5},{"damage":11,"enemies":"Writhing Mass","floor":45,"turns":4},{"damage":22,"enemies":"Jaw Worm Horde","floor":46,"turns":5},{"damage":10,"enemies":"4 Shapes","floor":47,"turns":3},{"damage":123,"enemies":"Replay:Hell Engine","floor":50,"turns":5}],"seed_played":"-6565484731901461246","potions_obtained":[{"floor":6,"key":"Ancient Potion"},{"floor":7,"key":"SkillPotion"},{"floor":7,"key":"SkillPotion"},{"floor":10,"key":"Regen Potion"},{"floor":8,"key":"Adrenaline Potion"},{"floor":16,"key":"Regen Potion"},{"floor":18,"key":"Explosive Potion"},{"floor":24,"key":"DuplicationPotion"},{"floor":41,"key":"BlessingOfTheForge"}],"is_trial":false,"path_per_floor":["M","?","M","?","T","E","?","R","T","M","R","$","M","M","?","T","M","?","R","$","M","T","?","$","R","T","E","R","B",null,"M","$","M","?","?","$","M","R","T","?","T","M","R","M","R","B",null,"M","$","M","T","?","R","M","R","T","$","M","M","M","$","R","B"],"character_chosen":"IRONCLAD","items_purchased":["MerchantsRug","DemoMod:WeirdEgg","Blue Doll","Membership Card","Defy Death+1","Panache","SteroidPotion","Weak Potion","BloodPotion","ReplayTheSpireMod:ShopPack","DemoMod:PinkGuonStone","Toxic Egg 2","Massacre","Strawberry","Simple Rune","Inflame"],"campfire_rested":3,"item_purchase_floors":[7,7,11,19,19,19,36,36,36,44,44,44,48,48,48,48],"current_hp_per_floor":[80,80,73,73,73,61,61,61,61,67,67,67,78,78,78,66,66,91,89,89,89,89,89,87,87,87,85,71,85,73,73,80,80,80,80,68,68,68,68,68,41,68,71,71,89,89,88,87,31,31,31,31,60,60,60,60,90,90,83,83,83,0,0],"gold":48,"neow_bonus":"","is_daily":false,"chose_seed":false,"campfire_upgraded":5,"win_rate":0.0,"timestamp":1610147522,"path_taken":["M","?","M","?","?","E","?","R","T","M","R","?","?","M","?","?","M","?","R","?","?","T","?","$","R","?","E","R","BOSS","M","?","M","?","?","$","M","R","T","?","?","?","R","M","R","BOSS","M","?","?","?","?","R","M","R","T","$","M","?","M","$","R","BOSS"],"items_purchased_type":["Relic","Relic","Relic","Relic","Card","Card","Potion","Potion","Potion","Relic","Relic","Relic","Card","Relic","Relic","Card"],"build_version":"2020-12-22","purchased_purges":3,"victory":false,"max_hp_per_floor":[80,80,80,80,80,80,80,80,80,80,80,80,78,78,78,91,91,91,89,89,89,89,89,87,87,87,85,85,85,85,85,95,95,95,95,93,93,93,91,91,91,91,91,91,89,89,89,87,87,87,87,87,85,85,85,90,90,90,88,95,95,93,93],"card_choices":[{"not_picked":["UniverseFragment","SnowQueen"],"picked":"BlueStar","floor":1},{"not_picked":["Clash","Run Through"],"picked":"Feel No Pain","floor":1},{"not_picked":["Woodsman","GreedKing"],"picked":"Bloodbath","floor":3},{"not_picked":["Offering","Replay:Undeath\u0027s Touch"],"picked":"Sentinel","floor":3},{"not_picked":["DreamingCurrent","Murderer","BeautyBeast"],"picked":"Singing Bowl","floor":6},{"not_picked":["Shockwave","Armaments"],"picked":"Infernal Blade","floor":6},{"not_picked":["Freischutz","BeautyBeast","WallGazer"],"picked":"Singing Bowl","floor":10},{"not_picked":["BeautyBeast","Woodsman"],"picked":"DespairKnight","floor":10},{"not_picked":["Hemokinesis","Whirlwind"],"picked":"Pummel","floor":10},{"not_picked":["SnowQueen","NakedNest","WhitesApple"],"picked":"Singing Bowl","floor":1},{"not_picked":["True Grit","Battle Trance"],"picked":"Warcry","floor":1},{"not_picked":["VoidDream","QueenBee","FairyFestival"],"picked":"Singing Bowl","floor":4},{"not_picked":["Double Tap","ReplayTheSpireMod:Muscle Training"],"picked":"Sword Boomerang","floor":4},{"not_picked":["CrumblingArmor","SpiderBud"],"picked":"Mercenary","floor":8},{"not_picked":["Battle Trance","Juggernaut"],"picked":"Perfected Strike","floor":8},{"not_picked":["ShyLook","HeroicMonk"],"picked":"LongBird","floor":14},{"not_picked":["Battle Trance","Replay:Undeath\u0027s Touch"],"picked":"Pummel","floor":14},{"not_picked":["BeautyBeast","Murderer","SpiderBud"],"picked":"Singing Bowl","floor":16},{"not_picked":["BlackArmy","ShyLook","FairyFestival"],"picked":"Singing Bowl","floor":18},{"not_picked":["Wild Strike","Ghostly Armor","Flame Barrier"],"picked":"SKIP","floor":18},{"not_picked":["MHz","SpiderBud","UniverseFragment"],"picked":"Singing Bowl","floor":20},{"not_picked":["Wild Strike","Run Through","Dual Wield"],"picked":"SKIP","floor":20},{"not_picked":["NakedNest","FairyFestival"],"picked":"QueenOfHatred","floor":24},{"not_picked":["Clash+1","Havoc"],"picked":"Pommel Strike","floor":24},{"not_picked":["HeroicMonk","GreedKing","BeautyBeast"],"picked":"Singing Bowl","floor":29},{"not_picked":["WallGazer","HeroicMonk"],"picked":"Freischutz","floor":29},{"not_picked":["Carnage","Searing Blow"],"picked":"Flex+1","floor":29},{"not_picked":["UniverseFragment","WallGazer","ShyLook"],"picked":"Singing Bowl","floor":31},{"not_picked":["Yin","OldLady"],"picked":"WhiteNight","floor":31},{"not_picked":["ReplayTheSpireMod:Strike From Hell","Spot Weakness"],"picked":"ReplayTheSpireMod:Limb From Limb","floor":31},{"not_picked":["SnowQueen","ShyLook"],"picked":"BigBird","floor":33},{"not_picked":["SnowQueen","OldLady","FairyFestival"],"picked":"Singing Bowl","floor":35},{"not_picked":["ReplayTheSpireMod:LeadingStrike","Second Wind+1"],"picked":"Sword Boomerang+1","floor":35},{"not_picked":["LittleHelper","MeatLantern","Variant"],"picked":"Singing Bowl","floor":37},{"not_picked":["Twin Strike","True Grit"],"picked":"Life Link+1","floor":37},{"not_picked":["MeltingLove","SpiderBud"],"picked":"OSAHOGD","floor":41},{"not_picked":["Hemokinesis","Warcry","Shrug It Off"],"picked":"SKIP","floor":41},{"not_picked":["Chrysalis","Secret Weapon"],"picked":"The Bomb","floor":44},{"not_picked":["ReplayTheSpireMod:Uncanny Aura","Poisoned Strike"],"picked":"Deep Breath","floor":44},{"not_picked":["Dramatic Entrance","Swift Strike"],"picked":"expansioncontent:CaCaw","floor":44},{"not_picked":["Murderer","QueenBee","SilentOrchestra"],"picked":"Singing Bowl","floor":45},{"not_picked":["RedShoes","HappyTeddy"],"picked":"BigBadWolf","floor":45},{"not_picked":["Warcry+1","Flame Barrier+1"],"picked":"Heavy Blade+1","floor":45},{"not_picked":["Alriune","BeautyBeast","Laetitia"],"picked":"Singing Bowl","floor":46},{"not_picked":["Thunderclap+1","True Grit+1"],"picked":"Headbutt+1","floor":46},{"not_picked":["WhitesApple","BlackArmy","LittlePrince"],"picked":"Singing Bowl","floor":47},{"not_picked":["Armaments+1","Replay:Undeath\u0027s Touch","Body Slam"],"picked":"SKIP","floor":47}],"player_experience":489685,"relics_obtained":[{"floor":1,"key":"LetterFromLob"},{"floor":5,"key":"Sundial"},{"floor":6,"key":"Onion Ring"},{"floor":7,"key":"ReplayTheSpireMod:Ring of Addiction"},{"floor":7,"key":"ReplayTheSpireMod:Ring of Collecting"},{"floor":7,"key":"Chameleon Ring"},{"floor":7,"key":"SacredBark"},{"floor":9,"key":"Ring of Fury"},{"floor":9,"key":"MawBank"},{"floor":1,"key":"LetterFromLob"},{"floor":3,"key":"Ring of Greed"},{"floor":3,"key":"Replay:Wax Seal"},{"floor":3,"key":"Replay:Bandana"},{"floor":3,"key":"Peace Pipe"},{"floor":9,"key":"Ring of Peace"},{"floor":9,"key":"Turnip"},{"floor":13,"key":"Ring of Searing"},{"floor":13,"key":"Bottled Lightning"},{"floor":14,"key":"Self Forming Clay"},{"floor":26,"key":"Ring of Panic"},{"floor":26,"key":"Happy Flower"},{"floor":28,"key":"ReplayTheSpireMod:Ring of Challenge"},{"floor":28,"key":"Replay:Bottled Snecko"},{"floor":37,"key":"Mercury Hourglass"},{"floor":38,"key":"Ring of Hypnosis"},{"floor":38,"key":"Replay:Accelerometer"},{"floor":43,"key":"Ring of Misfortune"},{"floor":43,"key":"DemoMod:BlueGuonStone"}],"event_choices":[{"damage_healed":0,"gold_gain":0,"player_choice":"Take Wound","damage_taken":0,"relics_obtained":["Golden Idol"],"max_hp_gain":0,"max_hp_loss":0,"event_name":"Golden Idol","floor":2,"gold_loss":0,"cards_obtained":["Injury"]},{"cards_removed":["Amnesia"],"damage_healed":0,"gold_gain":0,"player_choice":"Card Removal","damage_taken":0,"max_hp_gain":0,"max_hp_loss":0,"event_name":"The Cleric","floor":2,"gold_loss":50},{"damage_healed":0,"gold_gain":0,"player_choice":"Grow","damage_taken":0,"max_hp_gain":0,"max_hp_loss":0,"event_name":"Living Wall","floor":5,"gold_loss":0,"cards_upgraded":["Sentinel"]},{"damage_healed":0,"gold_gain":0,"player_choice":"Ignored","damage_taken":0,"max_hp_gain":0,"max_hp_loss":0,"event_name":"Ghosts","floor":22,"gold_loss":0},{"damage_healed":0,"gold_gain":0,"player_choice":"Ignored","damage_taken":0,"max_hp_gain":0,"max_hp_loss":0,"event_name":"Vampires","floor":27,"gold_loss":0},{"damage_healed":0,"gold_gain":0,"player_choice":"Ignored","damage_taken":0,"max_hp_gain":0,"max_hp_loss":0,"event_name":"Transmorgrifier","floor":39,"gold_loss":0}],"is_beta":false,"boss_relics":[{"not_picked":["Coffee Dripper","Electric Blood"],"picked":"Black Blood"},{"not_picked":["ReplayTheSpireMod:DimensionalGlitch","Pandora\u0027s Box"],"picked":"Replay:Bronze Core"}],"items_purged_floors":[23,36,48],"is_endless":false,"potions_floor_spawned":[6,10,8,16,18,24,41,45,47],"killed_by":"Replay:Hell Engine","ascension_level":0}}