{"host":"hn99riirbf0lv0ml","time":1610122803,"event":{"mods":["AchievementEnabler","Act Like it!","BaseMod","Colored Map","Colored Powertips","Downfall","Duelist Mod","Friendly Minions","Gensokyo","GifTheSpireLib","Jorbs\u0027s Wanderer Trilogy","Marisa????????","Minty Spire (QoL Compilation)","Rare Cards Sparkle","StSLib","The Animator","The Bug Knight","The Cursed","The Runesmith","The Servant 0.9.4"],"gold_per_floor":[14,24,24,43,43,43,70,70,142,160,173,183,183,183,183,284,284,300,312,331,33,45,45,57,57,57],"floor_reached":25,"playtime":4989,"items_purged":["Strike_B"],"score":197,"play_id":"597a6932-5dfb-4a63-bf74-dfc85a27ae85","local_time":"20210108112003","is_ascension_mode":false,"campfire_choices":[{"data":"Zap","floor":6,"key":"SMITH"},{"data":"Coolheaded","floor":8,"key":"SMITH"},{"data":"Seek","floor":15,"key":"SMITH"},{"data":"Machine Learning","floor":23,"key":"SMITH"}],"circlet_count":0,"master_deck":["Strike_B","Strike_B","Strike_B","Defend_B","Defend_B","Defend_B","Defend_B","Zap+1","Melter","Coolheaded+1","Conserve Battery","Cold Snap","Coolheaded","Melter","Seek+1","Machine Learning+1","Ball Lightning+1","Loop","Sweeping Beam+1","Capacitor","Magnetism","Loop","Beam Cell"],"relics":["Cracked Core","Odd Mushroom","HornCleat"],"acts_visited":["Exordium","TheCity"],"potions_floor_usage":[16,24],"damage_taken":[{"damage":0,"enemies":"Cultist","floor":1,"turns":4},{"damage":6,"enemies":"Jaw Worm","floor":2,"turns":3},{"damage":0,"enemies":"Small Slimes","floor":4,"turns":3},{"damage":16,"enemies":"The Mushroom Lair","floor":7,"turns":5},{"damage":21,"enemies":"Exordium Thugs","floor":10,"turns":5},{"damage":0,"enemies":"Large Slime","floor":11,"turns":9},{"damage":10,"enemies":"Exordium Wildlife","floor":12,"turns":6},{"damage":60,"enemies":"Slime Boss","floor":16,"turns":26},{"damage":0,"enemies":"Spheric Guardian","floor":18,"turns":2},{"damage":4,"enemies":"3 Byrds","floor":19,"turns":5},{"damage":14,"enemies":"Shelled Parasite and Fungi","floor":20,"turns":6},{"damage":20,"enemies":"Snecko","floor":22,"turns":6},{"damage":35,"enemies":"3 Cultists","floor":24,"turns":5},{"damage":18,"enemies":"Centurion and Healer","floor":25,"turns":4}],"seed_played":"-8687665747029348945","potions_obtained":[{"floor":4,"key":"Guardian:BlockOnCardUsePotion"},{"floor":7,"key":"LiquidMemories"},{"floor":10,"key":"EssenceOfDarkness"},{"floor":16,"key":"PotionOfCapacity"},{"floor":20,"key":"SkillPotion"}],"is_trial":false,"path_per_floor":["M","M","?","M","$","R","?","R","T","M","M","M","?","?","R","B",null,"M","M","M","$","M","R","M","M"],"character_chosen":"DEFECT","items_purchased":["Capacitor","Magnetism"],"campfire_rested":0,"item_purchase_floors":[21,21],"current_hp_per_floor":[89,83,83,83,83,83,67,67,67,46,46,36,36,65,65,5,89,89,85,71,71,51,51,16,0,0],"gold":57,"neow_bonus":"TWENTY_PERCENT_HP_BONUS","is_daily":false,"chose_seed":false,"campfire_upgraded":4,"win_rate":0.0,"timestamp":1610122803,"path_taken":["M","M","?","M","$","R","?","R","T","M","M","M","?","?","R","BOSS","M","M","M","$","M","R","M","M"],"items_purchased_type":["Card","Card"],"build_version":"2020-12-22","purchased_purges":1,"victory":false,"max_hp_per_floor":[89,89,89,89,89,89,89,89,89,89,89,89,89,89,89,89,89,89,89,89,89,89,89,89,89,89],"card_choices":[{"not_picked":["Cold Snap","Auto Shields"],"picked":"Melter","floor":1},{"not_picked":["Beam Cell","Chaos"],"picked":"Coolheaded","floor":2},{"not_picked":["Stack","Scrape"],"picked":"Conserve Battery","floor":4},{"not_picked":["Coolheaded","Leap"],"picked":"Cold Snap","floor":7},{"not_picked":["Fusion","Skim"],"picked":"Coolheaded","floor":10},{"not_picked":["Barrage","Reprogram"],"picked":"Melter","floor":11},{"not_picked":["Streamline","Redo"],"picked":"Seek","floor":12},{"not_picked":["All For One","Amplify"],"picked":"Machine Learning","floor":16},{"not_picked":["Reprogram","Barrage"],"picked":"Ball Lightning+1","floor":18},{"not_picked":["Hologram","Lockon"],"picked":"Loop","floor":19},{"not_picked":["Ball Lightning","Double Energy+1"],"picked":"Sweeping Beam+1","floor":20},{"not_picked":["Darkness+1","Rip and Tear"],"picked":"Loop","floor":22},{"not_picked":["Ball Lightning+1","Blizzard"],"picked":"Beam Cell","floor":24}],"player_experience":143312,"relics_obtained":[{"floor":7,"key":"Odd Mushroom"},{"floor":9,"key":"HornCleat"}],"event_choices":[{"damage_healed":0,"gold_gain":0,"player_choice":"Ignored","damage_taken":0,"max_hp_gain":0,"max_hp_loss":0,"event_name":"Golden Idol","floor":3,"gold_loss":0},{"damage_healed":0,"gold_gain":0,"player_choice":"Fought Mushrooms","damage_taken":0,"max_hp_gain":0,"max_hp_loss":0,"event_name":"Mushrooms","floor":7,"gold_loss":0},{"cards_removed":["Dualcast"],"damage_healed":0,"gold_gain":0,"player_choice":"Forget","damage_taken":0,"max_hp_gain":0,"max_hp_loss":0,"event_name":"Living Wall","floor":13,"gold_loss":0},{"damage_healed":29,"gold_gain":0,"player_choice":"Banana","damage_taken":0,"max_hp_gain":0,"max_hp_loss":0,"event_name":"Big Fish","floor":14,"gold_loss":0}],"is_beta":false,"boss_relics":[{"not_picked":["Calling Bell","Snecko Eye","Velvet Choker"]}],"items_purged_floors":[21],"is_endless":false,"potions_floor_spawned":[4,7,10,12,16,20],"killed_by":"Centurion and Healer","ascension_level":0}}