{"host":"3a1ypf1irl30q4k8","time":1610121818,"event":{"mods":["AchievementEnabler","BaseMod","Bestiary","Colored Map","Minty Spire (QoL Compilation)","Relic Stats"],"gold_per_floor":[18,18,33,47,67,96,3,3,29,55,55,55,55,73,73,175,175,188,188,188,103,116,144,144,179,179,189,215,140,156,156,156,253,253,296,296,306,581,235,267,267,317,317,317,365,423,434,451,451,451],"floor_reached":51,"playtime":3080,"items_purged":["Strike_P+1","Regret"],"score":1019,"play_id":"7c50890f-ccd8-4f8c-8f3a-69e5f972925b","local_time":"20210108160338","is_ascension_mode":true,"campfire_choices":[{"floor":8,"key":"REST"},{"data":"Eruption","floor":12,"key":"SMITH"},{"data":"CutThroughFate","floor":15,"key":"SMITH"},{"data":"BowlingBash","floor":24,"key":"SMITH"},{"data":"J.A.X.","floor":32,"key":"SMITH"},{"data":"Wish","floor":41,"key":"SMITH"},{"floor":44,"key":"REST"},{"floor":49,"key":"REST"}],"circlet_count":0,"master_deck":["Strike_P+1","Strike_P+1","Strike_P+1","Defend_P+1","Defend_P+1","Defend_P+1","Defend_P+1","Eruption+1","Vigilance","Conclude","MentalFortress+1","WheelKick+1","CutThroughFate+1","ThirdEye","Bandage Up+1","Halt","BowlingBash+1","LessonLearned","BattleHymn","Ghostly","Ghostly","Ghostly","Ghostly+1","Ghostly+1","Halt","CutThroughFate","SashWhip+1","Meditate","J.A.X.+1","Wish+1","ClearTheMind+1","FlyingSleeves+1","Tantrum","EmptyMind+1","ReachHeaven+1"],"relics":["HolyWater","Mango","Centennial Puzzle","Orichalcum","Vajra","HornCleat","Bottled Flame","Potion Belt","Happy Flower","Blood Vial","SlaversCollar","Strange Spoon","Dream Catcher","Prayer Wheel"],"acts_visited":["Exordium","TheCity","TheBeyond"],"potions_floor_usage":[4,4,4,4,6,22,23,33,33,33,33,45,46,46],"damage_taken":[{"damage":0,"enemies":"2 Louse","floor":1,"turns":2},{"damage":0,"enemies":"Cultist","floor":3,"turns":2},{"damage":0,"enemies":"Small Slimes","floor":4,"turns":1},{"damage":5,"enemies":"Exordium Thugs","floor":5,"turns":3},{"damage":26,"enemies":"Gremlin Nob","floor":6,"turns":5},{"damage":32,"enemies":"Lagavulin","floor":10,"turns":4},{"damage":4,"enemies":"Red Slaver","floor":14,"turns":3},{"damage":26,"enemies":"Hexaghost","floor":16,"turns":6},{"damage":28,"enemies":"Spheric Guardian","floor":18,"turns":6},{"damage":0,"enemies":"3 Byrds","floor":22,"turns":4},{"damage":0,"enemies":"Slavers","floor":23,"turns":5},{"damage":0,"enemies":"Gremlin Leader","floor":25,"turns":6},{"damage":0,"enemies":"Snake Plant","floor":27,"turns":4},{"damage":6,"enemies":"Book of Stabbing","floor":28,"turns":6},{"damage":0,"enemies":"Snecko","floor":30,"turns":4},{"damage":1,"enemies":"Collector","floor":33,"turns":4},{"damage":9,"enemies":"3 Shapes","floor":35,"turns":8},{"damage":0,"enemies":"Orb Walker","floor":37,"turns":2},{"damage":5,"enemies":"Reptomancer","floor":40,"turns":5},{"damage":18,"enemies":"3 Darklings","floor":42,"turns":11},{"damage":4,"enemies":"4 Shapes","floor":45,"turns":6},{"damage":38,"enemies":"Nemesis","floor":46,"turns":7},{"damage":0,"enemies":"Spire Growth","floor":47,"turns":4},{"damage":1,"enemies":"Sphere and 2 Shapes","floor":48,"turns":7},{"damage":6,"enemies":"Time Eater","floor":50,"turns":9}],"seed_played":"-4123805169965524114","potions_obtained":[{"floor":1,"key":"ColorlessPotion"},{"floor":2,"key":"EntropicBrew"},{"floor":2,"key":"Explosive Potion"},{"floor":10,"key":"GamblersBrew"},{"floor":14,"key":"Weak Potion"},{"floor":22,"key":"Dexterity Potion"},{"floor":25,"key":"BlessingOfTheForge"},{"floor":28,"key":"Dexterity Potion"},{"floor":30,"key":"CultistPotion"},{"floor":37,"key":"StancePotion"},{"floor":40,"key":"SneckoOil"}],"is_trial":false,"path_per_floor":["M","?","M","M","M","E","$","R","T","E","$","R","?","M","R","B",null,"M","?","?","?","M","E","R","E","T","M","E","$","M","?","R","B",null,"M","?","M","?","$","E","R","M","T","R","M","E","M","M","R","B",null],"character_chosen":"WATCHER","items_purchased":["Bandage Up","Strange Spoon","AttackPotion","Explosive Potion"],"campfire_rested":3,"item_purchase_floors":[7,39,39,39],"current_hp_per_floor":[86,86,86,86,81,55,55,80,80,52,52,52,52,52,52,30,86,62,43,43,43,43,43,43,43,43,43,41,41,43,43,43,42,43,37,37,39,39,39,38,38,28,28,40,38,5,7,14,26,28],"gold":451,"neow_bonus":"ONE_RARE_RELIC","is_daily":false,"chose_seed":false,"campfire_upgraded":5,"win_rate":0.0,"timestamp":1610121818,"path_taken":["M","?","M","M","M","E","?","R","T","E","$","R","?","?","R","BOSS","M","?","?","?","M","E","R","E","T","M","E","$","M","?","R","BOSS","M","?","M","?","$","E","R","M","T","R","M","E","M","M","R","BOSS"],"items_purchased_type":["Card","Relic","Potion","Potion"],"build_version":"2020-12-22","purchased_purges":2,"victory":true,"max_hp_per_floor":[86,86,86,86,86,86,86,86,86,86,86,86,86,86,86,86,86,86,43,43,43,43,43,43,43,43,43,43,43,43,43,43,43,43,43,43,43,43,43,43,43,43,43,43,43,43,43,43,43,43],"relic_stats":{"Blood Vial":18,"Strange Spoon":[52],"Centennial Puzzle":[37],"Dream Catcher":2,"Happy Flower":[25],"counters":[25,124],"Prayer Wheel":2,"Orichalcum":[150],"obtain_stats":[{"Potion Belt":25,"Happy Flower":26,"Vajra":10,"Mango":0,"Orichalcum":9,"Blood Vial":28,"SlaversCollar":34,"Strange Spoon":39,"Centennial Puzzle":6,"Bottled Flame":23,"Dream Catcher":40,"HornCleat":21,"HolyWater":17,"Prayer Wheel":46,"PureWater":0},{"Potion Belt":12,"Happy Flower":12,"Vajra":6,"Mango":0,"Orichalcum":5,"Blood Vial":14,"SlaversCollar":16,"Strange Spoon":18,"Centennial Puzzle":5,"Bottled Flame":11,"Dream Catcher":19,"HornCleat":9,"HolyWater":8,"Prayer Wheel":22,"PureWater":0},{"Potion Belt":47,"Happy Flower":47,"Vajra":17,"Mango":0,"Orichalcum":13,"Blood Vial":57,"SlaversCollar":65,"Strange Spoon":75,"Centennial Puzzle":13,"Bottled Flame":41,"Dream Catcher":80,"HornCleat":32,"HolyWater":26,"Prayer Wheel":104,"PureWater":0}]},"card_choices":[{"not_picked":["ThirdEye","PathToVictory"],"picked":"Conclude","floor":1},{"not_picked":["Prostrate","Conclude"],"picked":"MentalFortress","floor":3},{"not_picked":["WindmillStrike","Study"],"picked":"WheelKick","floor":4},{"not_picked":["FollowUp","EmptyBody"],"picked":"CutThroughFate","floor":5},{"not_picked":["InnerPeace","Protect"],"picked":"ThirdEye","floor":6},{"not_picked":["Scrawl","BowlingBash"],"picked":"Halt","floor":10},{"not_picked":["ReachHeaven","InnerPeace"],"picked":"BowlingBash","floor":14},{"not_picked":["Scrawl","Brilliance"],"picked":"LessonLearned","floor":16},{"not_picked":["FlyingSleeves","SashWhip"],"picked":"BattleHymn","floor":18},{"not_picked":["FlyingSleeves","LikeWater+1"],"picked":"Halt","floor":22},{"not_picked":["Protect+1","Evaluate"],"picked":"CutThroughFate","floor":23},{"not_picked":["LikeWater+1","Conclude+1","Weave"],"picked":"SKIP","floor":25},{"not_picked":["Worship","Conclude"],"picked":"SashWhip+1","floor":27},{"not_picked":["WindmillStrike","JustLucky+1"],"picked":"Meditate","floor":28},{"not_picked":["CarveReality","EmptyBody","JustLucky"],"picked":"SKIP","floor":30},{"not_picked":["SpiritShield","MasterReality"],"picked":"Wish","floor":33},{"not_picked":["EmptyBody","ThirdEye","SashWhip"],"picked":"SKIP","floor":35},{"not_picked":["Meditate","SignatureMove"],"picked":"ClearTheMind","floor":37},{"not_picked":["BowlingBash+1","SashWhip","FlyingSleeves+1"],"picked":"SKIP","floor":40},{"not_picked":["FollowUp","BattleHymn+1","BowlingBash"],"picked":"SKIP","floor":42},{"not_picked":["Pray+1","Crescendo+1"],"picked":"FlyingSleeves+1","floor":44},{"not_picked":["BattleHymn+1","CutThroughFate+1","FlurryOfBlows"],"picked":"SKIP","floor":45},{"not_picked":["DeusExMachina","Collect+1","FlurryOfBlows+1"],"picked":"SKIP","floor":46},{"not_picked":["Wallop","BowlingBash"],"picked":"Tantrum","floor":47},{"not_picked":["CrushJoints+1","ForeignInfluence+1"],"picked":"EmptyMind+1","floor":47},{"not_picked":["FlurryOfBlows","Wireheading+1","FlyingSleeves+1"],"picked":"SKIP","floor":48},{"not_picked":["CrushJoints","PathToVictory","Collect"],"picked":"SKIP","floor":48},{"not_picked":["BowlingBash","FlyingSleeves"],"picked":"ReachHeaven+1","floor":49}],"player_experience":995942,"relics_obtained":[{"floor":6,"key":"Centennial Puzzle"},{"floor":9,"key":"Orichalcum"},{"floor":10,"key":"Vajra"},{"floor":23,"key":"Bottled Flame"},{"floor":25,"key":"Potion Belt"},{"floor":26,"key":"Happy Flower"},{"floor":28,"key":"Blood Vial"},{"floor":40,"key":"Dream Catcher"},{"floor":46,"key":"Prayer Wheel"}],"event_choices":[{"damage_healed":0,"gold_gain":0,"player_choice":"Got Potions","damage_taken":0,"max_hp_gain":0,"max_hp_loss":0,"event_name":"Lab","floor":2,"gold_loss":0},{"damage_healed":0,"gold_gain":0,"player_choice":"Upgraded","damage_taken":0,"max_hp_gain":0,"max_hp_loss":0,"event_name":"Upgrade Shrine","floor":13,"gold_loss":0,"cards_upgraded":["WheelKick"]},{"damage_healed":0,"gold_gain":0,"player_choice":"Became a Ghost","damage_taken":0,"max_hp_gain":0,"max_hp_loss":43,"event_name":"Ghosts","floor":19,"gold_loss":0,"cards_obtained":["Ghostly","Ghostly","Ghostly","Ghostly","Ghostly"]},{"damage_healed":0,"gold_gain":0,"player_choice":"Simplicity","damage_taken":0,"max_hp_gain":0,"max_hp_loss":0,"event_name":"Back to Basics","floor":20,"gold_loss":0,"cards_upgraded":["Strike_P","Strike_P","Strike_P","Strike_P","Defend_P","Defend_P","Defend_P","Defend_P"]},{"damage_healed":0,"gold_gain":0,"player_choice":"Obtained Relic","damage_taken":0,"relics_obtained":["HornCleat"],"max_hp_gain":0,"max_hp_loss":0,"event_name":"Addict","floor":21,"gold_loss":85},{"damage_healed":0,"gold_gain":0,"player_choice":"Obtain J.A.X.","damage_taken":0,"max_hp_gain":0,"max_hp_loss":0,"event_name":"Drug Dealer","floor":31,"gold_loss":0,"cards_obtained":["J.A.X."]},{"damage_healed":0,"gold_gain":0,"player_choice":"Ignored","damage_taken":0,"max_hp_gain":0,"max_hp_loss":0,"event_name":"Tomb of Lord Red Mask","floor":36,"gold_loss":0},{"damage_healed":0,"gold_gain":275,"player_choice":"Desecrate","damage_taken":0,"max_hp_gain":0,"max_hp_loss":0,"event_name":"Golden Shrine","floor":38,"gold_loss":0,"cards_obtained":["Regret"]}],"is_beta":false,"boss_relics":[{"not_picked":["SacredBark","Black Star"],"picked":"HolyWater"},{"not_picked":["Velvet Choker","Runic Dome"],"picked":"SlaversCollar"}],"items_purged_floors":[29,39],"is_endless":false,"potions_floor_spawned":[1,3,10,14,22,25,28,30,37,40,42],"ascension_level":1}}