{"host":"3y33rrrkia6pkpow","time":1610131096,"event":{"mods":["2.2 Compatiblity","AchievementEnabler","Act Like it!","BaseMod","BetterRewards","Colored Map","Gensokyo","Minty Spire (QoL Compilation)","Quick Restart","Replay The Spire","Shop Mod","Spicy Shops","StSLib","Synergy Search","The Animator"],"gold_per_floor":[112,128,15,25,25,25,42,42,112,13,30,30,48,77,77,178,178,188,293,305,305,305,305,0,25,25,56,56,82,101,119,119,119,119],"floor_reached":33,"playtime":3177,"items_purged":[],"score":540,"play_id":"3424c15e-6a66-4a46-8f07-e177cd00ae52","local_time":"20210108123816","is_ascension_mode":true,"campfire_choices":[{"data":"Choke","floor":6.0,"key":"SMITH"},{"data":"Adrenaline","floor":8.0,"key":"SMITH"},{"floor":12.0,"key":"REST"},{"data":"Finisher","floor":15.0,"key":"SMITH"},{"floor":23.0,"key":"REST"},{"floor":28.0,"key":"REST"},{"floor":32.0,"key":"REST"}],"circlet_count":0,"master_deck":["Strike_G+1","Strike_G+1","Strike_G+1","Strike_G+1","Strike_G+1","Defend_G+1","Defend_G+1","Defend_G+1","Defend_G+1","Defend_G+1","Survivor","Neutralize","Endless Agony","Choke+1","Blade Dance","Prepared","Well Laid Plans","Adrenaline+1","Swift Strike","Choke","Outmaneuver","Blur","Deflect","Finisher+1","Phantasmal Killer+1","Skewer+1","Predator+1","Deflect+1","Dodge and Roll","Slice+1","Phantasmal Killer+1","Pot Of Greed","Pot Of Greed","Pot Of Greed","Blade Dance","Terror","Setup","Blade Dance"],"relics":["Ring of the Snake","NeowsBlessing","White Beast Statue","Replay:Mystery Machine","Snecko Scales","DollysMirror","Grinning Jar","Happy Flower","Mummified Hand","StrikeDummy","Molten Egg 2"],"acts_visited":["Exordium","TheCity"],"potions_floor_usage":[33],"damage_taken":[{"damage":0.0,"enemies":"Small Slimes","floor":1.0,"turns":1.0},{"damage":0.0,"enemies":"Cultist","floor":2.0,"turns":1.0},{"damage":0.0,"enemies":"Jaw Worm","floor":4.0,"turns":1.0},{"damage":6.0,"enemies":"Looter","floor":7.0,"turns":3.0},{"damage":15.0,"enemies":"Large Slime","floor":11.0,"turns":4.0},{"damage":6.0,"enemies":"Red Slaver","floor":13.0,"turns":2.0},{"damage":0.0,"enemies":"Gremlin Nob","floor":14.0,"turns":1.0},{"damage":28.0,"enemies":"Hexaghost","floor":16.0,"turns":11.0},{"damage":0.0,"enemies":"Spheric Guardian","floor":18.0,"turns":2.0},{"damage":14.0,"enemies":"2 Thieves","floor":20.0,"turns":5.0},{"damage":0.0,"enemies":"Gremlin Leader","floor":25.0,"turns":2.0},{"damage":19.0,"enemies":"Slavers","floor":27.0,"turns":4.0},{"damage":9.0,"enemies":"Replay:Snechameleon","floor":29.0,"turns":4.0},{"damage":0.0,"enemies":"Snecko","floor":30.0,"turns":3.0},{"damage":1.0,"enemies":"Shelled Parasite and Fungi","floor":31.0,"turns":4.0},{"damage":52,"enemies":"Pondfish","floor":33,"turns":5}],"seed_played":"-502295927417391687","potions_obtained":[{"floor":1.0,"key":"Venom Potion"},{"floor":11.0,"key":"Weak Potion"},{"floor":13.0,"key":"SpeedPotion"},{"floor":14.0,"key":"AttackPotion"},{"floor":16.0,"key":"PowerPotion"},{"floor":18.0,"key":"ColorlessPotion"},{"floor":27.0,"key":"DuplicationPotion"},{"floor":29.0,"key":"LifebloodPotion"}],"is_trial":false,"path_per_floor":["M","M","$","M","?","R","M","R","T","$","M","R","M","E","R","B",null,"M","?","M","?","?","R","$","E","T","E","R","E","M","M","R","B"],"character_chosen":"THE_SILENT","items_purchased":["Blade Dance","Prepared","Outmaneuver","Blur","DollysMirror","Grinning Jar"],"campfire_rested":4,"item_purchase_floors":[3,3,10,10,24,24],"current_hp_per_floor":[63,63,63,63,63,63,57,57,57,57,42,63,57,57,57,29,60,60,32,18,18,18,39,39,39,39,20,41,32,32,31,52,0,0],"gold":119,"neow_bonus":"THREE_ENEMY_KILL","is_daily":false,"chose_seed":false,"campfire_upgraded":3,"win_rate":0.0,"timestamp":1610131096,"path_taken":["M","M","$","M","?","R","?","R","T","$","M","R","M","E","R","BOSS","M","?","M","?","?","R","$","E","T","E","R","E","M","?","R","BOSS"],"items_purchased_type":["Card","Card","Card","Card","Relic","Relic"],"build_version":"2020-12-22","purchased_purges":0,"victory":false,"max_hp_per_floor":[70,70,70,70,70,70,70,70,70,70,70,70,70,70,70,70,70,70,70,70,70,70,70,70,70,70,70,70,70,70,70,70,70,70],"card_choices":[{"not_picked":["ReplayTheSpireMod:The Works","Dagger Spray"],"picked":"Endless Agony","floor":1.0},{"not_picked":["Distraction","Sucker Punch"],"picked":"Choke","floor":2.0},{"not_picked":["PiercingWail","Acrobatics"],"picked":"Well Laid Plans","floor":4.0},{"not_picked":["Acrobatics","PiercingWail"],"picked":"Choke","floor":7.0},{"not_picked":["Skewer","Sucker Punch"],"picked":"Deflect","floor":11.0},{"not_picked":["Bane","ReplayTheSpireMod:Shiv Toss"],"picked":"Finisher","floor":13.0},{"not_picked":["Toxin Wave","Caltrops","Distraction"],"picked":"SKIP","floor":14.0},{"not_picked":["Poison Darts","Adrenaline"],"picked":"Phantasmal Killer","floor":16.0},{"not_picked":["Dagger Spray","ReplayTheSpireMod:Shiv Toss"],"picked":"Skewer+1","floor":18.0},{"not_picked":["Choke","All Out Attack"],"picked":"Predator+1","floor":19.0},{"not_picked":["Outmaneuver+1","Flying Knee+1"],"picked":"Deflect+1","floor":19.0},{"not_picked":["Concentrate","Riddle With Holes"],"picked":"Dodge and Roll","floor":19.0},{"not_picked":["Hidden Blade+1","Sucker Punch"],"picked":"Slice+1","floor":20.0},{"not_picked":["Acrobatics+1","Slice","Poisoned Stab+1"],"picked":"SKIP","floor":25.0},{"not_picked":["A Thousand Cuts","Dagger Throw"],"picked":"Blade Dance","floor":27.0},{"not_picked":["Bane+1","PiercingWail"],"picked":"Terror","floor":29.0},{"not_picked":["Dagger Spray+1","Riddle With Holes+1"],"picked":"Setup","floor":30.0},{"not_picked":["Underhanded Strike+1","Poisoned Stab+1"],"picked":"Blade Dance","floor":31.0}],"player_experience":843829,"relics_obtained":[{"floor":9.0,"key":"White Beast Statue"},{"floor":14.0,"key":"Replay:Mystery Machine"},{"floor":25.0,"key":"Happy Flower"},{"floor":26.0,"key":"Mummified Hand"},{"floor":27.0,"key":"StrikeDummy"},{"floor":29.0,"key":"Molten Egg 2"}],"event_choices":[{"damage_healed":0.0,"max_hp_gain":0.0,"max_hp_loss":0.0,"gold_gain":0.0,"event_name":"Match and Keep!","player_choice":"2 cards matched","floor":5.0,"gold_loss":0.0,"damage_taken":0.0,"cards_obtained":["Adrenaline","Swift Strike"]},{"damage_healed":0.0,"max_hp_gain":0.0,"max_hp_loss":0.0,"gold_gain":0.0,"event_name":"Back to Basics","player_choice":"Simplicity","floor":21.0,"gold_loss":0.0,"damage_taken":0.0,"cards_upgraded":["Strike_G","Strike_G","Strike_G","Strike_G","Strike_G","Defend_G","Defend_G","Defend_G","Defend_G","Defend_G"]},{"damage_healed":0.0,"max_hp_gain":0.0,"max_hp_loss":0.0,"gold_gain":0.0,"event_name":"Upgrade Shrine","player_choice":"Upgraded","floor":22.0,"gold_loss":0.0,"damage_taken":0.0,"cards_upgraded":["Phantasmal Killer"]}],"is_beta":false,"boss_relics":[{"not_picked":["Snecko Eye","Coffee Dripper"],"picked":"Snecko Scales"}],"items_purged_floors":[],"is_endless":false,"potions_floor_spawned":[1,11,13,14,16,18,20,25,27,29,30,31],"killed_by":"Pondfish","ascension_level":9}}