{"host":"sav7uxregyirlf69","time":1610125182,"event":{"mods":["AchievementEnabler","BaseMod","Colored Map","DeckTracker","Keyboard Shortcuts","Minty Spire (QoL Compilation)","READ ME - Guardian Mod","StSLib","SuperFastMode"],"gold_per_floor":[115,130,130,140,157,157,169,169,194,194,205,223,238,258,258,333,333,349,238,238,249,174,174,174,174],"floor_reached":24,"playtime":418,"items_purged":["Strike_G"],"score":384,"play_id":"087fe403-822b-4c6c-9bde-bf1f1406c628","local_time":"20210109015942","is_ascension_mode":true,"campfire_choices":[{"data":"Finisher","floor":6,"key":"SMITH"},{"data":"Neutralize","floor":8,"key":"SMITH"},{"data":"Blade Dance","floor":10,"key":"SMITH"},{"data":"Accuracy","floor":15,"key":"SMITH"},{"data":"Tactician","floor":23,"key":"SMITH"}],"circlet_count":0,"master_deck":["AscendersBane","Strike_G","Strike_G","Defend_G","Defend_G","Defend_G","Defend_G","Defend_G","Survivor","Neutralize","Finisher+1","Dagger Spray","Masterful Stab","Neutralize+1","Blade Dance+1","Reflex","Infinite Blades","PiercingWail","Accuracy+1","Phantasmal Killer","Escape Plan","Tactician+1"],"relics":["Ring of the Snake","Akabeko","Sozu"],"acts_visited":["Exordium","TheCity"],"potions_floor_usage":[16,21,24],"damage_taken":[{"damage":0,"enemies":"Cultist","floor":1,"turns":3},{"damage":2,"enemies":"Jaw Worm","floor":2,"turns":5},{"damage":0,"enemies":"2 Louse","floor":4,"turns":2},{"damage":1,"enemies":"2 Fungi Beasts","floor":5,"turns":3},{"damage":2,"enemies":"Exordium Wildlife","floor":7,"turns":2},{"damage":0,"enemies":"Blue Slaver","floor":11,"turns":1},{"damage":0,"enemies":"Large Slime","floor":12,"turns":1},{"damage":0,"enemies":"Lots of Slimes","floor":13,"turns":3},{"damage":0,"enemies":"Exordium Thugs","floor":14,"turns":4},{"damage":18,"enemies":"Hexaghost","floor":16,"turns":9},{"damage":13,"enemies":"Chosen","floor":18,"turns":4},{"damage":11,"enemies":"Shell Parasite","floor":21,"turns":5},{"damage":35,"enemies":"Slavers","floor":24,"turns":4}],"seed_played":"-4102764940535106413","potions_obtained":[{"floor":2,"key":"BlessingOfTheForge"},{"floor":5,"key":"SteroidPotion"},{"floor":16,"key":"Dexterity Potion"}],"is_trial":false,"path_per_floor":["M","M","?","M","M","R","M","R","T","R","M","M","M","M","R","B",null,"M","$","?","M","?","R","E"],"character_chosen":"THE_SILENT","items_purchased":["Escape Plan"],"campfire_rested":0,"item_purchase_floors":[19],"current_hp_per_floor":[59,57,57,57,56,56,54,54,54,54,54,54,54,54,54,36,59,46,46,46,35,35,35,0,0],"gold":174,"neow_bonus":"TRANSFORM_CARD","is_daily":false,"chose_seed":false,"campfire_upgraded":5,"win_rate":0.0,"timestamp":1610125182,"path_taken":["M","?","?","M","M","R","M","R","T","R","?","M","M","M","R","BOSS","M","$","?","M","?","R","E"],"items_purchased_type":["Card"],"build_version":"2020-12-22","purchased_purges":1,"victory":false,"max_hp_per_floor":[66,66,66,66,66,66,66,66,66,66,66,66,66,66,66,66,66,66,66,66,66,66,66,66,66],"card_choices":[{"not_picked":["PiercingWail","Acrobatics"],"picked":"Dagger Spray","floor":1},{"not_picked":["Bane","Prepared","Storm of Steel"],"picked":"SKIP","floor":2},{"not_picked":["Outmaneuver","Poisoned Stab","Underhanded Strike"],"picked":"SKIP","floor":4},{"not_picked":["Eviscerate","PiercingWail"],"picked":"Blade Dance","floor":5},{"not_picked":["PiercingWail","Dodge and Roll","Prepared"],"picked":"SKIP","floor":7},{"not_picked":["Slice","Dagger Spray"],"picked":"Reflex","floor":11},{"not_picked":["Bouncing Flask","Crippling Poison"],"picked":"Infinite Blades","floor":12},{"not_picked":["Endless Agony","Cloak And Dagger"],"picked":"PiercingWail","floor":13},{"not_picked":["Calculated Gamble","Storm of Steel"],"picked":"Accuracy","floor":14},{"not_picked":["Venomology","Malaise"],"picked":"Phantasmal Killer","floor":16},{"not_picked":["Underhanded Strike","Noxious Fumes","Skewer"],"picked":"SKIP","floor":18},{"not_picked":["Skewer","Concentrate+1"],"picked":"Tactician","floor":21}],"player_experience":1205982,"relics_obtained":[{"floor":9,"key":"Akabeko"}],"event_choices":[{"damage_healed":0,"gold_gain":0,"player_choice":"2 cards matched","damage_taken":0,"max_hp_gain":0,"max_hp_loss":0,"event_name":"Match and Keep!","floor":3,"gold_loss":0,"cards_obtained":["Masterful Stab","Neutralize"]},{"damage_healed":0,"gold_gain":0,"player_choice":"Ignored","damage_taken":0,"max_hp_gain":0,"max_hp_loss":0,"event_name":"The Mausoleum","floor":20,"gold_loss":0},{"cards_removed":["Strike_G"],"damage_healed":0,"gold_gain":0,"player_choice":"Gave Gold","damage_taken":0,"max_hp_gain":0,"max_hp_loss":0,"event_name":"Beggar","floor":22,"gold_loss":75}],"is_beta":false,"boss_relics":[{"not_picked":["Philosopher\u0027s Stone","Velvet Choker"],"picked":"Sozu"}],"items_purged_floors":[19],"is_endless":false,"potions_floor_spawned":[2,5,11,14,16,21],"killed_by":"Slavers","ascension_level":20}}