{"host":"pqs17sqrgflf4eqa","time":1610142456,"event":{"mods":["AchievementEnabler","BaseMod","Bestiary","Better Altar","Colored Map","Colored Powertips","Emptier Cage","Googly Eyes","Highlight Path","Minty Spire (QoL Compilation)","Quick Restart","StSLib","SuperFastMode","Transform Curses","slay the spire mod where everything is the same but ironclad has a cowboy hat"],"gold_per_floor":[109,12,24,24,41,74,74,117,169,191,220,220,247,272,272,385,385,412,44,67,67,67,110,110,110,110,131,159,159,60,103,115,127,127],"floor_reached":33,"playtime":700,"items_purged":[],"score":420,"play_id":"7a24a836-5581-46c2-8ecf-d8e7b0c5f35a","local_time":"20210108164736","is_ascension_mode":true,"campfire_choices":[{"data":"Dualcast","floor":7.0,"key":"SMITH"},{"floor":12.0,"key":"REST"},{"floor":15.0,"key":"REST"},{"floor":24.0,"key":"REST"},{"floor":32,"key":"REST"}],"circlet_count":0,"master_deck":["Strike_B","Strike_B","Strike_B","Strike_B","Defend_B","Defend_B","Defend_B","Zap+1","Dualcast+1","Beam Cell","Sweeping Beam","Leap","Gash","Gash","Conserve Battery","Coolheaded","Stack","Leap","Echo Form","Ball Lightning+1","Apotheosis","Hologram","BootSequence","Streamline","Genetic Algorithm","Compile Driver","FTL"],"relics":["Cracked Core","Shuriken","CeramicFish","Pen Nib","StrikeDummy","Philosopher\u0027s Stone","Omamori","Pear","Bag of Marbles","WarpedTongs","MawBank"],"acts_visited":["Exordium","TheCity"],"potions_floor_usage":[25,31,31,33],"damage_taken":[{"damage":5.0,"enemies":"Small Slimes","floor":1.0,"turns":3.0},{"damage":0.0,"enemies":"Cultist","floor":3.0,"turns":2.0},{"damage":3.0,"enemies":"Jaw Worm","floor":5.0,"turns":2.0},{"damage":26.0,"enemies":"Lagavulin","floor":6.0,"turns":5.0},{"damage":16.0,"enemies":"3 Sentries","floor":8.0,"turns":5.0},{"damage":11.0,"enemies":"Looter","floor":10.0,"turns":2.0},{"damage":10.0,"enemies":"Lots of Slimes","floor":11.0,"turns":2.0},{"damage":0.0,"enemies":"Large Slime","floor":13.0,"turns":3.0},{"damage":8.0,"enemies":"Gremlin Nob","floor":14.0,"turns":3.0},{"damage":6.0,"enemies":"Slime Boss","floor":16.0,"turns":6.0},{"damage":22.0,"enemies":"Spheric Guardian","floor":18.0,"turns":4.0},{"damage":22.0,"enemies":"2 Thieves","floor":20.0,"turns":3.0},{"damage":26.0,"enemies":"Book of Stabbing","floor":23.0,"turns":6.0},{"damage":0,"enemies":"Slavers","floor":25,"turns":1},{"damage":19,"enemies":"Snake Plant","floor":27,"turns":4},{"damage":18,"enemies":"Shelled Parasite and Fungi","floor":28,"turns":4},{"damage":0,"enemies":"Gremlin Leader","floor":31,"turns":4},{"damage":36,"enemies":"Collector","floor":33,"turns":6}],"seed_played":"-8545155733038960842","potions_obtained":[{"floor":5.0,"key":"Strength Potion"},{"floor":6.0,"key":"FocusPotion"},{"floor":8.0,"key":"BlessingOfTheForge"},{"floor":10.0,"key":"FocusPotion"},{"floor":13.0,"key":"AttackPotion"},{"floor":18.0,"key":"SmokeBomb"},{"floor":28,"key":"DistilledChaos"}],"is_trial":false,"path_per_floor":["M","$","M","?","M","E","R","E","T","M","M","R","M","E","R","B",null,"M","$","M","?","$","E","R","E","T","M","M","?","$","E","R","B"],"character_chosen":"DEFECT","items_purchased":["Sweeping Beam","Block Potion","Omamori","Apotheosis","Hologram","Swift Potion","ColorlessPotion"],"campfire_rested":4,"item_purchase_floors":[2,2,19,19,19,30,30],"current_hp_per_floor":[70,70,70,70,67,41,41,25,25,14,4,26,26,18,40,34,75,53,53,31,31,31,15,40,40,40,21,3,3,3,3,28,0,0],"gold":127,"neow_bonus":"UPGRADE_CARD","is_daily":false,"chose_seed":false,"campfire_upgraded":1,"win_rate":0.0,"timestamp":1610142456,"path_taken":["M","$","M","?","?","E","R","E","T","M","M","R","M","E","R","BOSS","M","$","M","?","?","E","R","E","T","?","M","?","$","E","R","BOSS"],"items_purchased_type":["Card","Potion","Relic","Card","Card","Potion","Potion"],"build_version":"2020-12-22","purchased_purges":0,"victory":false,"max_hp_per_floor":[75,75,75,75,75,75,75,75,75,75,75,75,75,75,75,75,75,75,75,75,75,75,85,85,85,85,85,85,85,85,85,85,85,85],"card_choices":[{"not_picked":["Rebound","Static Discharge"],"picked":"Beam Cell","floor":1.0},{"not_picked":["Scrape","Force Field"],"picked":"Leap","floor":3.0},{"not_picked":["Steam","Compile Driver"],"picked":"Gash","floor":5.0},{"not_picked":["Blizzard","Redo"],"picked":"Gash","floor":6.0},{"not_picked":["Thunder Strike","Turbo"],"picked":"Conserve Battery","floor":8.0},{"not_picked":["Sweeping Beam","Storm"],"picked":"Coolheaded","floor":10.0},{"not_picked":["White Noise","Fusion"],"picked":"Stack","floor":11.0},{"not_picked":["Steam","Scrape"],"picked":"Leap","floor":13.0},{"not_picked":["Redo","Stack","Leap"],"picked":"SKIP","floor":14.0},{"not_picked":["Thunder Strike","All For One"],"picked":"Echo Form","floor":16.0},{"not_picked":["Chaos","Stack+1"],"picked":"Ball Lightning+1","floor":18.0},{"not_picked":["Ball Lightning+1","Auto Shields"],"picked":"BootSequence","floor":20.0},{"not_picked":["Hologram","Thunder Strike"],"picked":"Streamline","floor":23.0},{"not_picked":["Hologram","Barrage"],"picked":"Genetic Algorithm","floor":27},{"not_picked":["Redo","Steam"],"picked":"Compile Driver","floor":28},{"not_picked":["Stack","Leap"],"picked":"FTL","floor":31}],"player_experience":139420,"relics_obtained":[{"floor":6.0,"key":"Shuriken"},{"floor":8.0,"key":"CeramicFish"},{"floor":9.0,"key":"Pen Nib"},{"floor":14.0,"key":"StrikeDummy"},{"floor":23.0,"key":"Pear"},{"floor":26,"key":"Bag of Marbles"},{"floor":31,"key":"MawBank"}],"event_choices":[{"cards_removed":["Defend_B"],"damage_healed":0.0,"max_hp_gain":0.0,"max_hp_loss":0.0,"gold_gain":0.0,"event_name":"Bonfire Elementals","player_choice":"Offered Basic","floor":4.0,"gold_loss":0.0,"damage_taken":0.0},{"damage_healed":0.0,"max_hp_gain":0.0,"max_hp_loss":0.0,"gold_gain":0.0,"event_name":"N\u0027loth","player_choice":"Ignored","floor":21.0,"gold_loss":0.0,"damage_taken":0.0},{"damage_healed":0,"gold_gain":0,"player_choice":"Rummage","damage_taken":0,"relics_obtained":["WarpedTongs"],"max_hp_gain":0,"max_hp_loss":0,"event_name":"Accursed Blacksmith","floor":29,"gold_loss":0,"cards_obtained":["Pain"]}],"is_beta":false,"boss_relics":[{"not_picked":["Velvet Choker","Empty Cage"],"picked":"Philosopher\u0027s Stone"}],"items_purged_floors":[],"is_endless":false,"potions_floor_spawned":[5,6,8,10,13,18,25,28],"killed_by":"Collector","ascension_level":4}}