{"host":"3qkmyeoym75lj4wn","time":1610068803,"event":{"mods":["2.2 Compatiblity","Act Like it!","BaseMod","Bestiary","Block Reminder","Colored Powertips","Highlight Path","Minty Spire (QoL Compilation)","Permanent Neow","Rare Cards Sparkle","Relic Stats","StSLib"],"gold_per_floor":[112,131,131,131,141,141,173,173,173,173,173,207,224,1,1,73,73,103,115,145,157,15,42,42,69,69,98,113,132,152,167,167,167,167],"floor_reached":33,"playtime":1586,"items_purged":["Strike_G","Strike_G"],"score":780,"play_id":"2c9d817b-68c6-4c16-a938-de8e3c8c4768","local_time":"20210108012003","is_ascension_mode":true,"campfire_choices":[{"data":"Dash","floor":6,"key":"SMITH"},{"data":"Neutralize","floor":8,"key":"SMITH"},{"data":"Footwork","floor":10,"key":"SMITH"},{"data":"Bouncing Flask","floor":15,"key":"SMITH"},{"floor":24,"key":"REST"},{"floor":32,"key":"REST"}],"circlet_count":0,"master_deck":["AscendersBane","Strike_G","Strike_G","Strike_G","Defend_G","Defend_G","Defend_G","Defend_G","Defend_G","Survivor","Neutralize+1","Footwork+1","Dagger Spray+1","Dash+1","PiercingWail","Envenom","PiercingWail","Bouncing Flask+1","Slice","Adrenaline","CurseOfTheBell","Acrobatics","Backstab","Backflip+1"],"relics":["Runic Pyramid","Gremlin Horn","Nunchaku","Matryoshka","Bottled Flame","Calling Bell","MawBank","Eternal Feather","Tingsha","Incense Burner","PreservedInsect","Mercury Hourglass","Du-Vu Doll","Orichalcum"],"acts_visited":["Exordium","TheCity"],"potions_floor_usage":[16,18,23,23,25,29,33,33],"damage_taken":[{"damage":5,"enemies":"Small Slimes","floor":1,"turns":5},{"damage":2,"enemies":"Jaw Worm","floor":2,"turns":6},{"damage":0,"enemies":"Cultist","floor":5,"turns":4},{"damage":7,"enemies":"3 Sentries","floor":7,"turns":7},{"damage":10,"enemies":"Lagavulin","floor":12,"turns":9},{"damage":0,"enemies":"3 Louse","floor":13,"turns":3},{"damage":0,"enemies":"The Guardian","floor":16,"turns":11},{"damage":14,"enemies":"Shell Parasite","floor":18,"turns":8},{"damage":7,"enemies":"3 Byrds","floor":20,"turns":4},{"damage":22,"enemies":"Book of Stabbing","floor":23,"turns":9},{"damage":0,"enemies":"Gremlin Leader","floor":25,"turns":7},{"damage":16,"enemies":"Book of Stabbing","floor":27,"turns":6},{"damage":6,"enemies":"3 Cultists","floor":28,"turns":4},{"damage":4,"enemies":"Shelled Parasite and Fungi","floor":29,"turns":6},{"damage":0,"enemies":"Snecko","floor":30,"turns":4},{"damage":3,"enemies":"Sentry and Sphere","floor":31,"turns":5},{"damage":67,"enemies":"Collector","floor":33,"turns":6}],"seed_played":"6744544299019382091","potions_obtained":[{"floor":5,"key":"SpeedPotion"},{"floor":12,"key":"Explosive Potion"},{"floor":16,"key":"ColorlessPotion"},{"floor":23,"key":"GamblersBrew"},{"floor":28,"key":"LiquidMemories"},{"floor":30,"key":"CunningPotion"},{"floor":31,"key":"SkillPotion"}],"is_trial":false,"path_per_floor":["M","M","?","?","M","R","E","R","T","R","?","E","M","$","R","B",null,"M","?","M","?","$","E","R","E","T","E","M","M","M","M","R","B"],"character_chosen":"THE_SILENT","items_purchased":["Bouncing Flask","Slice","PowerPotion"],"campfire_rested":2,"item_purchase_floors":[14,14,22],"current_hp_per_floor":[54,52,41,41,41,41,34,34,34,34,34,24,24,24,24,24,56,42,42,35,35,35,13,44,44,44,28,22,18,18,15,46,0,0],"gold":167,"neow_bonus":"BOSS_RELIC","is_daily":false,"chose_seed":false,"campfire_upgraded":4,"win_rate":0.0,"timestamp":1610068803,"path_taken":["M","M","?","?","M","R","E","R","T","R","?","E","M","$","R","BOSS","M","?","M","?","?","E","R","E","T","E","M","M","M","M","R","BOSS"],"items_purchased_type":["Card","Card","Potion"],"build_version":"2020-12-22","purchased_purges":2,"victory":false,"max_hp_per_floor":[66,66,66,66,66,66,66,66,66,66,66,66,66,66,66,66,66,66,66,66,66,66,66,66,66,66,66,66,66,66,66,66,66,66],"relic_stats":{"Nunchaku":[16],"Gremlin Horn":[16,17],"counters":[17,104],"Eternal Feather":24,"Tingsha":[129],"PreservedInsect":43,"Orichalcum":[48],"MawBank":60,"obtain_stats":[{"Gremlin Horn":3,"Eternal Feather":17,"Tingsha":17,"PreservedInsect":25,"Incense Burner":23,"Orichalcum":27,"MawBank":17,"Mercury Hourglass":26,"Calling Bell":17,"Du-Vu Doll":26,"Nunchaku":7,"Bottled Flame":12,"Matryoshka":9,"Ring of the Snake":0,"Runic Pyramid":0},{"Gremlin Horn":2,"Eternal Feather":7,"Tingsha":7,"PreservedInsect":11,"Incense Burner":10,"Orichalcum":12,"MawBank":7,"Mercury Hourglass":11,"Calling Bell":7,"Du-Vu Doll":11,"Nunchaku":4,"Bottled Flame":5,"Matryoshka":4,"Ring of the Snake":0,"Runic Pyramid":0},{"Gremlin Horn":11,"Eternal Feather":45,"Tingsha":45,"PreservedInsect":73,"Incense Burner":66,"Orichalcum":79,"MawBank":45,"Mercury Hourglass":73,"Calling Bell":45,"Du-Vu Doll":73,"Nunchaku":22,"Bottled Flame":31,"Matryoshka":22,"Ring of the Snake":0,"Runic Pyramid":0}],"Mercury Hourglass":[117]},"card_choices":[{"not_picked":["Deflect","Cloak And Dagger"],"picked":"Footwork","floor":1},{"not_picked":["Cloak And Dagger","Acrobatics"],"picked":"Dagger Spray","floor":2},{"not_picked":["Tactician","Leg Sweep"],"picked":"Dash","floor":5},{"not_picked":["Concentrate","Finisher"],"picked":"PiercingWail","floor":7},{"not_picked":["PiercingWail","Deadly Poison"],"picked":"Envenom","floor":12},{"not_picked":["Outmaneuver","Deadly Poison"],"picked":"PiercingWail","floor":13},{"not_picked":["Envenom","After Image"],"picked":"Adrenaline","floor":16},{"not_picked":["Slice","Deadly Poison","All Out Attack"],"picked":"SKIP","floor":18},{"not_picked":["Dash+1","Skewer","All Out Attack"],"picked":"SKIP","floor":20},{"not_picked":["Blur","Finisher","Escape Plan"],"picked":"SKIP","floor":23},{"not_picked":["Blur","Corpse Explosion","Deadly Poison+1"],"picked":"SKIP","floor":25},{"not_picked":["Slice","Prepared"],"picked":"Acrobatics","floor":27},{"not_picked":["Outmaneuver","Dodge and Roll","Bane"],"picked":"SKIP","floor":28},{"not_picked":["Reflex","Infinite Blades","Deadly Poison"],"picked":"SKIP","floor":29},{"not_picked":["Slice","Predator"],"picked":"Backstab","floor":30},{"not_picked":["Outmaneuver","Underhanded Strike"],"picked":"Backflip+1","floor":31}],"player_experience":1646384,"relics_obtained":[{"floor":7,"key":"Nunchaku"},{"floor":9,"key":"Matryoshka"},{"floor":12,"key":"Bottled Flame"},{"floor":17,"key":"MawBank"},{"floor":17,"key":"Eternal Feather"},{"floor":17,"key":"Tingsha"},{"floor":23,"key":"Incense Burner"},{"floor":25,"key":"PreservedInsect"},{"floor":26,"key":"Mercury Hourglass"},{"floor":26,"key":"Du-Vu Doll"},{"floor":27,"key":"Orichalcum"}],"event_choices":[{"damage_healed":0,"gold_gain":0,"player_choice":"Success","damage_taken":11,"relics_obtained":["Gremlin Horn"],"max_hp_gain":0,"max_hp_loss":0,"event_name":"Scrap Ooze","floor":3,"gold_loss":0},{"damage_healed":0,"gold_gain":0,"player_choice":"Grow","damage_taken":0,"max_hp_gain":0,"max_hp_loss":0,"event_name":"Living Wall","floor":4,"gold_loss":0,"cards_upgraded":["Dagger Spray"]},{"damage_healed":0,"gold_gain":0,"player_choice":"Ignored","damage_taken":0,"max_hp_gain":0,"max_hp_loss":0,"event_name":"Shining Light","floor":11,"gold_loss":0},{"damage_healed":0,"gold_gain":0,"player_choice":"Ignored","damage_taken":0,"max_hp_gain":0,"max_hp_loss":0,"event_name":"Cursed Tome","floor":19,"gold_loss":0},{"damage_healed":0,"gold_gain":0,"player_choice":"Ignored","damage_taken":0,"max_hp_gain":0,"max_hp_loss":0,"event_name":"The Mausoleum","floor":21,"gold_loss":0}],"is_beta":false,"boss_relics":[{"not_picked":["Sozu","Coffee Dripper"],"picked":"Calling Bell"}],"items_purged_floors":[14,22],"is_endless":false,"potions_floor_spawned":[5,12,16,23,28,30,31],"killed_by":"Collector","ascension_level":20}}