{"host":"1stlzvh7atuy33yh","time":1610077494,"event":{"mods":["BaseMod","Colored Map","Colored Powertips","Downfall","Hermit","Minty Spire (QoL Compilation)","StSLib","The Disciple","The Hierophant"],"gold_per_floor":[99,52,52,52,75,103,155,173,190,190,100,114,39,55,72,169,169,19,35,35,135,153,153,199,216,45,45,30,43,56,56,70,166,166,166,181,195,136,147,161,161,178,178,178,206,221,221,231,249,249,249,276,77,77,77],"floor_reached":56,"playtime":7858,"items_purged":["Guardian:Strike_Guardian","Guardian:Defend_Guardian"],"score":1283,"play_id":"c259a609-a184-4e12-9490-fc95c989a57f","local_time":"20210107224454","is_ascension_mode":false,"campfire_choices":[{"floor":1,"key":"RECALL"},{"data":"Guardian:DecasProtection","floor":13,"key":"SMITH"},{"data":"Guardian:ArmoredProtocol","floor":18,"key":"SMITH"},{"data":"Guardian:TemporalShield","floor":27,"key":"SMITH"},{"data":"Guardian:ChargeUp","floor":35,"key":"SMITH"},{"data":"Guardian:CurlUp","floor":43,"key":"SMITH"},{"data":"Guardian:FloatingOrbs","floor":47,"key":"SMITH"},{"data":"Guardian:RefractedBeam+1","floor":54,"key":"SMITH"}],"circlet_count":0,"master_deck":["Guardian:Strike_Guardian+1","Guardian:Defend_Guardian","Guardian:Defend_Guardian","Guardian:Defend_Guardian","Guardian:CurlUp+1","Guardian:TwinSlam","Guardian:DecasProtection+1","Guardian:BronzeOrb","Guardian:Recover","Guardian:RefractedBeam+2","Guardian:ArmoredProtocol+1","Guardian:FloatingOrbs+1","Guardian:AncientConstruct","Guardian:ShieldCharger+1","Guardian:Incinerate","Guardian:TemporalShield+1","Guardian:Preprogram+1","Guardian:ChargeUp+1","Guardian:CrystalBeam","Guardian:Gem_Lightblue","Guardian:Gem_Fragmented","Guardian:RevengeProtocol","Guardian:DonusPower+1","Guardian:VentSteam+1","Guardian:Gem_Green","Guardian:Gem_Red","Guardian:Gem_Synthetic","Guardian:Gem_Crimson","Guardian:PiercingHide+1","Guardian:SentryBeam+1","Guardian:Gem_Orange"],"relics":["Guardian:ModeShifter","downfall:HeartsMalice","PreservedInsect","Bag of Marbles","downfall:HeartBlessingGreen","Guardian:StasisSlotReductionRelic","downfall:HeartBlessingRed","downfall:HeartBlessingBlue","Bird Faced Urn","Mummified Hand","Bronze Scales","Whetstone","SacredBark","Toolbox","Centennial Puzzle","Meat on the Bone","Toxic Egg 2","Guardian:SackOfGems","Ornamental Fan"],"acts_visited":["Exordium","TheCity","TheBeyond","TheEnding"],"potions_floor_usage":[16,50,55,55],"damage_taken":[{"damage":0,"enemies":"downfall:FleeingMerchant","floor":2,"turns":1},{"damage":0,"enemies":"Jaw Worm","floor":4,"turns":1},{"damage":0,"enemies":"Lagavulin","floor":6,"turns":1},{"damage":1,"enemies":"Cultist","floor":8,"turns":4},{"damage":0,"enemies":"2 Louse","floor":9,"turns":3},{"damage":0,"enemies":"downfall:FleeingMerchant","floor":11,"turns":4},{"damage":8,"enemies":"Exordium Wildlife","floor":12,"turns":5},{"damage":0,"enemies":"3 Louse","floor":14,"turns":5},{"damage":0,"enemies":"Large Slime","floor":15,"turns":6},{"damage":26,"enemies":"downfall:Ironclad","floor":16,"turns":13},{"damage":0,"enemies":"3 Byrds","floor":19,"turns":4},{"damage":11,"enemies":"downfall:Defect","floor":21,"turns":8},{"damage":2,"enemies":"Shell Parasite","floor":22,"turns":7},{"damage":1,"enemies":"Snecko","floor":25,"turns":6},{"damage":0,"enemies":"downfall:FleeingMerchant","floor":26,"turns":4},{"damage":0,"enemies":"downfall:FleeingMerchant","floor":28,"turns":4},{"damage":0,"enemies":"Cultist and Chosen","floor":29,"turns":5},{"damage":0,"enemies":"Centurion and Healer","floor":30,"turns":4},{"damage":18,"enemies":"Shelled Parasite and Fungi","floor":32,"turns":3},{"damage":1,"enemies":"downfall:Silent","floor":33,"turns":6},{"damage":15,"enemies":"3 Darklings","floor":36,"turns":4},{"damage":9,"enemies":"Orb Walker","floor":37,"turns":4},{"damage":0,"enemies":"downfall:FleeingMerchant","floor":38,"turns":3},{"damage":0,"enemies":"Jaw Worm Horde","floor":39,"turns":2},{"damage":23,"enemies":"3 Darklings","floor":40,"turns":4},{"damage":16,"enemies":"4 Shapes","floor":42,"turns":4},{"damage":27,"enemies":"Reptomancer","floor":45,"turns":4},{"damage":7,"enemies":"Transient","floor":46,"turns":5},{"damage":9,"enemies":"Writhing Mass","floor":48,"turns":5},{"damage":0,"enemies":"Sphere and 2 Shapes","floor":49,"turns":3},{"damage":3,"enemies":"downfall:Defect","floor":50,"turns":6},{"damage":6,"enemies":"downfall:CharBossMerchant","floor":52,"turns":6},{"damage":27,"enemies":"downfall:NeowBoss","floor":55,"turns":22}],"seed_played":"-4812656245000001061","potions_obtained":[{"floor":8,"key":"Fire Potion"},{"floor":12,"key":"BlessingOfTheForge"},{"floor":15,"key":"Guardian:BlockOnCardUsePotion"},{"floor":21,"key":"Guardian:BlockOnCardUsePotion"},{"floor":29,"key":"AttackPotion"},{"floor":40,"key":"SteroidPotion"},{"floor":42,"key":"Guardian:StasisDiscoveryPotion"},{"floor":48,"key":"PowerPotion"}],"is_trial":false,"path_per_floor":["R","$","?","M","T","E","T","M","M","?","$","M","R","M","M","B",null,"R","M","?","?","M","?","T","M","$","R","$","M","M","?","M","B",null,"R","M","M","$","M","M","T","M","R","?","E","M","R","M","M","B",null,"E","$","R","B",null],"character_chosen":"GUARDIAN","items_purchased":["Guardian:Gem_Red","Whetstone","Toolbox","Centennial Puzzle","Guardian:Gem_Orange","Dexterity Potion"],"campfire_rested":0,"item_purchase_floors":[2,26,38,38,53,53],"current_hp_per_floor":[80,80,80,80,80,80,80,79,79,79,79,71,71,71,71,45,80,90,90,90,79,85,85,85,89,90,90,90,90,90,90,78,87,90,90,75,70,74,74,59,59,51,51,51,46,49,49,50,56,67,90,84,84,84,67],"gold":77,"neow_bonus":"THREE_ENEMY_KILL","is_daily":false,"chose_seed":false,"campfire_upgraded":7,"win_rate":0.0,"timestamp":1610077494,"path_taken":["R","$","?","M","?","E","T","M","?","?","$","M","R","M","M","BOSS","R","M","?","?","M","?","T","?","$","R","$","M","M","?","M","BOSS","R","M","M","$","M","M","T","M","R","?","E","M","R","M","M","BOSS","E","$","R","BOSS"],"items_purchased_type":["Card","Relic","Relic","Relic","Card","Potion"],"build_version":"2020-12-22","purchased_purges":2,"victory":true,"max_hp_per_floor":[80,80,80,80,80,80,80,80,80,80,80,80,80,80,80,80,80,90,90,90,90,90,90,90,90,90,90,90,90,90,90,90,90,90,90,90,90,90,90,90,90,90,90,90,90,90,90,90,90,90,90,90,90,90,90],"card_choices":[{"not_picked":["Guardian:TemporalShield","Guardian:Reroute"],"picked":"Guardian:DecasProtection","floor":2},{"not_picked":["Guardian:Gem_Crimson","Guardian:ShieldSpikes"],"picked":"Guardian:BronzeOrb","floor":4},{"not_picked":["Guardian:ShieldSpikes","Guardian:Gem_Purple","Guardian:EvasiveProtocol"],"picked":"SKIP","floor":6},{"not_picked":["Guardian:ShieldCharger","Guardian:Reroute"],"picked":"Guardian:Recover","floor":8},{"not_picked":["Guardian:FloatingOrbs","Guardian:TemporalStrike"],"picked":"Guardian:RefractedBeam","floor":9},{"not_picked":["Guardian:VentSteam","Guardian:DonusPower"],"picked":"Guardian:ArmoredProtocol","floor":11},{"not_picked":["Guardian:TimeCapacitor","Guardian:GuardianWhirl"],"picked":"Guardian:FloatingOrbs","floor":12},{"not_picked":["Guardian:DonusPower","Guardian:TemporalStrike","Guardian:FloatingOrbs"],"picked":"SKIP","floor":14},{"not_picked":["Guardian:Recover","Guardian:TemporalStrike","Guardian:TimeCapacitor"],"picked":"SKIP","floor":15},{"not_picked":["Guardian:ConstructionForm","Guardian:SphericShield"],"picked":"Guardian:AncientConstruct","floor":16},{"not_picked":["Guardian:CrystalBeam","Guardian:WalkerClaw"],"picked":"Guardian:Gem_Fragmented","floor":19},{"not_picked":["Guardian:Incinerate","Guardian:WalkerClaw"],"picked":"Guardian:ShieldCharger+1","floor":21},{"not_picked":["Guardian:ArmoredProtocol","Guardian:VentSteam"],"picked":"Guardian:Incinerate","floor":22},{"not_picked":["Guardian:BronzeOrb","Guardian:Planning"],"picked":"Guardian:TemporalShield","floor":25},{"not_picked":["Guardian:Reroute","Guardian:ShieldSpikes"],"picked":"Guardian:Preprogram+1","floor":26},{"not_picked":["Guardian:PrismaticBeam+1","Guardian:Planning"],"picked":"Guardian:ChargeUp","floor":28},{"not_picked":["Guardian:Gem_Red","Guardian:Gem_Green"],"picked":"Guardian:CrystalBeam","floor":29},{"not_picked":["Guardian:TemporalStrike","Guardian:SpikerProtocol"],"picked":"Guardian:Gem_Lightblue","floor":30},{"not_picked":["Guardian:ArmoredProtocol+1","Guardian:ShieldCharger+1"],"picked":"Guardian:RevengeProtocol","floor":32},{"not_picked":["Guardian:Repulse+1","Guardian:TemporalShield+1"],"picked":"Guardian:Gem_White","floor":36},{"not_picked":["Guardian:TimeBomb","Guardian:Gem_White"],"picked":"Guardian:DonusPower+1","floor":37},{"not_picked":["Guardian:Gem_Red","Guardian:Gem_White","Guardian:DecasProtection"],"picked":"SKIP","floor":38},{"not_picked":["Guardian:DecasProtection+1","Guardian:BronzeArmor+1"],"picked":"Guardian:VentSteam+1","floor":39},{"not_picked":["Guardian:ArmoredProtocol+1","Guardian:Gem_Red","Guardian:FloatingOrbs"],"picked":"SKIP","floor":40},{"not_picked":["Guardian:TemporalShield+1","Guardian:VentSteam+1"],"picked":"Guardian:Gem_Crimson","floor":42},{"not_picked":["Guardian:PrimingBeam+1","Guardian:ShieldCharger+1","Guardian:Gem_Blue"],"picked":"SKIP","floor":45},{"not_picked":["Guardian:Suspension+1","Guardian:TimeBomb+1"],"picked":"Guardian:PiercingHide+1","floor":46},{"not_picked":["Guardian:PiercingHide+1","Guardian:Gem_White","Guardian:Gem_Lightblue"],"picked":"SKIP","floor":48},{"not_picked":["Guardian:TemporalShield+1","Guardian:RollAttack+1","Guardian:DonusPower+1"],"picked":"SKIP","floor":49},{"not_picked":["Guardian:BronzeOrb+1","Guardian:BaubleBeam"],"picked":"Guardian:SentryBeam+1","floor":52}],"player_experience":85627,"relics_obtained":[{"floor":6,"key":"PreservedInsect"},{"floor":7,"key":"Bag of Marbles"},{"floor":21,"key":"Bird Faced Urn"},{"floor":21,"key":"Mummified Hand"},{"floor":24,"key":"Bronze Scales"},{"floor":41,"key":"Meat on the Bone"},{"floor":44,"key":"Toxic Egg 2"},{"floor":45,"key":"Guardian:SackOfGems"},{"floor":52,"key":"Ornamental Fan"}],"event_choices":[],"is_beta":false,"boss_relics":[{"not_picked":["SlaversCollar","Empty Cage"],"picked":"Guardian:StasisSlotReductionRelic"},{"not_picked":["Cursed Key","Runic Dome"],"picked":"SacredBark"}],"items_purged_floors":[11,38],"is_endless":false,"potions_floor_spawned":[8,12,15,21,25,29,32,37,40,42,46,48],"ascension_level":0}}