{"host":"lzpp66udqthct9jv","time":1610113281,"event":{"mods":["Act Like it!","BaseMod","Better-Laid Plans","Chen","Emptier Cage","Gensokyo","Highlight Path","Koishi","Marisa£®ÏF”Í°°ƒß¿Ì…≥£©","Minty Spire (QoL Compilation)","Pale of the Ancients","Quick Restart","Reimu£®≤©¿ˆ¡È√Œ£©","Remilia£®¿Ÿ√◊¿Ú—«£©","Shop Mod","StSLib","The Administrix","The Servant 0.9.4","Yakumo Yukari mod","Youmu£®ªÍ∆«—˝√Œ£©","Yuyuko","ÛÙª÷∏ƒœ"],"gold_per_floor":[112,123,123,142,142,142,142,159,184,213,213,238,238,238,238,334,334,350,368,618,629,642,642,677,691,691,691,691,691,187,187,187,282,282,294,294,309,309,326,354,354,365,412,427,427,14,14,40,40,40,40,40,40],"floor_reached":52,"playtime":5872,"items_purged":["Strike_G","Defend_G"],"score":861,"play_id":"d7fb31ec-0f55-455d-8af9-d0fddff01a4b","local_time":"20210108214121","is_ascension_mode":true,"campfire_choices":[{"data":"Crippling Poison","floor":11.0,"key":"SMITH"},{"data":"Cloak And Dagger","floor":13.0,"key":"SMITH"},{"data":"Well Laid Plans","floor":15.0,"key":"SMITH"},{"floor":23.0,"key":"REST"},{"floor":28.0,"key":"REST"},{"floor":32.0,"key":"REST"},{"data":"Apotheosis","floor":41.0,"key":"SMITH"},{"floor":49.0,"key":"RECALL"}],"circlet_count":0,"master_deck":["Defend_G","Defend_G","Defend_G","Defend_G","Survivor","Cloak And Dagger+1","Crippling Poison+1","Clumsy","Well Laid Plans+1","Tactician","A Thousand Cuts","PiercingWail+1","Reflex+1","Terror","Catalyst+1","Writhe","Apotheosis+1","Envenom","Bullet Time","Noxious Fumes+1","Concentrate+1","Acrobatics+1","Backflip+1","Blade Dance"],"relics":["Ring of the Snake","Bag of Marbles","Gensokyo:NagashiBinaDoll","Singing Bowl","Strawberry","Happy Flower","Blood Vial","Dream Catcher","WristBlade","PreservedInsect","Pear","White Beast Statue","Ninja Scroll","RedLine:ReiMu","Gensokyo:EmptyGrave","Oddly Smooth Stone","Torii","CaptainsWheel","paleoftheancients:Timepiece","paleoftheancients:KeyRelic","Ice Cream","Letter Opener"],"acts_visited":["Gensokyo:Gensokyo","Gensokyo:Gensokyoer","Gensokyo:Gensokyoest","paleoftheancients:PaleOfTheAncients"],"potions_floor_usage":[],"damage_taken":[{"damage":1.0,"enemies":"Gensokyo:Python","floor":1.0,"turns":4.0},{"damage":0.0,"enemies":"Gensokyo:2_Kodama","floor":2.0,"turns":3.0},{"damage":0.0,"enemies":"Gensokyo:Gryphon","floor":4.0,"turns":5.0},{"damage":11.0,"enemies":"Gensokyo:5_Fairies","floor":8.0,"turns":6.0},{"damage":21.0,"enemies":"Gensokyo:Aya","floor":10.0,"turns":9.0},{"damage":3.0,"enemies":"Gensokyo:Mamizou","floor":12.0,"turns":8.0},{"damage":29.0,"enemies":"Gensokyo:Yukari","floor":16.0,"turns":12.0},{"damage":9.0,"enemies":"Gensokyo:3_Dogs","floor":18.0,"turns":5.0},{"damage":10.0,"enemies":"Gensokyo:AngelMirror","floor":19.0,"turns":5.0},{"damage":10.0,"enemies":"Gensokyo:Swordslinger","floor":21.0,"turns":6.0},{"damage":48.0,"enemies":"Gensokyo:Slime_Group","floor":22.0,"turns":12.0},{"damage":19.0,"enemies":"Gensokyo:Reisen","floor":24.0,"turns":6.0},{"damage":26.0,"enemies":"Gensokyo:Chomper_and_Gloop","floor":25.0,"turns":6.0},{"damage":41.0,"enemies":"Gensokyo:Eiki","floor":33.0,"turns":13.0},{"damage":0.0,"enemies":"Gensokyo:3_Bats","floor":35.0,"turns":4.0},{"damage":7.0,"enemies":"Gensokyo:3_Boulders","floor":37.0,"turns":3.0},{"damage":0.0,"enemies":"Gensokyo:AtlasGolem","floor":39.0,"turns":4.0},{"damage":41.0,"enemies":"Gensokyo:Marisa","floor":40.0,"turns":5.0},{"damage":9.0,"enemies":"Gensokyo:Rafflesia","floor":42.0,"turns":5.0},{"damage":0.0,"enemies":"Gensokyo:SeedOfUnknown","floor":44.0,"turns":4.0},{"damage":7.0,"enemies":"Gensokyo:Kasen","floor":48.0,"turns":4.0},{"damage":0.0,"enemies":"Gensokyo:Shinki","floor":50.0,"turns":6.0},{"damage":100.0,"enemies":"Gensokyo:Shinki","floor":51.0,"turns":9.0},{"damage":0,"enemies":"Gensokyo:Shinki","floor":52,"turns":1}],"seed_played":"-1519726815373617196","potions_obtained":[{"floor":2.0,"key":"EssenceOfSteel"},{"floor":10.0,"key":"SkillPotion"},{"floor":12.0,"key":"MagicPotion:ReiMu"},{"floor":18.0,"key":"SneckoOil"},{"floor":21.0,"key":"ZuzhouPotion:ReiMu"},{"floor":25.0,"key":"Regen Potion"},{"floor":33.0,"key":"CunningPotion"},{"floor":35.0,"key":"Dexterity Potion"},{"floor":37.0,"key":"Swift Potion"},{"floor":40.0,"key":"Dexterity Potion"},{"floor":42.0,"key":"Poison Potion"},{"floor":44.0,"key":"ColorlessPotion"},{"floor":48.0,"key":"EssenceOfSteel"}],"is_trial":false,"path_per_floor":["M","M","?","M","T","?","?","M","T","E","R","E","R","?","R","B",null,"M","M","?","M","M","R","E","M","T","?","R","?","$","?","R","B",null,"M","?","M","?","M","E","R","M","T","M","?","$","$","E","R","B","M","M"],"character_chosen":"THE_SILENT","items_purchased":["Apotheosis","White Beast Statue","Torii"],"campfire_rested":3,"item_purchase_floors":[30,30,46],"current_hp_per_floor":[69,69,69,69,69,66,66,57,57,45,45,46,46,46,46,19,88,79,71,71,63,17,43,28,6,16,16,47,47,47,47,74,50,93,93,93,86,86,88,47,88,81,81,83,70,70,70,65,65,90,90,90,90],"gold":40,"neow_bonus":"RANDOM_COMMON_RELIC","is_daily":false,"chose_seed":false,"campfire_upgraded":4,"win_rate":0.0,"timestamp":1610113281,"path_taken":["M","M","?","M","?","?","?","?","T","E","R","E","R","?","R","BOSS","M","M","?","M","M","R","E","M","T","?","R","?","$","?","R","BOSS","M","?","M","?","M","E","R","M","T","M","?","$","?","E","R","BOSS","M","M"],"items_purchased_type":["Card","Relic","Relic"],"build_version":"2020-12-22","purchased_purges":2,"victory":false,"max_hp_per_floor":[70,70,70,70,70,77,77,79,79,86,86,88,88,88,88,88,88,88,88,83,83,83,85,87,89,99,99,101,101,101,93,93,93,93,93,93,93,86,88,88,88,90,90,90,90,90,90,90,90,90,90,90,90],"card_choices":[{"not_picked":["Prepared","Sucker Punch"],"picked":"Cloak And Dagger","floor":1.0},{"not_picked":["Bane","Dodge and Roll"],"picked":"Crippling Poison","floor":2.0},{"not_picked":["Reflex","Heel Hook"],"picked":"Well Laid Plans","floor":4.0},{"not_picked":["Dodge and Roll","Prepared","Expertise"],"picked":"Singing Bowl","floor":8.0},{"not_picked":["Flying Knee","Setup"],"picked":"Tactician","floor":10.0},{"not_picked":["Flying Knee","Doppelganger","Dagger Spray"],"picked":"Singing Bowl","floor":12.0},{"not_picked":["Wraith Form v2","Bullet Time"],"picked":"A Thousand Cuts","floor":16.0},{"not_picked":["Riddle With Holes+1","Masterful Stab+1"],"picked":"PiercingWail+1","floor":18.0},{"not_picked":["Skewer","Backstab+1"],"picked":"Reflex+1","floor":19.0},{"not_picked":["Prepared","Dash+1"],"picked":"Terror","floor":21.0},{"not_picked":["Outmaneuver","Distraction"],"picked":"Catalyst+1","floor":22.0},{"not_picked":["Blur","Dash","Dagger Spray"],"picked":"Singing Bowl","floor":23.0},{"not_picked":["Dodge and Roll","Slice","Dagger Spray"],"picked":"Singing Bowl","floor":24.0},{"not_picked":["Masterful Stab","Cloak And Dagger","Dagger Throw"],"picked":"Singing Bowl","floor":25.0},{"not_picked":["Heel Hook","Slice","Cloak And Dagger"],"picked":"Singing Bowl","floor":28.0},{"not_picked":["Underhanded Strike+1","Deflect"],"picked":"Envenom","floor":32.0},{"not_picked":["A Thousand Cuts","Unload"],"picked":"Bullet Time","floor":33.0},{"not_picked":["Slice","Masterful Stab+1"],"picked":"Noxious Fumes+1","floor":35.0},{"not_picked":["Infinite Blades","Cloak And Dagger"],"picked":"Concentrate+1","floor":37.0},{"not_picked":["Deadly Poison+1","Underhanded Strike","Slice+1"],"picked":"Singing Bowl","floor":39.0},{"not_picked":["Quick Slash+1","Flying Knee+1"],"picked":"Acrobatics+1","floor":40.0},{"not_picked":["Bullet Time","Caltrops","Riddle With Holes"],"picked":"Singing Bowl","floor":42.0},{"not_picked":["Cloak And Dagger","Acrobatics"],"picked":"Backflip+1","floor":44.0},{"not_picked":["Setup+1","Underhanded Strike+1"],"picked":"Blade Dance","floor":48.0}],"player_experience":1826900,"relics_obtained":[{"floor":5.0,"key":"Singing Bowl"},{"floor":9.0,"key":"Blood Vial"},{"floor":10.0,"key":"Strawberry"},{"floor":12.0,"key":"Dream Catcher"},{"floor":24.0,"key":"PreservedInsect"},{"floor":26.0,"key":"Pear"},{"floor":40.0,"key":"Oddly Smooth Stone"},{"floor":48.0,"key":"CaptainsWheel"}],"event_choices":[],"is_beta":false,"boss_relics":[{"not_picked":["Velvet Choker","Ectoplasm"],"picked":"WristBlade"},{"not_picked":["Calling Bell","Empty Cage"],"picked":"RedLine:ReiMu"}],"items_purged_floors":[30,46],"is_endless":false,"potions_floor_spawned":[2,10,12,18,21,25,33,35,37,39,40,42,44,48,51],"killed_by":"Gensokyo:Shinki","ascension_level":1}}