{"host":"sgwqwgbtco1nn2mb","time":1610122022,"event":{"mods":["ATMod(°¢èªMod)","BaseMod","Hermit","KinomotoSakuraMod(Ä¾Ö®±¾Ó£)","Marisa£¨ìFÓê¡¡Ä§ÀíÉ³£©","Minty Spire (QoL Compilation)","MostiFishMod","Quick Restart","Replay The Spire","RumiaBox-Â¶Ã×æ«µÄÉñÃØºÐ×Ó","StSLib","The Marked","vexMod","¡¾¹¦ÄÜMod¡¿»ìãçÖ®»·ÐÞ¸´²¹¶¡","¡¾ÒÅÎï¿¨ÅÆ¡¿REMEMod"],"gold_per_floor":[112,287,298,315,58,112,125,155,155,155,170,187,187,199,199,303,303,318,318,337,356,356,390,390,134,157,192,192,117,117,132,132,234,234,252,127,147,157,208,208,238,311,311,311,362,454,474,517,517,598],"floor_reached":51,"playtime":2719,"items_purged":["Regret","ClowCardTheShield","ClowCardTheShield"],"score":1232,"play_id":"bef85c8e-cd14-46ef-8d0f-f6ba75971aa9","local_time":"20210109000702","is_ascension_mode":true,"campfire_choices":[{"data":"ClowCardTheFloat","floor":13,"key":"SMITH"},{"data":"ClowCardTheFlower","floor":24,"key":"SMITH"},{"data":"ClowCardTheWood","floor":28,"key":"SMITH"},{"data":"ClowCardTheLittle","floor":30,"key":"SMITH"},{"data":"ClowCardTheArrow","floor":32,"key":"SMITH"},{"data":"ClowCardTheSword","floor":40,"key":"SMITH"},{"data":"ClowCardTheLight","floor":44,"key":"SMITH"},{"data":"ClowCardTheFight","floor":49,"key":"SMITH"}],"circlet_count":0,"master_deck":["SakuraCardTheFight+","SakuraCardTheWindy+","SakuraCardTheMove+","ClowCardTheSword+1","ClowCardTheShield","SpellCardSeal","SpellCardRelease","AT_DarkMatter","MostiFishMod:Confrontation","ClowCardTheRain+1","ClowCardTheFly","ClowCardTheBig","ClowCardTheLittle+1","ClowCardTheFloat+1","ClowCardTheDark","ClowCardTheArrow+1","ClowCardTheSnow+1","ClowCardTheJump+1","ClowCardTheJump+1","ClowCardTheShadow+1","ClowCardTheBubbles+1","ClowCardTheFlower+1","ClowCardTheWood+1","ClowCardTheLight+1","ClowCardTheIllusion+1","ClowCardTheStorm+1","ClowCardTheShot+1","ClowCardTheDream+1","ClowCardTheMirror+1","ClowCardTheFight"],"relics":["KSMOD_SealedBook","KSMOD_StarWand","DaveBox","AT_ATBox","REME_ComplimentaryCards","xbg","Blood Vial","Toolbox","Pen Nib","CombinedTypeHook","KSMOD_TomoyosHeart","Astrolabe","Lantern","Ring of Searing","Ring of Fangs","Ornamental Fan","Technique","ReplayTheSpireMod:TigerMarble","Replay:Mystery Machine","REME_ArchaeologicalTools","Replay:PocketPolymizer","AT_Manta","AT_ChloranthyRing"],"acts_visited":["Exordium","TheCity","TheBeyond"],"potions_floor_usage":[7,8,20,33,33,33,46,46,46,48,48,50,50,50,50],"damage_taken":[{"damage":0.0,"enemies":"2 Louse","floor":1.0,"turns":2.0},{"damage":6.0,"enemies":"Small Slimes","floor":3.0,"turns":5.0},{"damage":2.0,"enemies":"Cultist","floor":4.0,"turns":3.0},{"damage":27,"enemies":"Replay:BlueRogue","floor":6,"turns":6},{"damage":0,"enemies":"Exordium Thugs","floor":7,"turns":4},{"damage":7,"enemies":"3 Sentries","floor":8,"turns":6},{"damage":0,"enemies":"2 Fungi Beasts","floor":11,"turns":2},{"damage":0,"enemies":"Blue Slaver","floor":12,"turns":2},{"damage":9,"enemies":"3 Louse","floor":14,"turns":2},{"damage":1,"enemies":"The Guardian","floor":16,"turns":6},{"damage":8,"enemies":"Shell Parasite","floor":18,"turns":4},{"damage":0,"enemies":"3 Byrds","floor":20,"turns":2},{"damage":0,"enemies":"Snecko","floor":21,"turns":3},{"damage":10,"enemies":"Book of Stabbing","floor":23,"turns":4},{"damage":0,"enemies":"Gremlin Leader","floor":27,"turns":3},{"damage":5,"enemies":"Cultist and Chosen","floor":31,"turns":3},{"damage":0,"enemies":"Collector","floor":33,"turns":4},{"damage":14,"enemies":"3 Shapes","floor":35,"turns":3},{"damage":5,"enemies":"Orb Walker","floor":37,"turns":2},{"damage":5,"enemies":"3 Darklings","floor":38,"turns":2},{"damage":5,"enemies":"R_Hoarder","floor":41,"turns":4},{"damage":0,"enemies":"Spire Growth","floor":42,"turns":3},{"damage":10,"enemies":"Writhing Mass","floor":45,"turns":3},{"damage":0,"enemies":"Mind Bloom Boss Battle","floor":46,"turns":3},{"damage":0,"enemies":"3 Darklings","floor":47,"turns":2},{"damage":1,"enemies":"Giant Head","floor":48,"turns":2},{"damage":15,"enemies":"Donu and Deca","floor":50,"turns":4}],"seed_played":"3545102467952621265","potions_obtained":[{"floor":4.0,"key":"Explosive Potion"},{"floor":6,"key":"Adrenaline Potion"},{"floor":8,"key":"DistilledChaos"},{"floor":11,"key":"Languid Potion"},{"floor":16,"key":"CultistPotion"},{"floor":20,"key":"Venom Potion"},{"floor":33,"key":"SkillPotion"},{"floor":35,"key":"Weak Potion"},{"floor":39,"key":"EntropicBrew"},{"floor":39,"key":"Elixir"},{"floor":47,"key":"PowerPotion"}],"is_trial":false,"path_per_floor":["M","?","M","M","$","E","M","E","T","?","M","M","R","M","R","B",null,"M","?","M","M","?","E","R","$","T","E","R","?","R","M","R","B",null,"M","$","M","M","?","R","E","M","T","R","M","?","M","E","R","B",null],"character_chosen":"KINOMOTOSAKURA","items_purchased":["Toolbox","ClowCardTheBig","Technique"],"campfire_rested":0,"item_purchase_floors":[5,5,25],"current_hp_per_floor":[65,65,61,61,61,36,38,33,33,33,35,37,37,30,51,52,66,60,54,56,58,58,50,50,50,50,52,52,52,52,49,49,51,65,53,53,50,51,51,51,48,50,50,50,46,48,50,51,51,48],"gold":598,"neow_bonus":"RANDOM_EVENT","is_daily":false,"chose_seed":false,"campfire_upgraded":8,"win_rate":0.0,"timestamp":1610122022,"path_taken":["M","?","M","M","$","E","M","E","T","?","M","?","R","M","R","BOSS","M","?","?","M","?","E","R","$","T","E","R","?","R","M","R","BOSS","M","$","M","M","?","R","E","?","T","R","M","?","M","E","R","BOSS"],"items_purchased_type":["Relic","Card","Relic"],"build_version":"2020-12-22","purchased_purges":3,"victory":true,"max_hp_per_floor":[70,70,70,70,70,70,70,70,70,70,70,70,70,70,70,70,70,70,70,70,70,70,70,70,70,70,70,70,70,70,70,70,70,70,70,70,70,70,70,70,70,70,70,70,70,70,70,70,70,70],"card_choices":[{"not_picked":["ClowCardTheMaze","ClowCardTheLoop"],"picked":"ClowCardTheMove","floor":1.0},{"not_picked":["ClowCardTheWave","ClowCardTheLoop"],"picked":"ClowCardTheRain","floor":3.0},{"not_picked":["ClowCardTheSilent","ClowCardTheSleep"],"picked":"ClowCardTheFly","floor":4.0},{"not_picked":["ClowCardTheFly","ClowCardTheSilent"],"picked":"ClowCardTheLittle","floor":6},{"not_picked":["ClowCardTheCloud","ClowCardTheChange"],"picked":"ClowCardTheFloat","floor":7},{"not_picked":["ClowCardTheShot","ClowCardTheErase"],"picked":"ClowCardTheDark","floor":8},{"not_picked":["ClowCardTheSilent","ClowCardThePower"],"picked":"ClowCardTheArrow","floor":11},{"not_picked":["ClowCardTheArrow","ClowCardTheMove","ClowCardTheLibra"],"picked":"SKIP","floor":12},{"not_picked":["ClowCardTheDream","ClowCardTheChange"],"picked":"ClowCardTheSnow","floor":14},{"not_picked":["ClowCardTheDark","ClowCardTheLight"],"picked":"ClowCardTheCreate","floor":16},{"not_picked":["ClowCardTheLittle","ClowCardTheSweet"],"picked":"ClowCardTheShadow+1","floor":18},{"not_picked":["ClowCardTheWood","ClowCardTheWave"],"picked":"ClowCardTheBubbles","floor":20},{"not_picked":["ClowCardTheArrow","ClowCardTheVoice"],"picked":"ClowCardTheFlower","floor":21},{"not_picked":["ClowCardTheLittle","ClowCardTheFloat"],"picked":"ClowCardTheWood","floor":23},{"not_picked":["ClowCardTheThunder","ClowCardTheDark"],"picked":"ClowCardTheCloud","floor":27},{"not_picked":["ClowCardTheDream","ClowCardTheJump"],"picked":"ClowCardTheWindy+1","floor":31},{"not_picked":["ClowCardTheFight","ClowCardTheDark"],"picked":"ClowCardTheLight","floor":33},{"not_picked":["ClowCardTheMirror+1","ClowCardTheWood"],"picked":"ClowCardTheIllusion+1","floor":35},{"not_picked":["ClowCardTheIllusion+1","ClowCardTheWindy"],"picked":"ClowCardTheStorm+1","floor":37},{"not_picked":["ClowCardTheRain+1","ClowCardTheSand","ClowCardTheWave+1"],"picked":"SKIP","floor":38},{"not_picked":["ClowCardTheThrough","ClowCardTheFly","ClowCardTheLight"],"picked":"SKIP","floor":41},{"not_picked":["ClowCardTheCloud","ClowCardThePower","ClowCardTheWindy+1"],"picked":"SKIP","floor":42},{"not_picked":["ClowCardTheCloud+1","ClowCardTheChange+1","ClowCardTheLibra+1"],"picked":"SKIP","floor":45},{"not_picked":["ClowCardTheCloud","ClowCardTheMirror+1"],"picked":"ClowCardTheShot+1","floor":46},{"not_picked":["ClowCardTheChange","ClowCardTheSand+1"],"picked":"ClowCardTheDream+1","floor":47},{"not_picked":["ClowCardTheSand+1","ClowCardTheBig"],"picked":"ClowCardTheMirror+1","floor":48}],"player_experience":481042,"relics_obtained":[{"floor":6,"key":"Pen Nib"},{"floor":8,"key":"CombinedTypeHook"},{"floor":9,"key":"KSMOD_TomoyosHeart"},{"floor":21,"key":"Lantern"},{"floor":22,"key":"Ring of Searing"},{"floor":22,"key":"Ring of Fangs"},{"floor":23,"key":"Ornamental Fan"},{"floor":26,"key":"ReplayTheSpireMod:TigerMarble"},{"floor":27,"key":"Replay:Mystery Machine"},{"floor":41,"key":"REME_ArchaeologicalTools"},{"floor":43,"key":"Replay:PocketPolymizer"},{"floor":46,"key":"AT_Manta"},{"floor":48,"key":"AT_ChloranthyRing"}],"event_choices":[{"damage_healed":0.0,"max_hp_gain":0.0,"max_hp_loss":0.0,"gold_gain":0.0,"event_name":"Big Fish","player_choice":"Box","floor":0.0,"gold_loss":0.0,"damage_taken":0.0,"relics_obtained":["Blood Vial"],"cards_obtained":["Regret"]},{"damage_healed":0.0,"max_hp_gain":0.0,"max_hp_loss":0.0,"gold_gain":175.0,"event_name":"Liars Game","player_choice":"AGREE","floor":2.0,"gold_loss":0.0,"damage_taken":0.0,"cards_obtained":["Doubt"]},{"cards_removed":["Doubt"],"damage_healed":0,"gold_gain":0,"player_choice":"Purged","damage_taken":0,"max_hp_gain":0,"max_hp_loss":0,"event_name":"Purifier","floor":10,"gold_loss":0},{"damage_healed":0,"gold_gain":0,"player_choice":"","damage_taken":6,"max_hp_gain":0,"max_hp_loss":0,"event_name":"Knowing Skull","floor":19,"potions_obtained":[],"gold_loss":0,"cards_obtained":[]},{"cards_removed":["ClowCardTheSword"],"damage_healed":0,"gold_gain":0,"player_choice":"Gave Gold","damage_taken":0,"max_hp_gain":0,"max_hp_loss":0,"event_name":"Beggar","floor":29,"gold_loss":75},{"damage_healed":0,"gold_gain":0,"player_choice":"Fight","damage_taken":0,"max_hp_gain":0,"max_hp_loss":0,"event_name":"MindBloom","floor":46,"gold_loss":0}],"is_beta":false,"boss_relics":[{"not_picked":["REME_DuelDisc","Painkiller Herb"],"picked":"Astrolabe"},{"not_picked":["Velvet Choker","Honey Jar"],"picked":"KSMOD_StarWand"}],"items_purged_floors":[5,25,36],"is_endless":false,"potions_floor_spawned":[4,6,8,11,16,20,27,33,35,45,47],"ascension_level":6}}