{"host":"92108ef2q9tm8rod","time":1610072042,"event":{"mods":["BaseMod","Defuse TimeMaze Blight","Minty Spire (QoL Compilation)","StSLib","The Jungle"],"gold_per_floor":[117,192,192,203,203,228,228,238,285,298,298,298,298,328,328,431,431,447,447,300,317,329,354,354,354,406,434,445,460,460,152,152,253,253,263,275,295,345,355,355,193,193,193,37,71,82,94,112,112,112],"floor_reached":51,"playtime":3054,"items_purged":["Bouncing Flask"],"score":877,"play_id":"2c6ce388-2669-40e2-990e-75bd939c4915","local_time":"20210108021402","daily_mods":["SealedDeck","Purple Cards","Heirloom","Flight"],"is_ascension_mode":false,"campfire_choices":[{"data":"Prostrate","floor":7.0,"key":"SMITH"},{"floor":11.0,"key":"REST"},{"floor":12.0,"key":"REST"},{"data":"Deadly Poison","floor":15.0,"key":"SMITH"},{"data":"Corpse Explosion","floor":24,"key":"SMITH"},{"data":"Perseverance","floor":25,"key":"SMITH"},{"data":"Swivel","floor":30,"key":"SMITH"},{"floor":32,"key":"REST"},{"floor":40,"key":"DIG"},{"data":"Madness","floor":42,"key":"SMITH"},{"floor":49,"key":"REST"}],"circlet_count":0,"master_deck":["Quick Slash","Pray","Swivel+1","Wireheading","Worship+1","ThirdEye","Evaluate","Backflip","Deadly Poison+1","Prostrate+1","Skewer+1","TalkToTheHand+1","Escape Plan","Corpse Explosion+1","Perseverance+1","Catalyst+1","Madness+1"],"relics":["Ring of the Snake","Peace Pipe","Dream Catcher","Happy Flower","StrikeDummy","theJungle:BirthdayCakeSlice","Whetstone","StoneCalendar","PreservedInsect","Ginger","ClockworkSouvenir","Bronze Scales","SacredBark","Shovel","MealTicket","Shuriken","Medical Kit","Lizard Tail"],"acts_visited":["Exordium","Exordium","TheBeyond"],"potions_floor_usage":[22,23,28,29,29,38,45,45,47,50],"damage_taken":[{"damage":0.0,"enemies":"Cultist","floor":1.0,"turns":3.0},{"damage":1.0,"enemies":"Small Slimes","floor":4.0,"turns":4.0},{"damage":37.0,"enemies":"Gremlin Nob","floor":6.0,"turns":5.0},{"damage":0.0,"enemies":"2 Louse","floor":8.0,"turns":2.0},{"damage":1.0,"enemies":"Large Slime","floor":10.0,"turns":4.0},{"damage":8.0,"enemies":"3 Sentries","floor":14.0,"turns":8.0},{"damage":32.0,"enemies":"Slime Boss","floor":16.0,"turns":12.0},{"damage":4,"enemies":"theJungle:GiantWrat","floor":18,"turns":5},{"damage":0,"enemies":"Shell Parasite","floor":21,"turns":3},{"damage":3,"enemies":"theJungle:2_Snecko_Cultists","floor":22,"turns":4},{"damage":12,"enemies":"theJungle:MamaSnecko","floor":23,"turns":5},{"damage":0,"enemies":"theJungle:Cassacara","floor":27,"turns":3},{"damage":4,"enemies":"theJungle:2_Flameangoes","floor":28,"turns":6},{"damage":0,"enemies":"theJungle:JungleHuntersEncounter","floor":29,"turns":4},{"damage":4,"enemies":"theJungle:FunGuy","floor":33,"turns":8},{"damage":0,"enemies":"3 Shapes","floor":35,"turns":4},{"damage":4,"enemies":"Orb Walker","floor":36,"turns":4},{"damage":7,"enemies":"Spire Growth","floor":37,"turns":4},{"damage":0,"enemies":"Mind Bloom Boss Battle","floor":38,"turns":4},{"damage":13,"enemies":"Maw","floor":39,"turns":6},{"damage":0,"enemies":"Giant Head","floor":45,"turns":5},{"damage":13,"enemies":"Jaw Worm Horde","floor":46,"turns":3},{"damage":0,"enemies":"Writhing Mass","floor":47,"turns":5},{"damage":10,"enemies":"Sphere and 2 Shapes","floor":48,"turns":5},{"damage":61,"enemies":"Time Eater","floor":50,"turns":7}],"seed_played":"-3885649705523408665","potions_obtained":[{"floor":4.0,"key":"DuplicationPotion"},{"floor":8.0,"key":"AttackPotion"},{"floor":14.0,"key":"GamblersBrew"},{"floor":22,"key":"ColorlessPotion"},{"floor":23,"key":"FairyPotion"},{"floor":27,"key":"Block Potion"},{"floor":28,"key":"Weak Potion"},{"floor":33,"key":"Dexterity Potion"},{"floor":37,"key":"AttackPotion"},{"floor":39,"key":"Swift Potion"},{"floor":45,"key":"FearPotion"},{"floor":46,"key":"SpeedPotion"}],"is_trial":true,"path_per_floor":["M","?","$","M","?","E","R","M","T","M","R","R","?","E","R","B",null,"M","?","$","M","M","E","R","R","T","E","M","M","R","$","R","B",null,"M","M","M","?","M","R","$","R","T","$","E","M","M","M","R","B",null],"character_chosen":"THE_SILENT","items_purchased":["Whetstone","ClockworkSouvenir","Bronze Scales","Madness","Medical Kit"],"campfire_rested":4,"item_purchase_floors":[20,31,31,41,44],"current_hp_per_floor":[70,59,59,58,58,21,21,21,21,20,41,62,67,59,59,27,75,71,76,76,76,73,61,61,61,61,61,57,57,57,57,80,76,80,80,76,69,69,56,56,71,71,71,80,80,67,67,57,80,19],"gold":112,"neow_bonus":"","is_daily":false,"chose_seed":false,"campfire_upgraded":6,"win_rate":0.0,"timestamp":1610072042,"path_taken":["M","?","$","M","?","E","R","M","T","M","R","R","?","E","R","BOSS","M","?","$","M","M","E","R","R","T","E","M","M","R","$","R","BOSS","M","M","M","?","M","R","$","R","T","$","E","M","M","M","R","BOSS"],"items_purchased_type":["Relic","Relic","Relic","Card","Relic"],"build_version":"2020-12-22","purchased_purges":1,"victory":true,"max_hp_per_floor":[70,70,70,70,70,70,70,70,70,70,70,70,75,75,75,75,75,75,80,80,80,80,80,80,80,80,80,80,80,80,80,80,80,80,80,80,80,80,80,80,80,80,80,80,80,80,80,80,80,80],"card_choices":[{"not_picked":["Conclude","Slice","Expertise"],"picked":"SKIP","floor":1.0},{"not_picked":["ClearTheMind","Consecrate"],"picked":"Prostrate","floor":4.0},{"not_picked":["Escape Plan","PiercingWail"],"picked":"Skewer","floor":6.0},{"not_picked":["Well Laid Plans","Underhanded Strike","Terror"],"picked":"SKIP","floor":8.0},{"not_picked":["Footwork","EmptyFist","Crescendo"],"picked":"SKIP","floor":10.0},{"not_picked":["Deadly Poison","ClearTheMind"],"picked":"TalkToTheHand","floor":12.0},{"not_picked":["DeusExMachina","Backflip"],"picked":"Escape Plan","floor":14.0},{"not_picked":["Tools of the Trade","A Thousand Cuts"],"picked":"Corpse Explosion","floor":16.0},{"not_picked":["WheelKick","CrushJoints","Backflip"],"picked":"SKIP","floor":18},{"not_picked":["Deflect","Tantrum"],"picked":"Perseverance","floor":21},{"not_picked":["Calculated Gamble","Prepared","EmptyFist"],"picked":"SKIP","floor":22},{"not_picked":["Halt","Evaluate+1","Phantasmal Killer"],"picked":"SKIP","floor":23},{"not_picked":["Deadly Poison+1","Dagger Spray","Escape Plan"],"picked":"SKIP","floor":27},{"not_picked":["Crescendo","Accuracy","Underhanded Strike"],"picked":"SKIP","floor":28},{"not_picked":["Crippling Poison+1","Crescendo","Heel Hook"],"picked":"SKIP","floor":29},{"not_picked":["ClearTheMind","Outmaneuver","Halt+1"],"picked":"SKIP","floor":35},{"not_picked":["Quick Slash","CarveReality+1"],"picked":"Catalyst+1","floor":36},{"not_picked":["Backstab+1","Riddle With Holes","Sucker Punch"],"picked":"SKIP","floor":37},{"not_picked":["ClearTheMind","BowlingBash","Weave"],"picked":"SKIP","floor":39},{"not_picked":["PiercingWail","Slice+1","After Image"],"picked":"SKIP","floor":45},{"not_picked":["Deflect","Bane+1","Blade Dance"],"picked":"SKIP","floor":46},{"not_picked":["Wallop+1","Outmaneuver","LikeWater+1"],"picked":"SKIP","floor":47},{"not_picked":["EmptyBody","BowlingBash+1","Crescendo+1"],"picked":"SKIP","floor":48}],"player_experience":3251789,"relics_obtained":[{"floor":6.0,"key":"Dream Catcher"},{"floor":9.0,"key":"Happy Flower"},{"floor":14.0,"key":"StrikeDummy"},{"floor":23,"key":"StoneCalendar"},{"floor":26,"key":"PreservedInsect"},{"floor":27,"key":"Ginger"},{"floor":38,"key":"Shovel"},{"floor":40,"key":"MealTicket"},{"floor":43,"key":"Shuriken"},{"floor":45,"key":"Lizard Tail"}],"event_choices":[{"damage_healed":0.0,"max_hp_gain":0.0,"max_hp_loss":0.0,"gold_gain":75.0,"event_name":"World of Goop","player_choice":"Gather Gold","floor":2.0,"gold_loss":0.0,"damage_taken":11.0},{"damage_healed":0.0,"max_hp_gain":0.0,"max_hp_loss":0.0,"gold_gain":0.0,"event_name":"Living Wall","player_choice":"Grow","floor":5.0,"gold_loss":0.0,"damage_taken":0.0,"cards_upgraded":["Worship"]},{"damage_healed":0.0,"max_hp_gain":5.0,"max_hp_loss":0.0,"gold_gain":0.0,"event_name":"Big Fish","player_choice":"Donut","floor":13.0,"gold_loss":0.0,"damage_taken":0.0},{"damage_healed":0,"gold_gain":0,"player_choice":"Fight","damage_taken":0,"max_hp_gain":0,"max_hp_loss":0,"event_name":"MindBloom","floor":38,"gold_loss":0}],"is_beta":false,"boss_relics":[{"not_picked":["Snecko Eye","Velvet Choker","Philosopher\u0027s Stone"]},{"not_picked":["WristBlade","Runic Pyramid"],"picked":"SacredBark"}],"items_purged_floors":[41],"is_endless":false,"potions_floor_spawned":[4,8,14,22,23,27,28,33,37,39,45,46],"ascension_level":0}}