{"host":"ufl0k2so27eic2iy","time":1610114218,"event":{"mods":["BaseMod","Minty Spire (QoL Compilation)","StSLib","The Animator"],"gold_per_floor":[167,217,230,10,30,30,30,63,89,98,132,152,152,163,163,246,246,267,317,337,361,170,170,211,211,235,273,296,308,308],"floor_reached":29,"playtime":1133,"items_purged":["Strike_G","Strike_G"],"score":478,"play_id":"25cb7cd5-c3a1-4990-bceb-9c1b1eac0d16","local_time":"20210108135658","is_ascension_mode":true,"campfire_choices":[{"data":"Poisoned Stab","floor":6,"key":"SMITH"},{"floor":13,"key":"REST"},{"data":"Blade Dance","floor":15,"key":"SMITH"},{"data":"Noxious Fumes","floor":23,"key":"SMITH"},{"floor":25,"key":"REST"}],"circlet_count":0,"master_deck":["AscendersBane","Strike_G","Strike_G+1","Defend_G","Defend_G","Defend_G","Defend_G","Defend_G","Survivor","Neutralize","Endless Agony","Leg Sweep","Deadly Poison","Poisoned Stab+1","After Image","Masterful Stab","Dodge and Roll","Blade Dance+1","Envenom","Cloak And Dagger","Predator+1","Endless Agony","Noxious Fumes+1","Catalyst","Noxious Fumes","Backflip"],"relics":["Tiny House","TwistedFunnel","Oddly Smooth Stone","Darkstone Periapt","CeramicFish","Sozu","Pantograph","Omamori","MawBank"],"acts_visited":["Exordium","TheCity"],"potions_floor_usage":[8,8,16],"damage_taken":[{"damage":4,"enemies":"2 Louse","floor":1,"turns":4},{"damage":1,"enemies":"Cultist","floor":3,"turns":4},{"damage":7,"enemies":"Jaw Worm","floor":5,"turns":3},{"damage":12,"enemies":"Gremlin Nob","floor":8,"turns":4},{"damage":21,"enemies":"3 Sentries","floor":11,"turns":12},{"damage":0,"enemies":"Looter","floor":12,"turns":4},{"damage":4,"enemies":"Exordium Thugs","floor":14,"turns":5},{"damage":26,"enemies":"Slime Boss","floor":16,"turns":19},{"damage":2,"enemies":"Chosen","floor":18,"turns":5},{"damage":0,"enemies":"3 Byrds","floor":20,"turns":6},{"damage":16,"enemies":"Snecko","floor":21,"turns":6},{"damage":34,"enemies":"Slavers","floor":24,"turns":6},{"damage":18,"enemies":"Gremlin Leader","floor":27,"turns":7},{"damage":5,"enemies":"Chosen and Byrds","floor":28,"turns":5},{"damage":8,"enemies":"Snake Plant","floor":29,"turns":1}],"seed_played":"-4699651471586798185","potions_obtained":[{"floor":0,"key":"Weak Potion"},{"floor":1,"key":"Regen Potion"},{"floor":3,"key":"Poison Potion"},{"floor":14,"key":"Fruit Juice"}],"is_trial":false,"path_per_floor":["M","?","M","$","M","R","?","E","T","?","E","M","R","M","R","B",null,"M","?","M","M","$","R","E","R","T","E","M","M"],"character_chosen":"THE_SILENT","items_purchased":["TwistedFunnel","Noxious Fumes","Catalyst"],"campfire_rested":2,"item_purchase_floors":[4,22,22],"current_hp_per_floor":[60,60,59,59,52,52,34,36,36,36,15,15,36,32,32,11,60,58,58,58,42,42,42,8,30,30,12,7,0,0],"gold":308,"neow_bonus":"BOSS_RELIC","is_daily":false,"chose_seed":false,"campfire_upgraded":3,"win_rate":0.0,"timestamp":1610114218,"path_taken":["M","?","?","$","M","R","?","E","T","?","E","M","R","M","R","BOSS","M","?","M","M","$","R","E","R","T","E","M","M"],"items_purchased_type":["Relic","Card","Card"],"build_version":"2020-12-22","purchased_purges":2,"victory":false,"max_hp_per_floor":[71,71,71,71,71,71,71,71,71,71,71,71,71,71,71,76,76,76,76,76,76,76,76,76,76,76,76,76,76,76],"card_choices":[{"not_picked":["Slice","Escape Plan"],"picked":"Endless Agony","floor":0},{"not_picked":["Finisher","Catalyst"],"picked":"Leg Sweep","floor":1},{"not_picked":["Accuracy","Sucker Punch"],"picked":"Deadly Poison","floor":3},{"not_picked":["PiercingWail","Caltrops"],"picked":"Poisoned Stab","floor":5},{"not_picked":["Dodge and Roll","Concentrate"],"picked":"After Image","floor":8},{"not_picked":["Quick Slash","Finisher"],"picked":"Dodge and Roll","floor":11},{"not_picked":["Flying Knee","Dagger Spray"],"picked":"Blade Dance","floor":12},{"not_picked":["Riddle With Holes","Prepared","Acrobatics"],"picked":"SKIP","floor":14},{"not_picked":["Unload","Wraith Form v2"],"picked":"Envenom","floor":16},{"not_picked":["Underhanded Strike","Prepared"],"picked":"Cloak And Dagger","floor":18},{"not_picked":["Prepared+1","Dash+1"],"picked":"Predator+1","floor":20},{"not_picked":["Slice","Envenom"],"picked":"Endless Agony","floor":21},{"not_picked":["Choke","Poisoned Stab"],"picked":"Noxious Fumes","floor":24},{"not_picked":["Underhanded Strike+1","Prepared"],"picked":"Backflip","floor":27},{"not_picked":["Underhanded Strike","Bouncing Flask+1","Dash"],"picked":"SKIP","floor":28}],"player_experience":2418340,"relics_obtained":[{"floor":8,"key":"Darkstone Periapt"},{"floor":9,"key":"CeramicFish"},{"floor":24,"key":"Pantograph"},{"floor":26,"key":"Omamori"},{"floor":27,"key":"MawBank"}],"event_choices":[{"damage_healed":0,"gold_gain":50,"player_choice":"Pray","damage_taken":0,"max_hp_gain":0,"max_hp_loss":0,"event_name":"Golden Shrine","floor":2,"gold_loss":0},{"damage_healed":0,"gold_gain":0,"player_choice":"Success","damage_taken":18,"relics_obtained":["Oddly Smooth Stone"],"max_hp_gain":0,"max_hp_loss":0,"event_name":"Scrap Ooze","floor":7,"gold_loss":0},{"damage_healed":0,"gold_gain":0,"cards_transformed":["Strike_G"],"player_choice":"Transformed","damage_taken":0,"max_hp_gain":0,"max_hp_loss":0,"event_name":"Transmorgrifier","floor":10,"gold_loss":0,"cards_obtained":["Masterful Stab"]},{"damage_healed":0,"gold_gain":50,"player_choice":"Stole From Cult","damage_taken":0,"max_hp_gain":0,"max_hp_loss":0,"event_name":"Nest","floor":19,"gold_loss":0}],"is_beta":false,"boss_relics":[{"not_picked":["Philosopher\u0027s Stone","WristBlade"],"picked":"Sozu"}],"items_purged_floors":[4,22],"is_endless":false,"potions_floor_spawned":[1,3,5,14,20,21,24],"killed_by":"Snake Plant","ascension_level":15}}