{"host":"84o9adk8f86kep7o","time":1610071995,"event":{"mods":["AchievementEnabler","BaseMod","Minty Spire (QoL Compilation)"],"gold_per_floor":[109,184,201,201,219,219,219,235,289,324,344,344,367,385,385,516,516,529,39,39,0,0,43,43,62,62,62,62,62,62,14,14,140,140,164,497,497,547,299,299,35,35,62,62,87,87,103,103,103,103,103],"floor_reached":50,"playtime":5520,"items_purged":[],"score":559,"play_id":"4bc505bf-603a-42f1-80b9-a509d1af6858","local_time":"20210108021315","is_ascension_mode":false,"campfire_choices":[{"data":"Perfected Strike","floor":6,"key":"SMITH"},{"floor":12,"key":"REST"},{"data":"Searing Blow","floor":15,"key":"SMITH"},{"floor":24,"key":"REST"},{"data":"Barricade","floor":29,"key":"SMITH"},{"floor":32,"key":"REST"},{"data":"Seeing Red","floor":40,"key":"SMITH"},{"floor":42,"key":"REST"},{"data":"Demon Form","floor":44,"key":"SMITH"},{"floor":49,"key":"REST"}],"circlet_count":0,"master_deck":["Strike_R","Strike_R","Strike_R","Strike_R","Strike_R","Defend_R","Defend_R","Bash","Cleave","Rage","Shrug It Off","Perfected Strike+1","Spot Weakness","Searing Blow+1","Clash","Cleave","Demon Form+1","Clothesline","Enlightenment","Cleave","Armaments","Ghostly Armor","Barricade+1","Headbutt+1","Shrug It Off","Body Slam+1","Impervious","Seeing Red+1","Cleave+1","Armaments","Cleave+1","Heavy Blade+1","PanicButton","Parasite","Entrench+1","Ghostly Armor+1"],"relics":["Black Blood","Orichalcum","Red Skull","Empty Cage","Happy Flower","Toolbox","Nunchaku","Enchiridion","Juzu Bracelet","Dream Catcher","Peace Pipe","Meat on the Bone","Gremlin Horn","MealTicket","Toy Ornithopter"],"acts_visited":["Exordium","TheCity","TheBeyond"],"potions_floor_usage":[16,23,23,33,37,45,50],"damage_taken":[{"damage":2,"enemies":"2 Louse","floor":1,"turns":2},{"damage":11,"enemies":"Jaw Worm","floor":3,"turns":2},{"damage":7,"enemies":"Small Slimes","floor":5,"turns":3},{"damage":0,"enemies":"Exordium Thugs","floor":8,"turns":3},{"damage":37,"enemies":"Lagavulin","floor":10,"turns":7},{"damage":0,"enemies":"Gremlin Gang","floor":11,"turns":4},{"damage":6,"enemies":"Blue Slaver","floor":13,"turns":2},{"damage":4,"enemies":"3 Louse","floor":14,"turns":3},{"damage":38,"enemies":"Hexaghost","floor":16,"turns":7},{"damage":19,"enemies":"3 Byrds","floor":18,"turns":6},{"damage":21,"enemies":"Book of Stabbing","floor":23,"turns":6},{"damage":4,"enemies":"Chosen","floor":25,"turns":9},{"damage":28,"enemies":"Champ","floor":33,"turns":12},{"damage":37,"enemies":"Orb Walker","floor":35,"turns":5},{"damage":13,"enemies":"3 Darklings","floor":37,"turns":2},{"damage":14,"enemies":"Mind Bloom Boss Battle","floor":38,"turns":9},{"damage":27,"enemies":"Giant Head","floor":45,"turns":9},{"damage":26,"enemies":"Writhing Mass","floor":47,"turns":6},{"damage":98,"enemies":"Donu and Deca","floor":50,"turns":8}],"seed_played":"-3475525966327811287","potions_obtained":[{"floor":3,"key":"Block Potion"},{"floor":8,"key":"Block Potion"},{"floor":10,"key":"LiquidMemories"},{"floor":18,"key":"Explosive Potion"},{"floor":27,"key":"SmokeBomb"},{"floor":27,"key":"Energy Potion"},{"floor":45,"key":"CultistPotion"}],"is_trial":false,"path_per_floor":["M","?","M","?","M","R","?","M","T","E","M","R","M","M","R","B",null,"M","$","?","$","?","E","R","M","T","?","?","R","?","$","R","B",null,"M","?","M","?","$","R","$","R","T","R","E","?","M","?","R","B"],"character_chosen":"IRONCLAD","items_purchased":["Happy Flower","Enlightenment","Cleave","Armaments","Toolbox","Ghostly Armor","Shrug It Off","Meat on the Bone","Gremlin Horn","Armaments"],"campfire_rested":5,"item_purchase_floors":[19,19,19,19,19,21,31,39,41,41],"current_hp_per_floor":[80,69,64,64,63,63,68,74,74,43,49,74,74,76,76,44,85,72,72,72,72,56,41,66,68,68,68,60,60,60,60,85,63,85,60,60,59,57,57,57,57,82,82,82,67,62,60,60,85,0,0],"gold":103,"neow_bonus":"TRANSFORM_CARD","is_daily":false,"chose_seed":false,"campfire_upgraded":5,"win_rate":0.0,"timestamp":1610071995,"path_taken":["M","?","M","?","M","R","?","M","T","E","M","R","?","M","R","BOSS","M","$","?","$","?","E","R","M","T","?","?","R","?","$","R","BOSS","M","?","M","?","?","R","$","R","T","R","E","?","M","?","R","BOSS"],"items_purchased_type":["Relic","Card","Card","Card","Relic","Card","Card","Relic","Relic","Card"],"build_version":"2020-12-22","purchased_purges":0,"victory":false,"max_hp_per_floor":[80,80,80,80,80,80,85,85,85,85,85,85,85,85,85,85,85,85,85,85,85,85,85,85,85,85,85,85,85,85,85,85,85,85,85,85,85,85,85,85,85,85,85,85,85,85,85,85,85,85,85],"card_choices":[{"not_picked":["Heavy Blade","Armaments"],"picked":"Rage","floor":1},{"not_picked":["Body Slam","Pummel"],"picked":"Shrug It Off","floor":3},{"not_picked":["Reckless Charge","Bloodletting"],"picked":"Perfected Strike","floor":5},{"not_picked":["Iron Wave","Warcry"],"picked":"Spot Weakness","floor":8},{"not_picked":["Spot Weakness","Intimidate"],"picked":"Searing Blow","floor":10},{"not_picked":["Metallicize","True Grit","Rupture"],"picked":"SKIP","floor":11},{"not_picked":["Burning Pact","Iron Wave"],"picked":"Clash","floor":13},{"not_picked":["Power Through","Sever Soul"],"picked":"Cleave","floor":14},{"not_picked":["Limit Break","Offering"],"picked":"Demon Form","floor":16},{"not_picked":["Flex","True Grit"],"picked":"Clothesline","floor":18},{"not_picked":["Spot Weakness+1","Twin Strike+1"],"picked":"Barricade","floor":23},{"not_picked":["Dropkick","Warcry"],"picked":"Headbutt+1","floor":25},{"not_picked":["Warcry","Pommel Strike"],"picked":"Body Slam+1","floor":32},{"not_picked":["Fiend Fire","Barricade"],"picked":"Impervious","floor":33},{"not_picked":["Iron Wave","Dropkick+1"],"picked":"Seeing Red","floor":35},{"not_picked":["Reckless Charge","Searing Blow"],"picked":"Cleave+1","floor":38},{"not_picked":["Sword Boomerang","Infernal Blade+1"],"picked":"Cleave+1","floor":42},{"not_picked":["Rampage+1","Sever Soul+1"],"picked":"Heavy Blade+1","floor":45},{"not_picked":["Dramatic Entrance","Bandage Up"],"picked":"Flash of Steel","floor":46},{"not_picked":["Swift Strike","Mind Blast"],"picked":"PanicButton","floor":46},{"not_picked":["Anger","Metallicize"],"picked":"Entrench+1","floor":47},{"not_picked":["Thunderclap+1","Twin Strike"],"picked":"Ghostly Armor+1","floor":49}],"player_experience":29935,"relics_obtained":[{"floor":9,"key":"Orichalcum"},{"floor":10,"key":"Red Skull"},{"floor":22,"key":"Enchiridion"},{"floor":23,"key":"Juzu Bracelet"},{"floor":26,"key":"Dream Catcher"},{"floor":38,"key":"Peace Pipe"},{"floor":43,"key":"MealTicket"},{"floor":45,"key":"Toy Ornithopter"}],"event_choices":[{"damage_healed":0,"gold_gain":75,"player_choice":"Gather Gold","damage_taken":11,"max_hp_gain":0,"max_hp_loss":0,"event_name":"World of Goop","floor":2,"gold_loss":0},{"damage_healed":0,"gold_gain":0,"player_choice":"Take Wound","damage_taken":0,"relics_obtained":["Golden Idol"],"max_hp_gain":0,"max_hp_loss":0,"event_name":"Golden Idol","floor":4,"gold_loss":0,"cards_obtained":["Injury"]},{"damage_healed":0,"gold_gain":0,"player_choice":"Donut","damage_taken":0,"max_hp_gain":5,"max_hp_loss":0,"event_name":"Big Fish","floor":7,"gold_loss":0},{"damage_healed":0,"gold_gain":0,"player_choice":"Opened","damage_taken":0,"relics_obtained":["Nunchaku"],"max_hp_gain":0,"max_hp_loss":0,"event_name":"The Mausoleum","floor":20,"gold_loss":0},{"damage_healed":0,"gold_gain":0,"player_choice":"Obtained Book","damage_taken":16,"max_hp_gain":0,"max_hp_loss":0,"event_name":"Cursed Tome","floor":22,"gold_loss":0},{"damage_healed":0,"gold_gain":0,"player_choice":"Got Potions","damage_taken":0,"max_hp_gain":0,"max_hp_loss":0,"event_name":"Lab","floor":27,"gold_loss":0},{"damage_healed":0,"gold_gain":0,"player_choice":"Damaged","damage_taken":8,"max_hp_gain":0,"max_hp_loss":0,"event_name":"Wheel of Change","floor":28,"gold_loss":0},{"damage_healed":0,"gold_gain":0,"player_choice":"Ignored","damage_taken":0,"max_hp_gain":0,"max_hp_loss":0,"event_name":"Vampires","floor":30,"gold_loss":0},{"damage_healed":0,"gold_gain":333,"player_choice":"Gave Idol","damage_taken":0,"max_hp_gain":0,"max_hp_loss":0,"event_name":"The Moai Head","floor":36,"relics_lost":["Golden Idol"],"gold_loss":0},{"damage_healed":0,"gold_gain":0,"player_choice":"Fight","damage_taken":0,"max_hp_gain":0,"max_hp_loss":0,"event_name":"MindBloom","floor":38,"gold_loss":0},{"damage_healed":0,"gold_gain":0,"player_choice":"Memory 2","damage_taken":5,"max_hp_gain":0,"max_hp_loss":0,"event_name":"SensoryStone","floor":46,"gold_loss":0},{"cards_removed":["Flash of Steel"],"damage_healed":0,"gold_gain":0,"player_choice":"Removed Attack","damage_taken":0,"max_hp_gain":0,"max_hp_loss":0,"event_name":"Falling","floor":48,"gold_loss":0}],"is_beta":false,"boss_relics":[{"not_picked":["Runic Cube","Runic Dome"],"picked":"Empty Cage"},{"not_picked":["Tiny House","Calling Bell"],"picked":"Black Blood"}],"items_purged_floors":[],"is_endless":false,"potions_floor_spawned":[3,8,10,14,18,37,45],"killed_by":"Donu and Deca","ascension_level":0}}