{"host":"g8ufh7m4frdlkxwv","time":1610077753,"event":{"mods":["AchievementEnabler","BaseMod","Colored Map","Dark Map","Minty Spire (QoL Compilation)","Relic Stats","StSLib","The Blue Laboratory","ojb\u0027s Info Mod"],"gold_per_floor":[109,129,129,129,144,176,176,237,237,306,318,333,352,379,379,452,452,462,462,662,682,83,83,98,133,133,133,151,151,251,283,283,356,356,366,386,406,44,44,74,100,100,100,131,131,11,42,42,42,42,42,42,42,42,42,42],"floor_reached":55,"playtime":3081,"items_purged":["Decay"],"score":2302,"play_id":"319f02ea-ec33-4044-b51a-ecb9281d4894","local_time":"20210108044913","is_ascension_mode":true,"campfire_choices":[{"data":"Predator","floor":7.0,"key":"SMITH"},{"data":"Neutralize","floor":15.0,"key":"SMITH"},{"data":"Poisoned Stab","floor":23,"key":"SMITH"},{"data":"Noxious Fumes","floor":27,"key":"SMITH"},{"data":"Tools of the Trade","floor":32,"key":"SMITH"},{"data":"After Image","floor":42,"key":"SMITH"},{"data":"Panache","floor":45,"key":"SMITH"},{"floor":49,"key":"RECALL"},{"data":"Backstab","floor":53,"key":"SMITH"}],"circlet_count":0,"master_deck":["AscendersBane","Strike_G+1","Strike_G+1","Strike_G+1","Strike_G+1","Defend_G+1","Defend_G+1","Survivor","Neutralize+1","Predator+1","Dagger Spray+1","Poisoned Stab+1","Outmaneuver+1","Deflect+1","Calculated Gamble+1","Tactician+1","Blade Dance+1","Storm of Steel+1","Dodge and Roll+1","PiercingWail+1","Bouncing Flask+1","Dark Shackles+1","Expertise+1","Noxious Fumes+1","Tools of the Trade+1","Backstab+1","Blur+1","After Image+1","Dodge and Roll+1","Skewer+1","Infinite Blades+1","Deflect+1","Blade Dance+1","Panache+1","Panacea+1","Trip+1","Good Instincts+1","Prepared+1","Catalyst+1","Leg Sweep+1","Escape Plan+1","Catalyst+1"],"relics":["Ring of the Snake","NeowsBlessing","Toxic Egg 2","WingedGreaves","Paper Crane","Ninja Scroll","Snake Skull","Coffee Dripper","PreservedInsect","Centennial Puzzle","White Beast Statue","Thread and Needle","Sundial","Letter Opener","Astrolabe","OrangePellets","Shuriken","Darkstone Periapt","Potion Belt","Bronze Scales"],"acts_visited":["TheCity","TheBeyond","TheEnding"],"potions_floor_usage":[28,50,51],"damage_taken":[{"damage":0.0,"enemies":"2 Louse","floor":1.0,"turns":1.0},{"damage":0.0,"enemies":"Jaw Worm","floor":2.0,"turns":1.0},{"damage":0.0,"enemies":"Cultist","floor":5.0,"turns":1.0},{"damage":24.0,"enemies":"Lagavulin","floor":6.0,"turns":7.0},{"damage":2.0,"enemies":"3 Sentries","floor":8.0,"turns":2.0},{"damage":2.0,"enemies":"Exordium Wildlife","floor":11.0,"turns":2.0},{"damage":0.0,"enemies":"Blue Slaver","floor":12.0,"turns":2.0},{"damage":0.0,"enemies":"2 Fungi Beasts","floor":13.0,"turns":2.0},{"damage":5.0,"enemies":"3 Sentries","floor":14.0,"turns":4.0},{"damage":4.0,"enemies":"Hexaghost","floor":16.0,"turns":7.0},{"damage":0.0,"enemies":"Chosen","floor":18.0,"turns":3.0},{"damage":4,"enemies":"Shell Parasite","floor":21,"turns":3},{"damage":6,"enemies":"3 Cultists","floor":24,"turns":5},{"damage":0,"enemies":"Gremlin Leader","floor":25,"turns":4},{"damage":10,"enemies":"Shelled Parasite and Fungi","floor":28,"turns":2},{"damage":5,"enemies":"Colosseum Slavers","floor":30,"turns":3},{"damage":0,"enemies":"Colosseum Nobs","floor":30,"turns":2},{"damage":1,"enemies":"Book of Stabbing","floor":31,"turns":4},{"damage":0,"enemies":"Champ","floor":33,"turns":10},{"damage":6,"enemies":"Orb Walker","floor":35,"turns":3},{"damage":11,"enemies":"3 Darklings","floor":36,"turns":5},{"damage":0,"enemies":"Transient","floor":37,"turns":6},{"damage":0,"enemies":"Nemesis","floor":40,"turns":6},{"damage":0,"enemies":"Giant Head","floor":44,"turns":3},{"damage":0,"enemies":"Nemesis","floor":47,"turns":5},{"damage":6,"enemies":"Awakened One","floor":50,"turns":7},{"damage":61,"enemies":"Time Eater","floor":51,"turns":11},{"damage":51,"enemies":"Shield and Spear","floor":55,"turns":2}],"seed_played":"6250202978081748972","potions_obtained":[{"floor":1.0,"key":"blueLaboratory:Virophage"},{"floor":6.0,"key":"blueLaboratory:BottleOfRum"},{"floor":8.0,"key":"blueLaboratory:NullPotion"},{"floor":21,"key":"blueLaboratory:BubblePotion"},{"floor":25,"key":"Strength Potion"},{"floor":28,"key":"FairyPotion"},{"floor":44,"key":"blueLaboratory:Virophage"},{"floor":47,"key":"FearPotion"}],"is_trial":false,"path_per_floor":["M","M","?","?","M","E","R","?","T","T","M","M","M","E","R","B",null,"M","?","?","M","$","R","M","E","T","R","M","?","?","E","R","B",null,"M","M","M","$","?","E","T","R","T","E","R","$","E","?","R","B","B",null,"R","$","E"],"character_chosen":"THE_SILENT","items_purchased":["PreservedInsect","Bouncing Flask+1","Dark Shackles+1","Expertise+1","blueLaboratory:ForbiddenFruitJuice","Panache","OrangePellets","Leg Sweep+1","Escape Plan+1"],"campfire_rested":0,"item_purchase_floors":[22,22,22,22,22,38,38,46,46],"current_hp_per_floor":[59,59,39,39,39,15,15,13,13,13,11,11,11,6,6,2,50,50,50,50,46,46,46,40,40,40,40,30,30,25,24,24,24,56,50,39,39,39,29,29,29,29,29,29,29,29,29,29,29,23,22,48,48,48,0,0],"gold":42,"neow_bonus":"THREE_ENEMY_KILL","is_daily":false,"chose_seed":false,"campfire_upgraded":8,"win_rate":0.0,"timestamp":1610077753,"path_taken":["M","M","?","?","?","E","R","?","T","?","?","M","M","E","R","BOSS","M","?","?","M","$","R","M","E","T","R","?","?","?","E","R","BOSS","M","M","M","$","?","E","?","R","T","E","R","$","E","?","R","BOSS","BOSS","R","$","E"],"items_purchased_type":["Relic","Card","Card","Card","Potion","Card","Relic","Card","Card"],"build_version":"2020-12-22","purchased_purges":1,"victory":false,"max_hp_per_floor":[66,66,66,66,66,66,66,66,66,66,66,66,66,66,66,66,66,66,66,66,66,66,66,66,66,66,66,66,66,66,66,66,66,66,66,66,66,66,66,66,66,66,66,66,66,66,66,66,66,66,56,56,56,56,56,56],"relic_stats":{"Darkstone Periapt":0,"counters":[28,113],"Astrolabe":["Dodge and Roll","Skewer","Infinite Blades"],"Snake Skull":[122],"PreservedInsect":433,"Letter Opener":[169],"OrangePellets":[1],"Centennial Puzzle":[24],"Sundial":[6],"Shuriken":[24],"Bronze Scales":[96],"obtain_stats":[{"Darkstone Periapt":43,"Potion Belt":44,"NeowsBlessing":0,"Astrolabe":34,"Thread and Needle":30,"Snake Skull":14,"PreservedInsect":22,"Letter Opener":31,"Paper Crane":9,"White Beast Statue":26,"OrangePellets":38,"Centennial Puzzle":25,"Ninja Scroll":10,"Sundial":30,"Shuriken":40,"Bronze Scales":47,"WingedGreaves":8,"Coffee Dripper":17,"Toxic Egg 2":6,"Ring of the Snake":0},{"Darkstone Periapt":23,"Potion Belt":24,"NeowsBlessing":0,"Astrolabe":19,"Thread and Needle":17,"Snake Skull":9,"PreservedInsect":12,"Letter Opener":18,"Paper Crane":5,"White Beast Statue":14,"OrangePellets":22,"Centennial Puzzle":14,"Ninja Scroll":5,"Sundial":17,"Shuriken":23,"Bronze Scales":25,"WingedGreaves":5,"Coffee Dripper":10,"Toxic Egg 2":4,"Ring of the Snake":0},{"Darkstone Periapt":85,"Potion Belt":88,"NeowsBlessing":0,"Astrolabe":65,"Thread and Needle":51,"Snake Skull":22,"PreservedInsect":35,"Letter Opener":55,"Paper Crane":12,"White Beast Statue":44,"OrangePellets":79,"Centennial Puzzle":44,"Ninja Scroll":12,"Sundial":51,"Shuriken":85,"Bronze Scales":93,"WingedGreaves":12,"Coffee Dripper":29,"Toxic Egg 2":10,"Ring of the Snake":0}],"Ring of the Snake":[56]},"card_choices":[{"not_picked":["Noxious Fumes","PiercingWail"],"picked":"Predator","floor":1.0},{"not_picked":["Deflect","Prepared"],"picked":"Dagger Spray","floor":2.0},{"not_picked":["Sucker Punch","Prepared"],"picked":"Poisoned Stab","floor":5.0},{"not_picked":["Caltrops","Infinite Blades"],"picked":"Outmaneuver+1","floor":6.0},{"not_picked":["All Out Attack","Acrobatics+1"],"picked":"Deflect+1","floor":11.0},{"not_picked":["Backflip+1","Flechettes"],"picked":"Calculated Gamble+1","floor":12.0},{"not_picked":["Unload","Accuracy"],"picked":"Tactician+1","floor":13.0},{"not_picked":["Eviscerate","Quick Slash"],"picked":"Blade Dance+1","floor":14.0},{"not_picked":["Night Terror+1","Corpse Explosion+1"],"picked":"Storm of Steel+1","floor":16.0},{"not_picked":["Bane","Slice"],"picked":"Dodge and Roll+1","floor":18.0},{"not_picked":["Dagger Spray","Dodge and Roll+1"],"picked":"PiercingWail+1","floor":21},{"not_picked":["Outmaneuver+1","Distraction+1"],"picked":"Noxious Fumes","floor":24},{"not_picked":["Noxious Fumes","Deflect+1"],"picked":"Tools of the Trade","floor":25},{"not_picked":["Expertise+1","Riddle With Holes"],"picked":"Backstab","floor":28},{"not_picked":["Expertise+1","PiercingWail+1"],"picked":"Blur+1","floor":30},{"not_picked":["Dagger Throw+1","Endless Agony","Backstab"],"picked":"SKIP","floor":31},{"not_picked":["Tools of the Trade","Die Die Die"],"picked":"After Image","floor":33},{"not_picked":["Poisoned Stab","Underhanded Strike"],"picked":"Deflect+1","floor":35},{"not_picked":["Quick Slash","Eviscerate"],"picked":"Blade Dance+1","floor":36},{"not_picked":["Backstab","Slice+1","Outmaneuver+1"],"picked":"SKIP","floor":37},{"not_picked":["Magnetism","Transmutation+1"],"picked":"Panacea+1","floor":39},{"not_picked":["The Bomb+1","Mayhem"],"picked":"Trip+1","floor":39},{"not_picked":["Mind Blast","Trip+1"],"picked":"Good Instincts+1","floor":39},{"not_picked":["Poisoned Stab","Deadly Poison+1"],"picked":"Prepared+1","floor":40},{"not_picked":["Dagger Throw+1","Blade Dance+1"],"picked":"Catalyst+1","floor":44},{"not_picked":["Skewer","Leg Sweep+1","All Out Attack"],"picked":"SKIP","floor":47}],"player_experience":1016678,"relics_obtained":[{"floor":6.0,"key":"Toxic Egg 2"},{"floor":8.0,"key":"WingedGreaves"},{"floor":9.0,"key":"Paper Crane"},{"floor":10.0,"key":"Ninja Scroll"},{"floor":14.0,"key":"Snake Skull"},{"floor":25,"key":"Centennial Puzzle"},{"floor":26,"key":"White Beast Statue"},{"floor":30,"key":"Thread and Needle"},{"floor":30,"key":"Sundial"},{"floor":31,"key":"Letter Opener"},{"floor":40,"key":"Shuriken"},{"floor":43,"key":"Darkstone Periapt"},{"floor":44,"key":"Potion Belt"},{"floor":47,"key":"Bronze Scales"}],"event_choices":[{"damage_healed":0.0,"max_hp_gain":0.0,"max_hp_loss":0.0,"gold_gain":0.0,"event_name":"Shining Light","player_choice":"Entered Light","floor":3.0,"gold_loss":0.0,"damage_taken":20.0,"cards_upgraded":["Defend_G","Dagger Spray"]},{"cards_removed":["Defend_G"],"damage_healed":0.0,"max_hp_gain":0.0,"max_hp_loss":0.0,"gold_gain":0.0,"event_name":"Purifier","player_choice":"Purged","floor":4.0,"gold_loss":0.0,"damage_taken":0.0},{"damage_healed":0.0,"max_hp_gain":0.0,"max_hp_loss":0.0,"gold_gain":30.0,"event_name":"Dead Adventurer","player_choice":"Searched \u00272\u0027 times","floor":8.0,"gold_loss":0.0,"damage_taken":0.0},{"damage_healed":0.0,"max_hp_gain":0.0,"max_hp_loss":0.0,"gold_gain":0.0,"event_name":"Forgotten Altar","player_choice":"Smashed Altar","floor":19.0,"gold_loss":0.0,"damage_taken":0.0,"cards_obtained":["Decay"]},{"damage_healed":0.0,"max_hp_gain":0.0,"max_hp_loss":0.0,"gold_gain":200.0,"event_name":"Wheel of Change","player_choice":"Gold","floor":20.0,"gold_loss":0.0,"damage_taken":0.0},{"damage_healed":0,"gold_gain":0,"player_choice":"Simplicity","damage_taken":0,"max_hp_gain":0,"max_hp_loss":0,"event_name":"Back to Basics","floor":29,"gold_loss":0,"cards_upgraded":["Strike_G","Strike_G","Strike_G","Strike_G","Strike_G","Defend_G","Defend_G","Defend_G"]},{"damage_healed":0,"gold_gain":0,"player_choice":"Fight","damage_taken":0,"max_hp_gain":0,"max_hp_loss":0,"event_name":"Colosseum","floor":30,"gold_loss":0},{"damage_healed":0,"gold_gain":0,"player_choice":"Fought Nobs","damage_taken":0,"max_hp_gain":0,"max_hp_loss":0,"event_name":"Colosseum","floor":30,"gold_loss":0},{"damage_healed":0,"gold_gain":0,"player_choice":"Memory 3","damage_taken":10,"max_hp_gain":0,"max_hp_loss":0,"event_name":"SensoryStone","floor":39,"gold_loss":0},{"damage_healed":0,"gold_gain":0,"player_choice":"Copied","damage_taken":0,"max_hp_gain":0,"max_hp_loss":0,"event_name":"Duplicator","floor":48,"gold_loss":0,"cards_obtained":["Catalyst"]}],"is_beta":false,"boss_relics":[{"not_picked":["Tiny House","Ring of the Serpent"],"picked":"Coffee Dripper"},{"not_picked":["Empty Cage","Busted Crown"],"picked":"Astrolabe"}],"items_purged_floors":[22],"is_endless":false,"potions_floor_spawned":[1,6,8,11,21,25,28,30,30,31,33,35,36,37,40,44,47],"killed_by":"Shield and Spear","ascension_level":20}}