{"host":"cbu6enf2xtq4r7r3","time":1610118588,"event":{"mods":["2.2 Compatiblity","AlwaysNeverKeys","BaseMod","Better Match","Better Note","Better Sensory Stone","Better Skull","Better Third Choice","Colored Map","Colored Powertips","Defuse TimeMaze Blight","Emptier Cage","Minty Spire (QoL Compilation)","Permanent Neow","Quick Restart","Random Character Button","Relic Sorter","Reorder Act Four","Shop Mod","StSLib"],"gold_per_floor":[217,234,258,258,277,304,304,318,391,416,17,29,47,47,47,142,142,161,161,161,161],"floor_reached":20,"playtime":480,"items_purged":["Strike_B"],"score":186,"play_id":"dd30e137-347c-4b08-87a4-a246bbb8b7f8","local_time":"20210108160948","is_ascension_mode":false,"campfire_choices":[{"data":"Sunder","floor":7,"key":"SMITH"},{"data":"White Noise","floor":15,"key":"SMITH"}],"circlet_count":0,"master_deck":["Strike_B","Strike_B","Strike_B","Defend_B","Defend_B+1","Defend_B","Defend_B","Zap","Dualcast+1","Sunder+1","Lockon","Redo","Capacitor","White Noise+1","Tempest","BootSequence","Bandage Up","Ball Lightning","Conserve Battery"],"relics":["Cracked Core","Happy Flower","Ancient Tea Set","HornCleat","Orichalcum","OrangePellets","Velvet Choker"],"acts_visited":["Exordium","TheCity"],"potions_floor_usage":[6,10,13,16,19],"damage_taken":[{"damage":0,"enemies":"Cultist","floor":1,"turns":4},{"damage":1,"enemies":"Jaw Worm","floor":2,"turns":3},{"damage":2,"enemies":"Small Slimes","floor":5,"turns":2},{"damage":4,"enemies":"3 Sentries","floor":6,"turns":5},{"damage":0,"enemies":"Exordium Wildlife","floor":8,"turns":1},{"damage":18,"enemies":"Lagavulin","floor":10,"turns":5},{"damage":0,"enemies":"2 Fungi Beasts","floor":12,"turns":2},{"damage":1,"enemies":"Large Slime","floor":13,"turns":3},{"damage":13,"enemies":"Slime Boss","floor":16,"turns":7},{"damage":0,"enemies":"Shell Parasite","floor":18,"turns":3},{"damage":0,"enemies":"3 Byrds","floor":19,"turns":1},{"damage":10,"enemies":"Centurion and Healer","floor":20,"turns":2}],"seed_played":"4283838545198942163","potions_obtained":[{"floor":2,"key":"Weak Potion"},{"floor":5,"key":"BlessingOfTheForge"},{"floor":6,"key":"FocusPotion"},{"floor":12,"key":"SteroidPotion"},{"floor":13,"key":"FocusPotion"},{"floor":18,"key":"SmokeBomb"}],"is_trial":false,"path_per_floor":["M","M","T","?","M","E","R","M","T","E","$","M","M","?","R","B",null,"M","M","M"],"character_chosen":"DEFECT","items_purchased":["OrangePellets","BootSequence","Bandage Up"],"campfire_rested":0,"item_purchase_floors":[11,11,11],"current_hp_per_floor":[75,74,74,79,77,73,73,73,73,55,55,55,58,42,42,33,80,80,80,70,70],"gold":161,"neow_bonus":"HUNDRED_GOLD","is_daily":false,"chose_seed":false,"campfire_upgraded":2,"win_rate":0.0,"timestamp":1610118588,"path_taken":["M","M","?","?","M","E","R","M","T","E","?","M","M","?","R","BOSS","M","M","M"],"items_purchased_type":["Relic","Card","Card"],"build_version":"2020-12-22","purchased_purges":1,"victory":false,"max_hp_per_floor":[75,75,75,80,80,80,80,80,80,80,80,80,80,80,80,80,80,80,80,80,80],"card_choices":[{"not_picked":["Leap","Tempest"],"picked":"Sunder","floor":1},{"not_picked":["Compile Driver","Turbo"],"picked":"Lockon","floor":2},{"not_picked":["Double Energy","Darkness"],"picked":"Redo","floor":5},{"not_picked":["Hello World","Reboot"],"picked":"Capacitor","floor":6},{"not_picked":["Blizzard","Static Discharge"],"picked":"White Noise","floor":8},{"not_picked":["Auto Shields","Turbo"],"picked":"Tempest","floor":10},{"not_picked":["Undo","Turbo"],"picked":"Ball Lightning","floor":12},{"not_picked":["Barrage","Rip and Tear"],"picked":"Conserve Battery","floor":13},{"not_picked":["Scrape","Auto Shields","Turbo+1"],"picked":"SKIP","floor":18}],"player_experience":62205,"relics_obtained":[{"floor":3,"key":"Happy Flower"},{"floor":6,"key":"Ancient Tea Set"},{"floor":9,"key":"HornCleat"},{"floor":10,"key":"Orichalcum"}],"event_choices":[{"damage_healed":0,"gold_gain":0,"player_choice":"Donut","damage_taken":0,"max_hp_gain":5,"max_hp_loss":0,"event_name":"Big Fish","floor":4,"gold_loss":0},{"damage_healed":58,"gold_gain":0,"player_choice":"Upgrade","damage_taken":16,"max_hp_gain":0,"max_hp_loss":80,"event_name":"betterThird:BetterShining","floor":14,"gold_loss":0,"cards_upgraded":["Defend_B","Dualcast"]}],"is_beta":false,"boss_relics":[{"not_picked":["Inserter","Astrolabe"],"picked":"Velvet Choker"}],"items_purged_floors":[11],"is_endless":false,"potions_floor_spawned":[2,5,6,12,13,18],"killed_by":"Centurion and Healer","ascension_level":0}}