{"host":"kabf61oc9jgfwufg","time":1610123622,"event":{"mods":["AchievementEnabler","Act Like it!","Aspiration","BaseMod","Conspire","GifTheSpireLib","Halation","HexUI Lib","Hubris","Infinite Spire","Melee Mod","Minty Spire (QoL Compilation)","Quick Restart","Rare Cards Sparkle","Replay The Spire","Shop Mod","StSLib","Waifu the Spire"],"gold_per_floor":[109,34,34,47,47,47,81,100,172,27,27,38,38,38,38,141,141,152,162,162,10,10,37,37,37,37],"floor_reached":25,"playtime":772,"items_purged":["Strike_P","Defend_B"],"score":217,"play_id":"d352625f-56e8-4a10-b05f-c101b5e92b71","local_time":"20210108163342","is_ascension_mode":false,"campfire_choices":[{"data":"infinitespire:Gouge","floor":6.0,"key":"SMITH"},{"floor":13.0,"key":"REST"},{"data":"FollowUp","floor":15.0,"key":"SMITH"}],"circlet_count":0,"master_deck":["Strike_P","Strike_P","Strike_P","Defend_P","Defend_P","Defend_P","Defend_P","Eruption","Vigilance","hubris:Strike_Merchant","infinitespire:Gouge+1","SashWhip","FlurryOfBlows","FollowUp+1","EmptyFist","Brilliance","FollowUp","Halt","Rage","meleeMod_Randall","infinitespire:Fortify"],"relics":["PureWater","halation:SwordOfLegend","ReplayTheSpireMod:Ring of Addiction","White Beast Statue","Chameleon Ring","TeardropLocket","Snack Pack","aspiration:IroncladSkillbook","PrismaticShard","hubris:Towel","Molten Egg 2","hubris:KleinBottle","StrikeDummy"],"acts_visited":["Exordium","TheCity"],"potions_floor_usage":[],"damage_taken":[{"damage":6.0,"enemies":"Jaw Worm","floor":1.0,"turns":3.0},{"damage":0.0,"enemies":"Small Slimes","floor":4.0,"turns":2.0},{"damage":18.0,"enemies":"3 Sentries","floor":7.0,"turns":4.0},{"damage":0.0,"enemies":"Cultist","floor":8.0,"turns":3.0},{"damage":27.0,"enemies":"Exordium Thugs","floor":12.0,"turns":5.0},{"damage":35.0,"enemies":"Slime Boss","floor":16.0,"turns":9.0},{"damage":0.0,"enemies":"Shell Parasite","floor":18.0,"turns":3.0},{"damage":15.0,"enemies":"3 Byrds","floor":19.0,"turns":4.0},{"damage":38.0,"enemies":"Gremlin Leader","floor":23.0,"turns":4.0},{"damage":10,"enemies":"Sentry and Sphere","floor":25,"turns":4}],"seed_played":"-7749062993831021481","potions_obtained":[{"floor":1.0,"key":"PowerPotion"},{"floor":4.0,"key":"Strength Potion"},{"floor":5.0,"key":"PowerPotion"},{"floor":5.0,"key":"AttackPotion"},{"floor":7.0,"key":"Dexterity Potion"},{"floor":8.0,"key":"SkillPotion"},{"floor":12.0,"key":"BlessingOfTheForge"},{"floor":16.0,"key":"conspire:TimeTravelPotion"},{"floor":18.0,"key":"PowerPotion"},{"floor":19.0,"key":"Dexterity Potion"}],"is_trial":false,"path_per_floor":["M","$","?","M","?","R","E","M","T","$","?","M","R","$","R","B",null,"M","M","?","$","?","E","$","M"],"character_chosen":"WATCHER","items_purchased":["FollowUp","PrismaticShard","hubris:KleinBottle","StrikeDummy"],"campfire_rested":1,"item_purchase_floors":[10,21,24,24],"current_hp_per_floor":[66,66,48,48,48,54,36,36,36,36,41,18,45,45,45,24,68,68,68,68,68,68,38,3,0,0],"gold":37,"neow_bonus":"ONE_RARE_RELIC","is_daily":false,"chose_seed":false,"campfire_upgraded":2,"win_rate":0.0,"timestamp":1610123622,"path_taken":["M","$","?","M","?","R","E","M","T","$","?","?","R","?","R","BOSS","M","M","?","?","?","E","?","?"],"items_purchased_type":["Card","Relic","Relic","Relic"],"build_version":"2020-12-22","purchased_purges":2,"victory":false,"max_hp_per_floor":[72,72,72,72,72,72,72,72,72,72,70,70,70,68,68,68,68,68,68,68,68,68,66,66,66,66],"card_choices":[{"not_picked":["Nirvana","ReachHeaven"],"picked":"Replay:ManipulateFuture","floor":1.0},{"not_picked":["infinitespire:DeathsTouch","ReplayTheSpireMod:??????????????????????"],"picked":"infinitespire:Gouge","floor":3.0},{"not_picked":["Indignation","Evaluate"],"picked":"SashWhip","floor":4.0},{"not_picked":["Replay:Anticipation","Collect","DeusExMachina"],"picked":"SKIP","floor":7.0},{"not_picked":["Tantrum","Prostrate"],"picked":"FlurryOfBlows","floor":8.0},{"not_picked":["Replay:Hum","LikeWater"],"picked":"EmptyFist","floor":12.0},{"not_picked":["Omniscience","Wish"],"picked":"Brilliance","floor":16.0},{"not_picked":["True Grit","Heavy Blade","Wild Strike"],"picked":"FollowUp","floor":18.0},{"not_picked":["Immolate","Evaluate+1","WindmillStrike"],"picked":"Halt","floor":19.0},{"not_picked":["Secret Technique","meleeMod_DIMixUp","Escape Plan+1"],"picked":"meleeMod_Randall","floor":23.0},{"not_picked":["ReplayTheSpireMod:Black Plague","infinitespire:FinalStrike"],"picked":"infinitespire:Fortify","floor":24.0}],"player_experience":88213,"relics_obtained":[{"floor":5.0,"key":"ReplayTheSpireMod:Ring of Addiction"},{"floor":5.0,"key":"White Beast Statue"},{"floor":5.0,"key":"Chameleon Ring"},{"floor":7.0,"key":"TeardropLocket"},{"floor":9.0,"key":"Snack Pack"},{"floor":23.0,"key":"Molten Egg 2"}],"event_choices":[{"cards_removed":["Replay:ManipulateFuture"],"damage_healed":5.0,"max_hp_gain":0.0,"max_hp_loss":0.0,"gold_gain":0.0,"event_name":"Bonfire Elementals","player_choice":"Offered Common","floor":11.0,"gold_loss":0.0,"damage_taken":0.0},{"cards_removed":["Replay:ManipulateFuture"],"damage_healed":5.0,"max_hp_gain":0.0,"max_hp_loss":0.0,"gold_gain":0.0,"event_name":"Bonfire Elementals","player_choice":"Offered Special","floor":11.0,"gold_loss":0.0,"damage_taken":0.0},{"damage_healed":0.0,"max_hp_gain":0.0,"max_hp_loss":0.0,"gold_gain":0.0,"event_name":"The Library","player_choice":"Read","floor":20.0,"gold_loss":0.0,"damage_taken":0.0,"cards_obtained":["Rage"]}],"is_beta":false,"boss_relics":[{"not_picked":["Tiny House","hubris:HollowSoul"],"picked":"aspiration:IroncladSkillbook"}],"items_purged_floors":[2,10],"is_endless":false,"potions_floor_spawned":[1,4,7,8,12,16,18,19,23],"killed_by":"Sentry and Sphere","ascension_level":0}}