{"host":"jrtaucq9moweewpn","time":1610082922,"event":{"mods":["BaseMod","Better Third Choice","Downfall","GifTheSpireLib","Minty Spire (QoL Compilation)","Replay The Spire","Shade Mod","StSLib","The Construct","The Cursed","The Marked"],"gold_per_floor":[119,119,137,156,156,189,189,201,201,201,201,96,21,33,84,112,112,210,210,226,257,129,228,252,252,265,110,110,110,110,144,59,59,59,164,164,180,180,180,200,211,211,211],"floor_reached":42,"playtime":3143,"items_purged":[],"score":420,"play_id":"c6d62bb1-50b1-4188-80b9-eb655cb8bc06","local_time":"20210107231522","is_ascension_mode":false,"campfire_choices":[{"floor":7,"key":"REST"},{"floor":17,"key":"REST"},{"floor":25,"key":"REST"},{"floor":30,"key":"REST"},{"floor":34,"key":"REST"}],"circlet_count":0,"master_deck":["theMarked:Strike","theMarked:Strike","theMarked:Strike","theMarked:Strike","theMarked:Defend","theMarked:Defend","theMarked:Defend","theMarked:SoldierOfQuellstein","theMarked:ChainLightning","theMarked:Polarize","theMarked:ComboAttacks","theMarked:Aftermath+1","theMarked:GodGivenPower","theMarked:Polarize","theMarked:ElectricStrings","theMarked:ChannelForce","theMarked:RogueSparks+1","theMarked:Reabsorb","theMarked:Aftermath","theMarked:ChainLightning+1","theMarked:SwordAndMagic+1","theMarked:SummonStrength+1","Parasite"],"relics":["theMarked:ArtifactOfAir","NeowsBlessing","Pantograph","Matryoshka","Blue Doll","CaptainsWheel","Bag of Preparation","Replay:Grab Bag","Busted Crown","Replay:Bronze Core","Runic Pyramid","Red Mask","Vajra","Centennial Puzzle","Chemical X","Letter Opener","Akabeko","Regal Pillow","Astrolabe","Darkstone Periapt"],"acts_visited":["Exordium","TheCity","TheBeyond"],"potions_floor_usage":[6,6,16,18,31,35,37,42,42],"damage_taken":[{"damage":0,"enemies":"Jaw Worm","floor":1,"turns":1},{"damage":0,"enemies":"Cultist","floor":3,"turns":1},{"damage":0,"enemies":"Small Slimes","floor":4,"turns":2},{"damage":26,"enemies":"Lagavulin","floor":6,"turns":4},{"damage":0,"enemies":"Exordium Wildlife","floor":8,"turns":2},{"damage":10,"enemies":"Looter","floor":14,"turns":4},{"damage":14,"enemies":"Gremlin Nob","floor":16,"turns":3},{"damage":26,"enemies":"Slime Boss","floor":18,"turns":8},{"damage":15,"enemies":"Shell Parasite","floor":20,"turns":4},{"damage":23,"enemies":"Masked Bandits","floor":21,"turns":4},{"damage":10,"enemies":"3 Byrds","floor":26,"turns":4},{"damage":13,"enemies":"Replay:Snechameleon","floor":31,"turns":4},{"damage":12,"enemies":"Champ","floor":35,"turns":7},{"damage":7,"enemies":"Orb Walker","floor":37,"turns":2},{"damage":19,"enemies":"3 Shapes","floor":40,"turns":2},{"damage":43,"enemies":"Writhing Mass","floor":41,"turns":6},{"damage":54,"enemies":"Reptomancer","floor":42,"turns":2}],"seed_played":"2948751909501654416","potions_obtained":[{"floor":1,"key":"champ:CounterPotion"},{"floor":2,"key":"FairyPotion"},{"floor":2,"key":"theMarked:SummonPotion"},{"floor":3,"key":"PowerPotion"},{"floor":8,"key":"Fire Potion"},{"floor":16,"key":"SteroidPotion"},{"floor":26,"key":"AttackPotion"},{"floor":31,"key":"AttackPotion"},{"floor":35,"key":"Energy Potion"},{"floor":40,"key":"Guardian:BlockOnCardUsePotion"},{"floor":41,"key":"Adrenaline Potion"}],"is_trial":false,"path_per_floor":["M","?","M","M","?","E","R","M","PTL","PTL","T","$","$","M","?","E","R","B",null,"M","?","$","?","T","R","M","$","T","?","R","E","?","$","R","B",null,"M","T","?","M","M","E"],"character_chosen":"THE_DEFAULT","items_purchased":["theMarked:Aftermath+1","theMarked:GodGivenPower","theMarked:Polarize","theMarked:Reabsorb","theMarked:Aftermath","Chemical X"],"campfire_rested":5,"item_purchase_floors":[12,12,13,22,22,27],"current_hp_per_floor":[70,70,70,70,52,26,47,47,47,47,47,47,47,37,37,23,44,43,70,55,32,32,32,32,53,43,43,43,43,64,51,51,51,70,58,70,63,63,63,44,7,0,0],"gold":211,"neow_bonus":"THREE_ENEMY_KILL","is_daily":false,"chose_seed":false,"campfire_upgraded":0,"win_rate":0.0,"timestamp":1610082922,"path_taken":["M","?","?","M","?","E","R","M","PTL","PTL","T","?","$","M","?","E","R","BOSS","M","?","$","?","?","R","M","$","T","?","R","E","?","?","R","BOSS","M","?","?","?","M","E"],"items_purchased_type":["Card","Card","Card","Card","Card","Relic"],"build_version":"2020-12-22","purchased_purges":0,"victory":false,"max_hp_per_floor":[70,70,70,70,70,70,70,70,70,70,70,70,70,70,70,70,70,70,70,70,70,70,70,70,70,70,70,70,70,70,70,70,70,70,70,70,70,70,66,66,72,72,72],"card_choices":[{"not_picked":["theMarked:TwofoldDefense","theMarked:Frustration"],"picked":"theMarked:ChainLightning","floor":1},{"not_picked":["theMarked:BanishingStrike","theMarked:Overthink"],"picked":"theMarked:Polarize","floor":3},{"not_picked":["theMarked:WastefulDefense","theMarked:HeightenedSenses","theMarked:Seal"],"picked":"SKIP","floor":4},{"not_picked":["theMarked:RepellingDischarge","theMarked:HeightenedSenses"],"picked":"theMarked:ComboAttacks","floor":6},{"not_picked":["theMarked:ContemptForTheProud","theMarked:Parkour"],"picked":"theMarked:Improvise","floor":8},{"not_picked":["theMarked:Snap","theMarked:Panic"],"picked":"theMarked:ElectricStrings","floor":14},{"not_picked":["theMarked:ElementalBlade","theMarked:KeepCalmAndFightOn","theMarked:Indomitable"],"picked":"SKIP","floor":16},{"not_picked":["theMarked:SummonStrength","theMarked:TakeOffHeels"],"picked":"theMarked:ChannelForce","floor":18},{"not_picked":[],"picked":"theMarked:RogueSparks+1","floor":20},{"not_picked":["theMarked:BanishingStrike"],"picked":"SKIP","floor":26},{"not_picked":["theMarked:WardOff"],"picked":"SKIP","floor":31},{"not_picked":["theMarked:BanishingStrike"],"picked":"SKIP","floor":37},{"not_picked":["theMarked:RepellingDischarge+1"],"picked":"SKIP","floor":40},{"not_picked":["theMarked:ResourceFulStrike+1"],"picked":"SKIP","floor":41}],"player_experience":512159,"relics_obtained":[{"floor":6,"key":"Matryoshka"},{"floor":11,"key":"Blue Doll"},{"floor":11,"key":"CaptainsWheel"},{"floor":16,"key":"Bag of Preparation"},{"floor":21,"key":"Red Mask"},{"floor":24,"key":"Vajra"},{"floor":24,"key":"Centennial Puzzle"},{"floor":28,"key":"Letter Opener"},{"floor":31,"key":"Akabeko"},{"floor":38,"key":"Darkstone Periapt"}],"event_choices":[{"damage_healed":0,"gold_gain":0,"player_choice":"Got Potions","damage_taken":0,"max_hp_gain":0,"max_hp_loss":0,"event_name":"Lab","floor":2,"gold_loss":0},{"damage_healed":0,"gold_gain":0,"player_choice":"Relic ","damage_taken":18,"max_hp_gain":0,"max_hp_loss":0,"event_name":"betterThird:BetterScrap","floor":5,"gold_loss":0,"cards_obtained":["Replay:Poison Smokescreen"]},{"damage_healed":0,"gold_gain":51,"player_choice":"Gained Gold","damage_taken":0,"max_hp_gain":0,"max_hp_loss":0,"event_name":"Golden Wing","floor":15,"gold_loss":0},{"damage_healed":0,"gold_gain":0,"player_choice":"Fought Bandits","damage_taken":0,"max_hp_gain":0,"max_hp_loss":0,"event_name":"Masked Bandits","floor":21,"gold_loss":0},{"damage_healed":0,"gold_gain":99,"player_choice":"Steal","damage_taken":0,"max_hp_gain":0,"max_hp_loss":0,"event_name":"betterThird:BetterNest","floor":23,"gold_loss":0},{"damage_healed":0,"gold_gain":0,"player_choice":"Ignored","damage_taken":0,"max_hp_gain":0,"max_hp_loss":0,"event_name":"Beggar","floor":29,"gold_loss":0},{"damage_healed":0,"gold_gain":0,"player_choice":"Obtained Relic","damage_taken":0,"relics_obtained":["Regal Pillow"],"max_hp_gain":0,"max_hp_loss":0,"event_name":"Addict","floor":32,"gold_loss":85},{"damage_healed":0,"gold_gain":0,"player_choice":"Max HP","damage_taken":0,"max_hp_gain":0,"max_hp_loss":4,"event_name":"Winding Halls","floor":39,"gold_loss":0}],"is_beta":false,"boss_relics":[{"not_picked":["Painkiller Herb","Black Star"],"picked":"Replay:Grab Bag"},{"not_picked":["ChewingGum","ReplayTheSpireMod:DimensionalGlitch"],"picked":"Busted Crown"},{"not_picked":["Abe\u0027s Treasure","Velvet Choker"],"picked":"Replay:Bronze Core"},{"not_picked":["Ring of Chaos","Replay:Drink Me"],"picked":"Runic Pyramid"},{"not_picked":["Tiny House","Honey Jar"],"picked":"Astrolabe"}],"items_purged_floors":[],"is_endless":false,"potions_floor_spawned":[1,3,8,16,26,31,35,40,41],"killed_by":"Reptomancer","ascension_level":0}}