{"host":"oiw60b5ins9fyx34","time":1610112621,"event":{"mods":["BaseMod","Colored Powertips","Minty Spire (QoL Compilation)","Permanent Neow","Quick Restart","Relic Stats","StSLib"],"gold_per_floor":[116,132,132,147,147,147,147],"floor_reached":6,"playtime":243,"items_purged":[],"score":36,"play_id":"9b2dd488-bf7e-4362-96d9-5f51b3ec6cf4","local_time":"20210108223021","is_ascension_mode":false,"campfire_choices":[],"circlet_count":0,"master_deck":["Strike_P","Strike_P+1","Strike_P+1","Strike_P","Defend_P","Defend_P","Defend_P","Defend_P","Eruption","Vigilance","BowlingBash","EmptyMind","Meditate"],"relics":["PureWater","Unceasing Top"],"acts_visited":["Exordium"],"potions_floor_usage":[],"damage_taken":[{"damage":1,"enemies":"Cultist","floor":1,"turns":3},{"damage":0,"enemies":"2 Louse","floor":2,"turns":2},{"damage":8,"enemies":"Small Slimes","floor":4,"turns":4},{"damage":26,"enemies":"Lagavulin","floor":6,"turns":5}],"seed_played":"3811474711887367067","potions_obtained":[{"floor":2,"key":"Strength Potion"},{"floor":4,"key":"Weak Potion"}],"is_trial":false,"path_per_floor":["M","M","?","M","?","E"],"character_chosen":"WATCHER","items_purchased":[],"campfire_rested":0,"item_purchase_floors":[],"current_hp_per_floor":[50,50,36,28,28,2,2],"gold":147,"neow_bonus":"ONE_RARE_RELIC","is_daily":false,"chose_seed":false,"campfire_upgraded":0,"win_rate":0.0,"timestamp":1610112621,"path_taken":["M","M","?","M","?","E"],"items_purchased_type":[],"build_version":"2020-12-22","purchased_purges":0,"victory":false,"max_hp_per_floor":[72,72,72,72,72,72,72],"relic_stats":{"counters":[4,14],"obtain_stats":[{"PureWater":0,"Unceasing Top":0},{"PureWater":0,"Unceasing Top":0},{"PureWater":0,"Unceasing Top":0}],"Unceasing Top":[0]},"card_choices":[{"not_picked":["EmptyBody","LikeWater"],"picked":"BowlingBash","floor":1},{"not_picked":["Evaluate","Protect"],"picked":"EmptyMind","floor":2},{"not_picked":["Halt","ReachHeaven"],"picked":"Meditate","floor":4}],"player_experience":566960,"relics_obtained":[],"event_choices":[{"damage_healed":0,"gold_gain":0,"player_choice":"Entered Light","damage_taken":14,"max_hp_gain":0,"max_hp_loss":0,"event_name":"Shining Light","floor":3,"gold_loss":0,"cards_upgraded":["Strike_P","Strike_P"]},{"damage_healed":0,"gold_gain":0,"player_choice":"Ignored","damage_taken":0,"max_hp_gain":0,"max_hp_loss":0,"event_name":"Liars Game","floor":5,"gold_loss":0}],"is_beta":false,"boss_relics":[],"items_purged_floors":[],"is_endless":false,"potions_floor_spawned":[2,4],"killed_by":"Lagavulin","ascension_level":0}}