{"host":"j4g6ia6asvpyu2b0","time":1610066861,"event":{"mods":["BaseMod","Colored Map","Minty Spire (QoL Compilation)","Permanent Neow","Quick Restart","Relic Stats","StSLib","Unceasing Turn Reminder"],"gold_per_floor":[369,319,35,35,35,35,35,63,89,89,89,89,112,136,136,261,261,285,285,310,0,15,15,15,50,130,145,183,38,38,73,73,198,198,213,226,289,314,314,347,347,382,382,414,242,242,261,223,223,223,223,223,25,65,65],"floor_reached":56,"playtime":2156,"items_purged":["Defend_B","Strike_B","Strike_B"],"score":1693,"play_id":"64755ea7-ee60-4ab9-b5a8-c98fcea64545","local_time":"20210107174741","is_ascension_mode":true,"campfire_choices":[{"data":"Apotheosis","floor":6.0,"key":"SMITH"},{"floor":10.0,"key":"RECALL"},{"data":"Defragment","floor":12.0,"key":"SMITH"},{"data":"Fission","floor":15.0,"key":"SMITH"},{"data":"Fission","floor":23.0,"key":"SMITH"},{"floor":30.0,"key":"REST"},{"data":"Double Energy","floor":32.0,"key":"SMITH"},{"floor":41.0,"key":"REST"},{"data":"Discovery","floor":49.0,"key":"SMITH"},{"data":"Static Discharge","floor":52.0,"key":"SMITH"}],"circlet_count":0,"master_deck":["Strike_B","Defend_B","Defend_B","Zap","Dualcast","Defragment+1","Apotheosis+1","Static Discharge+1","Sweeping Beam","Fission+1","Auto Shields","Fission+1","Cold Snap+1","Compile Driver","Compile Driver","Redo","Streamline","Double Energy+1","Rainbow","Cold Snap+1","Discovery+1","Chaos+1","Self Repair","Coolheaded","Self Repair","Streamline","Creative AI"],"relics":["Cracked Core","Meat on the Bone","PreservedInsect","Golden Idol","Runic Pyramid","Mummified Hand","Toy Ornithopter","Sundial","Singing Bowl","DataDisk","Matryoshka","Sozu","Lizard Tail","Nunchaku","Oddly Smooth Stone","CeramicFish","Symbiotic Virus","Pear"],"acts_visited":["Exordium","TheCity","TheBeyond","TheEnding"],"potions_floor_usage":[55],"damage_taken":[{"damage":2.0,"enemies":"Jaw Worm","floor":1.0,"turns":3.0},{"damage":24.0,"enemies":"3 Sentries","floor":8.0,"turns":4.0},{"damage":8.0,"enemies":"2 Louse","floor":13.0,"turns":3.0},{"damage":0.0,"enemies":"Small Slimes","floor":14.0,"turns":3.0},{"damage":4.0,"enemies":"The Guardian","floor":16.0,"turns":9.0},{"damage":12.0,"enemies":"2 Thieves","floor":18.0,"turns":3.0},{"damage":0.0,"enemies":"Spheric Guardian","floor":20.0,"turns":3.0},{"damage":1.0,"enemies":"3 Cultists","floor":22.0,"turns":5.0},{"damage":13.0,"enemies":"Gremlin Leader","floor":25.0,"turns":5.0},{"damage":11.0,"enemies":"Sentry and Sphere","floor":27.0,"turns":4.0},{"damage":33.0,"enemies":"Slavers","floor":28.0,"turns":4.0},{"damage":0.0,"enemies":"Gremlin Leader","floor":31.0,"turns":4.0},{"damage":23.0,"enemies":"Collector","floor":33.0,"turns":9.0},{"damage":2.0,"enemies":"Orb Walker","floor":35.0,"turns":2.0},{"damage":9.0,"enemies":"3 Darklings","floor":36.0,"turns":4.0},{"damage":0.0,"enemies":"Mind Bloom Boss Battle","floor":37.0,"turns":4.0},{"damage":16.0,"enemies":"Maw","floor":38.0,"turns":8.0},{"damage":5.0,"enemies":"Giant Head","floor":40.0,"turns":5.0},{"damage":5.0,"enemies":"Nemesis","floor":42.0,"turns":7.0},{"damage":19.0,"enemies":"Writhing Mass","floor":44.0,"turns":4.0},{"damage":0.0,"enemies":"Transient","floor":47.0,"turns":5.0},{"damage":45.0,"enemies":"Donu and Deca","floor":50.0,"turns":8.0},{"damage":33,"enemies":"Shield and Spear","floor":54,"turns":6},{"damage":63,"enemies":"The Heart","floor":55,"turns":7}],"seed_played":"4285800166461631115","potions_obtained":[{"floor":13.0,"key":"LiquidBronze"},{"floor":16.0,"key":"FocusPotion"},{"floor":19.0,"key":"LiquidMemories"},{"floor":27.0,"key":"Energy Potion"},{"floor":28.0,"key":"DuplicationPotion"},{"floor":33.0,"key":"Weak Potion"}],"is_trial":false,"path_per_floor":["M","?","$","?","?","R","?","E","T","R","?","R","M","M","R","B",null,"M","?","M","$","M","R","T","E","T","M","E","$","R","E","R","B",null,"M","M","?","M","?","E","R","E","T","M","$","?","M","$","R","B",null,"R","$","E","B",null],"character_chosen":"DEFECT","items_purchased":["Apotheosis","Static Discharge","Mummified Hand","Compile Driver","DataDisk","Self Repair","Coolheaded","Self Repair","Streamline"],"campfire_rested":2,"item_purchase_floors":[3,3,21,21,29,45,48,53,53],"current_hp_per_floor":[66,66,66,59,64,64,64,40,40,40,22,22,26,38,38,46,66,54,54,54,54,53,53,53,40,40,41,20,20,41,43,43,39,68,68,61,61,45,45,54,78,75,75,61,61,61,73,73,73,47,77,77,77,74,48],"gold":65,"neow_bonus":"TWO_FIFTY_GOLD","is_daily":false,"chose_seed":false,"campfire_upgraded":7,"win_rate":0.0,"timestamp":1610066861,"path_taken":["M","?","$","?","?","R","?","E","T","R","?","R","M","M","R","BOSS","M","?","M","?","?","R","?","E","T","?","E","$","R","E","R","BOSS","M","M","?","M","?","E","R","E","T","M","$","?","M","$","R","BOSS","R","$","E","BOSS"],"items_purchased_type":["Card","Card","Relic","Card","Relic","Card","Card","Card","Card"],"build_version":"2020-12-22","purchased_purges":3,"victory":true,"max_hp_per_floor":[68,68,68,68,73,73,73,73,73,73,73,73,73,73,73,73,73,73,73,73,73,73,73,73,73,73,73,73,73,73,75,75,77,77,79,81,81,81,81,83,83,85,85,85,85,85,87,87,87,87,87,87,87,97,97],"relic_stats":{"Singing Bowl":14,"counters":[24,119],"Golden Idol":203,"CeramicFish":54,"PreservedInsect":405,"Sozu":3,"Lizard Tail":0,"Nunchaku":[9],"Mummified Hand":[61],"Sundial":[20],"obtain_stats":[{"Pear":54,"Singing Bowl":28,"Golden Idol":11,"CeramicFish":43,"Oddly Smooth Stone":42,"PreservedInsect":9,"Sozu":34,"DataDisk":29,"Lizard Tail":37,"Nunchaku":40,"Matryoshka":31,"Mummified Hand":21,"Sundial":26,"Cracked Core":0,"Symbiotic Virus":43,"Toy Ornithopter":25,"Meat on the Bone":8,"Runic Pyramid":17},{"Pear":23,"Singing Bowl":11,"Golden Idol":2,"CeramicFish":19,"Oddly Smooth Stone":19,"PreservedInsect":2,"Sozu":13,"DataDisk":11,"Lizard Tail":16,"Nunchaku":18,"Matryoshka":12,"Mummified Hand":7,"Sundial":9,"Cracked Core":0,"Symbiotic Virus":19,"Toy Ornithopter":9,"Meat on the Bone":2,"Runic Pyramid":5},{"Pear":112,"Singing Bowl":46,"Golden Idol":7,"CeramicFish":89,"Oddly Smooth Stone":89,"PreservedInsect":7,"Sozu":59,"DataDisk":46,"Lizard Tail":69,"Nunchaku":82,"Matryoshka":50,"Mummified Hand":28,"Sundial":38,"Cracked Core":0,"Symbiotic Virus":89,"Toy Ornithopter":38,"Meat on the Bone":7,"Runic Pyramid":22}],"Toy Ornithopter":15,"Meat on the Bone":108},"card_choices":[{"not_picked":["Rebound","Leap"],"picked":"Defragment","floor":1.0},{"not_picked":["Leap","Go for the Eyes"],"picked":"Sweeping Beam","floor":8.0},{"not_picked":["Darkness","Turbo"],"picked":"Fission","floor":13.0},{"not_picked":["Leap","Barrage"],"picked":"Auto Shields","floor":14.0},{"not_picked":["Thunder Strike","Hyperbeam"],"picked":"Fission","floor":16.0},{"not_picked":["Tempest","Coolheaded+1"],"picked":"Cold Snap+1","floor":18.0},{"not_picked":["Redo","Stack"],"picked":"Compile Driver","floor":20.0},{"not_picked":["Hyperbeam","Stack"],"picked":"Redo","floor":22.0},{"not_picked":["Auto Shields","Leap"],"picked":"Streamline","floor":25.0},{"not_picked":["Compile Driver","Sunder"],"picked":"Double Energy","floor":27.0},{"not_picked":["Conserve Battery","Turbo"],"picked":"Rainbow","floor":28.0},{"not_picked":["Barrage","Streamline","Steam Power"],"picked":"Singing Bowl","floor":31.0},{"not_picked":["Meteor Strike","Buffer","Multi-Cast"],"picked":"Singing Bowl","floor":33.0},{"not_picked":["Compile Driver","Barrage+1","Undo+1"],"picked":"Singing Bowl","floor":35.0},{"not_picked":["Stack","Sunder","Steam"],"picked":"Singing Bowl","floor":36.0},{"not_picked":["Compile Driver","Hello World"],"picked":"Blizzard","floor":37.0},{"not_picked":["Streamline","Beam Cell+1"],"picked":"Cold Snap+1","floor":38.0},{"not_picked":["Panacea","Secret Technique"],"picked":"Discovery","floor":39.0},{"not_picked":["BootSequence+1","Steam+1","Stack"],"picked":"Singing Bowl","floor":40.0},{"not_picked":["Steam+1","Stack","Barrage+1"],"picked":"Singing Bowl","floor":42.0},{"not_picked":["Gash+1","Tempest+1"],"picked":"Chaos+1","floor":44.0},{"not_picked":["Beam Cell+1","Stack+1","Streamline+1"],"picked":"Singing Bowl","floor":47.0},{"not_picked":["Streamline+1","Lockon"],"picked":"Creative AI","floor":54}],"player_experience":762730,"relics_obtained":[{"floor":8.0,"key":"Meat on the Bone"},{"floor":9.0,"key":"PreservedInsect"},{"floor":25.0,"key":"Toy Ornithopter"},{"floor":26.0,"key":"Sundial"},{"floor":28.0,"key":"Singing Bowl"},{"floor":31.0,"key":"Matryoshka"},{"floor":37.0,"key":"Lizard Tail"},{"floor":40.0,"key":"Nunchaku"},{"floor":42.0,"key":"Oddly Smooth Stone"},{"floor":43.0,"key":"CeramicFish"},{"floor":43.0,"key":"Symbiotic Virus"},{"floor":54,"key":"Pear"}],"event_choices":[{"cards_removed":["Strike_B"],"damage_healed":0.0,"max_hp_gain":0.0,"max_hp_loss":0.0,"gold_gain":0.0,"event_name":"The Cleric","player_choice":"Card Removal","floor":2.0,"gold_loss":50.0,"damage_taken":0.0},{"cards_removed":["Defend_B"],"damage_healed":0.0,"max_hp_gain":0.0,"max_hp_loss":0.0,"gold_gain":0.0,"event_name":"Golden Wing","player_choice":"Card Removal","floor":4.0,"gold_loss":0.0,"damage_taken":7.0},{"damage_healed":0.0,"max_hp_gain":5.0,"max_hp_loss":0.0,"gold_gain":0.0,"event_name":"Big Fish","player_choice":"Donut","floor":5.0,"gold_loss":0.0,"damage_taken":0.0},{"damage_healed":0.0,"max_hp_gain":0.0,"max_hp_loss":0.0,"gold_gain":0.0,"event_name":"Shining Light","player_choice":"Ignored","floor":7.0,"gold_loss":0.0,"damage_taken":0.0},{"damage_healed":0.0,"max_hp_gain":0.0,"max_hp_loss":0.0,"gold_gain":0.0,"event_name":"Golden Idol","player_choice":"Take Damage","floor":11.0,"gold_loss":0.0,"damage_taken":18.0,"relics_obtained":["Golden Idol"]},{"damage_healed":0.0,"max_hp_gain":0.0,"max_hp_loss":0.0,"gold_gain":0.0,"event_name":"Lab","player_choice":"Got Potions","floor":19.0,"gold_loss":0.0,"damage_taken":0.0},{"damage_healed":0.0,"max_hp_gain":0.0,"max_hp_loss":0.0,"gold_gain":0.0,"event_name":"MindBloom","player_choice":"Fight","floor":37.0,"gold_loss":0.0,"damage_taken":0.0},{"damage_healed":0.0,"max_hp_gain":0.0,"max_hp_loss":0.0,"gold_gain":0.0,"event_name":"SensoryStone","player_choice":"Memory 1","floor":39.0,"gold_loss":0.0,"damage_taken":0.0},{"cards_removed":["Blizzard"],"damage_healed":0.0,"max_hp_gain":0.0,"max_hp_loss":0.0,"gold_gain":0.0,"event_name":"Falling","player_choice":"Removed Attack","floor":46.0,"gold_loss":0.0,"damage_taken":0.0}],"is_beta":false,"boss_relics":[{"not_picked":["Busted Crown","Astrolabe"],"picked":"Runic Pyramid"},{"not_picked":["SlaversCollar","Inserter"],"picked":"Sozu"}],"items_purged_floors":[3,45,53],"is_endless":false,"potions_floor_spawned":[13,16,20,25,27,28,33,38,40,42],"ascension_level":8}}