{"host":"5fasz840ryq7obdf","time":1610123338,"event":{"mods":["2.2 Compatiblity","AchievementEnabler","BaseMod","Bestiary","Better Altar","Better Skull","Better Third Choice","BetterRewards","Block Reminder","Colored Powertips","Curses Come First","Downfall","Minty Spire (QoL Compilation)","Quick Restart","Relic Sorter","Relic Stats","Shop Mod","Spicy Shops","StSLib","SuperFastMode","ojb\u0027s Better Paths Mod","ojb\u0027s Info Mod"],"gold_per_floor":[112,126,126,126,147,191,203,215,227,260,272,324,336,383,395,496,508,543,574,586,614,644,692,704,716,716],"floor_reached":25,"playtime":1226,"items_purged":["Parasite"],"score":582,"play_id":"6b0e085b-60ae-4e76-b668-d870b4fc9f1d","local_time":"20210108162858","is_ascension_mode":true,"campfire_choices":[{"data":"Eruption","floor":7.0,"key":"SMITH"},{"floor":13.0,"key":"REST"},{"data":"TalkToTheHand","floor":15.0,"key":"SMITH"}],"circlet_count":0,"master_deck":["AscendersBane","Defend_P","Defend_P+1","Defend_P","Defend_P","Eruption+1","Vigilance+1","DeceiveReality","LikeWater","TalkToTheHand+1","Adaptation","JustLucky","Halt","JustLucky","FlurryOfBlows","Regret","EmptyBody","Ragnarok","DeceiveReality","Protect","MasterReality","JustLucky","Weave","Study","CrushJoints","TalkToTheHand","Slimebound:Tackle+1","Slimebound:Tackle+1","Slimebound:Tackle+1"],"relics":["PureWater","champ:DeflectingBracers","War Paint","PreservedInsect","OrangePellets","Matryoshka","Incense Burner","Golden Idol","StrikeDummy","MawBank","Sundial","Nunchaku","Pantograph","Toy Ornithopter","expansioncontent:StudyCardRelic","MealTicket"],"acts_visited":["Exordium","TheCity"],"potions_floor_usage":[],"damage_taken":[{"damage":0.0,"enemies":"Cultist","floor":1.0,"turns":4.0},{"damage":0.0,"enemies":"2 Louse","floor":2.0,"turns":4.0},{"damage":2.0,"enemies":"Small Slimes","floor":5.0,"turns":4.0},{"damage":3.0,"enemies":"Lagavulin","floor":6.0,"turns":6.0},{"damage":0.0,"enemies":"Exordium Thugs","floor":10.0,"turns":4.0},{"damage":3.0,"enemies":"3 Sentries","floor":12.0,"turns":4.0},{"damage":0.0,"enemies":"Lagavulin","floor":14.0,"turns":4.0},{"damage":6.0,"enemies":"The Guardian","floor":16.0,"turns":8.0},{"damage":12.0,"enemies":"3 Byrds","floor":18.0,"turns":4.0},{"damage":6.0,"enemies":"Chosen","floor":19.0,"turns":4.0},{"damage":18.0,"enemies":"Shelled Parasite and Fungi","floor":21.0,"turns":4.0},{"damage":8.0,"enemies":"Snake Plant","floor":22.0,"turns":4.0},{"damage":17.0,"enemies":"Slavers","floor":23.0,"turns":3.0},{"damage":11,"enemies":"Gremlin Leader","floor":25,"turns":1}],"seed_played":"-2029395925452348760","potions_obtained":[{"floor":2.0,"key":"champ:CounterPotion"},{"floor":6.0,"key":"DistilledChaos"},{"floor":14.0,"key":"hexamod:EctoCoolerPotion"},{"floor":18.0,"key":"AttackPotion"},{"floor":19.0,"key":"Strength Potion"}],"is_trial":false,"path_per_floor":["M","M","?","?","M","E","R","?","T","M","$","E","R","E","R","B",null,"M","M","$","M","M","E","?","E"],"character_chosen":"WATCHER","items_purchased":["champ:DeflectingBracers","DeceiveReality","LikeWater","War Paint","PreservedInsect","TalkToTheHand","OrangePellets","Matryoshka","Incense Burner","Adaptation","JustLucky","Halt"],"campfire_rested":1,"item_purchase_floors":[0,0,0,0,0,0,0,0,0,0,0,0],"current_hp_per_floor":[19,19,19,19,17,14,14,11,11,11,11,8,25,25,25,49,57,45,39,39,21,13,6,6,0,0],"gold":716,"neow_bonus":"","is_daily":false,"chose_seed":false,"campfire_upgraded":2,"win_rate":0.0,"timestamp":1610123338,"path_taken":["M","M","?","?","M","E","R","?","T","?","$","E","R","E","R","BOSS","M","M","$","M","M","E","?","E"],"items_purchased_type":["Relic","Card","Card","Relic","Relic","Card","Relic","Relic","Relic","Card","Card","Card"],"build_version":"2020-12-22","purchased_purges":1,"victory":false,"max_hp_per_floor":[65,65,59,59,59,59,59,59,59,59,59,59,59,59,59,59,59,59,59,59,59,59,59,59,59,59],"relic_stats":{"OrangePellets":[64],"Nunchaku":[8],"counters":[159,594],"Golden Idol":73,"Sundial":[2],"Pantograph":25,"MealTicket":0,"PreservedInsect":177,"War Paint":["ThirdEye","Protect","EmptyBody","Apotheosis","Defend_P","Vigilance"],"MawBank":228,"obtain_stats":[{"Whetstone":54,"Ginger":39,"Bottled Tornado":26,"Sling":37,"Boot":38,"Ring of Searing":44,"Replay:Ringing Soul":37,"Sundial":9,"MealTicket":7,"Fusion Hammer":17,"Replay:Bottled Flurry":45,"HandDrill":0,"Kunai":53,"Replay:Wax Seal":20,"Replay:Bottled Steam":49,"Pear":42,"Counterbalance":48,"ReplayTheSpireMod:Ring of Addiction":8,"Blue Candle":55,"Eternal Feather":8,"Pen Nib":42,"Guardian:PocketSentry":37,"Akabeko":0,"SlaversCollar":17,"Bird Faced Urn":0,"Pandora\u0027s Box":0,"StrikeDummy":31,"Lantern":29,"Torii":0,"Singing Bowl":0,"Replay:Purple Gloves":0,"Painkiller Herb":17,"StoneCalendar":11,"Bag of Preparation":10,"Ancient Tea Set":24,"Cursed Key":34,"Pet Ghost":8,"Shovel":6,"Matryoshka":0,"WingedGreaves":0,"Ring of Panic":44,"InkBottle":54,"Potion Belt":8,"Lee\u0027s Waffle":10,"Golden Idol":3,"Thread and Needle":36,"PreservedInsect":14,"champ:DeflectingBracers":0,"Omamori":26,"Frozen Egg 2":40,"GoldenEye":30,"MawBank":40,"Orrery":37,"Turnip":44,"Garlic":20,"Art of War":24,"Bottled Lightning":3,"Toy Ornithopter":11,"Ice Cream":14,"champ:DuelingGlove":0,"Calipers":21,"Gremlin Horn":6,"Vajra":20,"Sozu":34,"Centennial Puzzle":45,"HornCleat":21,"Strawberry":55,"Iron Hammer":43,"Toxic Egg 2":41,"Happy Flower":0,"ReplayTheSpireMod:CursedCoin":2,"Dead Branch":47,"Oddly Smooth Stone":9,"Replay:Kaleidoscope":0,"Letter Opener":9,"War Paint":41,"Du-Vu Doll":25,"OrangePellets":0,"Bottled Flame":26,"ReplayTheSpireMod:Shallot":0,"Shuriken":55,"Bronze Scales":54,"Molten Egg 2":6,"Simple Rune":54,"Grinning Jar":22,"Meat on the Bone":0,"Pocketwatch":7,"ReplayTheSpireMod:Ring of Exchange":8,"SacredBark":8,"Yang":49,"CloakClasp":0,"Juzu Bracelet":21,"Incense Burner":0,"expansioncontent:StudyCardRelic":17,"TeardropLocket":0,"Replay:Mystery Machine":23,"Empty Cage":17,"ClockworkSouvenir":39,"Replay:Bandana":0,"Nunchaku":0,"TheAbacus":10,"Pantograph":15,"Tiny Chest":31,"Red Mask":19,"ReplayTheSpireMod:Ninjato":6,"Replay:Towering Pillar of Hats":28,"Odd Mushroom":10,"Orichalcum":44,"White Beast Statue":11,"Mercury Hourglass":9,"Cauldron":20,"Strange Spoon":21,"CaptainsWheel":27,"Anchor":0,"Pondfish Scales":54,"ChewingGum":34,"Bag of Marbles":26,"Snack Pack":31,"Coffee Dripper":34,"Membership Card":54,"PureWater":0,"TungstenRod":20},{"Whetstone":86,"Ginger":141,"Bottled Tornado":42,"Sling":77,"Boot":77,"Ring of Searing":23,"Replay:Ringing Soul":77,"Sundial":149,"MealTicket":64,"Fusion Hammer":69,"Replay:Bottled Flurry":24,"HandDrill":27,"Kunai":117,"Replay:Wax Seal":11,"Replay:Bottled Steam":84,"Pear":143,"Counterbalance":25,"ReplayTheSpireMod:Ring of Addiction":64,"Blue Candle":118,"Eternal Feather":95,"Pen Nib":80,"Guardian:PocketSentry":110,"Akabeko":58,"SlaversCollar":36,"Bird Faced Urn":88,"Pandora\u0027s Box":0,"StrikeDummy":75,"Lantern":43,"Torii":119,"Singing Bowl":119,"Replay:Purple Gloves":58,"Painkiller Herb":9,"StoneCalendar":33,"Bag of Preparation":65,"Ancient Tea Set":14,"Cursed Key":108,"Pet Ghost":32,"Shovel":93,"Matryoshka":119,"WingedGreaves":58,"Ring of Panic":23,"InkBottle":117,"Potion Belt":64,"Lee\u0027s Waffle":124,"Golden Idol":147,"Thread and Needle":47,"PreservedInsect":35,"champ:DeflectingBracers":145,"Omamori":103,"Frozen Egg 2":79,"GoldenEye":43,"MawBank":110,"Orrery":19,"Turnip":81,"Garlic":70,"Art of War":71,"Bottled Lightning":60,"Toy Ornithopter":96,"Ice Cream":68,"champ:DuelingGlove":88,"Calipers":70,"Gremlin Horn":63,"Vajra":70,"Sozu":17,"Centennial Puzzle":52,"HornCleat":101,"Strawberry":87,"Iron Hammer":80,"Toxic Egg 2":79,"Happy Flower":58,"ReplayTheSpireMod:CursedCoin":28,"Dead Branch":53,"Oddly Smooth Stone":32,"Replay:Kaleidoscope":58,"Letter Opener":124,"War Paint":22,"Du-Vu Doll":103,"OrangePellets":88,"Bottled Flame":72,"ReplayTheSpireMod:Shallot":58,"Shuriken":57,"Bronze Scales":117,"Molten Egg 2":31,"Simple Rune":86,"Grinning Jar":70,"Meat on the Bone":27,"Pocketwatch":123,"ReplayTheSpireMod:Ring of Exchange":64,"SacredBark":64,"Yang":115,"CloakClasp":58,"Juzu Bracelet":101,"Incense Burner":145,"expansioncontent:StudyCardRelic":153,"TeardropLocket":58,"Replay:Mystery Machine":40,"Empty Cage":99,"ClockworkSouvenir":48,"Replay:Bandana":27,"Nunchaku":27,"TheAbacus":124,"Pantograph":98,"Tiny Chest":44,"Red Mask":11,"ReplayTheSpireMod:Ninjato":4,"Replay:Towering Pillar of Hats":73,"Odd Mushroom":96,"Orichalcum":111,"White Beast Statue":5,"Mercury Hourglass":4,"Cauldron":11,"Strange Spoon":101,"CaptainsWheel":15,"Anchor":27,"Pondfish Scales":56,"ChewingGum":45,"Bag of Marbles":14,"Snack Pack":16,"Coffee Dripper":137,"Membership Card":56,"PureWater":0,"TungstenRod":70},{"Whetstone":316,"Ginger":516,"Bottled Tornado":158,"Sling":290,"Boot":290,"Ring of Searing":97,"Replay:Ringing Soul":290,"Sundial":554,"MealTicket":260,"Fusion Hammer":270,"Replay:Bottled Flurry":101,"HandDrill":118,"Kunai":414,"Replay:Wax Seal":42,"Replay:Bottled Steam":310,"Pear":530,"Counterbalance":103,"ReplayTheSpireMod:Ring of Addiction":260,"Blue Candle":416,"Eternal Feather":346,"Pen Nib":299,"Guardian:PocketSentry":397,"Akabeko":243,"SlaversCollar":143,"Bird Faced Urn":326,"Pandora\u0027s Box":0,"StrikeDummy":286,"Lantern":159,"Torii":422,"Singing Bowl":422,"Replay:Purple Gloves":243,"Painkiller Herb":36,"StoneCalendar":133,"Bag of Preparation":262,"Ancient Tea Set":55,"Cursed Key":390,"Pet Ghost":131,"Shovel":344,"Matryoshka":422,"WingedGreaves":243,"Ring of Panic":97,"InkBottle":414,"Potion Belt":260,"Lee\u0027s Waffle":442,"Golden Idol":544,"Thread and Needle":173,"PreservedInsect":138,"champ:DeflectingBracers":536,"Omamori":373,"Frozen Egg 2":296,"GoldenEye":159,"MawBank":397,"Orrery":76,"Turnip":302,"Garlic":273,"Art of War":275,"Bottled Lightning":247,"Toy Ornithopter":347,"Ice Cream":267,"champ:DuelingGlove":326,"Calipers":273,"Gremlin Horn":257,"Vajra":273,"Sozu":69,"Centennial Puzzle":197,"HornCleat":364,"Strawberry":319,"Iron Hammer":299,"Toxic Egg 2":296,"Happy Flower":243,"ReplayTheSpireMod:CursedCoin":120,"Dead Branch":202,"Oddly Smooth Stone":131,"Replay:Kaleidoscope":243,"Letter Opener":442,"War Paint":93,"Du-Vu Doll":373,"OrangePellets":326,"Bottled Flame":278,"ReplayTheSpireMod:Shallot":243,"Shuriken":234,"Bronze Scales":414,"Molten Egg 2":128,"Simple Rune":316,"Grinning Jar":273,"Meat on the Bone":118,"Pocketwatch":438,"ReplayTheSpireMod:Ring of Exchange":260,"SacredBark":260,"Yang":406,"CloakClasp":243,"Juzu Bracelet":364,"Incense Burner":536,"expansioncontent:StudyCardRelic":574,"TeardropLocket":243,"Replay:Mystery Machine":153,"Empty Cage":362,"ClockworkSouvenir":175,"Replay:Bandana":118,"Nunchaku":118,"TheAbacus":442,"Pantograph":356,"Tiny Chest":161,"Red Mask":42,"ReplayTheSpireMod:Ninjato":16,"Replay:Towering Pillar of Hats":280,"Odd Mushroom":347,"Orichalcum":398,"White Beast Statue":21,"Mercury Hourglass":16,"Cauldron":42,"Strange Spoon":364,"CaptainsWheel":59,"Anchor":118,"Pondfish Scales":229,"ChewingGum":169,"Bag of Marbles":55,"Snack Pack":63,"Coffee Dripper":502,"Membership Card":229,"PureWater":0,"TungstenRod":273}],"Toy Ornithopter":35},"card_choices":[{"not_picked":["Crescendo","PathToVictory"],"picked":"JustLucky","floor":1.0},{"not_picked":["Crescendo","PathToVictory"],"picked":"FlurryOfBlows","floor":2.0},{"not_picked":["Crescendo","Protect"],"picked":"EmptyBody","floor":5.0},{"not_picked":["Evaluate","FollowUp"],"picked":"Ragnarok","floor":6.0},{"not_picked":["SignatureMove","Evaluate","FollowUp"],"picked":"SKIP","floor":10.0},{"not_picked":["FlurryOfBlows","CarveReality"],"picked":"DeceiveReality","floor":12.0},{"not_picked":["PathToVictory","Devotion"],"picked":"Protect","floor":14.0},{"not_picked":["ConjureBlade","DevaForm"],"picked":"MasterReality","floor":16.0},{"not_picked":["SignatureMove","PathToVictory"],"picked":"JustLucky","floor":18.0},{"not_picked":["ClearTheMind","WreathOfFlame"],"picked":"Weave","floor":19.0},{"not_picked":["BowlingBash","SandsOfTime"],"picked":"Study","floor":21.0},{"not_picked":["Prostrate","WheelKick"],"picked":"CrushJoints","floor":22.0},{"not_picked":["WaveOfTheHand","FlurryOfBlows"],"picked":"TalkToTheHand","floor":23.0}],"player_experience":1621128,"relics_obtained":[{"floor":6.0,"key":"MawBank"},{"floor":9.0,"key":"Sundial"},{"floor":9.0,"key":"Nunchaku"},{"floor":12.0,"key":"Pantograph"},{"floor":14.0,"key":"Toy Ornithopter"},{"floor":23.0,"key":"MealTicket"}],"event_choices":[{"damage_healed":0.0,"max_hp_gain":0.0,"max_hp_loss":6.0,"gold_gain":0.0,"event_name":"Golden Idol","player_choice":"Lose Max HP","floor":3.0,"gold_loss":0.0,"damage_taken":0.0,"relics_obtained":["Golden Idol"]},{"damage_healed":0.0,"max_hp_gain":0.0,"max_hp_loss":0.0,"gold_gain":0.0,"event_name":"Big Fish","player_choice":"Box","floor":4.0,"gold_loss":0.0,"damage_taken":0.0,"relics_obtained":["StrikeDummy"],"cards_obtained":["Regret"]},{"damage_healed":0.0,"max_hp_gain":0.0,"max_hp_loss":0.0,"gold_gain":0.0,"event_name":"The Woman in Blue","player_choice":"Bought 0 Potions","floor":8.0,"gold_loss":0.0,"damage_taken":0.0}],"is_beta":false,"boss_relics":[{"not_picked":["HolyWater","SlaversCollar"],"picked":"expansioncontent:StudyCardRelic"}],"items_purged_floors":[0],"is_endless":false,"potions_floor_spawned":[2,6,14,18,19],"killed_by":"Gremlin Leader","ascension_level":20}}