{"host":"ya94u95moedzeoqz","time":1610090064,"event":{"mods":["2.2 Compatiblity","Abigail Mod","Act Like it!","Arknights The Spire","Aspiration","Bartender","BaseMod","Better Altar","Better Match","Better Note","Better Sensory Stone","Better Skull","Better Third Choice","BetterRewards","Energized Spire","Evolution","Filter the Spire","GifTheSpireLib","KinomotoSakuraMod(????)","Luminous","Minty Spire (QoL Compilation)","Permanent Neow","Railgun Mod","Replay The Spire","Spicy Shops","StSLib","The Accelerator","The Alterego","The Fake Hero","The Florist","The Forsaken","The Juggle","The Marked","The Senshi","TheArtist","TheVelvet","Yuri Mod"],"gold_per_floor":[110,127,144,49,63,78,78,78,78,78,88,114,114,114,114,212,212,224,243,260,260,274,274,274,274,274,43,61,61,3,13,13,108,108,121,121,227,227,237,256,269,269,348,382,382,402,414,414,414,414],"floor_reached":51,"playtime":4497,"items_purged":[],"score":906,"play_id":"9602108a-88e5-435c-9e4b-042c1c352162","local_time":"20210108021424","is_ascension_mode":false,"campfire_choices":[{"data":"Fight_Dirty","floor":7,"key":"SMITH"},{"floor":10,"key":"REST"},{"data":"Momentum","floor":13,"key":"SMITH"},{"data":"Rope_A_Dope","floor":23,"key":"SMITH"},{"data":"High_Tide","floor":25,"key":"SMITH"},{"floor":32,"key":"REST"},{"data":"Windup","floor":42,"key":"SMITH"},{"data":"Snap_Punch","floor":45,"key":"SMITH"},{"data":"On_The_Rocks","floor":49,"key":"SMITH"}],"circlet_count":0,"master_deck":["Strike_Bartender","Strike_Bartender","Defend_Bartender","Defend_Bartender","Somersault","Bouncer","Power_Up_Punch","Bitters","On_The_Rocks+1","Step_Of_The_Wind","Dragonkick","Surge","Fight_Dirty+1","With_A_Twist","RockBreaker","Center_Self","Momentum+1","Hook","High_Tide+1","Butterfly_Float","Insight_B+1","ThreeSidedStar+1","Well_Drinks+1","Mirage","Rope_A_Dope+1","Vortex+","Elbow_Slash","Momentum+1","Snap_Punch+1","Meteodrive+1","Fading_Blow","Breathe_Deep+1","On_The_House+1","Coeurl_Form+1","Press_Forward+1","Vortex+","On_The_Rocks+1","Raptor_Form+1","Windup+1","Fading_Blow+1","Rising_Crane","Tornado_Kick+1"],"relics":["Sneakers","EVO:Axolotl","Replay:Kaleidoscope","aspiration:Lifesprig","Meat on the Bone","Smiling Mask","Replay:Mystery Machine","Omamori","Astrolabe","Mercury Hourglass","Frozen Egg 2","Replay:Rubber Ducky","alterego_mod:SomeoneToFightFor","Replay:Bronze Core","Protect_Vest","Quantum Egg","TungstenRod"],"acts_visited":["Exordium","TheCity","TheBeyond"],"potions_floor_usage":[0,3,16,31,39,46,46,50,50],"damage_taken":[{"damage":1,"enemies":"Jaw Worm","floor":1,"turns":3},{"damage":0,"enemies":"Cultist","floor":2,"turns":3},{"damage":0,"enemies":"2 Louse","floor":3,"turns":3},{"damage":1,"enemies":"Exordium Wildlife","floor":5,"turns":2},{"damage":0,"enemies":"3 Louse","floor":6,"turns":2},{"damage":6,"enemies":"Large Slime","floor":11,"turns":5},{"damage":0,"enemies":"Lagavulin","floor":12,"turns":6},{"damage":1,"enemies":"Slime Boss","floor":16,"turns":9},{"damage":21,"enemies":"2 Thieves","floor":18,"turns":3},{"damage":0,"enemies":"Chosen","floor":19,"turns":4},{"damage":2,"enemies":"Snecko","floor":20,"turns":6},{"damage":16,"enemies":"Centurion and Healer","floor":22,"turns":5},{"damage":1,"enemies":"Snake Plant","floor":28,"turns":4},{"damage":8,"enemies":"Shelled Parasite and Fungi","floor":31,"turns":3},{"damage":4,"enemies":"Pondfish","floor":33,"turns":6},{"damage":0,"enemies":"3 Shapes","floor":35,"turns":3},{"damage":3,"enemies":"Orb Walker","floor":39,"turns":4},{"damage":0,"enemies":"Maw","floor":40,"turns":4},{"damage":12,"enemies":"3 Darklings","floor":41,"turns":3},{"damage":0,"enemies":"Giant Head","floor":44,"turns":4},{"damage":1,"enemies":"Spire Growth","floor":46,"turns":5},{"damage":1,"enemies":"Transient","floor":47,"turns":5},{"damage":16,"enemies":"Time Eater","floor":50,"turns":9}],"seed_played":"7141045062517372234","potions_obtained":[{"floor":1,"key":"Dexterity Potion"},{"floor":12,"key":"Block Potion"},{"floor":28,"key":"SkillPotion"},{"floor":31,"key":"Strength Potion"},{"floor":33,"key":"AttackPotion"},{"floor":39,"key":"Weak Potion"},{"floor":40,"key":"Ancient Potion"},{"floor":44,"key":"ColorlessPotion"},{"floor":46,"key":"Venom Potion"}],"is_trial":false,"path_per_floor":["M","M","M","$","M","M","R","?","T","R","M","E","R","?","R","B",null,"M","M","M","?","M","R","T","R","T","$","M","?","$","M","R","B",null,"M","?","?","T","M","M","M","R","T","E","R","M","M","?","R","B",null],"character_chosen":"BARTENDER","items_purchased":["Bouncer","Power_Up_Punch","Bitters","On_The_Rocks","Replay:Kaleidoscope","aspiration:Lifesprig","Meat on the Bone","Fruit Juice","Fight_Dirty","With_A_Twist","Momentum+1","Replay:Rubber Ducky","Meteodrive+1"],"campfire_rested":2,"item_purchase_floors":[0,0,0,0,0,0,0,0,4,4,27,27,30],"current_hp_per_floor":[42,42,42,42,41,41,41,41,41,63,57,57,57,57,57,56,75,54,54,52,52,48,48,48,48,48,48,47,47,47,39,61,57,75,75,75,75,75,72,72,60,60,60,60,60,73,72,72,72,56],"gold":414,"neow_bonus":"","is_daily":false,"chose_seed":false,"campfire_upgraded":7,"win_rate":0.0,"timestamp":1610090064,"path_taken":["M","M","M","$","M","M","R","?","T","R","M","E","R","?","R","BOSS","M","?","M","?","?","R","?","R","T","$","M","?","?","M","R","BOSS","M","?","?","?","M","M","M","R","T","E","R","?","M","?","R","BOSS"],"items_purchased_type":["Card","Card","Card","Card","Relic","Relic","Relic","Potion","Card","Card","Card","Relic","Card"],"build_version":"2020-12-22","purchased_purges":0,"victory":true,"max_hp_per_floor":[75,75,75,75,75,75,75,75,75,75,75,75,75,75,75,75,75,75,75,75,75,75,75,75,75,75,75,75,75,75,75,75,75,75,75,75,75,75,75,75,75,75,75,75,75,75,75,75,75,75],"card_choices":[{"not_picked":["With_A_Twist","Surge"],"picked":"Step_Of_The_Wind","floor":1},{"not_picked":["Feint","Hook"],"picked":"Dragonkick","floor":2},{"not_picked":["Dragonkick","Perfect_Balance"],"picked":"Surge","floor":3},{"not_picked":["Ball_Of_Ice","Blizzard_Spikes"],"picked":"RockBreaker","floor":5},{"not_picked":["Pony_Shot","RockBreaker"],"picked":"Center_Self","floor":6},{"not_picked":["Free_Pour","On_The_Rocks"],"picked":"Momentum","floor":11},{"not_picked":["Free_Pour","Scoop"],"picked":"Hook","floor":12},{"not_picked":["High_Tide","Dolphin_Blow"],"picked":"Butterfly_Float","floor":16},{"not_picked":["Stick_and_Move","Foot_Thrust"],"picked":"Mirage","floor":18},{"not_picked":["Power_Up_Punch","Scoop"],"picked":"Rope_A_Dope","floor":19},{"not_picked":["Rising_Crane","Scoop"],"picked":"Vortex+","floor":20},{"not_picked":["Free_Pour","Foot_Thrust"],"picked":"Elbow_Slash","floor":22},{"not_picked":["On_The_Rocks+1","Rope_A_Dope+1"],"picked":"Snap_Punch","floor":28},{"not_picked":["Ripple","Hook"],"picked":"Fading_Blow","floor":31},{"not_picked":["Windup","Butterfly_Float"],"picked":"Breathe_Deep+1","floor":33},{"not_picked":["Center_Self+1","Free_Pour+1"],"picked":"On_The_House+1","floor":35},{"not_picked":["Scoop+1","Wall_of_Ice"],"picked":"Coeurl_Form+1","floor":37},{"not_picked":["Pony_Shot+1","Fading_Blow+1"],"picked":"Press_Forward+1","floor":37},{"not_picked":["Ball_Of_Ice","Foot_Thrust"],"picked":"Vortex+","floor":37},{"not_picked":["Hook+1","Insight_B"],"picked":"On_The_Rocks+1","floor":39},{"not_picked":["Bouncer+1","Sucker_Punch+1"],"picked":"Raptor_Form+1","floor":40},{"not_picked":["Phantom_Blow+1","Center_Self+1"],"picked":"Windup","floor":41},{"not_picked":["Stick_and_Move","Power_Up_Punch+1"],"picked":"Fading_Blow+1","floor":44},{"not_picked":["Ball_Of_Ice+1","Greased_Lightning+1"],"picked":"Rising_Crane","floor":46},{"not_picked":["Center_Self","Fading_Blow"],"picked":"Tornado_Kick+1","floor":47}],"player_experience":521761,"relics_obtained":[{"floor":9,"key":"Smiling Mask"},{"floor":12,"key":"Replay:Mystery Machine"},{"floor":24,"key":"Mercury Hourglass"},{"floor":26,"key":"Frozen Egg 2"},{"floor":38,"key":"Protect_Vest"},{"floor":43,"key":"Quantum Egg"},{"floor":44,"key":"TungstenRod"}],"event_choices":[{"damage_healed":41,"gold_gain":0,"player_choice":"Embrace Burn","damage_taken":0,"max_hp_gain":0,"max_hp_loss":75,"event_name":"betterThird:BetterShining","floor":8,"gold_loss":0},{"cards_removed":["Burn"],"damage_healed":0,"gold_gain":0,"player_choice":"Gave Card","damage_taken":0,"relics_obtained":["Omamori"],"max_hp_gain":0,"max_hp_loss":0,"event_name":"WeMeetAgain","floor":14,"gold_loss":0},{"damage_healed":0,"gold_gain":0,"player_choice":"Ignored","damage_taken":0,"max_hp_gain":0,"max_hp_loss":0,"event_name":"betterNote:BetterNote","floor":21,"gold_loss":0,"cards_obtained":["yuri:JumpScare"]},{"damage_healed":0,"gold_gain":0,"player_choice":"Choice 2","damage_taken":0,"relics_obtained":["alterego_mod:SomeoneToFightFor"],"max_hp_gain":0,"max_hp_loss":0,"event_name":"Secret Garden","floor":29,"gold_loss":0},{"damage_healed":0,"gold_gain":0,"player_choice":"Ignored","damage_taken":0,"max_hp_gain":0,"max_hp_loss":0,"event_name":"Tomb of Lord Red Mask","floor":36,"gold_loss":0},{"damage_healed":0,"gold_gain":0,"player_choice":"Ignored","damage_taken":0,"max_hp_gain":0,"max_hp_loss":0,"event_name":"Mysterious Sphere","floor":48,"gold_loss":0}],"is_beta":false,"boss_relics":[{"not_picked":["SlaversCollar","energizedSpire:DeadBattery"],"picked":"Astrolabe"},{"not_picked":["energizedSpire:EnergizedDie","ChewingGum"],"picked":"Replay:Bronze Core"}],"items_purged_floors":[],"is_endless":false,"potions_floor_spawned":[1,12,28,31,33,39,40,44,46],"ascension_level":0}}