{"host":"aibqmozag2xz7y1n","time":1610121490,"event":{"mods":["AchievementEnabler","BaseMod","Colored Map","Colored Powertips","Marisa????????","Minty Spire (QoL Compilation)","Rare Cards Sparkle","StSLib","The Servant 0.9.4"],"gold_per_floor":[144,0,0,45,45,45,90,210,235,7,97,142,187,232,232,532,532,577,577,622,667,315,315,405,405,430,529,80,98,98,143,143,452,452,506,506,551,596,605,704,767,767,767,812,521,521,321,420,420,420],"floor_reached":51,"playtime":3163,"items_purged":["Turbo","Barrage","Force Field+1"],"score":920,"play_id":"9bc7fca6-5e41-4938-af67-abe479e8bce6","local_time":"20210108165810","daily_mods":["Draft","ControlledChaos","Midas"],"is_ascension_mode":false,"campfire_choices":[{"floor":15,"key":"REST"},{"floor":23,"key":"REST"},{"floor":25,"key":"REST"},{"data":"Auto Shields","floor":32,"key":"PURGE"},{"floor":42,"key":"REST"},{"data":"Static Discharge","floor":46,"key":"PURGE"},{"floor":49,"key":"REST"}],"circlet_count":0,"master_deck":["Beam Cell","Gash+1","Gash","FTL","Steam","Stack","Defragment","Leap","Scrape","Go for the Eyes","Gash+1","Gash","Sweeping Beam","Conserve Battery","Defragment","Scrape","Rainbow","FTL","Go for the Eyes","Genetic Algorithm","Beam Cell","All For One","Ball Lightning","Necronomicurse","Finesse","Thinking Ahead","Steam+1","Redo+1","FTL+1","Thinking Ahead","Core Surge+1","Stack","Discovery","Parasite","Stack","Apotheosis","All For One+1"],"relics":["Cracked Core","Frozen Eye","Meat on the Bone","Boot","Regal Pillow","Gremlin Horn","Nuclear Battery","Necronomicon","Molten Egg 2","CeramicFish","Peace Pipe","Membership Card","Calipers","Red Mask","White Beast Statue","Philosopher\u0027s Stone","Symbiotic Virus","Blue Candle","Strawberry","Strange Spoon","Nunchaku","Frozen Egg 2","The Courier"],"acts_visited":["Exordium","TheCity","TheBeyond"],"potions_floor_usage":[12,16,33,33,33,35,41,41,48,50],"damage_taken":[{"damage":0,"enemies":"2 Louse","floor":1,"turns":2},{"damage":0,"enemies":"Small Slimes","floor":4,"turns":2},{"damage":2,"enemies":"Jaw Worm","floor":7,"turns":2},{"damage":6,"enemies":"Gremlin Nob","floor":8,"turns":4},{"damage":7,"enemies":"Gremlin Nob","floor":11,"turns":4},{"damage":5,"enemies":"Gremlin Gang","floor":12,"turns":2},{"damage":0,"enemies":"2 Fungi Beasts","floor":13,"turns":2},{"damage":0,"enemies":"3 Louse","floor":14,"turns":2},{"damage":34,"enemies":"Hexaghost","floor":16,"turns":8},{"damage":3,"enemies":"Chosen","floor":18,"turns":3},{"damage":5,"enemies":"Shell Parasite","floor":20,"turns":4},{"damage":10,"enemies":"Sentry and Sphere","floor":21,"turns":3},{"damage":0,"enemies":"Book of Stabbing","floor":24,"turns":4},{"damage":2,"enemies":"Gremlin Leader","floor":27,"turns":3},{"damage":0,"enemies":"Masked Bandits","floor":29,"turns":3},{"damage":23,"enemies":"Shelled Parasite and Fungi","floor":31,"turns":4},{"damage":0,"enemies":"Collector","floor":33,"turns":4},{"damage":17,"enemies":"3 Darklings","floor":35,"turns":3},{"damage":20,"enemies":"3 Shapes","floor":37,"turns":3},{"damage":0,"enemies":"Transient","floor":38,"turns":5},{"damage":34,"enemies":"Giant Head","floor":40,"turns":10},{"damage":16,"enemies":"Writhing Mass","floor":41,"turns":5},{"damage":8,"enemies":"4 Shapes","floor":44,"turns":2},{"damage":23,"enemies":"Nemesis","floor":48,"turns":5},{"damage":8,"enemies":"Awakened One","floor":50,"turns":12}],"seed_played":"-6062085814737979882","potions_obtained":[{"floor":1,"key":"Weak Potion"},{"floor":8,"key":"ColorlessPotion"},{"floor":13,"key":"DuplicationPotion"},{"floor":20,"key":"Ancient Potion"},{"floor":21,"key":"FocusPotion"},{"floor":31,"key":"LiquidMemories"},{"floor":33,"key":"Fire Potion"},{"floor":35,"key":"SteroidPotion"},{"floor":37,"key":"Fire Potion"},{"floor":38,"key":"EssenceOfDarkness"},{"floor":40,"key":"EssenceOfSteel"},{"floor":41,"key":"Dexterity Potion"},{"floor":44,"key":"Regen Potion"},{"floor":48,"key":"DistilledChaos"}],"is_trial":false,"path_per_floor":["M","$","?","M","?","$","M","?","T","$","E","M","M","M","R","B",null,"M","?","M","M","$","R","E","R","T","E","$","?","T","M","R","B",null,"M","?","M","M","?","E","M","R","T","M","$","R","$","E","R","B",null],"character_chosen":"DEFECT","items_purchased":["Defragment","Scrape","FTL","Regal Pillow","Finesse","Thinking Ahead","Membership Card","Calipers","FTL+1","Thinking Ahead","Strawberry","Strange Spoon","Apotheosis","Nunchaku","Frozen Egg 2"],"campfire_rested":5,"item_purchase_floors":[2,2,10,10,22,22,28,28,28,28,45,45,45,47,47],"current_hp_per_floor":[75,75,60,60,60,60,58,52,52,52,45,40,40,40,75,41,75,72,56,51,41,41,75,75,75,75,73,73,73,73,50,50,50,75,58,75,55,55,55,33,29,66,66,58,65,65,65,51,82,74],"gold":420,"neow_bonus":"","is_daily":true,"chose_seed":false,"campfire_upgraded":0,"win_rate":0.0,"timestamp":1610121490,"path_taken":["M","$","?","M","?","$","M","?","T","?","E","M","M","?","R","BOSS","M","?","M","M","$","R","E","R","T","E","$","?","?","?","R","BOSS","M","?","?","M","?","E","M","R","T","M","$","R","$","E","R","BOSS"],"items_purchased_type":["Card","Card","Card","Relic","Card","Card","Relic","Relic","Card","Card","Relic","Relic","Card","Relic","Relic"],"build_version":"2020-12-22","purchased_purges":3,"victory":true,"max_hp_per_floor":[75,75,75,75,75,75,75,75,75,75,75,75,75,75,75,75,75,75,75,75,75,75,75,75,75,75,75,75,75,75,75,75,75,75,75,75,75,75,75,75,75,75,75,75,82,82,82,82,82,82],"card_choices":[{"not_picked":["Undo","Scrape"],"picked":"Barrage","floor":0},{"not_picked":["Skim","Hologram"],"picked":"Beam Cell","floor":0},{"not_picked":["Barrage","Beam Cell"],"picked":"Gash","floor":0},{"not_picked":["Stack","Conserve Battery"],"picked":"Gash","floor":0},{"not_picked":["Conserve Battery","Turbo"],"picked":"FTL","floor":0},{"not_picked":["Beam Cell","Fusion"],"picked":"Steam","floor":0},{"not_picked":["Lockon","Hologram"],"picked":"Stack","floor":0},{"not_picked":["Rip and Tear","Coolheaded"],"picked":"Static Discharge","floor":0},{"not_picked":["Aggregate","Genetic Algorithm"],"picked":"Defragment","floor":0},{"not_picked":["Streamline","Steam Power"],"picked":"Leap","floor":0},{"not_picked":["Melter","Rebound"],"picked":"Scrape","floor":0},{"not_picked":["Chill","Static Discharge"],"picked":"Go for the Eyes","floor":0},{"not_picked":["Melter","Sunder"],"picked":"Gash","floor":0},{"not_picked":["Cold Snap","Steam"],"picked":"Gash","floor":0},{"not_picked":["Stack","Fusion"],"picked":"Sweeping Beam","floor":0},{"not_picked":["Rebound","Beam Cell"],"picked":"Conserve Battery","floor":1},{"not_picked":["Coolheaded","Rebound"],"picked":"Rainbow","floor":4},{"not_picked":["Beam Cell","Doom and Gloom"],"picked":"Auto Shields","floor":7},{"not_picked":["Sunder","Barrage"],"picked":"Turbo","floor":11},{"not_picked":["Coolheaded","Scrape"],"picked":"Go for the Eyes","floor":12},{"not_picked":["Melter","Go for the Eyes"],"picked":"Genetic Algorithm","floor":13},{"not_picked":["Coolheaded","Cold Snap"],"picked":"Beam Cell","floor":14},{"not_picked":["Seek","Core Surge"],"picked":"All For One","floor":16},{"not_picked":["Glacier+1","Redo"],"picked":"Ball Lightning","floor":18},{"not_picked":["Compile Driver","Ball Lightning","Redo"],"picked":"SKIP","floor":20},{"not_picked":["White Noise","Compile Driver","Skim"],"picked":"SKIP","floor":21},{"not_picked":["Hello World","Consume"],"picked":"Steam+1","floor":24},{"not_picked":["Steam+1","Cold Snap+1"],"picked":"Redo+1","floor":27},{"not_picked":["Melter+1","Sweeping Beam+1","Stack"],"picked":"SKIP","floor":31},{"not_picked":["Machine Learning","Thunder Strike+1"],"picked":"Core Surge+1","floor":33},{"not_picked":["Coolheaded","Sweeping Beam+1"],"picked":"Stack","floor":35},{"not_picked":["Compile Driver+1","Undo","Coolheaded+1"],"picked":"SKIP","floor":37},{"not_picked":["Creative AI","Chill+1","Recycle+1"],"picked":"SKIP","floor":38},{"not_picked":["PanicButton","Magnetism"],"picked":"Discovery","floor":39},{"not_picked":["Sweeping Beam+1","Reinforced Body"],"picked":"Force Field+1","floor":40},{"not_picked":["Aggregate","Hello World"],"picked":"Stack","floor":41},{"not_picked":["Aggregate+1","Turbo","Compile Driver+1"],"picked":"SKIP","floor":44},{"not_picked":["Consume","Rainbow"],"picked":"All For One+1","floor":48}],"player_experience":221005,"relics_obtained":[{"floor":8,"key":"Meat on the Bone"},{"floor":9,"key":"Boot"},{"floor":11,"key":"Gremlin Horn"},{"floor":19,"key":"Necronomicon"},{"floor":24,"key":"Molten Egg 2"},{"floor":26,"key":"CeramicFish"},{"floor":27,"key":"Peace Pipe"},{"floor":29,"key":"Red Mask"},{"floor":30,"key":"White Beast Statue"},{"floor":40,"key":"Symbiotic Virus"},{"floor":43,"key":"Blue Candle"},{"floor":48,"key":"The Courier"}],"event_choices":[{"damage_healed":0,"gold_gain":0,"player_choice":"Entered Light","damage_taken":15,"max_hp_gain":0,"max_hp_loss":0,"event_name":"Shining Light","floor":3,"gold_loss":0,"cards_upgraded":["Gash","Gash"]},{"damage_healed":0,"gold_gain":0,"player_choice":"Ignored","damage_taken":0,"max_hp_gain":0,"max_hp_loss":0,"event_name":"Liars Game","floor":5,"gold_loss":0},{"damage_healed":0,"gold_gain":0,"player_choice":"Searched \u00271\u0027 times","damage_taken":0,"max_hp_gain":0,"max_hp_loss":0,"event_name":"Dead Adventurer","floor":8,"gold_loss":0},{"damage_healed":0,"gold_gain":0,"player_choice":"Obtained Book","damage_taken":16,"max_hp_gain":0,"max_hp_loss":0,"event_name":"Cursed Tome","floor":19,"gold_loss":0},{"damage_healed":0,"gold_gain":0,"player_choice":"Fought Bandits","damage_taken":0,"max_hp_gain":0,"max_hp_loss":0,"event_name":"Masked Bandits","floor":29,"gold_loss":0},{"damage_healed":17,"gold_gain":0,"player_choice":"Full Heal","damage_taken":0,"max_hp_gain":0,"max_hp_loss":0,"event_name":"Wheel of Change","floor":36,"gold_loss":0},{"damage_healed":0,"gold_gain":0,"player_choice":"Memory 1","damage_taken":0,"max_hp_gain":0,"max_hp_loss":0,"event_name":"SensoryStone","floor":39,"gold_loss":0}],"is_beta":false,"boss_relics":[{"not_picked":["Calling Bell","Runic Pyramid"],"picked":"Nuclear Battery"},{"not_picked":["Sozu","Tiny House"],"picked":"Philosopher\u0027s Stone"}],"items_purged_floors":[22,28,45],"is_endless":false,"potions_floor_spawned":[1,8,13,20,21,29,31,33,35,37,38,40,41,44,48],"ascension_level":0}}