{"host":"kabf61oc9jgfwufg","time":1610124727,"event":{"mods":["AchievementEnabler","Act Like it!","Aspiration","BaseMod","Conspire","GifTheSpireLib","Halation","HexUI Lib","Hubris","Infinite Spire","Melee Mod","Minty Spire (QoL Compilation)","Quick Restart","Rare Cards Sparkle","Replay The Spire","Shop Mod","StSLib","Waifu the Spire"],"gold_per_floor":[140,180,190,69,69,69,69,69,94,106,139,139,156,170,170,270,270,282,381,381,393,406,406,406,406,432,445,449,449],"floor_reached":28,"playtime":910,"items_purged":["Defend_P"],"score":220,"play_id":"d4c81910-adf0-44d1-b5ef-2faaa3cb81aa","local_time":"20210108165207","is_ascension_mode":false,"campfire_choices":[{"data":"Crow Ritual","floor":6.0,"key":"SMITH"},{"data":"Eruption","floor":8.0,"key":"SMITH"},{"floor":12.0,"key":"REST"},{"data":"Tantrum","floor":15.0,"key":"SMITH"},{"data":"WreathOfFlame","floor":23.0,"key":"SMITH"},{"data":"infinitespire:Gouge","floor":25.0,"key":"SMITH"}],"circlet_count":0,"master_deck":["Strike_P","Strike_P+1","Strike_P","Defend_P","Defend_P","Defend_P+1","Eruption+1","Vigilance","Wish","WreathOfFlame+1","Crow Ritual+1","ReplayTheSpireMod:Private Reserves","Flash of Steel","Tantrum+1","FollowUp","infinitespire:Gouge+1","Crescendo"],"relics":["PureWater","ReplayTheSpireMod:ShopPack","Simple Rune","halation:BottledLove","conspire:SpecialSausage","halation:IllGainedPizza","aspiration:TomeofQuesting"],"acts_visited":["Exordium","TheCity"],"potions_floor_usage":[],"damage_taken":[{"damage":9.0,"enemies":"2 Louse","floor":1.0,"turns":5.0},{"damage":2.0,"enemies":"Small Slimes","floor":2.0,"turns":6.0},{"damage":22.0,"enemies":"Jaw Worm","floor":3.0,"turns":2.0},{"damage":2.0,"enemies":"Exordium Wildlife","floor":10.0,"turns":4.0},{"damage":23.0,"enemies":"Lagavulin","floor":11.0,"turns":6.0},{"damage":12.0,"enemies":"Blue Slaver","floor":13.0,"turns":4.0},{"damage":2.0,"enemies":"Looter","floor":14.0,"turns":4.0},{"damage":19.0,"enemies":"Hexaghost","floor":16.0,"turns":9.0},{"damage":22.0,"enemies":"2 Thieves","floor":18.0,"turns":3.0},{"damage":0.0,"enemies":"Spheric Guardian","floor":21.0,"turns":2.0},{"damage":7.0,"enemies":"Centurion and Healer","floor":22.0,"turns":5.0},{"damage":20,"enemies":"Chosen and Byrds","floor":27,"turns":2},{"damage":24,"enemies":"Nightmare","floor":28,"turns":3}],"seed_played":"-3193552861805905178","potions_obtained":[{"floor":1.0,"key":"Explosive Potion"},{"floor":2.0,"key":"Ancient Potion"},{"floor":14.0,"key":"Regen Potion"},{"floor":16.0,"key":"SteroidPotion"},{"floor":22.0,"key":"SteroidPotion"}],"is_trial":false,"path_per_floor":["M","M","M","$","?","R","?","R","T","M","E","R","M","M","R","B",null,"M","?","AVR","M","M","R","?","R","T","M","NM"],"character_chosen":"WATCHER","items_purchased":["ReplayTheSpireMod:ShopPack"],"campfire_rested":1,"item_purchase_floors":[4],"current_hp_per_floor":[56,54,32,32,37,37,30,30,30,28,5,26,14,12,12,8,70,48,48,48,48,41,41,41,41,41,21,0,0],"gold":449,"neow_bonus":"THREE_RARE_CARDS","is_daily":false,"chose_seed":false,"campfire_upgraded":5,"win_rate":0.0,"timestamp":1610124727,"path_taken":["M","M","M","$","?","R","?","R","T","M","E","R","M","M","R","BOSS","M","?","AVR","M","M","R","?","R","T","M","NM"],"items_purchased_type":["Relic"],"build_version":"2020-12-22","purchased_purges":1,"victory":false,"max_hp_per_floor":[65,65,65,65,70,70,70,70,70,70,70,70,70,70,70,70,70,70,70,70,70,70,70,70,70,70,70,70,70],"card_choices":[{"not_picked":["Vault","Ragnarok"],"picked":"Wish","floor":0.0},{"not_picked":["Protect","BattleHymn","PathToVictory"],"picked":"SKIP","floor":1.0},{"not_picked":["Adaptation","Vengeance"],"picked":"WreathOfFlame","floor":2.0},{"not_picked":["LikeWater","Swivel","Prostrate"],"picked":"SKIP","floor":3.0},{"not_picked":["Violence","Chrysalis"],"picked":"Crow Ritual","floor":4.0},{"not_picked":["ReplayTheSpireMod:Uncanny Aura","The Bomb"],"picked":"ReplayTheSpireMod:Private Reserves","floor":4.0},{"not_picked":["ReplayUltimateDefense","ReplayTheSpireMod:Uncanny Aura"],"picked":"Flash of Steel","floor":4.0},{"not_picked":["Nirvana","LikeWater"],"picked":"Tantrum","floor":10.0},{"not_picked":["Swivel","Consecrate","Omniscience"],"picked":"SKIP","floor":11.0},{"not_picked":["Prostrate","Fasting2","Nirvana"],"picked":"SKIP","floor":13.0},{"not_picked":["Replay:AtTheReady","MentalFortress"],"picked":"FollowUp","floor":14.0},{"not_picked":["LikeWater+1","WheelKick","Replay:ManipulateFuture"],"picked":"SKIP","floor":18.0},{"not_picked":["DeceiveReality","SashWhip"],"picked":"Crescendo","floor":21.0},{"not_picked":["Replay:AtTheReady","Protect","Crescendo"],"picked":"SKIP","floor":22.0},{"not_picked":["Worship","BowlingBash","EmptyFist"],"picked":"SKIP","floor":27}],"player_experience":88213,"relics_obtained":[{"floor":9.0,"key":"Simple Rune"},{"floor":11.0,"key":"halation:BottledLove"},{"floor":26.0,"key":"aspiration:TomeofQuesting"}],"event_choices":[{"damage_healed":0.0,"max_hp_gain":5.0,"max_hp_loss":0.0,"gold_gain":0.0,"event_name":"Big Fish","player_choice":"Donut","floor":5.0,"gold_loss":0.0,"damage_taken":0.0},{"cards_removed":["Strike_P"],"damage_healed":0.0,"max_hp_gain":0.0,"max_hp_loss":0.0,"gold_gain":0.0,"event_name":"Golden Wing","player_choice":"Card Removal","floor":7.0,"gold_loss":0.0,"damage_taken":7.0},{"damage_healed":0.0,"max_hp_gain":0.0,"max_hp_loss":0.0,"gold_gain":99.0,"event_name":"Nest","player_choice":"Stole From Cult","floor":19.0,"gold_loss":0.0,"damage_taken":0.0}],"is_beta":false,"boss_relics":[{"not_picked":["Replay:Drink Me","halation:ForbiddenBikini"],"picked":"conspire:SpecialSausage"}],"items_purged_floors":[20],"is_endless":false,"potions_floor_spawned":[1,2,14,16,22],"killed_by":"Nightmare","ascension_level":0}}