{"host":"by3dnjj711vo194a","time":1610093104,"event":{"mods":["2.2 Compatiblity","AchievementEnabler","BaseMod","Colored Map","DeckTracker","KOR Keyword Fix","Keyboard Shortcuts","Minty Spire (QoL Compilation)","Permanent Neow","Quick Restart","StSLib","SuperFastMode","everything is the same but u backflip on backflip"],"gold_per_floor":[117,117,130,55,72,72,87,87,87,87,101,157,57,68,68,165,165,179,193,203,203,51,51,51,76,76,76,88,119,119,131,131,229,229,241,178,178,193,39,39,52,65,65,65,65,75,75,405,405,405],"floor_reached":51,"playtime":2160,"items_purged":["Strike_G","Defend_G","Choke","Slice"],"score":958,"play_id":"b788d55a-ca4e-489a-ab65-17a5767dd55e","local_time":"20210108170504","is_ascension_mode":true,"campfire_choices":[{"data":"Prepared","floor":6.0,"key":"SMITH"},{"data":"Neutralize","floor":8.0,"key":"SMITH"},{"data":"Well Laid Plans","floor":10.0,"key":"SMITH"},{"data":"Acrobatics","floor":15.0,"key":"SMITH"},{"data":"Tactician","floor":24.0,"key":"SMITH"},{"data":"Concentrate","floor":27.0,"key":"SMITH"},{"floor":32.0,"key":"REST"},{"data":"Calculated Gamble","floor":40.0,"key":"SMITH"},{"data":"Backflip","floor":44.0,"key":"SMITH"},{"floor":47.0,"key":"REST"},{"data":"Dagger Throw","floor":49.0,"key":"SMITH"}],"circlet_count":0,"master_deck":["Survivor","Neutralize+1","Dash","Prepared+1","Quick Slash","Well Laid Plans+1","Backflip+1","Acrobatics+1","Grand Finale+1","Dagger Throw+1","Concentrate+1","Tactician+1","Calculated Gamble+1","Prepared+1","Corpse Explosion","Tools of the Trade+1","Outmaneuver","Unload"],"relics":["Ring of the Snake","Sundial","HoveringKite","Membership Card","InkBottle","Frozen Egg 2","Lantern","Pandora\u0027s Box","Akabeko","StoneCalendar","Old Coin"],"acts_visited":["Exordium","TheCity","TheBeyond"],"potions_floor_usage":[50,50,50],"damage_taken":[{"damage":0.0,"enemies":"2 Louse","floor":1.0,"turns":2.0},{"damage":2.0,"enemies":"Jaw Worm","floor":3.0,"turns":4.0},{"damage":14.0,"enemies":"Small Slimes","floor":5.0,"turns":4.0},{"damage":30.0,"enemies":"Exordium Thugs","floor":7.0,"turns":7.0},{"damage":13.0,"enemies":"Lots of Slimes","floor":11.0,"turns":6.0},{"damage":1.0,"enemies":"Gremlin Nob","floor":12.0,"turns":3.0},{"damage":0.0,"enemies":"Gremlin Gang","floor":14.0,"turns":3.0},{"damage":0.0,"enemies":"Slime Boss","floor":16.0,"turns":5.0},{"damage":0.0,"enemies":"Spheric Guardian","floor":18.0,"turns":2.0},{"damage":0.0,"enemies":"Chosen","floor":19.0,"turns":3.0},{"damage":9.0,"enemies":"Shelled Parasite and Fungi","floor":20.0,"turns":2.0},{"damage":20.0,"enemies":"Slavers","floor":25.0,"turns":2.0},{"damage":30.0,"enemies":"Chosen and Byrds","floor":28.0,"turns":8.0},{"damage":0.0,"enemies":"Book of Stabbing","floor":29.0,"turns":3.0},{"damage":2.0,"enemies":"Cultist and Chosen","floor":31.0,"turns":2.0},{"damage":23.0,"enemies":"Collector","floor":33.0,"turns":7.0},{"damage":9.0,"enemies":"Orb Walker","floor":35.0,"turns":3.0},{"damage":0.0,"enemies":"3 Darklings","floor":38.0,"turns":2.0},{"damage":36.0,"enemies":"Writhing Mass","floor":41.0,"turns":3.0},{"damage":0.0,"enemies":"Spire Growth","floor":42.0,"turns":3.0},{"damage":0.0,"enemies":"4 Shapes","floor":46.0,"turns":1.0},{"damage":7.0,"enemies":"Nemesis","floor":48.0,"turns":5.0},{"damage":2,"enemies":"Awakened One","floor":50,"turns":7}],"seed_played":"8132594591866786883","potions_obtained":[{"floor":3.0,"key":"LiquidMemories"},{"floor":12.0,"key":"Explosive Potion"},{"floor":18.0,"key":"ColorlessPotion"},{"floor":19.0,"key":"SteroidPotion"},{"floor":25.0,"key":"GhostInAJar"}],"is_trial":false,"path_per_floor":["M","?","M","$","M","R","M","R","T","R","M","?","$","M","R","B",null,"M","M","M","?","$","?","R","E","T","R","M","E","?","M","R","B",null,"M","$","?","M","$","R","M","M","T","R","?","M","R","E","R","B",null],"character_chosen":"THE_SILENT","items_purchased":["Membership Card","Akabeko"],"campfire_rested":2,"item_purchase_floors":[22,39],"current_hp_per_floor":[70,63,61,61,47,47,17,17,17,17,4,3,3,3,3,3,70,70,70,61,61,61,61,61,41,41,41,11,11,11,9,30,7,70,61,61,61,61,61,61,25,25,25,25,25,25,46,39,39,37],"gold":405,"neow_bonus":"TRANSFORM_CARD","is_daily":false,"chose_seed":false,"campfire_upgraded":9,"win_rate":0.0,"timestamp":1610093104,"path_taken":["M","?","M","$","M","R","M","R","T","R","M","?","$","M","R","BOSS","M","M","M","?","$","?","R","E","T","R","M","E","?","M","R","BOSS","M","$","?","?","$","R","?","M","T","R","?","M","R","E","R","BOSS"],"items_purchased_type":["Relic","Relic"],"build_version":"2020-12-22","purchased_purges":4,"victory":true,"max_hp_per_floor":[70,70,70,70,70,70,70,70,70,70,70,70,70,70,70,70,70,70,70,70,70,70,70,70,70,70,70,70,70,70,70,70,70,70,70,70,70,70,70,70,70,70,70,70,70,70,70,70,70,70],"card_choices":[{"not_picked":["Dagger Spray","PiercingWail"],"picked":"Prepared","floor":1.0},{"not_picked":["Cloak And Dagger","Sucker Punch"],"picked":"Quick Slash","floor":3.0},{"not_picked":["Blade Dance","All Out Attack"],"picked":"Well Laid Plans","floor":5.0},{"not_picked":["Outmaneuver","Masterful Stab","Night Terror"],"picked":"SKIP","floor":7.0},{"not_picked":["Outmaneuver","Sucker Punch"],"picked":"Backflip","floor":11.0},{"not_picked":["Bouncing Flask","Slice"],"picked":"Acrobatics","floor":14.0},{"not_picked":["Flying Knee","Dagger Spray","Crippling Poison"],"picked":"SKIP","floor":18.0},{"not_picked":["PiercingWail","Sucker Punch+1"],"picked":"Dagger Throw","floor":19.0},{"not_picked":["Poisoned Stab+1","After Image"],"picked":"Concentrate","floor":20.0},{"not_picked":["Wraith Form v2","Slice"],"picked":"Calculated Gamble","floor":25.0},{"not_picked":["Underhanded Strike","Deadly Poison","Calculated Gamble"],"picked":"SKIP","floor":28.0},{"not_picked":["Cloak And Dagger","Accuracy+1","Outmaneuver+1"],"picked":"SKIP","floor":29.0},{"not_picked":["Outmaneuver","Dagger Spray","Poisoned Stab"],"picked":"SKIP","floor":31.0},{"not_picked":["Prepared","Backstab","Distraction+1"],"picked":"SKIP","floor":35.0},{"not_picked":["Quick Slash","Backflip","Dodge and Roll"],"picked":"SKIP","floor":38.0},{"not_picked":["Flechettes","Noxious Fumes+1","Backflip"],"picked":"SKIP","floor":41.0},{"not_picked":["Underhanded Strike","Deadly Poison","Dagger Throw"],"picked":"SKIP","floor":42.0},{"not_picked":["Distraction","Underhanded Strike","Tools of the Trade+1"],"picked":"SKIP","floor":46.0},{"not_picked":["Bouncing Flask","Skewer+1","Crippling Poison+1"],"picked":"SKIP","floor":48.0}],"player_experience":153949,"relics_obtained":[{"floor":12.0,"key":"Sundial"},{"floor":25.0,"key":"InkBottle"},{"floor":26.0,"key":"Frozen Egg 2"},{"floor":29.0,"key":"Lantern"},{"floor":43.0,"key":"StoneCalendar"},{"floor":48.0,"key":"Old Coin"}],"event_choices":[{"cards_removed":["Strike_G"],"damage_healed":0.0,"max_hp_gain":0.0,"max_hp_loss":0.0,"gold_gain":0.0,"event_name":"Golden Wing","player_choice":"Card Removal","floor":2.0,"gold_loss":0.0,"damage_taken":7.0},{"damage_healed":0.0,"max_hp_gain":0.0,"max_hp_loss":0.0,"gold_gain":0.0,"event_name":"Dead Adventurer","player_choice":"Searched \u00272\u0027 times","floor":12.0,"gold_loss":0.0,"damage_taken":0.0},{"damage_healed":0.0,"max_hp_gain":0.0,"max_hp_loss":0.0,"gold_gain":0.0,"event_name":"Ghosts","player_choice":"Ignored","floor":21.0,"gold_loss":0.0,"damage_taken":0.0},{"damage_healed":0.0,"max_hp_gain":0.0,"max_hp_loss":0.0,"gold_gain":0.0,"event_name":"The Library","player_choice":"Read","floor":23.0,"gold_loss":0.0,"damage_taken":0.0,"cards_obtained":["Tactician"]},{"damage_healed":0.0,"max_hp_gain":0.0,"max_hp_loss":0.0,"gold_gain":0.0,"event_name":"Duplicator","player_choice":"Copied","floor":30.0,"gold_loss":0.0,"damage_taken":0.0,"cards_obtained":["Prepared"]},{"damage_healed":0.0,"max_hp_gain":0.0,"max_hp_loss":0.0,"gold_gain":0.0,"event_name":"The Woman in Blue","player_choice":"Bought 0 Potions","floor":37.0,"gold_loss":0.0,"damage_taken":0.0},{"damage_healed":0.0,"max_hp_gain":0.0,"max_hp_loss":0.0,"gold_gain":0.0,"event_name":"Tomb of Lord Red Mask","player_choice":"Ignored","floor":45.0,"gold_loss":0.0,"damage_taken":0.0}],"is_beta":false,"boss_relics":[{"not_picked":["SlaversCollar","Calling Bell"],"picked":"HoveringKite"},{"not_picked":["Coffee Dripper","Astrolabe"],"picked":"Pandora\u0027s Box"}],"items_purged_floors":[4,13,36,39],"is_endless":false,"potions_floor_spawned":[3,12,18,19,25,28,41,46,48],"ascension_level":4}}