{"host":"5m2js577gj4e7pak","time":1610111515,"event":{"mods":["AchievementEnabler","BaseMod","Better Match","BetterRewards","Colored Map","Colored Powertips","Googly Eyes","Highlight Path","Lobotomy","LobotomyExtend","Minty Spire (QoL Compilation)","Quick Restart","Relic Filter","StSLib"],"gold_per_floor":[112,132,132,132,132,132,132],"floor_reached":6,"playtime":242,"items_purged":[],"score":36,"play_id":"64e649f1-5ced-4182-978d-eb360a208aee","local_time":"20210108141155","is_ascension_mode":true,"campfire_choices":[],"circlet_count":0,"master_deck":["SpecialBullet","SpecialBullet","SpecialBullet","SpecialBullet","SpecialBullet","SpecialBullet","SpecialBullet","InformationCode","SecurityCode","ControlCode","Writhe","The Bomb+1","ShyLook","FourthMatchFlame+1","WallGazer","Wingbeat+1","Adoration+1"],"relics":["CogitoBucket","LetterFromLob","Moonlight_r"],"acts_visited":["Exordium"],"potions_floor_usage":[],"damage_taken":[{"damage":13,"enemies":"2 Louse","floor":1,"turns":2},{"damage":0,"enemies":"Small Slimes","floor":2,"turns":2},{"damage":14,"enemies":"Small Slimes","floor":5,"turns":7},{"damage":19,"enemies":"Lagavulin","floor":6,"turns":3}],"seed_played":"-1256485211645167139","potions_obtained":[],"is_trial":false,"path_per_floor":["M","M","?","?","?","E"],"character_chosen":"Angela","items_purchased":[],"campfire_rested":0,"item_purchase_floors":[],"current_hp_per_floor":[65,70,56,56,12,0,0],"gold":132,"neow_bonus":"RANDOM_COLORLESS_2","is_daily":false,"chose_seed":false,"campfire_upgraded":0,"win_rate":0.0,"timestamp":1610111515,"path_taken":["M","M","?","?","?","E"],"items_purchased_type":[],"build_version":"2020-12-22","purchased_purges":0,"victory":false,"max_hp_per_floor":[70,70,70,70,70,70,70],"card_choices":[{"not_picked":["Sadistic Nature","Secret Weapon"],"picked":"The Bomb","floor":0},{"not_picked":["PunishingBird","Rudolta"],"picked":"ShyLook","floor":1},{"not_picked":["Galaxy"],"picked":"FourthMatchFlame","floor":1},{"not_picked":["SpiderBud","LaLuna"],"picked":"WallGazer","floor":2},{"not_picked":["RedEyes"],"picked":"Wingbeat","floor":2}],"player_experience":34266,"relics_obtained":[{"floor":1,"key":"LetterFromLob"}],"event_choices":[{"damage_healed":0,"gold_gain":0,"player_choice":"Entered Light","damage_taken":14,"max_hp_gain":0,"max_hp_loss":0,"event_name":"Shining Light","floor":3,"gold_loss":0,"cards_upgraded":["Wingbeat","The Bomb"]},{"damage_healed":0,"gold_gain":0,"cards_transformed":["SpecialBullet"],"player_choice":"Change","damage_taken":0,"max_hp_gain":0,"max_hp_loss":0,"event_name":"Living Wall","floor":4,"gold_loss":0,"cards_obtained":["Adoration"]}],"is_beta":false,"boss_relics":[],"items_purged_floors":[],"is_endless":false,"potions_floor_spawned":[],"killed_by":"Lagavulin","ascension_level":1}}