{"host":"1c52r9kaxdyo25eq","time":1610137119,"event":{"mods":["AchievementEnabler","BaseMod","Minty Spire (QoL Compilation)","Rare Cards Sparkle","SuperFastMode","everything is the same but u backflip on backflip"],"gold_per_floor":[20,20,20,35,55,55,68,81,81,98,123,123,133,167,167,241,241,257,111,130,130,144,144,173,187,187,44,44,79,97,97,97,171,171,190,209,54,0,15,15,46,63,63,97,116,126,139,139,139,139,139,139,42,71,71,71],"floor_reached":55,"playtime":2167,"items_purged":["Strike_R"],"score":1259,"play_id":"2a646471-b27a-440b-81e9-bf187e344b1f","local_time":"20210109051839","is_ascension_mode":true,"campfire_choices":[{"data":"Hemokinesis","floor":6.0,"key":"SMITH"},{"data":"Bash","floor":12.0,"key":"SMITH"},{"data":"Blood for Blood","floor":15.0,"key":"SMITH"},{"floor":23.0,"key":"REST"},{"data":"1","floor":32.0,"key":"LIFT"},{"data":"2","floor":40,"key":"LIFT"},{"floor":49,"key":"RECALL"},{"data":"3","floor":52,"key":"LIFT"}],"circlet_count":0,"master_deck":["AscendersBane","Defend_R","Defend_R","Defend_R","Bash+1","Hemokinesis+1","Reaper","Second Wind","Blood for Blood+1","Dual Wield","Feed","Battle Trance","Offering","Evolve+1","Shrug It Off+1","Feel No Pain","Shrug It Off+1","Dark Embrace","Power Through+1","Rupture"],"relics":["Burning Blood","Meat on the Bone","Paper Frog","Bronze Scales","StrikeDummy","Runic Cube","Potion Belt","Girya","Omamori","Boot","Orichalcum","Empty Cage","Red Mask","Pen Nib","Bottled Flame","Charon\u0027s Ashes","Blue Candle"],"acts_visited":["Exordium","TheCity","TheBeyond","TheEnding"],"potions_floor_usage":[41,44,44,45,50,55,55,55,55],"damage_taken":[{"damage":14.0,"enemies":"Jaw Worm","floor":1.0,"turns":2.0},{"damage":2.0,"enemies":"Cultist","floor":4.0,"turns":2.0},{"damage":16.0,"enemies":"Small Slimes","floor":5.0,"turns":2.0},{"damage":14.0,"enemies":"3 Louse","floor":7.0,"turns":3.0},{"damage":13.0,"enemies":"Blue Slaver","floor":8.0,"turns":3.0},{"damage":33.0,"enemies":"Lots of Slimes","floor":10.0,"turns":4.0},{"damage":25.0,"enemies":"Exordium Thugs","floor":13.0,"turns":4.0},{"damage":22.0,"enemies":"Gremlin Nob","floor":14.0,"turns":4.0},{"damage":49.0,"enemies":"Hexaghost","floor":16.0,"turns":5.0},{"damage":29.0,"enemies":"Spheric Guardian","floor":18.0,"turns":4.0},{"damage":32.0,"enemies":"2 Thieves","floor":20.0,"turns":4.0},{"damage":34.0,"enemies":"Cultist and Chosen","floor":22.0,"turns":4.0},{"damage":40.0,"enemies":"Slavers","floor":24.0,"turns":6.0},{"damage":26.0,"enemies":"Chosen and Byrds","floor":25.0,"turns":3.0},{"damage":39.0,"enemies":"Book of Stabbing","floor":29.0,"turns":4.0},{"damage":31.0,"enemies":"Centurion and Healer","floor":30.0,"turns":5.0},{"damage":73.0,"enemies":"Collector","floor":33.0,"turns":6.0},{"damage":27.0,"enemies":"3 Darklings","floor":35.0,"turns":3.0},{"damage":45.0,"enemies":"3 Shapes","floor":36.0,"turns":5.0},{"damage":13,"enemies":"Transient","floor":39,"turns":5},{"damage":53,"enemies":"Nemesis","floor":41,"turns":5},{"damage":17,"enemies":"Sphere and 2 Shapes","floor":42,"turns":6},{"damage":59,"enemies":"Giant Head","floor":44,"turns":7},{"damage":14,"enemies":"Writhing Mass","floor":45,"turns":5},{"damage":35,"enemies":"3 Darklings","floor":46,"turns":9},{"damage":16,"enemies":"Spire Growth","floor":47,"turns":6},{"damage":93,"enemies":"Donu and Deca","floor":50,"turns":10},{"damage":42,"enemies":"Shield and Spear","floor":54,"turns":8},{"damage":107,"enemies":"The Heart","floor":55,"turns":5}],"seed_played":"5040739299051665580","potions_obtained":[{"floor":4.0,"key":"FearPotion"},{"floor":7.0,"key":"FairyPotion"},{"floor":16.0,"key":"Swift Potion"},{"floor":24.0,"key":"Dexterity Potion"},{"floor":25.0,"key":"SpeedPotion"},{"floor":29.0,"key":"PowerPotion"},{"floor":33.0,"key":"BlessingOfTheForge"},{"floor":39,"key":"GamblersBrew"},{"floor":44,"key":"Dexterity Potion"},{"floor":45,"key":"BloodPotion"},{"floor":47,"key":"Fire Potion"}],"is_trial":false,"path_per_floor":["M","?","$","M","M","R","M","M","T","M","T","R","M","E","R","B",null,"M","$","M","?","M","R","E","M","T","$","?","E","M","T","R","B",null,"M","M","$","?","M","R","E","M","T","E","M","M","M","?","R","B",null,"R","$","E","B"],"character_chosen":"IRONCLAD","items_purchased":["Battle Trance","Omamori","Feel No Pain","Regen Potion","PowerPotion","Energy Potion"],"campfire_rested":1,"item_purchase_floors":[19,27,37,37,53,53],"current_hp_per_floor":[64,64,64,68,58,58,50,47,47,52,52,52,56,56,56,32,68,49,49,45,45,47,73,60,64,64,64,64,50,55,55,55,48,88,85,67,67,67,68,68,55,71,71,42,46,47,52,104,104,46,92,92,92,66,0,0],"gold":71,"neow_bonus":"TRANSFORM_TWO_CARDS","is_daily":false,"chose_seed":false,"campfire_upgraded":3,"win_rate":0.0,"timestamp":1610137119,"path_taken":["M","?","?","M","M","R","M","M","T","M","?","R","M","E","R","BOSS","M","$","M","?","M","R","E","M","T","$","?","E","M","?","R","BOSS","M","M","?","?","M","R","E","M","T","E","M","M","M","?","R","BOSS","R","$","E","BOSS"],"items_purchased_type":["Card","Relic","Card","Potion","Potion","Potion"],"build_version":"2020-12-22","purchased_purges":1,"victory":false,"max_hp_per_floor":[80,80,80,80,80,80,80,80,80,80,80,80,80,80,80,80,80,80,80,86,86,89,89,92,95,95,95,95,95,101,101,101,101,101,104,110,110,110,110,110,113,116,116,116,116,116,119,104,104,107,107,107,107,107,107,107],"card_choices":[{"not_picked":["Clothesline","Iron Wave","Cleave"],"picked":"SKIP","floor":1.0},{"not_picked":["Headbutt","Anger","Clothesline"],"picked":"SKIP","floor":4.0},{"not_picked":["Sword Boomerang","Flex","Carnage"],"picked":"SKIP","floor":5.0},{"not_picked":["Hemokinesis","Twin Strike"],"picked":"Reaper","floor":7.0},{"not_picked":["Wild Strike","Uppercut","Rage"],"picked":"SKIP","floor":8.0},{"not_picked":["Infernal Blade","Uppercut"],"picked":"Second Wind","floor":10.0},{"not_picked":["Anger","Rampage"],"picked":"Blood for Blood","floor":13.0},{"not_picked":["Wild Strike","Armaments"],"picked":"Dual Wield","floor":14.0},{"not_picked":["Brutality","Demon Form"],"picked":"Feed","floor":16.0},{"not_picked":["Perfected Strike","Anger","Entrench"],"picked":"SKIP","floor":18.0},{"not_picked":["Armaments","Perfected Strike","Thunderclap"],"picked":"SKIP","floor":20.0},{"not_picked":["Twin Strike","Flex","Pommel Strike"],"picked":"SKIP","floor":22.0},{"not_picked":["Thunderclap","Whirlwind","Flex"],"picked":"SKIP","floor":24.0},{"not_picked":["Cleave","Pummel"],"picked":"Offering","floor":25.0},{"not_picked":["Clothesline","Heavy Blade"],"picked":"Evolve+1","floor":29.0},{"not_picked":["Iron Wave+1","Armaments","Clothesline"],"picked":"SKIP","floor":30.0},{"not_picked":["Pommel Strike+1","Warcry","Iron Wave+1"],"picked":"SKIP","floor":35.0},{"not_picked":["Headbutt","Anger"],"picked":"Shrug It Off+1","floor":36.0},{"not_picked":["Dropkick","Cleave"],"picked":"Shrug It Off+1","floor":39},{"not_picked":["Clothesline","Reckless Charge"],"picked":"Dark Embrace","floor":41},{"not_picked":["Sentinel","Pummel+1","Flex"],"picked":"SKIP","floor":42},{"not_picked":["Inflame","Double Tap"],"picked":"Power Through+1","floor":44},{"not_picked":["Heavy Blade","Clothesline","Shrug It Off"],"picked":"SKIP","floor":45},{"not_picked":["Havoc","Spot Weakness","True Grit"],"picked":"SKIP","floor":46},{"not_picked":["Rage","Hemokinesis"],"picked":"Rupture","floor":47},{"not_picked":["Reckless Charge+1","Heavy Blade","Body Slam"],"picked":"SKIP","floor":54},{"not_picked":["Reckless Charge+1","Heavy Blade","Body Slam"],"picked":"SKIP","floor":54}],"player_experience":565683,"relics_obtained":[{"floor":9.0,"key":"Paper Frog"},{"floor":11.0,"key":"Bronze Scales"},{"floor":14.0,"key":"StrikeDummy"},{"floor":24.0,"key":"Potion Belt"},{"floor":26.0,"key":"Girya"},{"floor":29.0,"key":"Orichalcum"},{"floor":41,"key":"Pen Nib"},{"floor":43,"key":"Bottled Flame"},{"floor":44,"key":"Charon\u0027s Ashes"},{"floor":54,"key":"Blue Candle"}],"event_choices":[{"cards_removed":["Whirlwind"],"damage_healed":0.0,"max_hp_gain":0.0,"max_hp_loss":0.0,"gold_gain":0.0,"event_name":"WeMeetAgain","player_choice":"Gave Card","floor":2.0,"gold_loss":0.0,"damage_taken":0.0,"relics_obtained":["Meat on the Bone"]},{"cards_removed":["Strike_R"],"damage_healed":0.0,"max_hp_gain":0.0,"max_hp_loss":0.0,"gold_gain":0.0,"event_name":"Back to Basics","player_choice":"Elegance","floor":21.0,"gold_loss":0.0,"damage_taken":0.0},{"damage_healed":0.0,"max_hp_gain":0.0,"max_hp_loss":0.0,"gold_gain":0.0,"event_name":"The Mausoleum","player_choice":"Opened","floor":28.0,"gold_loss":0.0,"damage_taken":0.0,"relics_obtained":["Boot"]},{"damage_healed":0.0,"max_hp_gain":0.0,"max_hp_loss":0.0,"gold_gain":0.0,"event_name":"Tomb of Lord Red Mask","player_choice":"Paid","floor":38.0,"gold_loss":54.0,"damage_taken":0.0,"relics_obtained":["Red Mask"]},{"damage_healed":104,"gold_gain":0,"player_choice":"Heal","damage_taken":0,"max_hp_gain":0,"max_hp_loss":15,"event_name":"The Moai Head","floor":48,"gold_loss":0}],"is_beta":false,"boss_relics":[{"not_picked":["Busted Crown","Calling Bell"],"picked":"Runic Cube"},{"not_picked":["Philosopher\u0027s Stone","SlaversCollar"],"picked":"Empty Cage"}],"items_purged_floors":[19],"is_endless":false,"potions_floor_spawned":[4,7,10,16,20,24,25,29,33,39,44,45,47],"killed_by":"The Heart","ascension_level":13}}