{"host":"8rqsnaeml9gxb0kp","time":1610085978,"event":{"mods":["AchievementEnabler","BaseMod","Dark Map","Minty Spire (QoL Compilation)","StSLib"],"gold_per_floor":[112,112,287,287,287,323,323,337,337,380,394,394,418,454,454,454,454],"floor_reached":16,"playtime":1402,"items_purged":[],"score":124,"play_id":"1d3dd19e-5d82-4e13-92cc-ef41c14c2318","local_time":"20210107220618","is_ascension_mode":true,"campfire_choices":[{"data":"1","floor":7,"key":"LIFT"},{"data":"2","floor":12,"key":"LIFT"},{"data":"3","floor":15,"key":"LIFT"}],"circlet_count":0,"master_deck":["Strike_R","Strike_R","Strike_R","Strike_R","Strike_R","Defend_R","Defend_R","Defend_R","Defend_R","Bash","Cleave","Injury","Doubt","Twin Strike","Headbutt","Whirlwind","Heavy Blade","Double Tap","Cleave"],"relics":["Burning Blood","Golden Idol","Meat on the Bone","Girya","Self Forming Clay","Eternal Feather","Anchor"],"acts_visited":["Exordium"],"potions_floor_usage":[6,10,10,16],"damage_taken":[{"damage":0,"enemies":"Small Slimes","floor":1,"turns":3},{"damage":47,"enemies":"3 Sentries","floor":6,"turns":12},{"damage":8,"enemies":"Jaw Worm","floor":8,"turns":3},{"damage":23,"enemies":"Lagavulin","floor":10,"turns":7},{"damage":6,"enemies":"2 Louse","floor":11,"turns":3},{"damage":16,"enemies":"Large Slime","floor":13,"turns":4},{"damage":14,"enemies":"Gremlin Nob","floor":14,"turns":3},{"damage":62,"enemies":"Hexaghost","floor":16,"turns":9}],"seed_played":"4178309622893298257","potions_obtained":[{"floor":0,"key":"Block Potion"},{"floor":0,"key":"AttackPotion"},{"floor":0,"key":"SneckoOil"},{"floor":6,"key":"Ancient Potion"},{"floor":14,"key":"DuplicationPotion"}],"is_trial":false,"path_per_floor":["M","?","?","?","T","E","R","M","T","E","M","R","M","E","R","B"],"character_chosen":"IRONCLAD","items_purchased":[],"campfire_rested":0,"item_purchase_floors":[],"current_hp_per_floor":[80,80,80,85,85,56,56,54,54,49,49,58,60,52,61,0,0],"gold":454,"neow_bonus":"THREE_SMALL_POTIONS","is_daily":false,"chose_seed":false,"campfire_upgraded":0,"win_rate":0.0,"timestamp":1610085978,"path_taken":["M","?","?","?","?","E","R","M","T","E","M","R","M","E","R","BOSS"],"items_purchased_type":[],"build_version":"2020-12-22","purchased_purges":0,"victory":false,"max_hp_per_floor":[80,80,80,85,85,85,85,85,85,85,85,85,85,85,85,85,85],"card_choices":[{"not_picked":["Sword Boomerang","Clash"],"picked":"Cleave","floor":1},{"not_picked":["Dropkick","Brutality"],"picked":"Twin Strike","floor":6},{"not_picked":["True Grit","Pommel Strike"],"picked":"Headbutt","floor":8},{"not_picked":["Headbutt","Iron Wave"],"picked":"Whirlwind","floor":10},{"not_picked":["Sword Boomerang","Flex"],"picked":"Heavy Blade","floor":11},{"not_picked":["Headbutt","Armaments"],"picked":"Double Tap","floor":13},{"not_picked":["Flex","Corruption"],"picked":"Cleave","floor":14}],"player_experience":11014,"relics_obtained":[{"floor":5,"key":"Meat on the Bone"},{"floor":6,"key":"Girya"},{"floor":9,"key":"Self Forming Clay"},{"floor":10,"key":"Eternal Feather"},{"floor":14,"key":"Anchor"}],"event_choices":[{"damage_healed":0,"gold_gain":0,"player_choice":"Take Wound","damage_taken":0,"relics_obtained":["Golden Idol"],"max_hp_gain":0,"max_hp_loss":0,"event_name":"Golden Idol","floor":2,"gold_loss":0,"cards_obtained":["Injury"]},{"damage_healed":0,"gold_gain":175,"player_choice":"AGREE","damage_taken":0,"max_hp_gain":0,"max_hp_loss":0,"event_name":"Liars Game","floor":3,"gold_loss":0,"cards_obtained":["Doubt"]},{"damage_healed":0,"gold_gain":0,"player_choice":"Donut","damage_taken":0,"max_hp_gain":5,"max_hp_loss":0,"event_name":"Big Fish","floor":4,"gold_loss":0}],"is_beta":false,"boss_relics":[],"items_purged_floors":[],"is_endless":false,"potions_floor_spawned":[6,8,14],"killed_by":"Hexaghost","ascension_level":1}}