{"host":"2zw05eexjythz74b","time":1610071386,"event":{"mods":["AchievementEnabler","BaseMod","Better Altar","Colored Map","Minty Spire (QoL Compilation)","StSLib","everything is the same but u backflip on backflip"],"gold_per_floor":[217,217,235,246,97,97,130,143,143,143,205,49,49,66,66,163,163,179,179,179,195,214,243,243,243],"floor_reached":24,"playtime":1078,"items_purged":["Strike_R"],"score":263,"play_id":"0657556e-6c00-4c72-a663-1e3075746a93","local_time":"20210107200306","is_ascension_mode":true,"campfire_choices":[{"data":"Flex","floor":6.0,"key":"SMITH"},{"data":"Infernal Blade","floor":10.0,"key":"SMITH"},{"data":"Armaments","floor":13.0,"key":"SMITH"},{"data":"Pummel","floor":15.0,"key":"SMITH"}],"circlet_count":0,"master_deck":["Strike_R","Strike_R","Strike_R","Strike_R","Defend_R","Defend_R","Defend_R","Defend_R","Bash+1","Cleave","Twin Strike","Armaments+1","Flex+1","Twin Strike","Second Wind","Infernal Blade+1","Infernal Blade+1","Pummel+1","Demon Form"],"relics":["Burning Blood","Boot","Tiny Chest","DollysMirror","Philosopher\u0027s Stone","Frozen Egg 2","Pear","Ice Cream"],"acts_visited":["Exordium","TheCity"],"potions_floor_usage":[23,23,23],"damage_taken":[{"damage":20.0,"enemies":"Small Slimes","floor":1.0,"turns":3.0},{"damage":9.0,"enemies":"Jaw Worm","floor":3.0,"turns":3.0},{"damage":8.0,"enemies":"2 Louse","floor":4.0,"turns":2.0},{"damage":14.0,"enemies":"Gremlin Nob","floor":7.0,"turns":3.0},{"damage":9.0,"enemies":"Exordium Thugs","floor":8.0,"turns":4.0},{"damage":13.0,"enemies":"Large Slime","floor":14.0,"turns":2.0},{"damage":13.0,"enemies":"Slime Boss","floor":16.0,"turns":6.0},{"damage":5.0,"enemies":"Chosen","floor":18.0,"turns":3.0},{"damage":12.0,"enemies":"Spheric Guardian","floor":21.0,"turns":3.0},{"damage":8.0,"enemies":"Centurion and Healer","floor":22.0,"turns":4.0},{"damage":58,"enemies":"Slavers","floor":23,"turns":6},{"damage":42,"enemies":"Cultist and Chosen","floor":24,"turns":4}],"seed_played":"-6812847588877527796","potions_obtained":[{"floor":7.0,"key":"Fruit Juice"},{"floor":14.0,"key":"FearPotion"},{"floor":16.0,"key":"PowerPotion"},{"floor":18.0,"key":"Block Potion"},{"floor":22.0,"key":"Ancient Potion"},{"floor":23,"key":"CultistPotion"}],"is_trial":false,"path_per_floor":["M","?","M","M","$","R","E","M","T","R","?","$","R","M","R","B",null,"M","?","T","M","M","E","M"],"character_chosen":"IRONCLAD","items_purchased":["Flex","Twin Strike","DollysMirror"],"campfire_rested":0,"item_purchase_floors":[5,5,12],"current_hp_per_floor":[66,66,63,61,61,61,58,55,55,55,55,55,55,48,48,41,85,85,85,95,89,87,35,0,0],"gold":243,"neow_bonus":"HUNDRED_GOLD","is_daily":false,"chose_seed":false,"campfire_upgraded":4,"win_rate":0.0,"timestamp":1610071386,"path_taken":["M","?","M","M","$","R","E","M","T","R","?","?","R","M","R","BOSS","M","?","?","?","M","E","M"],"items_purchased_type":["Card","Card","Relic"],"build_version":"2020-12-22","purchased_purges":1,"victory":false,"max_hp_per_floor":[80,80,80,80,80,80,85,85,85,85,85,85,85,85,85,85,85,85,85,95,95,95,95,95,95],"card_choices":[{"not_picked":["Sword Boomerang","Iron Wave"],"picked":"Cleave","floor":1.0},{"not_picked":["Clash","Intimidate"],"picked":"Twin Strike","floor":3.0},{"not_picked":["Dark Embrace","Wild Strike"],"picked":"Armaments","floor":4.0},{"not_picked":["Clothesline","Cleave"],"picked":"Second Wind","floor":7.0},{"not_picked":["Perfected Strike","Thunderclap"],"picked":"Infernal Blade","floor":8.0},{"not_picked":["Headbutt","Perfected Strike"],"picked":"Pummel","floor":14.0},{"not_picked":["Double Tap","Brutality"],"picked":"Demon Form","floor":16.0},{"not_picked":["Armaments","Wild Strike","Metallicize"],"picked":"SKIP","floor":18.0},{"not_picked":["Shrug It Off","Twin Strike","Burning Pact"],"picked":"SKIP","floor":21.0},{"not_picked":["Body Slam+1","Burning Pact","Armaments"],"picked":"SKIP","floor":22.0},{"not_picked":["Sentinel","Flame Barrier","Clash"],"picked":"SKIP","floor":23}],"player_experience":199823,"relics_obtained":[{"floor":7.0,"key":"Boot"},{"floor":9.0,"key":"Tiny Chest"},{"floor":20.0,"key":"Pear"},{"floor":23,"key":"Ice Cream"}],"event_choices":[{"damage_healed":0.0,"max_hp_gain":0.0,"max_hp_loss":0.0,"gold_gain":0.0,"event_name":"Living Wall","player_choice":"Grow","floor":2.0,"gold_loss":0.0,"damage_taken":0.0,"cards_upgraded":["Bash"]},{"damage_healed":0.0,"max_hp_gain":0.0,"max_hp_loss":0.0,"gold_gain":62.0,"event_name":"Golden Wing","player_choice":"Gained Gold","floor":11.0,"gold_loss":0.0,"damage_taken":0.0},{"damage_healed":0.0,"max_hp_gain":0.0,"max_hp_loss":0.0,"gold_gain":0.0,"event_name":"The Mausoleum","player_choice":"Opened","floor":19.0,"gold_loss":0.0,"damage_taken":0.0,"relics_obtained":["Frozen Egg 2"]}],"is_beta":false,"boss_relics":[{"not_picked":["Runic Cube","Velvet Choker"],"picked":"Philosopher\u0027s Stone"}],"items_purged_floors":[5],"is_endless":false,"potions_floor_spawned":[7,14,16,18,22,23],"killed_by":"Cultist and Chosen","ascension_level":2}}