{"host":"xe18zxp7krnsfrwn","time":1610148594,"event":{"mods":["BaseMod","BetterRewards","Colored Map","Downfall","Hubris","Infinite Spire","Minty Spire (QoL Compilation)","Replay The Spire","StSLib","The Animator","The Elementalist","The Runesmith","The Saiyan"],"gold_per_floor":[116,130,130,130,130,163,163,163,163,55,105,105,105,132,132,229,229,247,247,247,247,263,263,282,332,332,332],"floor_reached":27,"playtime":2053,"items_purged":[],"score":207,"play_id":"409b1728-a78f-4901-873c-4319b329189e","local_time":"20210108152954","is_ascension_mode":false,"campfire_choices":[{"floor":7,"key":"REST"},{"data":"animator:Melzalgald","floor":13,"key":"SMITH"},{"floor":15,"key":"REST"}],"circlet_count":0,"master_deck":["animator:Strike_Fate","animator:Defend_Fate","animator:Strike+1","animator:Strike","animator:Strike","animator:Defend+1","animator:Defend","animator:Defend","animator:Alexander","animator:Rider","animator:MadokaKaname","animator:MetalKnight+1","animator:Melzalgald+1","animator:Kazuma+1","animator:FielNirvalen","animator:Lancer","animator:EmiyaShirou","animator:Rimuru","CurseOfTheBell","animator:Caster","animator:YunYun","animator:Shizu"],"relics":["animator:LivingPicture","animator:TheMissingPiece","StoneCalendar","hubris:TinFlute","hubris:Spice","Calling Bell","Regal Pillow","animator:Hoodie","hubris:Teleporter","hubris:Towel","ReplayTheSpireMod:TigerMarble","Gremlin Food"],"acts_visited":["Exordium","TheCity"],"potions_floor_usage":[16,18],"damage_taken":[{"damage":0,"enemies":"Cultist","floor":1,"turns":4},{"damage":0,"enemies":"2 Louse","floor":2,"turns":3},{"damage":30,"enemies":"Gremlin Nob","floor":6,"turns":6},{"damage":4,"enemies":"Small Slimes","floor":14,"turns":3},{"damage":26,"enemies":"Fading Forest","floor":16,"turns":11},{"damage":32,"enemies":"2 Thieves","floor":18,"turns":4},{"damage":7,"enemies":"3 Byrds","floor":22,"turns":7},{"damage":19,"enemies":"Snake Plant","floor":25,"turns":4},{"damage":17,"enemies":"3 Cultists","floor":27,"turns":5}],"seed_played":"-6480799367309638773","potions_obtained":[{"floor":6,"key":"Explosive Potion"},{"floor":14,"key":"BlessingOfTheForge"}],"is_trial":false,"path_per_floor":["M","M","?","$","?","E","R","?","T","$","?","?","R","M","R","B",null,"M","?","?","$","M","?","M","T","M"],"character_chosen":"THE_ANIMATOR","items_purchased":["animator:FielNirvalen","animator:Lancer"],"campfire_rested":2,"item_purchase_floors":[10,10],"current_hp_per_floor":[66,66,53,53,53,23,42,42,42,42,42,50,50,46,68,52,74,43,43,43,43,36,36,17,17,0,0],"gold":332,"neow_bonus":"ONE_RANDOM_RARE_CARD","is_daily":false,"chose_seed":false,"campfire_upgraded":1,"win_rate":0.0,"timestamp":1610148594,"path_taken":["M","M","?","$","?","E","R","?","T","?","?","?","R","?","R","BOSS","M","?","?","$","M","?","M","T","M"],"items_purchased_type":["Card","Card"],"build_version":"2020-12-22","purchased_purges":0,"victory":false,"max_hp_per_floor":[66,66,66,66,66,66,66,66,66,66,66,74,74,74,74,74,74,75,75,75,75,75,75,75,75,75,75],"card_choices":[{"not_picked":["animator:YunYun","animator:IrohaTamaki"],"picked":"animator:ChlammyZell","floor":1},{"not_picked":["animator:Kuribayashi","animator:ShinjiMatou"],"picked":"animator:MetalKnight","floor":2},{"not_picked":["animator:ChlammyZell","animator:DolaStephanie"],"picked":"animator:Melzalgald","floor":6},{"not_picked":["animator:Illya","animator:Assassin"],"picked":"animator:EmiyaShirou","floor":14},{"not_picked":["animator:Eris","animator:PinaCoLada"],"picked":"animator:Rimuru","floor":16},{"not_picked":["animator:KyokoSakura","animator:Darkness+1"],"picked":"animator:Caster","floor":18},{"not_picked":["animator:EmiyaShirou","animator:Millim"],"picked":"animator:YunYun","floor":22},{"not_picked":["animator:Chris","animator:ShinjiMatou"],"picked":"animator:Shizu","floor":25}],"player_experience":476400,"relics_obtained":[{"floor":6,"key":"StoneCalendar"},{"floor":9,"key":"hubris:TinFlute"},{"floor":17,"key":"Regal Pillow"},{"floor":17,"key":"animator:Hoodie"},{"floor":17,"key":"hubris:Teleporter"},{"floor":26,"key":"Gremlin Food"}],"event_choices":[{"damage_healed":0,"gold_gain":0,"player_choice":"Entered Light","damage_taken":13,"max_hp_gain":0,"max_hp_loss":0,"event_name":"Shining Light","floor":3,"gold_loss":0,"cards_upgraded":["animator:Strike","animator:MetalKnight"]},{"damage_healed":0,"gold_gain":0,"player_choice":"Searched \u00272\u0027 times","damage_taken":0,"relics_obtained":["hubris:Spice"],"max_hp_gain":0,"max_hp_loss":0,"event_name":"Dead Adventurer","floor":12,"gold_loss":0},{"damage_healed":0,"gold_gain":0,"player_choice":"Stole Relic","damage_taken":0,"relics_obtained":["ReplayTheSpireMod:TigerMarble"],"max_hp_gain":0,"max_hp_loss":0,"event_name":"Addict","floor":20,"gold_loss":0,"cards_obtained":["Shame"]},{"cards_removed":["Shame"],"damage_healed":0,"gold_gain":0,"player_choice":"Elegance","damage_taken":0,"max_hp_gain":0,"max_hp_loss":0,"event_name":"Back to Basics","floor":24,"gold_loss":0}],"is_beta":false,"boss_relics":[{"not_picked":["Replay:Bronze Core","hubris:Spice"],"picked":"Calling Bell"}],"items_purged_floors":[],"is_endless":false,"potions_floor_spawned":[6,14],"killed_by":"3 Cultists","ascension_level":0}}