{"host":"4evnc443c98ww2zl","time":1610065301,"event":{"mods":["BaseMod","Better Third Choice","Hermit","Koishi","Luminous","Minty Spire (QoL Compilation)","Remilia??????","Robot Space Explorer","StSLib","The Administrix","The Bug Knight","The Cursed","TheSwordswoman"],"gold_per_floor":[120,195,195,214,179,209,209,228,278,305,337,364,375,401,401,496,496,508,88,98,98,98,132,150,184,184,218,229,254,267,335,335,432,432,447,497,457,121,132,167,202,236,236,268,9,51,51,81,81,81,81,81,32,32],"floor_reached":55,"playtime":6240,"items_purged":["blazmod:ForgeWays"],"score":1577,"play_id":"0f25393d-6709-4ac0-936c-d1370999a5a6","local_time":"20210107182141","daily_mods":["SealedDeck","Diverse","Colorless Cards","Heirloom","DeadlyEvents","Elite Swarm"],"is_ascension_mode":false,"campfire_choices":[{"floor":7,"key":"RECALL"},{"data":"AdministrixMod:BegetEternity","floor":15,"key":"SMITH"},{"data":"Feed","floor":32,"key":"SMITH"},{"floor":47,"key":"DIG"},{"floor":49,"key":"DIG"},{"floor":52,"key":"DIG"}],"circlet_count":0,"master_deck":["ThirdEye","AdministrixMod:PassageOfAges","Flying Knee+1","hermit:Vantage","FTL","hermit:Dive","hermit:Ricochet","Cloak And Dagger+1","HollowMod:DashSlash","Luminous:Light_Glare","Thunderclap","hermit:TrackingShot","Koishi:DreadfulBlow+1","Thinking Ahead+1","Feed+1","AdministrixMod:BegetEternity+1","Koishi:RuptureMind","hermit:Glare","Luminous:Lania_Blessing_Luminous","Koishi:RacingHeart","HollowMod:SlysStrikes+1","RobotSpaceExplorer:DualCore","Envenom+1","AdministrixMod:FiendishCrimson","AdministrixMod:FiendishCrimson+1","AdministrixMod:FiendishCrimson","AdministrixMod:BloodlessSapphire","AdministrixMod:BloodlessSapphire","AdministrixMod:BloodlessSapphire","Ball Lightning+1","Footwork","Koishi:Whimsy+1","KillingBlow+1","Koishi:ImGoingToCallYouNow+1"],"relics":["AdministrixMod:ConductorRitualBaton","CaptainsWheel","Akabeko","Bronze Scales","Oddly Smooth Stone","Unceasing Top","AdministrixMod:PrescriptionBottle","HollowMod:QueensCombRelic","Busted Crown","Strawberry","AdministrixMod:CrackedTaijitu","PreservedInsect","Matryoshka","Whetstone","Bottled Flame","Orichalcum","Blood Vial","AdministrixMod:GoldenChickadee","AdministrixMod:BloodSoakedVeil","TungstenRod","Lee\u0027s Waffle","Boot","Shovel","ScarletDevilRocket","Darkstone Periapt","Omamori","CeramicFish","Bird Faced Urn","Mummified Hand","Nunchaku","Regal Pillow","Gremlin Horn","FossilizedHelix","Pear"],"acts_visited":["Exordium","TheCity","TheBeyond","TheEnding"],"potions_floor_usage":[6,6,10,12,16,16,23,31,33,36,40,42,44,50,54],"damage_taken":[{"damage":0,"enemies":"Small Slimes","floor":1,"turns":2},{"damage":0,"enemies":"2 Louse","floor":4,"turns":2},{"damage":2,"enemies":"3 Sentries","floor":6,"turns":4},{"damage":0,"enemies":"Cultist","floor":8,"turns":2},{"damage":4,"enemies":"Lagavulin","floor":10,"turns":4},{"damage":3,"enemies":"Gremlin Nob","floor":11,"turns":2},{"damage":4,"enemies":"Lagavulin","floor":12,"turns":3},{"damage":3,"enemies":"Blue Slaver","floor":13,"turns":2},{"damage":8,"enemies":"HollowMod:MossKnight","floor":14,"turns":2},{"damage":23,"enemies":"Hexaghost","floor":16,"turns":4},{"damage":15,"enemies":"Chosen","floor":18,"turns":2},{"damage":1,"enemies":"3 Byrds","floor":20,"turns":4},{"damage":3,"enemies":"Slavers","floor":23,"turns":4},{"damage":11,"enemies":"3 Cultists","floor":24,"turns":4},{"damage":9,"enemies":"HollowMod:Nosk","floor":25,"turns":5},{"damage":17,"enemies":"Gremlin Leader","floor":27,"turns":5},{"damage":14,"enemies":"Centurion and Healer","floor":28,"turns":3},{"damage":0,"enemies":"HollowMod:Nosk","floor":29,"turns":6},{"damage":8,"enemies":"Snecko","floor":30,"turns":5},{"damage":0,"enemies":"Gremlin Leader","floor":31,"turns":4},{"damage":19,"enemies":"Automaton","floor":33,"turns":10},{"damage":6,"enemies":"Orb Walker","floor":35,"turns":4},{"damage":29,"enemies":"Mind Bloom Boss Battle","floor":36,"turns":5},{"damage":27,"enemies":"3 Darklings","floor":39,"turns":4},{"damage":15,"enemies":"Nemesis","floor":40,"turns":5},{"damage":13,"enemies":"Giant Head","floor":41,"turns":7},{"damage":15,"enemies":"Reptomancer","floor":42,"turns":2},{"damage":8,"enemies":"Nemesis","floor":44,"turns":8},{"damage":3,"enemies":"Giant Head","floor":46,"turns":6},{"damage":10,"enemies":"Reptomancer","floor":48,"turns":3},{"damage":82,"enemies":"Awakened One","floor":50,"turns":10},{"damage":144,"enemies":"The Heart","floor":54,"turns":12}],"seed_played":"-8026856068073585951","potions_obtained":[{"floor":1,"key":"Fire Potion"},{"floor":4,"key":"EntropicBrew"},{"floor":11,"key":"FearPotion"},{"floor":13,"key":"LiquidMemories"},{"floor":20,"key":"SkillPotion"},{"floor":29,"key":"AdministrixMod:AttunementTonic"},{"floor":30,"key":"AttackPotion"},{"floor":35,"key":"DuplicationPotion"},{"floor":41,"key":"Explosive Potion"},{"floor":42,"key":"Block Potion"},{"floor":48,"key":"SkillPotion"}],"is_trial":true,"path_per_floor":["M","?","?","M","?","E","R","M","T","E","E","E","M","E","R","B",null,"M","$","M","$","T","E","M","E","T","E","M","E","M","E","R","B",null,"M","?","?","$","M","E","E","E","T","E","$","E","R","E","R","B",null,"R","$","B",null],"character_chosen":"TheAdministrix","items_purchased":["Strawberry","AdministrixMod:CrackedTaijitu","hermit:Glare","Lee\u0027s Waffle","Footwork","Boot","Mummified Hand","Block Potion"],"campfire_rested":0,"item_purchase_floors":[19,19,19,38,38,38,45,53],"current_hp_per_floor":[65,54,54,54,65,63,63,63,63,59,56,53,53,44,44,28,47,32,39,46,46,46,56,53,66,66,55,49,76,72,83,83,68,87,87,59,59,94,81,92,106,91,91,104,104,114,114,118,118,94,118,128,128,38],"gold":32,"neow_bonus":"","is_daily":false,"chose_seed":false,"campfire_upgraded":2,"win_rate":0.0,"timestamp":1610065301,"path_taken":["M","?","?","M","?","E","R","?","T","E","?","E","M","E","R","BOSS","M","$","M","?","?","E","M","E","T","E","?","?","M","E","R","BOSS","M","?","?","$","M","E","?","E","T","E","$","E","R","E","R","BOSS","R","$","BOSS"],"items_purchased_type":["Relic","Relic","Card","Relic","Card","Relic","Relic","Potion"],"build_version":"2020-12-22","purchased_purges":1,"victory":true,"max_hp_per_floor":[65,65,65,65,65,65,65,65,65,65,65,65,68,44,44,47,47,47,54,57,57,57,61,64,68,68,71,74,77,80,83,83,87,87,87,87,87,94,98,102,106,106,106,110,110,114,114,118,118,118,118,128,128,128],"card_choices":[{"not_picked":["Blade Dance","hermit:Roulette"],"picked":"Thunderclap","floor":1},{"not_picked":["EmptyMind","Luminous:Accumulation_Luminous"],"picked":"hermit:TrackingShot","floor":4},{"not_picked":["blazmod:GlasswingWaltz","hermit:RoundhouseKick","Machine Learning"],"picked":"SKIP","floor":6},{"not_picked":["Koishi:PhantomStrike","FlurryOfBlows"],"picked":"Koishi:DreadfulBlow","floor":8},{"not_picked":["Thunder Strike","hermit:Purgatory"],"picked":"blazmod:ForgeWays","floor":10},{"not_picked":["blazmod:EightLifePilgrimage","Electrodynamics"],"picked":"Thinking Ahead","floor":11},{"not_picked":["Exhume","Luminous:Lania_Blessing_Luminous"],"picked":"Feed","floor":12},{"not_picked":["Koishi:StingingMind","hermit:LowProfile"],"picked":"AdministrixMod:BegetEternity","floor":13},{"not_picked":["BloodyHallows","BloodySeventeenLaser"],"picked":"Koishi:RuptureMind","floor":14},{"not_picked":["Flying Knee"],"picked":"SKIP","floor":18},{"not_picked":["blazmod:ApexLegends"],"picked":"SKIP","floor":20},{"not_picked":[],"picked":"Luminous:Lania_Blessing_Luminous","floor":23},{"not_picked":[],"picked":"Koishi:RacingHeart","floor":24},{"not_picked":[],"picked":"HollowMod:SlysStrikes","floor":25},{"not_picked":["blazmod:NaturesBeauty"],"picked":"SKIP","floor":27},{"not_picked":["TheCursedMod:CircleOfWindfury+1"],"picked":"SKIP","floor":28},{"not_picked":["BloodyHallows"],"picked":"SKIP","floor":29},{"not_picked":[],"picked":"RobotSpaceExplorer:DualCore","floor":30},{"not_picked":["Koishi:HeartStoppingHorror"],"picked":"SKIP","floor":31},{"not_picked":[],"picked":"Envenom","floor":33},{"not_picked":["Backflip+1"],"picked":"SKIP","floor":35},{"not_picked":[],"picked":"Ball Lightning","floor":36},{"not_picked":[],"picked":"Koishi:Whimsy+1","floor":39},{"not_picked":[],"picked":"KillingBlow","floor":40},{"not_picked":["blazmod:DawnflutterDance"],"picked":"SKIP","floor":41},{"not_picked":["Doppelganger"],"picked":"SKIP","floor":42},{"not_picked":["Koishi:GrowingPain"],"picked":"SKIP","floor":44},{"not_picked":[],"picked":"Koishi:ImGoingToCallYouNow","floor":46},{"not_picked":["Corruption"],"picked":"SKIP","floor":48}],"player_experience":1057895,"relics_obtained":[{"floor":6,"key":"Akabeko"},{"floor":9,"key":"Bronze Scales"},{"floor":10,"key":"Oddly Smooth Stone"},{"floor":11,"key":"Unceasing Top"},{"floor":12,"key":"AdministrixMod:PrescriptionBottle"},{"floor":14,"key":"HollowMod:QueensCombRelic"},{"floor":23,"key":"PreservedInsect"},{"floor":25,"key":"Matryoshka"},{"floor":26,"key":"Whetstone"},{"floor":26,"key":"Bottled Flame"},{"floor":27,"key":"Orichalcum"},{"floor":29,"key":"Blood Vial"},{"floor":31,"key":"AdministrixMod:GoldenChickadee"},{"floor":36,"key":"TungstenRod"},{"floor":40,"key":"Shovel"},{"floor":41,"key":"ScarletDevilRocket"},{"floor":42,"key":"Darkstone Periapt"},{"floor":43,"key":"Omamori"},{"floor":43,"key":"CeramicFish"},{"floor":44,"key":"Bird Faced Urn"},{"floor":46,"key":"Nunchaku"},{"floor":47,"key":"Regal Pillow"},{"floor":48,"key":"Gremlin Horn"},{"floor":49,"key":"FossilizedHelix"},{"floor":52,"key":"Pear"}],"event_choices":[{"damage_healed":0,"gold_gain":75,"player_choice":"Gold","damage_taken":11,"max_hp_gain":0,"max_hp_loss":0,"event_name":"betterThird:BetterGoop","floor":2,"gold_loss":0},{"damage_healed":0,"gold_gain":0,"player_choice":"Grow","damage_taken":0,"max_hp_gain":0,"max_hp_loss":0,"event_name":"Living Wall","floor":3,"gold_loss":0,"cards_upgraded":["Cloak And Dagger"]},{"damage_healed":16,"gold_gain":0,"player_choice":"Healed","damage_taken":0,"max_hp_gain":0,"max_hp_loss":0,"event_name":"The Cleric","floor":5,"gold_loss":35},{"damage_healed":0,"gold_gain":0,"player_choice":"Fight","damage_taken":0,"max_hp_gain":0,"max_hp_loss":0,"event_name":"MindBloom","floor":36,"gold_loss":0},{"damage_healed":0,"gold_gain":0,"player_choice":"Upgraded Two","damage_taken":0,"max_hp_gain":0,"max_hp_loss":0,"event_name":"Designer","floor":37,"gold_loss":40,"cards_upgraded":["Ball Lightning","AdministrixMod:FiendishCrimson"]}],"is_beta":false,"boss_relics":[{"not_picked":["Calling Bell","Philosopher\u0027s Stone"],"picked":"Busted Crown"},{"not_picked":["Runic Dome","Astrolabe"],"picked":"AdministrixMod:BloodSoakedVeil"}],"items_purged_floors":[19],"is_endless":false,"potions_floor_spawned":[1,4,11,13,20,29,30,35,41,42,48],"ascension_level":0}}