{"host":"cbabs5wvj1yqiyjm","time":1610070815,"event":{"mods":["AchievementEnabler","Act Like it!","Bartender","BaseMod","Bestiary","Better Third Choice","BetterRewards","Colored Powertips","Downfall","Friendly Minions","Hallownest","Hermit","Infinite Spire","Kratos Character Expansion","Marisa????????","Minty Spire (QoL Compilation)","Rare Cards Sparkle","Replay The Spire","SOS???????","Spicy Shops","StSLib","Td1madao Mod","The Bladedancer","The Bug Knight","The Cursed","The Disciple","The Forsaken","The Marked","The Necromancer","The Servant 0.9.4","Wandering Minibosses","???Mod??????Boss"],"gold_per_floor":[143,75,92,92,112,112,216,228,265,297,328,360,372,400,412,528,540,566,578,605,631,657,669,713,735,793,730,742,28,28,28,28,130,130,146,146,146,161,161,161,186,186,186,186,225,265,29,62,62,92],"floor_reached":51,"playtime":2771,"items_purged":[],"score":964,"play_id":"de3f4405-b1ac-4a0f-8b0b-09d3fc23c5c5","local_time":"20210107205335","is_ascension_mode":false,"campfire_choices":[{"data":"KratosMod:BladeWhip","floor":6,"key":"SMITH"},{"floor":8,"key":"REST"},{"floor":13,"key":"REST"},{"floor":23,"key":"REST"},{"floor":28,"key":"REST"},{"floor":32,"key":"REST"},{"floor":40,"key":"REST"},{"floor":44,"key":"REST"},{"floor":49,"key":"REST"}],"circlet_count":0,"master_deck":["KratosMod:Strike_K","KratosMod:Strike_K","KratosMod:Strike_K","KratosMod:Defend_K","KratosMod:Defend_K","KratosMod:Defend_K","KratosMod:Defend_K","KratosMod:cyclone","KratosMod:AthenaBane","KratosMod:BladeWhip+1","KratosMod:clawsofhades","KratosMod:Endure","KratosMod:Endure","KratosMod:clawsofhades+1","KratosMod:BladeWhip","KratosMod:clawsofhades","KratosMod:Tempor","KratosMod:BladeWhip","KratosMod:ShieldBash","KratosMod:Revenge+1","KratosMod:settle","KratosMod:BladeWhip+1","KratosMod:Tempor","KratosMod:Revenge","KratosMod:ShieldBash+1","KratosMod:clawsofhades","KratosMod:tartarusrage+1","Replay:BasicMightCard","KratosMod:Revenge+1","KratosMod:BladeWhip+1","infinitespire:DeathsTouch","KratosMod:clawsofhades+1","KratosMod:Tempor+1","KratosMod:BladeWhip+1","KratosMod:settle","KratosMod:ShieldBash+1"],"relics":["KratosMod:eagle","MawBank","Replay:Wax Seal","Fusion Hammer","Nunchaku","wanderingMiniBosses:Inkheart","HollowMod:PaleOreRelic","Pocketwatch","PreservedInsect","MealTicket","ChewingGum","Replay:Bandana","Sozu","Guide Book","infinitespire:WardingShard","Sling"],"acts_visited":["Exordium","TheCity","TheBeyond"],"potions_floor_usage":[20,50],"damage_taken":[{"damage":2,"enemies":"Jaw Worm","floor":1,"turns":6},{"damage":8,"enemies":"2 Louse","floor":3,"turns":6},{"damage":0,"enemies":"Cultist","floor":5,"turns":3},{"damage":14,"enemies":"Blue Slaver","floor":10,"turns":6},{"damage":11,"enemies":"Lots of Slimes","floor":11,"turns":4},{"damage":5,"enemies":"Looter","floor":12,"turns":4},{"damage":21,"enemies":"3 Louse","floor":14,"turns":2},{"damage":57,"enemies":"Fading Forest","floor":16,"turns":11},{"damage":24,"enemies":"Spheric Guardian","floor":18,"turns":6},{"damage":10,"enemies":"Chosen","floor":20,"turns":3},{"damage":37,"enemies":"Shelled Parasite and Fungi","floor":21,"turns":5},{"damage":8,"enemies":"Centurion and Healer","floor":22,"turns":5},{"damage":30,"enemies":"Nightmare","floor":24,"turns":4},{"damage":18,"enemies":"Chosen and Byrds","floor":25,"turns":4},{"damage":52,"enemies":"Pondfish","floor":33,"turns":5},{"damage":29,"enemies":"3 Shapes","floor":35,"turns":5},{"damage":45,"enemies":"3 Darklings","floor":38,"turns":5},{"damage":94,"enemies":"Nightmare","floor":41,"turns":6},{"damage":12,"enemies":"Sphere and 2 Shapes","floor":45,"turns":3},{"damage":3,"enemies":"4 Shapes","floor":46,"turns":3},{"damage":23,"enemies":"Jaw Worm Horde","floor":48,"turns":3},{"damage":51,"enemies":"Donu and Deca","floor":50,"turns":5}],"seed_played":"3832192941641085003","potions_obtained":[{"floor":3,"key":"Toxic Potion"},{"floor":11,"key":"Elixir"},{"floor":14,"key":"Fire Potion"},{"floor":19,"key":"FairyPotion"},{"floor":24,"key":"Adrenaline Potion"}],"is_trial":false,"path_per_floor":["M","$","M","$","M","R","?","R","T","M","M","M","R","M","R","B",null,"M","?","M","M","M","R","NM","M","T","?","R","$","?","$","R","B",null,"M","?","?","M","?","R","NM","AVR","T","R","M","M","$","M","R","B",null],"character_chosen":"KRATOS","items_purchased":["KratosMod:clawsofhades","KratosMod:tartarusrage","Pocketwatch","PreservedInsect","Replay:BasicMightCard","MealTicket","Sling","KratosMod:settle"],"campfire_rested":8,"item_purchase_floors":[2,29,29,29,29,29,47,47],"current_hp_per_floor":[64,64,66,66,66,66,40,59,59,53,42,48,66,45,64,55,66,61,61,56,58,66,66,46,31,31,31,50,50,50,65,66,40,66,66,66,50,57,57,66,55,55,55,66,63,63,66,43,62,66],"gold":92,"neow_bonus":"TEN_PERCENT_HP_BONUS","is_daily":false,"chose_seed":false,"campfire_upgraded":1,"win_rate":0.0,"timestamp":1610070815,"path_taken":["M","$","M","$","M","R","?","R","T","M","M","M","R","M","R","BOSS","M","?","M","M","?","R","NM","M","T","?","R","$","?","$","R","BOSS","M","?","?","M","?","R","NM","AVR","T","R","M","M","$","M","R","BOSS"],"items_purchased_type":["Card","Card","Relic","Relic","Card","Relic","Relic","Card"],"build_version":"2020-12-22","purchased_purges":0,"victory":true,"max_hp_per_floor":[66,66,66,66,66,66,66,66,66,66,66,66,66,66,66,66,66,66,66,66,66,66,66,66,66,66,66,66,66,66,66,66,66,66,66,66,66,66,66,66,66,66,66,66,66,66,66,66,66,66],"card_choices":[{"not_picked":["KratosMod:Roll","KratosMod:ShieldBash"],"picked":"KratosMod:BladeWhip","floor":1},{"not_picked":["KratosMod:rattle","KratosMod:clawsofhades"],"picked":"KratosMod:Endure","floor":3},{"not_picked":["KratosMod:rattle","KratosMod:ShieldBash"],"picked":"KratosMod:Endure","floor":5},{"not_picked":["KratosMod:ShieldBash","KratosMod:conjuresoul"],"picked":"KratosMod:clawsofhades","floor":7},{"not_picked":["KratosMod:conjuresoul","KratosMod:rattle"],"picked":"KratosMod:BladeWhip","floor":7},{"not_picked":["KratosMod:Roll","KratosMod:rattle"],"picked":"KratosMod:clawsofhades","floor":10},{"not_picked":["KratosMod:ShieldBash","KratosMod:Roll"],"picked":"KratosMod:Tempor","floor":11},{"not_picked":["KratosMod:SmashStone","KratosMod:conjuresoul"],"picked":"KratosMod:BladeWhip","floor":12},{"not_picked":["KratosMod:Roll","KratosMod:kBerserk"],"picked":"KratosMod:ShieldBash","floor":14},{"not_picked":["KratosMod:ablockalypse","KratosMod:tartarusrage"],"picked":"KratosMod:Revenge","floor":16},{"not_picked":["KratosMod:clawsofhades","KratosMod:rattle"],"picked":"KratosMod:settle","floor":18},{"not_picked":["KratosMod:conjuresoul","KratosMod:clawsofhades+1"],"picked":"KratosMod:BladeWhip+1","floor":20},{"not_picked":["KratosMod:settle+1","KratosMod:BladeWhip+1"],"picked":"KratosMod:Tempor","floor":21},{"not_picked":["KratosMod:conjuresoul","KratosMod:ShieldBash+1"],"picked":"KratosMod:Revenge","floor":22},{"not_picked":["KratosMod:Revenge","KratosMod:Endure+1"],"picked":"KratosMod:ShieldBash+1","floor":24},{"not_picked":["KratosMod:rattle","KratosMod:Roll"],"picked":"KratosMod:clawsofhades","floor":25},{"not_picked":["KratosMod:ablockalypse","KratosMod:styx"],"picked":"KratosMod:Revenge","floor":33},{"not_picked":["KratosMod:rattle+1","KratosMod:Endure"],"picked":"KratosMod:BladeWhip+1","floor":35},{"not_picked":["ReplayTheSpireMod:??????????????????????","infinitespire:Oblivion"],"picked":"infinitespire:DeathsTouch","floor":37},{"not_picked":["KratosMod:Endure+1","KratosMod:SmashStone"],"picked":"KratosMod:clawsofhades+1","floor":38},{"not_picked":["KratosMod:Roll","KratosMod:BladeWhip"],"picked":"KratosMod:Tempor+1","floor":41},{"not_picked":["KratosMod:rattle","KratosMod:Roll+1","KratosMod:conjuresoul"],"picked":"SKIP","floor":45},{"not_picked":["KratosMod:conjuresoul","KratosMod:Tempor"],"picked":"KratosMod:BladeWhip+1","floor":46},{"not_picked":["KratosMod:BladeWhip+1","KratosMod:Endure+1"],"picked":"KratosMod:ShieldBash+1","floor":48}],"player_experience":67787,"relics_obtained":[{"floor":7,"key":"MawBank"},{"floor":9,"key":"Replay:Wax Seal"},{"floor":24,"key":"Nunchaku"},{"floor":25,"key":"wanderingMiniBosses:Inkheart"},{"floor":26,"key":"HollowMod:PaleOreRelic"},{"floor":41,"key":"Replay:Bandana"},{"floor":43,"key":"infinitespire:WardingShard"}],"event_choices":[{"damage_healed":0,"gold_gain":0,"player_choice":"Got Potions","damage_taken":0,"max_hp_gain":0,"max_hp_loss":0,"event_name":"Lab","floor":19,"gold_loss":0},{"cards_removed":["KratosMod:Strike_K"],"damage_healed":0,"gold_gain":0,"player_choice":"Gave Gold","damage_taken":0,"max_hp_gain":0,"max_hp_loss":0,"event_name":"Beggar","floor":27,"gold_loss":75},{"damage_healed":0,"gold_gain":0,"player_choice":"Upgraded","damage_taken":0,"max_hp_gain":0,"max_hp_loss":0,"event_name":"Upgrade Shrine","floor":30,"gold_loss":0,"cards_upgraded":["KratosMod:tartarusrage"]},{"damage_healed":0,"gold_gain":0,"player_choice":"Ignored","damage_taken":0,"max_hp_gain":0,"max_hp_loss":0,"event_name":"Tomb of Lord Red Mask","floor":39,"gold_loss":0}],"is_beta":false,"boss_relics":[{"not_picked":["Replay:Drink Me","Abe\u0027s Treasure"],"picked":"Fusion Hammer"},{"not_picked":["ReplayTheSpireMod:SealedPack","Philosopher\u0027s Stone"],"picked":"ChewingGum"}],"items_purged_floors":[],"is_endless":false,"potions_floor_spawned":[3,11,14,24,25,35,46,48],"ascension_level":0}}