{"host":"msa0wxqjs3jv1k3j","time":1610110130,"event":{"mods":["BaseMod","BetterRewards","Colored Map","Highlight Path","KOR Keyword Fix","Keyboard Shortcuts","Minty Spire (QoL Compilation)","Quick Restart","SuperFastMode","everything is the same but u backflip on backflip"],"gold_per_floor":[117,292,292,292,71,102,77,77,103,103,122,222,249,268,268,369,369,379,412,422,90,90,90,17,17,44,44,63,74,74,84,84,84,84],"floor_reached":33,"playtime":1290,"items_purged":["Defend_B"],"score":250,"play_id":"9e2704ad-c041-4a9c-95eb-4ffcb1a8cf38","local_time":"20210108214850","is_ascension_mode":false,"campfire_choices":[{"floor":10.0,"key":"REST"},{"floor":15.0,"key":"REST"},{"floor":23.0,"key":"REST"},{"floor":25.0,"key":"REST"},{"floor":27.0,"key":"DIG"},{"floor":32,"key":"REST"}],"circlet_count":0,"master_deck":["Strike_B","Strike_B","Strike_B","Defend_B","Defend_B","Defend_B","Zap","Dualcast","Buffer","Compile Driver","Skim","Capacitor","Ball Lightning","Beam Cell","Rainbow","Stack","Redo","Chaos","Electrodynamics","Conserve Battery","Barrage","Auto Shields","Capacitor","Darkness","Barrage","Necronomicurse","Glacier","Glacier"],"relics":["Cracked Core","Shovel","Juzu Bracelet","Centennial Puzzle","Medical Kit","Spirit Poop","Blood Vial","White Beast Statue","Dream Catcher","Shuriken","Sozu","Red Mask","Membership Card","TungstenRod","Orichalcum","Potion Belt","Calipers","Necronomicon"],"acts_visited":["Exordium","TheCity"],"potions_floor_usage":[31],"damage_taken":[{"damage":1.0,"enemies":"Jaw Worm","floor":1.0,"turns":4.0},{"damage":38.0,"enemies":"3 Sentries","floor":6.0,"turns":9.0},{"damage":9.0,"enemies":"Small Slimes","floor":11.0,"turns":3.0},{"damage":11.0,"enemies":"Lagavulin","floor":13.0,"turns":5.0},{"damage":0.0,"enemies":"Cultist","floor":14.0,"turns":2.0},{"damage":18.0,"enemies":"Hexaghost","floor":16.0,"turns":9.0},{"damage":10.0,"enemies":"Chosen","floor":18.0,"turns":5.0},{"damage":50.0,"enemies":"Masked Bandits","floor":19.0,"turns":5.0},{"damage":12.0,"enemies":"Shell Parasite","floor":20.0,"turns":6.0},{"damage":26.0,"enemies":"Shelled Parasite and Fungi","floor":28.0,"turns":7.0},{"damage":16.0,"enemies":"Snake Plant","floor":29.0,"turns":4.0},{"damage":0,"enemies":"Chosen and Byrds","floor":31,"turns":4},{"damage":50,"enemies":"Automaton","floor":33,"turns":6}],"seed_played":"6112612464542071374","potions_obtained":[{"floor":6.0,"key":"SkillPotion"},{"floor":11.0,"key":"DistilledChaos"},{"floor":13.0,"key":"EssenceOfSteel"},{"floor":14.0,"key":"Fire Potion"},{"floor":16.0,"key":"Fire Potion"}],"is_trial":false,"path_per_floor":["M","?","?","?","$","E","?","$","T","R","M","?","E","M","R","B",null,"M","?","M","$","?","R","$","R","T","R","M","M","?","M","R","B"],"character_chosen":"DEFECT","items_purchased":["Buffer","Juzu Bracelet","Centennial Puzzle","Medical Kit","Capacitor","Blood Vial","Membership Card","TungstenRod","Orichalcum"],"campfire_rested":5,"item_purchase_floors":[0,0,0,0,5,5,21,21,24],"current_hp_per_floor":[39,39,39,39,39,3,3,3,3,25,18,18,9,11,33,17,75,65,17,7,7,7,29,29,51,51,51,27,13,1,3,25,0,0],"gold":84,"neow_bonus":"","is_daily":false,"chose_seed":false,"campfire_upgraded":0,"win_rate":0.0,"timestamp":1610110130,"path_taken":["M","?","?","?","?","E","?","?","T","R","M","?","E","M","R","BOSS","M","?","M","$","?","R","$","R","T","R","M","M","?","M","R","BOSS"],"items_purchased_type":["Card","Relic","Relic","Relic","Card","Relic","Relic","Relic","Relic"],"build_version":"2020-12-22","purchased_purges":1,"victory":false,"max_hp_per_floor":[75,75,75,75,75,75,75,75,75,75,75,75,75,75,75,75,75,75,75,75,75,75,75,75,75,75,75,75,75,75,75,75,75,75],"card_choices":[{"not_picked":["Beam Cell","Gash"],"picked":"Compile Driver","floor":1.0},{"not_picked":["Turbo","Hologram"],"picked":"Ball Lightning","floor":6.0},{"not_picked":["Turbo","Steam"],"picked":"Beam Cell","floor":10.0},{"not_picked":["Double Energy","Go for the Eyes"],"picked":"Rainbow","floor":11.0},{"not_picked":["Rebound","Beam Cell"],"picked":"Stack","floor":13.0},{"not_picked":["Coolheaded","Leap"],"picked":"Redo","floor":14.0},{"not_picked":["Storm","Chill"],"picked":"Chaos","floor":15.0},{"not_picked":["Rainbow","Reboot"],"picked":"Electrodynamics","floor":16.0},{"not_picked":["Scrape+1","Hologram+1"],"picked":"Conserve Battery","floor":18.0},{"not_picked":["Steam","Conserve Battery+1"],"picked":"Barrage","floor":19.0},{"not_picked":["Conserve Battery","Reinforced Body"],"picked":"Auto Shields","floor":20.0},{"not_picked":["Barrage","Rebound"],"picked":"Capacitor","floor":23.0},{"not_picked":["Compile Driver","Beam Cell"],"picked":"Darkness","floor":25.0},{"not_picked":["All For One","Consume+1","Force Field+1"],"picked":"SKIP","floor":28.0},{"not_picked":["Beam Cell+1","Sweeping Beam"],"picked":"Barrage","floor":29.0},{"not_picked":["Beam Cell","Redo+1"],"picked":"Glacier","floor":31},{"not_picked":["Blizzard+1","Compile Driver+1"],"picked":"Glacier","floor":32}],"player_experience":31844,"relics_obtained":[{"floor":6.0,"key":"White Beast Statue"},{"floor":9.0,"key":"Dream Catcher"},{"floor":13.0,"key":"Shuriken"},{"floor":19.0,"key":"Red Mask"},{"floor":26.0,"key":"Potion Belt"},{"floor":27.0,"key":"Calipers"},{"floor":30.0,"key":"Necronomicon"}],"event_choices":[{"damage_healed":0.0,"max_hp_gain":0.0,"max_hp_loss":0.0,"gold_gain":175.0,"event_name":"Liars Game","player_choice":"AGREE","floor":2.0,"gold_loss":0.0,"damage_taken":0.0,"cards_obtained":["Doubt"]},{"damage_healed":0.0,"max_hp_gain":0.0,"max_hp_loss":0.0,"gold_gain":0.0,"cards_transformed":["Strike_B"],"event_name":"Transmorgrifier","player_choice":"Transformed","floor":3.0,"gold_loss":0.0,"damage_taken":0.0,"cards_obtained":["Skim"]},{"cards_removed":["Doubt"],"damage_healed":0.0,"max_hp_gain":0.0,"max_hp_loss":0.0,"gold_gain":0.0,"event_name":"Bonfire Elementals","player_choice":"Offered Curse","floor":4.0,"gold_loss":0.0,"damage_taken":0.0,"relics_obtained":["Spirit Poop"]},{"damage_healed":0.0,"max_hp_gain":0.0,"max_hp_loss":0.0,"gold_gain":0.0,"event_name":"World of Goop","player_choice":"Left Gold","floor":7.0,"gold_loss":25.0,"damage_taken":0.0},{"damage_healed":0.0,"max_hp_gain":0.0,"max_hp_loss":0.0,"gold_gain":100.0,"event_name":"Wheel of Change","player_choice":"Gold","floor":12.0,"gold_loss":0.0,"damage_taken":0.0},{"damage_healed":0.0,"max_hp_gain":0.0,"max_hp_loss":0.0,"gold_gain":0.0,"event_name":"Masked Bandits","player_choice":"Fought Bandits","floor":19.0,"gold_loss":0.0,"damage_taken":0.0},{"damage_healed":0.0,"max_hp_gain":0.0,"max_hp_loss":0.0,"gold_gain":0.0,"event_name":"Ghosts","player_choice":"Ignored","floor":22.0,"gold_loss":0.0,"damage_taken":0.0},{"damage_healed":0.0,"max_hp_gain":0.0,"max_hp_loss":0.0,"gold_gain":0.0,"event_name":"Cursed Tome","player_choice":"Obtained Book","floor":30.0,"gold_loss":0.0,"damage_taken":16.0}],"is_beta":false,"boss_relics":[{"not_picked":["Tiny House","Astrolabe"],"picked":"Sozu"}],"items_purged_floors":[21],"is_endless":false,"potions_floor_spawned":[6,11,13,14,16,18,19,20,28,29,31],"killed_by":"Automaton","ascension_level":0}}