{"host":"kabf61oc9jgfwufg","time":1610129225,"event":{"mods":["AchievementEnabler","Act Like it!","Aspiration","BaseMod","Conspire","GifTheSpireLib","Halation","HexUI Lib","Hubris","Infinite Spire","Melee Mod","Minty Spire (QoL Compilation)","Quick Restart","Rare Cards Sparkle","Replay The Spire","Shop Mod","StSLib","Waifu the Spire"],"gold_per_floor":[118,118,118,133,133,133,133,133,184,184,211,288,308,308,308,416,443,466,482,509,509,518,518,557,557,609,609,609,622,414,437,437,573,673,733,795,795,804,878,969,969,1051,1051,1136,1220,1238,1238,1238,1238,1417,1417,1524,1646,1293,1293,1349,1349,1349,1349,1446,1545,1545,1545,1651,1660,1774,1913,1922,2120,2120,2272,2061,1656,1766,1775,1914,2114,2114,2114,2256,2256,2265,2283,2428,2437,2652,2652,2820,2820,2820,2614,2787,2978,2978,3188,3188,3410,3609,3509,3509,3487,3487],"floor_reached":101,"playtime":3441,"items_purged":["Defend_P","Study+1","Mayhem","Sword Boomerang+1","Underhanded Strike+1","Infernal Blade","Strike_P"],"score":1764,"play_id":"0cb6b11d-0a45-492c-80c5-bb8601f5e982","local_time":"20210108180705","is_ascension_mode":false,"campfire_choices":[{"data":"Eruption","floor":6.0,"key":"SMITH"},{"data":"Consecrate","floor":8.0,"key":"SMITH"},{"floor":15.0,"key":"REST"},{"data":"FlyingSleeves","floor":23.0,"key":"SMITH"},{"floor":25.0,"key":"REST"},{"data":"WreathOfFlame","floor":28.0,"key":"SMITH"},{"floor":32.0,"key":"REST"},{"data":"Tantrum","floor":47.0,"key":"SMITH"},{"floor":49.0,"key":"REST"},{"data":"Underhanded Strike","floor":59.0,"key":"SMITH"},{"data":"FollowUp","floor":63.0,"key":"SMITH"},{"data":"Sanctity","floor":65.0,"key":"SMITH"},{"data":"infinitespire:FinalStrike","floor":68.0,"key":"SMITH"},{"data":"hubris:CleavingFinish","floor":78.0,"key":"SMITH"},{"data":"Gash","floor":81.0,"key":"SMITH"},{"data":"infinitespire:Menacing","floor":85.0,"key":"SMITH"},{"data":"meleeMod_AmsahTech","floor":100,"key":"SMITH"}],"circlet_count":0,"master_deck":["Defend_P+1","Eruption+1","Consecrate+1","Judgement+1","CutThroughFate+1","ClearTheMind+1","WreathOfFlame+1","FlyingSleeves+1","SashWhip+1","Tantrum+1","WreathOfFlame+1","FollowUp+1","Sanctity+1","Replay:Cycle","infinitespire:Gouge","Flash of Steel","hubris:CleavingFinish+1","Gash+1","RitualDagger","FlyingSleeves","infinitespire:Menacing+1","meleeMod_SuperMushroom+1","meleeMod_AmsahTech+1"],"relics":["Replay:M_SmolderingBlood","NeowsBlessing","infinitespire:Lucky Rock","hubris:Icosahedron","infinitespire:Cubic Diamond","CeramicFish","aspiration:FetidBarrel","HornCleat","CultistMask","Astrolabe","Red Mask","PrismaticShard","Mango","Blood Vial","StrikeDummy","Membership Card","infinitespire:EvilPickle","Replay:Wanted Poster","Replay:Baseball","Snack Pack","Bronze Scales","halation:Prosthetics","MerchantsRug","Medical Kit","Incense Burner","hubris:OldNail","Replay:PocketPolymizer","Mirror","Black Star","Oddly Smooth Stone","Kunai","Unceasing Top","ReplayTheSpireMod:ShopPack","Dream Catcher","Potion Belt","hubris:ToyBattleship","halation:Thesaurus","infinitespire:Lychee Nut","hubris:BottledRain","Blue Candle","ReplayTheSpireMod:Lightbulb","hubris:DisguiseKit","Vajra","Centennial Puzzle","hubris:MobiusCoin","Pondfish Scales","aspiration:HatOfInfinitePower"],"acts_visited":["Exordium","TheCity","TheBeyond","Exordium","TheCity","TheBeyond"],"potions_floor_usage":[],"damage_taken":[{"damage":0.0,"enemies":"2 Louse","floor":1.0,"turns":1.0},{"damage":0.0,"enemies":"Small Slimes","floor":4.0,"turns":1.0},{"damage":0.0,"enemies":"Cultist","floor":10.0,"turns":1.0},{"damage":31.0,"enemies":"Lagavulin","floor":11.0,"turns":8.0},{"damage":0.0,"enemies":"Blue Slaver","floor":13.0,"turns":3.0},{"damage":26.0,"enemies":"Hexaghost","floor":16.0,"turns":8.0},{"damage":0.0,"enemies":"3 Byrds","floor":18.0,"turns":3.0},{"damage":10.0,"enemies":"Chosen","floor":19.0,"turns":3.0},{"damage":10.0,"enemies":"Masked Bandits","floor":20.0,"turns":2.0},{"damage":36.0,"enemies":"Nightmare","floor":24.0,"turns":7.0},{"damage":19.0,"enemies":"Shelled Parasite and Fungi","floor":29.0,"turns":4.0},{"damage":0.0,"enemies":"Centurion and Healer","floor":31.0,"turns":3.0},{"damage":51.0,"enemies":"Pondfish","floor":33.0,"turns":7.0},{"damage":26.0,"enemies":"3 Shapes","floor":35.0,"turns":2.0},{"damage":20.0,"enemies":"3 Darklings","floor":36.0,"turns":3.0},{"damage":0.0,"enemies":"Sphere and 2 Shapes","floor":39.0,"turns":1.0},{"damage":47.0,"enemies":"Giant Head","floor":40.0,"turns":6.0},{"damage":17.0,"enemies":"4 Shapes","floor":42.0,"turns":4.0},{"damage":0.0,"enemies":"Spire Growth","floor":44.0,"turns":2.0},{"damage":6.0,"enemies":"Sphere and 2 Shapes","floor":45.0,"turns":2.0},{"damage":0.0,"enemies":"hubris:GrandSnecko","floor":50.0,"turns":1.0},{"damage":0.0,"enemies":"Cultist","floor":52.0,"turns":2.0},{"damage":0.0,"enemies":"2 Louse","floor":53.0,"turns":1.0},{"damage":11.0,"enemies":"Lagavulin","floor":60.0,"turns":4.0},{"damage":4.0,"enemies":"Small Slimes","floor":61.0,"turns":2.0},{"damage":0.0,"enemies":"3 Louse","floor":64.0,"turns":1.0},{"damage":0.0,"enemies":"Lots of Slimes","floor":66.0,"turns":2.0},{"damage":0.0,"enemies":"Looter","floor":67.0,"turns":1.0},{"damage":26.0,"enemies":"Slime Boss","floor":69.0,"turns":7.0},{"damage":4.0,"enemies":"Shell Parasite","floor":71.0,"turns":3.0},{"damage":8.0,"enemies":"Chosen","floor":74.0,"turns":3.0},{"damage":0.0,"enemies":"Nightmare","floor":76.0,"turns":1.0},{"damage":7.0,"enemies":"Shelled Parasite and Fungi","floor":80.0,"turns":2.0},{"damage":4.0,"enemies":"Centurion and Healer","floor":84.0,"turns":2.0},{"damage":0.0,"enemies":"Champ","floor":86.0,"turns":5.0},{"damage":9.0,"enemies":"3 Shapes","floor":88.0,"turns":3.0},{"damage":0.0,"enemies":"3 Darklings","floor":92.0,"turns":2.0},{"damage":14.0,"enemies":"Reptomancer","floor":93.0,"turns":5.0},{"damage":0.0,"enemies":"Giant Head","floor":95.0,"turns":3.0},{"damage":14,"enemies":"R_Hoarder","floor":97,"turns":4},{"damage":0,"enemies":"Transient","floor":98,"turns":5},{"damage":21,"enemies":"infinitespire:Three Voidlings","floor":101,"turns":2},{"damage":20,"enemies":"Nightmare_Alpha","floor":101,"turns":1}],"seed_played":"2320477164707180505","potions_obtained":[{"floor":1.0,"key":"FearPotion"},{"floor":11.0,"key":"Death Potion"},{"floor":13.0,"key":"Weak Potion"},{"floor":16.0,"key":"EssenceOfSteel"},{"floor":20.0,"key":"SkillPotion"},{"floor":24.0,"key":"Swift Potion"},{"floor":35.0,"key":"Elixir"},{"floor":36.0,"key":"Adrenaline Potion"},{"floor":40.0,"key":"AttackPotion"},{"floor":42.0,"key":"Weak Potion"},{"floor":52.0,"key":"LifebloodPotion"},{"floor":69.0,"key":"DuplicationPotion"},{"floor":80.0,"key":"SkillPotion"},{"floor":86.0,"key":"DistilledChaos"},{"floor":92.0,"key":"FearPotion"},{"floor":93.0,"key":"SpeedPotion"},{"floor":97,"key":"Strength Potion"}],"is_trial":false,"path_per_floor":["M","?","?","M","?","R","?","R","T","M","E","T","M","?","R","B",null,"M","M","?","?","?","R","NM","R","T","AVR","R","M","$","M","R","B",null,"M","M","?","?","M","E","?","M","T","M","M","AVR","R","?","R","B",null,"M","M","$","?","?","PTL","PTL","R","E","M","T","R","M","R","M","M","R","B",null,"M","$","$","M","AVR","NM","?","R","T","M","R","?","?","M","R","B",null,"M","?","?","$","M","E","T","E","T","E","M","NS","R","?"],"character_chosen":"WATCHER","items_purchased":["Membership Card","Tantrum","MerchantsRug","Medical Kit","Incense Burner","FollowUp","Oddly Smooth Stone","Pet Ghost","Kunai","Unceasing Top","ReplayTheSpireMod:ShopPack","halation:Thesaurus","hubris:BottledRain"],"campfire_rested":4,"item_purchase_floors":[30,30,54,54,54,54,72,72,73,73,73,91,91],"current_hp_per_floor":[72,58,58,58,58,58,58,58,58,58,27,27,27,27,48,46,72,72,62,52,52,44,44,22,47,47,47,47,30,30,32,57,8,86,60,42,75,75,75,28,28,13,13,19,17,17,17,17,38,40,36,36,36,36,41,31,31,31,31,24,22,22,22,26,26,32,34,34,18,41,37,37,37,35,35,37,37,37,37,36,36,30,30,32,32,41,41,34,34,34,30,30,20,20,30,30,18,30,30,30,0,0],"gold":3487,"neow_bonus":"THREE_ENEMY_KILL","is_daily":false,"chose_seed":false,"campfire_upgraded":13,"win_rate":0.0,"timestamp":1610129225,"path_taken":["M","?","?","?","?","R","?","R","T","M","E","?","?","?","R","BOSS","M","?","?","?","?","R","NM","R","T","AVR","R","M","$","?","R","BOSS","M","M","?","?","?","E","?","M","T","M","M","AVR","R","?","R","BOSS","M","M","$","?","?","PTL","PTL","R","E","M","T","R","M","R","?","?","R","BOSS","M","?","$","M","AVR","NM","?","R","T","?","R","?","?","M","R","BOSS","M","?","?","$","M","E","?","E","T","E","?","NS","R","?"],"items_purchased_type":["Relic","Card","Relic","Relic","Relic","Card","Relic","Relic","Relic","Relic","Relic","Relic","Relic"],"build_version":"2020-12-22","purchased_purges":7,"victory":false,"max_hp_per_floor":[72,72,72,72,72,72,72,72,72,72,72,72,72,72,72,72,72,72,72,72,72,72,72,86,86,86,86,86,86,86,86,86,86,86,86,86,75,75,75,75,75,75,75,75,75,75,75,71,71,71,36,36,36,36,41,41,41,41,41,41,41,41,41,41,41,41,41,41,41,41,41,41,41,41,41,41,41,41,41,41,41,41,41,41,41,41,41,41,41,41,30,30,30,30,30,30,30,30,30,30,30,30],"card_choices":[{"not_picked":["Prostrate","Replay:BluntJabs","Replay:AtTheReady"],"picked":"SKIP","floor":1.0},{"not_picked":["SandsOfTime","Replay:Vibes"],"picked":"Consecrate","floor":4.0},{"not_picked":["CutThroughFate","PathToVictory","EmptyBody"],"picked":"SKIP","floor":10.0},{"not_picked":["Carnage","DeceiveReality","Prostrate"],"picked":"SKIP","floor":11.0},{"not_picked":["Wallop","Replay:Hum","Clash"],"picked":"SKIP","floor":13.0},{"not_picked":["Vault","Bludgeon"],"picked":"Judgement","floor":16.0},{"not_picked":["Consecrate","Halt"],"picked":"WreathOfFlame","floor":18.0},{"not_picked":["Crescendo","Nirvana","Uppercut"],"picked":"SKIP","floor":19.0},{"not_picked":["TalkToTheHand","EmptyBody+1"],"picked":"FlyingSleeves","floor":22.0},{"not_picked":["hubris:Counter+1","PiercingWail"],"picked":"SashWhip+1","floor":24.0},{"not_picked":["Dark Embrace","Crescendo","ReplayReversal"],"picked":"SKIP","floor":29.0},{"not_picked":["Ball Lightning","Replay:ManipulateFuture"],"picked":"Infernal Blade+1","floor":31.0},{"not_picked":["Multi-Cast","meleeMod_UCF"],"picked":"Mayhem","floor":33.0},{"not_picked":["Replay:Sssssssssshield","hubris:SharpeningStone+1","Anger"],"picked":"SKIP","floor":35.0},{"not_picked":["Outmaneuver","Twin Strike+1","Madness"],"picked":"SKIP","floor":36.0},{"not_picked":["meleeMod_UpSmash+1","Body Slam"],"picked":"Sword Boomerang+1","floor":39.0},{"not_picked":["Fluid Movement","Hidden Blade","Dagger Spray"],"picked":"SKIP","floor":40.0},{"not_picked":["Underhanded Strike","Ghostly Armor","Immolate"],"picked":"SKIP","floor":42.0},{"not_picked":["Blade Dance","meleeMod_RaptorBoost","PathToVictory+1"],"picked":"SKIP","floor":44.0},{"not_picked":["Steam","Loop","Cold Snap+1"],"picked":"SKIP","floor":45.0},{"not_picked":["Dodge and Roll","Protect","Stack"],"picked":"SKIP","floor":52.0},{"not_picked":["PiercingWail","Poison Darts"],"picked":"Underhanded Strike","floor":53.0},{"not_picked":["meleeMod_UpAir","hubris:ReadiedAction"],"picked":"Evaluate","floor":56.0},{"not_picked":["hubris:Sniper","Massacre","Clothesline"],"picked":"SKIP","floor":60.0},{"not_picked":["FIFO Queue","Static Discharge","Deep Breath"],"picked":"SKIP","floor":61.0},{"not_picked":["Discovery","Sever Soul","meleeMod_FalconDive"],"picked":"SKIP","floor":64.0},{"not_picked":["Anger","meleeMod_FalconKick","WaveOfTheHand"],"picked":"SKIP","floor":66.0},{"not_picked":["Sweeping Beam","Deflect"],"picked":"Infernal Blade","floor":67.0},{"not_picked":["Replay:Fractal Strike","ReplayTheSpireMod:Echoes of Time"],"picked":"infinitespire:Gouge","floor":71.0},{"not_picked":["ReachHeaven","Forethought","meleeMod_ForwardTilt"],"picked":"SKIP","floor":71.0},{"not_picked":["Impatience","Discovery"],"picked":"Flash of Steel","floor":73.0},{"not_picked":["Go for the Eyes","ReplayTheSpireMod:Strike From Hell"],"picked":"hubris:CleavingFinish","floor":74.0},{"not_picked":["Replay:ManipulateFuture","EmptyMind+1","ReplaySort"],"picked":"SKIP","floor":76.0},{"not_picked":["Massacre+1","Rupture+1"],"picked":"Gash","floor":80.0},{"not_picked":["hubris:SharpeningStone","Hidden Blade","hubris:Insight"],"picked":"SKIP","floor":84.0},{"not_picked":["Underhanded Strike+1","PanicButton+1","meleeMod_DashDance"],"picked":"SKIP","floor":88.0},{"not_picked":["ReplayTheSpireMod:Strike From Hell","Heavy Blade","Evaluate"],"picked":"SKIP","floor":92.0},{"not_picked":["Tempest+1","meleeMod_DashDance"],"picked":"meleeMod_SuperMushroom+1","floor":93.0},{"not_picked":["meleeMod_FireFlower+1","conspire:PoisonWeapons+1","Second Wind+1","Terror"],"picked":"SKIP","floor":95.0},{"not_picked":["Well Laid Plans","meleeMod_BackAir","conspire:DoublingDagger"],"picked":"meleeMod_AmsahTech","floor":97},{"not_picked":["PathToVictory+1","Replay:Bootleg Shield Generator","ReplayTheSpireMod:Exploit Weakness+1","Backflip"],"picked":"SKIP","floor":98}],"player_experience":96797,"relics_obtained":[{"floor":9.0,"key":"CeramicFish"},{"floor":11.0,"key":"aspiration:FetidBarrel"},{"floor":12.0,"key":"HornCleat"},{"floor":20.0,"key":"Red Mask"},{"floor":22.0,"key":"PrismaticShard"},{"floor":24.0,"key":"Mango"},{"floor":26.0,"key":"Blood Vial"},{"floor":40.0,"key":"Replay:Baseball"},{"floor":43.0,"key":"Snack Pack"},{"floor":56.0,"key":"hubris:OldNail"},{"floor":60.0,"key":"Replay:PocketPolymizer"},{"floor":62.0,"key":"Mirror"},{"floor":76.0,"key":"Dream Catcher"},{"floor":76.0,"key":"Potion Belt"},{"floor":79.0,"key":"hubris:ToyBattleship"},{"floor":93.0,"key":"Blue Candle"},{"floor":93.0,"key":"ReplayTheSpireMod:Lightbulb"},{"floor":94.0,"key":"hubris:DisguiseKit"},{"floor":95.0,"key":"Vajra"},{"floor":95.0,"key":"Centennial Puzzle"},{"floor":96.0,"key":"hubris:MobiusCoin"},{"floor":97,"key":"Pondfish Scales"},{"floor":97,"key":"aspiration:HatOfInfinitePower"}],"event_choices":[{"damage_healed":0.0,"max_hp_gain":0.0,"max_hp_loss":0.0,"gold_gain":0.0,"event_name":"Shining Light","player_choice":"Entered Light","floor":2.0,"gold_loss":0.0,"damage_taken":14.0,"cards_upgraded":["Defend_P","Vigilance"]},{"damage_healed":0.0,"max_hp_gain":0.0,"max_hp_loss":0.0,"gold_gain":0.0,"event_name":"WeMeetAgain","player_choice":"Gave Potion","floor":3.0,"gold_loss":0.0,"damage_taken":0.0,"relics_obtained":["infinitespire:Lucky Rock"]},{"damage_healed":0.0,"max_hp_gain":0.0,"max_hp_loss":0.0,"gold_gain":0.0,"event_name":"FaceTrader","player_choice":"Trade","floor":14.0,"gold_loss":0.0,"damage_taken":0.0,"relics_obtained":["CultistMask"]},{"damage_healed":0.0,"max_hp_gain":0.0,"max_hp_loss":0.0,"gold_gain":0.0,"event_name":"Masked Bandits","player_choice":"Fought Bandits","floor":20.0,"gold_loss":0.0,"damage_taken":0.0},{"damage_healed":75.0,"max_hp_gain":0.0,"max_hp_loss":11.0,"gold_gain":0.0,"event_name":"The Moai Head","player_choice":"Heal","floor":37.0,"gold_loss":0.0,"damage_taken":0.0},{"damage_healed":0.0,"max_hp_gain":0.0,"max_hp_loss":0.0,"gold_gain":0.0,"event_name":"Duplicator","player_choice":"Copied","floor":38.0,"gold_loss":0.0,"damage_taken":0.0,"cards_obtained":["WreathOfFlame"]},{"damage_healed":0.0,"max_hp_gain":0.0,"max_hp_loss":0.0,"gold_gain":0.0,"event_name":"conspire:Investor","player_choice":"Leave","floor":41.0,"gold_loss":0.0,"damage_taken":0.0},{"damage_healed":0.0,"max_hp_gain":0.0,"max_hp_loss":4.0,"gold_gain":0.0,"event_name":"Winding Halls","player_choice":"Max HP","floor":48.0,"gold_loss":0.0,"damage_taken":0.0},{"damage_healed":0.0,"max_hp_gain":5.0,"max_hp_loss":0.0,"gold_gain":0.0,"event_name":"Big Fish","player_choice":"Donut","floor":55.0,"gold_loss":0.0,"damage_taken":0.0},{"damage_healed":0.0,"max_hp_gain":0.0,"max_hp_loss":0.0,"gold_gain":0.0,"event_name":"Nest","player_choice":"Joined the Cult","floor":82.0,"gold_loss":0.0,"damage_taken":6.0,"cards_obtained":["RitualDagger"]},{"damage_healed":0.0,"max_hp_gain":0.0,"max_hp_loss":0.0,"gold_gain":0.0,"cards_transformed":["infinitespire:FinalStrike","Strike_P"],"event_name":"Drug Dealer","player_choice":"Became Test Subject","floor":83.0,"gold_loss":0.0,"damage_taken":0.0,"cards_obtained":["ReplayTheSpireMod:Echoes of Time","FlyingSleeves"]}],"is_beta":false,"boss_relics":[{"not_picked":["hubris:Stopwatch","conspire:SpecialSausage"],"picked":"Astrolabe"},{"not_picked":["hubris:VirtuousBlindfold","aspiration:RitualDagger"],"picked":"Replay:Wanted Poster"},{"not_picked":["Replay:Bronze Core","Replay:Grab Bag"],"picked":"halation:Prosthetics"},{"not_picked":["Fusion Hammer","halation:CatFaceCupcake"],"picked":"Black Star"},{"not_picked":["aspiration:FutureDiary","halation:HeavySnake","Replay:Drink Me"]}],"items_purged_floors":[27,30,46,54,72,73,75],"is_endless":true,"potions_floor_spawned":[1,11,13,16,20,24,35,36,40,42,52,53,69,71,76,80,86,92,93,97],"killed_by":"Nightmare_Alpha","ascension_level":0}}