{"host":"foq4mrde4mssg7vt","time":1610135093,"event":{"mods":["AchievementEnabler","BaseMod","Colored Map","Colored Powertips","Highlight Path","Minty Spire (QoL Compilation)","Relic Stats","everything is the same but u backflip on backflip"],"gold_per_floor":[109,128,45,55,71,101,101,113,113,113,178,204,41,69,69,148,148,168,188,188,198,210,210,245,56,83,98,98,98,125,135,135,213,213,229,249,269,269,279,308,308,333,333,333,344,376,390,11,11,11,11,11,11,11,11],"floor_reached":54,"playtime":3587,"items_purged":["Strike_B","Decay"],"score":1366,"play_id":"74c22000-dda6-4204-89b8-973a3725783e","local_time":"20210109034453","is_ascension_mode":true,"campfire_choices":[{"data":"Go for the Eyes","floor":10.0,"key":"SMITH"},{"data":"Chaos","floor":15.0,"key":"SMITH"},{"data":"Fission","floor":23.0,"key":"SMITH"},{"data":"Chill","floor":28.0,"key":"SMITH"},{"floor":32.0,"key":"REST"},{"floor":41.0,"key":"REST"},{"floor":49.0,"key":"RECALL"},{"data":"Defragment","floor":52.0,"key":"SMITH"}],"circlet_count":0,"master_deck":["AscendersBane","Defend_B","Defend_B","Defend_B","Defend_B","Zap","Dualcast","Sweeping Beam","Go for the Eyes+1","Ball Lightning","Capacitor","Streamline","FTL","Cold Snap","Hologram","Chaos+1","Fission+1","Steam+1","Undo+1","Glacier","Conserve Battery+1","Chill+1","Auto Shields","Barrage","Echo Form","Stack","Coolheaded","Reinforced Body","Defragment+1","Capacitor","Self Repair"],"relics":["Cracked Core","Meat on the Bone","Dream Catcher","DataDisk","White Beast Statue","Astrolabe","The Courier","PreservedInsect","SlaversCollar","Ancient Tea Set","Du-Vu Doll","Smiling Mask","Potion Belt"],"acts_visited":["Exordium","TheCity","TheBeyond","TheEnding"],"potions_floor_usage":[],"damage_taken":[{"damage":0.0,"enemies":"Small Slimes","floor":1.0,"turns":3.0},{"damage":2.0,"enemies":"Jaw Worm","floor":2.0,"turns":3.0},{"damage":0.0,"enemies":"2 Louse","floor":4.0,"turns":3.0},{"damage":11.0,"enemies":"Blue Slaver","floor":5.0,"turns":4.0},{"damage":15.0,"enemies":"3 Sentries","floor":6.0,"turns":6.0},{"damage":20.0,"enemies":"Exordium Wildlife","floor":8.0,"turns":4.0},{"damage":20.0,"enemies":"Lagavulin","floor":12.0,"turns":7.0},{"damage":14.0,"enemies":"Gremlin Nob","floor":14.0,"turns":4.0},{"damage":9.0,"enemies":"Hexaghost","floor":16.0,"turns":9.0},{"damage":7.0,"enemies":"3 Byrds","floor":18.0,"turns":5.0},{"damage":7.0,"enemies":"Spheric Guardian","floor":19.0,"turns":4.0},{"damage":27.0,"enemies":"Cultist and Chosen","floor":21.0,"turns":7.0},{"damage":0.0,"enemies":"Snecko","floor":22.0,"turns":6.0},{"damage":34.0,"enemies":"Book of Stabbing","floor":24.0,"turns":9.0},{"damage":2.0,"enemies":"Chosen and Byrds","floor":27.0,"turns":12.0},{"damage":23.0,"enemies":"Slavers","floor":30.0,"turns":6.0},{"damage":11.0,"enemies":"Snake Plant","floor":31.0,"turns":7.0},{"damage":8.0,"enemies":"Champ","floor":33.0,"turns":24.0},{"damage":5.0,"enemies":"Orb Walker","floor":35.0,"turns":4.0},{"damage":3.0,"enemies":"3 Darklings","floor":36.0,"turns":13.0},{"damage":4.0,"enemies":"Writhing Mass","floor":37.0,"turns":15.0},{"damage":9.0,"enemies":"Sphere and 2 Shapes","floor":39.0,"turns":10.0},{"damage":49.0,"enemies":"Reptomancer","floor":40.0,"turns":11.0},{"damage":0.0,"enemies":"Mind Bloom Boss Battle","floor":42.0,"turns":13.0},{"damage":23.0,"enemies":"4 Shapes","floor":45.0,"turns":7.0},{"damage":36.0,"enemies":"Giant Head","floor":46.0,"turns":10.0},{"damage":5.0,"enemies":"Jaw Worm Horde","floor":47.0,"turns":6.0},{"damage":24.0,"enemies":"Awakened One","floor":50.0,"turns":27.0},{"damage":70,"enemies":"Shield and Spear","floor":54,"turns":3}],"seed_played":"-5069542321494110155","potions_obtained":[{"floor":1.0,"key":"GamblersBrew"},{"floor":4.0,"key":"GamblersBrew"},{"floor":5.0,"key":"LiquidMemories"},{"floor":12.0,"key":"Dexterity Potion"},{"floor":21.0,"key":"Weak Potion"},{"floor":22.0,"key":"Regen Potion"},{"floor":24.0,"key":"PowerPotion"},{"floor":27.0,"key":"Strength Potion"},{"floor":30.0,"key":"Strength Potion"},{"floor":31.0,"key":"Dexterity Potion"},{"floor":33.0,"key":"SpeedPotion"},{"floor":40.0,"key":"SteroidPotion"},{"floor":42.0,"key":"FocusPotion"},{"floor":44.0,"key":"FocusPotion"},{"floor":46.0,"key":"Block Potion"},{"floor":47.0,"key":"Energy Potion"}],"is_trial":false,"path_per_floor":["M","M","$","M","M","E","?","M","T","R","?","E","$","E","R","B",null,"M","M","?","M","M","R","E","$","T","M","R","?","E","M","R","B",null,"M","M","M","?","M","E","R","?","T","?","M","E","M","$","R","B",null,"R","$","E"],"character_chosen":"DEFECT","items_purchased":["Go for the Eyes","Ball Lightning","Cold Snap","Hologram","Chaos","Chill","Auto Shields","Self Repair","Potion Belt","EssenceOfSteel","DistilledChaos"],"campfire_rested":2,"item_purchase_floors":[3,3,13,13,13,25,25,48,48,48,48],"current_hp_per_floor":[71,69,69,69,58,43,48,40,40,40,40,32,32,30,30,33,71,64,57,57,42,42,42,35,35,35,45,45,45,34,35,59,51,75,70,67,63,63,54,17,41,53,53,53,42,18,25,25,25,27,69,69,69,0,0],"gold":11,"neow_bonus":"TEN_PERCENT_HP_BONUS","is_daily":false,"chose_seed":false,"campfire_upgraded":5,"win_rate":0.0,"timestamp":1610135093,"path_taken":["M","M","$","M","M","E","?","M","T","R","?","E","?","E","R","BOSS","M","M","?","M","M","R","E","$","T","M","R","?","E","M","R","BOSS","M","M","M","?","M","E","R","?","T","?","?","E","M","$","R","BOSS","R","$","E"],"items_purchased_type":["Card","Card","Card","Card","Card","Card","Card","Card","Relic","Potion","Potion"],"build_version":"2020-12-22","purchased_purges":2,"victory":false,"max_hp_per_floor":[78,78,78,78,78,78,83,83,83,83,83,83,83,83,83,83,83,83,83,83,83,83,83,83,83,83,83,83,83,83,83,83,83,83,83,83,83,83,83,83,83,83,83,83,83,83,83,83,83,83,83,83,83,83,83],"relic_stats":{"Dream Catcher":2,"counters":[29,242],"Astrolabe":["Hologram","Steam","Undo"],"PreservedInsect":324,"Smiling Mask":30,"obtain_stats":[{"Potion Belt":48,"Astrolabe":17,"The Courier":24,"PreservedInsect":26,"Ancient Tea Set":40,"Smiling Mask":46,"White Beast Statue":14,"Du-Vu Doll":42,"SlaversCollar":34,"Dream Catcher":9,"DataDisk":12,"Cracked Core":0,"Meat on the Bone":6},{"Potion Belt":27,"Astrolabe":9,"The Courier":14,"PreservedInsect":14,"Ancient Tea Set":23,"Smiling Mask":26,"White Beast Statue":8,"Du-Vu Doll":24,"SlaversCollar":18,"Dream Catcher":6,"DataDisk":7,"Cracked Core":0,"Meat on the Bone":5},{"Potion Belt":212,"Astrolabe":43,"The Courier":74,"PreservedInsect":74,"Ancient Tea Set":176,"Smiling Mask":206,"White Beast Statue":34,"Du-Vu Doll":189,"SlaversCollar":123,"Dream Catcher":23,"DataDisk":30,"Cracked Core":0,"Meat on the Bone":19}],"Meat on the Bone":180},"card_choices":[{"not_picked":["Steam Power","Leap"],"picked":"Sweeping Beam","floor":1.0},{"not_picked":["Capacitor","Beam Cell","White Noise"],"picked":"SKIP","floor":2.0},{"not_picked":["Darkness","BootSequence"],"picked":"Capacitor","floor":4.0},{"not_picked":["Chill","Steam"],"picked":"Streamline","floor":5.0},{"not_picked":["Sunder","Rebound"],"picked":"FTL","floor":6.0},{"not_picked":["Thunder Strike","Turbo","Redo"],"picked":"SKIP","floor":8.0},{"not_picked":["Streamline","All For One","Stack"],"picked":"SKIP","floor":12.0},{"not_picked":["Hello World","Hologram","Gash"],"picked":"SKIP","floor":14.0},{"not_picked":["Rainbow","Machine Learning"],"picked":"Fission","floor":16.0},{"not_picked":["Stack","Streamline","Steam"],"picked":"SKIP","floor":18.0},{"not_picked":["Steam","Lockon"],"picked":"Glacier","floor":19.0},{"not_picked":["Cold Snap","Capacitor","Lockon"],"picked":"SKIP","floor":21.0},{"not_picked":["Tempest","Turbo","Redo"],"picked":"SKIP","floor":22.0},{"not_picked":["FTL","Skim"],"picked":"Conserve Battery+1","floor":24.0},{"not_picked":["Steam+1","Stack","Rebound"],"picked":"SKIP","floor":27.0},{"not_picked":["Auto Shields","Force Field","Sweeping Beam+1"],"picked":"SKIP","floor":30.0},{"not_picked":["Conserve Battery","Meteor Strike","Ball Lightning"],"picked":"SKIP","floor":31.0},{"not_picked":["Beam Cell","Darkness"],"picked":"Barrage","floor":32.0},{"not_picked":["Creative AI","Machine Learning"],"picked":"Echo Form","floor":33.0},{"not_picked":["Sunder+1","Turbo"],"picked":"Stack","floor":35.0},{"not_picked":["Conserve Battery+1","Redo+1","Beam Cell"],"picked":"SKIP","floor":36.0},{"not_picked":["Conserve Battery","Cold Snap"],"picked":"Coolheaded","floor":37.0},{"not_picked":["Redo","Go for the Eyes","Force Field"],"picked":"SKIP","floor":39.0},{"not_picked":["FTL","Chill"],"picked":"Reinforced Body","floor":40.0},{"not_picked":["Tempest","Undo+1"],"picked":"Defragment","floor":41.0},{"not_picked":["Skim","Tempest"],"picked":"Capacitor","floor":45.0},{"not_picked":["Steam","Creative AI","Undo"],"picked":"SKIP","floor":46.0},{"not_picked":["Rebound","Gash+1","Streamline"],"picked":"SKIP","floor":47.0}],"player_experience":416979,"relics_obtained":[{"floor":6.0,"key":"Meat on the Bone"},{"floor":9.0,"key":"Dream Catcher"},{"floor":12.0,"key":"DataDisk"},{"floor":14.0,"key":"White Beast Statue"},{"floor":24.0,"key":"The Courier"},{"floor":26.0,"key":"PreservedInsect"},{"floor":40.0,"key":"Ancient Tea Set"},{"floor":42.0,"key":"Du-Vu Doll"},{"floor":46.0,"key":"Smiling Mask"}],"event_choices":[{"damage_healed":0.0,"max_hp_gain":5.0,"max_hp_loss":0.0,"gold_gain":0.0,"event_name":"Big Fish","player_choice":"Donut","floor":7.0,"gold_loss":0.0,"damage_taken":0.0},{"damage_healed":0.0,"max_hp_gain":0.0,"max_hp_loss":0.0,"gold_gain":65.0,"event_name":"Golden Wing","player_choice":"Gained Gold","floor":11.0,"gold_loss":0.0,"damage_taken":0.0},{"damage_healed":0.0,"max_hp_gain":0.0,"max_hp_loss":0.0,"gold_gain":0.0,"event_name":"Vampires","player_choice":"Ignored","floor":20.0,"gold_loss":0.0,"damage_taken":0.0},{"damage_healed":0.0,"max_hp_gain":0.0,"max_hp_loss":0.0,"gold_gain":0.0,"event_name":"Forgotten Altar","player_choice":"Smashed Altar","floor":29.0,"gold_loss":0.0,"damage_taken":0.0,"cards_obtained":["Decay"]},{"cards_removed":["Hologram"],"damage_healed":0.0,"max_hp_gain":0.0,"max_hp_loss":0.0,"gold_gain":0.0,"event_name":"Falling","player_choice":"Removed Skill","floor":38.0,"gold_loss":0.0,"damage_taken":0.0},{"damage_healed":0.0,"max_hp_gain":0.0,"max_hp_loss":0.0,"gold_gain":0.0,"event_name":"MindBloom","player_choice":"Fight","floor":42.0,"gold_loss":0.0,"damage_taken":0.0},{"damage_healed":0.0,"max_hp_gain":0.0,"max_hp_loss":0.0,"gold_gain":0.0,"event_name":"Lab","player_choice":"Got Potions","floor":44.0,"gold_loss":0.0,"damage_taken":0.0}],"is_beta":false,"boss_relics":[{"not_picked":["Calling Bell","Tiny House"],"picked":"Astrolabe"},{"not_picked":["Black Star","Philosopher\u0027s Stone"],"picked":"SlaversCollar"}],"items_purged_floors":[25,48],"is_endless":false,"potions_floor_spawned":[1,4,5,12,16,18,19,21,22,24,27,30,31,33,35,36,37,39,40,42,45,46,47],"killed_by":"Shield and Spear","ascension_level":16}}