{"host":"exhp4inpfmbngj23","time":1610122461,"event":{"mods":["Abigail Mod","BaseMod","Beaked The Cultist","Friendly Minions","Gremlin Mod","Kiyohime????","Minty Spire (QoL Compilation)","StSLib","The Alterego"],"gold_per_floor":[115,115,115,115,138,182,182,226,226,226,301,301,301,301],"floor_reached":13,"playtime":438,"items_purged":[],"score":125,"play_id":"c8f547ea-5c52-4ee9-a525-2c1d8175a2bc","local_time":"20210108081421","is_ascension_mode":true,"campfire_choices":[{"data":"alterego_mod:TrashNCrash","floor":7,"key":"SMITH"},{"data":"alterego_mod:Schoolgirl","floor":10,"key":"SMITH"}],"circlet_count":0,"master_deck":["alterego_mod:Strike","alterego_mod:Strike","alterego_mod:Strike","alterego_mod:Strike","alterego_mod:Defend","alterego_mod:Defend","alterego_mod:Defend","alterego_mod:Defend","alterego_mod:Impale","alterego_mod:BigMeatyClaws","alterego_mod:BrynhildrsRune","alterego_mod:Rip","alterego_mod:TrashNCrash+1","alterego_mod:BoobPocket","alterego_mod:Cycle","alterego_mod:IndependentAction","alterego_mod:Mirror","alterego_mod:Bounce","alterego_mod:DiscoLights+1","alterego_mod:Schoolgirl+1"],"relics":["alterego_mod:MasochisticConstitution","NeowsBlessing","Golden Idol","Frozen Egg 2","InkBottle","CaptainsWheel"],"acts_visited":["Exordium"],"potions_floor_usage":[8],"damage_taken":[{"damage":0,"enemies":"Cultist","floor":1,"turns":3},{"damage":0,"enemies":"Jaw Worm","floor":5,"turns":1},{"damage":0,"enemies":"Gremlin Nob","floor":6,"turns":1},{"damage":23,"enemies":"Lagavulin","floor":8,"turns":7},{"damage":23,"enemies":"3 Sentries","floor":13,"turns":5}],"seed_played":"-2286352587592682581","potions_obtained":[{"floor":6,"key":"Strength Potion"}],"is_trial":false,"path_per_floor":["M","$","?","?","M","E","R","E","T","R","?","T","E"],"character_chosen":"The_Alterego","items_purchased":[],"campfire_rested":0,"item_purchase_floors":[],"current_hp_per_floor":[70,70,53,53,53,53,53,31,31,31,20,20,0,0],"gold":301,"neow_bonus":"THREE_ENEMY_KILL","is_daily":false,"chose_seed":false,"campfire_upgraded":2,"win_rate":0.0,"timestamp":1610122461,"path_taken":["M","?","?","?","M","E","R","E","T","R","?","?","E"],"items_purchased_type":[],"build_version":"2020-12-22","purchased_purges":0,"victory":false,"max_hp_per_floor":[70,70,70,70,70,70,70,71,71,71,71,71,71,71],"card_choices":[{"not_picked":["alterego_mod:Maid","alterego_mod:HighServant"],"picked":"alterego_mod:Rip","floor":1},{"not_picked":["alterego_mod:PerceptionDisorder","alterego_mod:Maid"],"picked":"alterego_mod:Bounce","floor":5},{"not_picked":["alterego_mod:Mirror","alterego_mod:Schoolgirl"],"picked":"alterego_mod:DiscoLights+1","floor":6},{"not_picked":["alterego_mod:RocketPunch","alterego_mod:Mirror"],"picked":"alterego_mod:Schoolgirl","floor":8}],"player_experience":1921001,"relics_obtained":[{"floor":6,"key":"Frozen Egg 2"},{"floor":8,"key":"InkBottle"},{"floor":12,"key":"CaptainsWheel"}],"event_choices":[{"damage_healed":0,"gold_gain":0,"player_choice":"Take Damage","damage_taken":17,"relics_obtained":["Golden Idol"],"max_hp_gain":0,"max_hp_loss":0,"event_name":"Golden Idol","floor":3,"gold_loss":0},{"damage_healed":0,"gold_gain":75,"player_choice":"Gather Gold","damage_taken":11,"max_hp_gain":0,"max_hp_loss":0,"event_name":"World of Goop","floor":11,"gold_loss":0}],"is_beta":false,"boss_relics":[],"items_purged_floors":[],"is_endless":false,"potions_floor_spawned":[6],"killed_by":"3 Sentries","ascension_level":2}}