{"host":"Bilverbakes","time":1610070717,"event":{"mods":["2.2 Compatiblity","AchievementEnabler","BaseMod","Bestiary","Colored Map","Minty Spire (QoL Compilation)","Relic Stats","StSLib","ojb\u0027s Info Mod"],"gold_per_floor":[111,128,142,155,155,180,145,145,168,168,202,234,86,86,86,86,86],"floor_reached":16,"playtime":713,"items_purged":["Strike_R"],"score":240,"play_id":"0e53126a-b11c-4d7e-bc9d-c1ff58d8b052","local_time":"20210107195157","is_ascension_mode":true,"campfire_choices":[{"data":"Combust","floor":8.0,"key":"SMITH"},{"floor":15,"key":"REST"}],"circlet_count":0,"master_deck":["AscendersBane","Strike_R","Strike_R","Strike_R","Strike_R","Defend_R","Defend_R","Defend_R","Defend_R","Bash+1","Anger","Headbutt","Combust+1","Metallicize","Power Through","Disarm","Shrug It Off","Evolve"],"relics":["Burning Blood","Pen Nib","Potion Belt","Golden Idol","MawBank"],"acts_visited":["Exordium"],"potions_floor_usage":[14,14],"damage_taken":[{"damage":1.0,"enemies":"Cultist","floor":1.0,"turns":3.0},{"damage":9.0,"enemies":"2 Louse","floor":2.0,"turns":3.0},{"damage":10.0,"enemies":"Small Slimes","floor":3.0,"turns":3.0},{"damage":25.0,"enemies":"Gremlin Gang","floor":4.0,"turns":5.0},{"damage":23.0,"enemies":"Lagavulin","floor":6.0,"turns":7.0},{"damage":28.0,"enemies":"Gremlin Nob","floor":11.0,"turns":4.0},{"damage":1.0,"enemies":"3 Louse","floor":12.0,"turns":4.0},{"damage":19,"enemies":"Lagavulin","floor":14,"turns":5},{"damage":38,"enemies":"Hexaghost","floor":16,"turns":11}],"seed_played":"4113734448357695471","potions_obtained":[{"floor":4.0,"key":"CultistPotion"},{"floor":6.0,"key":"SmokeBomb"},{"floor":12.0,"key":"SpeedPotion"}],"is_trial":false,"path_per_floor":["M","M","M","M","?","E","?","R","T","?","E","M","$","E","R","B"],"character_chosen":"IRONCLAD","items_purchased":["Evolve"],"campfire_rested":1,"item_purchase_floors":[13],"current_hp_per_floor":[73,70,66,47,47,30,48,48,48,48,26,31,31,18,38,0,0],"gold":86,"neow_bonus":"UPGRADE_CARD","is_daily":false,"chose_seed":false,"campfire_upgraded":1,"win_rate":0.0,"timestamp":1610070717,"path_taken":["M","M","M","?","?","E","?","R","T","?","E","M","$","E","R","BOSS"],"items_purchased_type":["Card"],"build_version":"2020-12-18","purchased_purges":1,"victory":false,"max_hp_per_floor":[75,75,75,75,75,75,75,75,75,68,68,68,68,68,68,68,68],"relic_stats":{"counters":[9,45],"Golden Idol":18,"Pen Nib":[3],"MawBank":24,"obtain_stats":[{"Potion Belt":9,"Golden Idol":10,"Pen Nib":6,"MawBank":11,"Burning Blood":0},{"Potion Belt":5,"Golden Idol":5,"Pen Nib":5,"MawBank":6,"Burning Blood":0},{"Potion Belt":21,"Golden Idol":21,"Pen Nib":21,"MawBank":25,"Burning Blood":0}],"Burning Blood":48},"card_choices":[{"not_picked":["Flex","Thunderclap"],"picked":"Anger","floor":1.0},{"not_picked":["Flex","Body Slam"],"picked":"Headbutt","floor":2.0},{"not_picked":["Headbutt","Sever Soul"],"picked":"Combust","floor":3.0},{"not_picked":["Heavy Blade","Brutality"],"picked":"Metallicize","floor":4.0},{"not_picked":["Headbutt","Clothesline"],"picked":"Power Through","floor":6.0},{"not_picked":["Iron Wave","Fire Breathing"],"picked":"Disarm","floor":11.0},{"not_picked":["Clash","Cleave"],"picked":"Shrug It Off","floor":12.0}],"player_experience":641654,"relics_obtained":[{"floor":6.0,"key":"Pen Nib"},{"floor":9.0,"key":"Potion Belt"},{"floor":11.0,"key":"MawBank"}],"event_choices":[{"damage_healed":0.0,"max_hp_gain":0.0,"max_hp_loss":0.0,"gold_gain":0.0,"event_name":"Liars Game","player_choice":"Ignored","floor":5.0,"gold_loss":0.0,"damage_taken":0.0},{"damage_healed":18.0,"max_hp_gain":0.0,"max_hp_loss":0.0,"gold_gain":0.0,"event_name":"The Cleric","player_choice":"Healed","floor":7.0,"gold_loss":35.0,"damage_taken":0.0},{"damage_healed":0.0,"max_hp_gain":0.0,"max_hp_loss":7.0,"gold_gain":0.0,"event_name":"Golden Idol","player_choice":"Lose Max HP","floor":10.0,"gold_loss":0.0,"damage_taken":0.0,"relics_obtained":["Golden Idol"]}],"is_beta":true,"boss_relics":[],"items_purged_floors":[13],"is_endless":false,"potions_floor_spawned":[4,6,12],"killed_by":"Hexaghost","ascension_level":20}}