{"host":"l97fnvmr74b5xfzs","time":1610146661,"event":{"mods":["100% Spire Juice","AchievementEnabler","BaseMod","Better Third Choice","Evolution","Hermit","Koishi","Marisa（霧雨　魔理沙）","Minty Spire (QoL Compilation)","Relic Stats","StSLib","The Marked"],"gold_per_floor":[110,385,57,84,115,115,177,177,177,194,258,285,350,350,350],"floor_reached":14,"playtime":847,"items_purged":["Defend_MRS"],"score":102,"play_id":"2adff994-5f12-44dd-b068-4c66966cc562","local_time":"20210108175741","is_ascension_mode":false,"campfire_choices":[{"data":"MysteriousBeam","floor":6,"key":"SMITH"},{"data":"EnergyRecoil","floor":8,"key":"SMITH"}],"circlet_count":0,"master_deck":["Strike_MRS","Strike_MRS","Strike_MRS","Strike_MRS","Defend_MRS","Defend_MRS","Defend_MRS","MasterSpark","UpSweep","WitchOfGreed","Regret","WitchOfGreed","MilkyWay","SprinkleStarSeal","MysteriousBeam+1","EnergyRecoil+1","PulseMagic","WitchLeyline","MachineGunSpark","PowerUp"],"relics":["MiniHakkero","EVO:Axolotl","NeowsBlessing","Sling","Sundial","InkBottle","Darkstone Periapt"],"acts_visited":["Exordium"],"potions_floor_usage":[5,7,7,7,11,12,13,13,13,13,14],"damage_taken":[{"damage":0,"enemies":"Jaw Worm","floor":1,"turns":1},{"damage":0,"enemies":"Cultist","floor":4,"turns":1},{"damage":5,"enemies":"Small Slimes","floor":5,"turns":2},{"damage":14,"enemies":"Gremlin Nob","floor":7,"turns":3},{"damage":0,"enemies":"Blue Slaver","floor":10,"turns":1},{"damage":25,"enemies":"3 Sentries","floor":11,"turns":5},{"damage":0,"enemies":"Looter","floor":12,"turns":1},{"damage":21,"enemies":"3 Louse","floor":13,"turns":4},{"damage":18,"enemies":"Lagavulin","floor":14,"turns":3}],"seed_played":"6342353375800918683","potions_obtained":[{"floor":1,"key":"AttackPotion"},{"floor":4,"key":"AttackPotion"},{"floor":4,"key":"ColorlessPotion"},{"floor":5,"key":"CultistPotion"},{"floor":7,"key":"Weak Potion"},{"floor":7,"key":"BlessingOfTheForge"},{"floor":11,"key":"PowerPotion"},{"floor":11,"key":"AttackPotion"},{"floor":12,"key":"Weak Potion"},{"floor":13,"key":"Fruit Juice"},{"floor":13,"key":"Energy Potion"}],"is_trial":false,"path_per_floor":["M","?","$","M","M","R","E","R","T","M","E","M","M","E"],"character_chosen":"MARISA","items_purchased":["Sling","WitchOfGreed","MilkyWay"],"campfire_rested":0,"item_purchase_floors":[3,3,3],"current_hp_per_floor":[75,75,75,75,70,70,56,56,56,56,31,31,15,0,0],"gold":350,"neow_bonus":"THREE_ENEMY_KILL","is_daily":false,"chose_seed":false,"campfire_upgraded":2,"win_rate":0.0,"timestamp":1610146661,"path_taken":["M","?","$","M","M","R","E","R","T","?","E","M","?","E"],"items_purchased_type":["Relic","Card","Card"],"build_version":"2020-12-22","purchased_purges":1,"victory":false,"max_hp_per_floor":[75,75,75,75,75,75,75,75,75,75,75,75,80,80,80],"relic_stats":{"Darkstone Periapt":0,"counters":[9,21],"Sundial":[0],"obtain_stats":[{"Darkstone Periapt":11,"NeowsBlessing":0,"Sundial":7,"EVO:Axolotl":0,"MiniHakkero":0,"Sling":3,"InkBottle":9},{"Darkstone Periapt":6,"NeowsBlessing":0,"Sundial":4,"EVO:Axolotl":0,"MiniHakkero":0,"Sling":1,"InkBottle":4},{"Darkstone Periapt":13,"NeowsBlessing":0,"Sundial":7,"EVO:Axolotl":0,"MiniHakkero":0,"Sling":1,"InkBottle":7}],"InkBottle":[4]},"card_choices":[{"not_picked":["DragonMeteor","PowerUp"],"picked":"WitchOfGreed","floor":1},{"not_picked":["ShootTheMoon","PropBag"],"picked":"SprinkleStarSeal","floor":4},{"not_picked":["AsteroidBelt","BlazeAway"],"picked":"MysteriousBeam","floor":5},{"not_picked":["PowerUp","OpenUniverse"],"picked":"EnergyRecoil","floor":7},{"not_picked":["OneTimeOff","MagicChant"],"picked":"PulseMagic","floor":10},{"not_picked":["SporeBomb","ManaRampage"],"picked":"WitchLeyline","floor":11},{"not_picked":["DoubleSpark","PowerUp"],"picked":"MachineGunSpark","floor":12},{"not_picked":["DarkSpark","ShootTheMoon"],"picked":"PowerUp","floor":13}],"player_experience":286987,"relics_obtained":[{"floor":7,"key":"Sundial"},{"floor":9,"key":"InkBottle"},{"floor":11,"key":"Darkstone Periapt"}],"event_choices":[{"damage_healed":0,"gold_gain":275,"player_choice":"Desecrate","damage_taken":0,"max_hp_gain":0,"max_hp_loss":0,"event_name":"Golden Shrine","floor":2,"gold_loss":0,"cards_obtained":["Regret"]}],"is_beta":false,"boss_relics":[],"items_purged_floors":[3],"is_endless":false,"potions_floor_spawned":[1,4,11,13],"killed_by":"Lagavulin","ascension_level":0}}