{"host":"p4yrwepmrl4g8pul","time":1610093202,"event":{"mods":["Act Like it!","BaseMod","BetterRewards","Colored Map","Custom Start","Gensokyo","Marisa£®ÏF”Í°°ƒß¿Ì…≥£©","Minty Spire (QoL Compilation)","Quick Restart","Rare Cards Sparkle","Reimu£®≤©¿ˆ¡È√Œ£©","Remilia£®¿Ÿ√◊¿Ú—«£©","Remove Card Discount Mod","Shop Mod","StSLib","The Jungle","Thieving Mod"],"gold_per_floor":[112,123,91,104,104,151,190,190,240,270,270,281,281,581,581,680,680,718,718,352,392,429,483,483,528,528,553,553,553,47,80,80,178,178,190,201,84,84,96,130,150,176,176,190,190,216,216,216,216,216,216,216,2,36,36],"floor_reached":56,"playtime":1996,"items_purged":["ScarletImprint","ScarletImprint","ScarletDevil","MillenniumVampire","UltimateOffering","ScarletImprint","BombardNight","StarOfDavid","Shame","AfternoonTea","FavorOfDestiny+1"],"score":1993,"play_id":"5d5c02f4-3c27-4606-8cce-604e7500f6df","local_time":"20210108160642","daily_mods":["SealedDeck","Colorless Cards","Lethality"],"is_ascension_mode":true,"campfire_choices":[{"data":"BloodAndWine","floor":11.0,"key":"SMITH"},{"data":"RedNightlessCastle","floor":13.0,"key":"SMITH"},{"data":"LeisurelyOfLord","floor":15.0,"key":"SMITH"},{"data":"Mayhem","floor":24.0,"key":"SMITH"},{"data":"FavorOfDestiny","floor":28.0,"key":"SMITH"},{"data":"Flash of Steel","floor":32.0,"key":"SMITH"},{"floor":49.0,"key":"RECALL"},{"data":"ScarletCoffin","floor":52.0,"key":"SMITH"}],"circlet_count":0,"master_deck":["UnstableMagic+1","LeisurelyOfLord+1","VampireKiss+1","UnstableMagic+1","BloodAndWine+1","RedNightlessCastle+1","Mayhem+1","Flash of Steel+1","ScarletCoffin+1"],"relics":["ScarletHat","The Courier","Ancient Tea Set","Boot","Old Coin","ScarletEmblem","Gungnir","War Paint","Centennial Puzzle","Juzu Bracelet","Pen Nib","theJungle:PaperFaux","CrazyTorch:ReiMu","Vajra","Mastiff:ReiMu","Sling","Shuriken","Smiling Mask","RuthlessExorcism:ReiMu","Lizard Tail","Omamori","Membership Card","Bag of Preparation","PureWhite:ReiMu"],"acts_visited":["Exordium","Exordium","Gensokyo:Gensokyoest","TheEnding"],"potions_floor_usage":[55,55],"damage_taken":[{"damage":8.0,"enemies":"Jaw Worm","floor":1.0,"turns":3.0},{"damage":0.0,"enemies":"Cultist","floor":2.0,"turns":2.0},{"damage":2.0,"enemies":"2 Louse","floor":4.0,"turns":2.0},{"damage":24.0,"enemies":"Lagavulin","floor":6.0,"turns":6.0},{"damage":0.0,"enemies":"Large Slime","floor":7.0,"turns":3.0},{"damage":29.0,"enemies":"3 Sentries","floor":10.0,"turns":2.0},{"damage":0.0,"enemies":"3 Louse","floor":12.0,"turns":2.0},{"damage":0.0,"enemies":"Slime Boss","floor":16.0,"turns":4.0},{"damage":27.0,"enemies":"theJungle:GiantWrat","floor":18.0,"turns":3.0},{"damage":1.0,"enemies":"theJungle:MUSHROOMGANG","floor":21.0,"turns":3.0},{"damage":7.0,"enemies":"theJungle:SlimyTreeVines","floor":22.0,"turns":4.0},{"damage":3.0,"enemies":"theJungle:Cassacara","floor":23.0,"turns":5.0},{"damage":0.0,"enemies":"theJungle:2_Phrogs","floor":25.0,"turns":3.0},{"damage":12.0,"enemies":"theJungle:Cassacara","floor":27.0,"turns":3.0},{"damage":0.0,"enemies":"theJungle:Lyon","floor":31.0,"turns":4.0},{"damage":0.0,"enemies":"theJungle:QueenSpyder","floor":33.0,"turns":3.0},{"damage":2.0,"enemies":"Gensokyo:AncientGuardian","floor":35.0,"turns":3.0},{"damage":6.0,"enemies":"Gensokyo:3_Boulders","floor":36.0,"turns":4.0},{"damage":8.0,"enemies":"Gensokyo:Sharpion","floor":39.0,"turns":3.0},{"damage":21.0,"enemies":"Gensokyo:Doremy","floor":40.0,"turns":3.0},{"damage":3.0,"enemies":"Gensokyo:SeedOfUnknown","floor":41.0,"turns":3.0},{"damage":0.0,"enemies":"Gensokyo:Kasen","floor":42.0,"turns":3.0},{"damage":9.0,"enemies":"Gensokyo:Dusk_and_Dawn","floor":44.0,"turns":2.0},{"damage":15.0,"enemies":"Gensokyo:Marisa","floor":46.0,"turns":4.0},{"damage":17.0,"enemies":"Gensokyo:Scarlet_Devils","floor":50.0,"turns":5.0},{"damage":14,"enemies":"Shield and Spear","floor":54,"turns":3},{"damage":103,"enemies":"The Heart","floor":55,"turns":5}],"seed_played":"-5929435755190289161","potions_obtained":[{"floor":4.0,"key":"Explosive Potion"},{"floor":6.0,"key":"FearPotion"},{"floor":10.0,"key":"SkillPotion"},{"floor":10.0,"key":"DuplicationPotion"},{"floor":12.0,"key":"PowerPotion"},{"floor":18.0,"key":"GrandPatriotsElixir:ReiMu"},{"floor":22.0,"key":"Fire Potion"},{"floor":25.0,"key":"LiquidMemories"},{"floor":27.0,"key":"SteroidPotion"},{"floor":35.0,"key":"Explosive Potion"},{"floor":36.0,"key":"SmokeBomb"},{"floor":36.0,"key":"LiquidMemories"},{"floor":40.0,"key":"Strength Potion"},{"floor":41.0,"key":"SkillPotion"},{"floor":42.0,"key":"PowerPotion"},{"floor":44.0,"key":"MagicPotion:ReiMu"}],"is_trial":true,"path_per_floor":["M","M","$","M","?","E","M","?","T","E","R","M","R","?","R","B",null,"M","?","$","M","M","E","R","E","T","E","R","?","$","M","R","B",null,"M","M","$","?","M","E","M","E","T","M","?","E","COS","?","R","B",null,"R","$","E","B",null],"character_chosen":"REMILIA","items_purchased":["BombardNight","Gungnir","War Paint","CrazyTorch:ReiMu","Vajra","Mastiff:ReiMu","Flash of Steel","Sling","Membership Card","Bag of Preparation","DistilledChaos"],"campfire_rested":0,"item_purchase_floors":[3,20,20,30,30,30,30,37,53,53,53],"current_hp_per_floor":[63,67,67,65,70,59,66,66,66,37,37,37,37,19,19,28,67,45,45,45,45,58,67,67,77,77,72,72,72,72,72,72,80,80,78,75,75,75,80,63,68,78,78,71,71,77,77,65,65,80,80,80,80,66,80],"gold":36,"neow_bonus":"","is_daily":false,"chose_seed":false,"campfire_upgraded":7,"win_rate":0.0,"timestamp":1610093202,"path_taken":["M","M","$","M","?","E","M","?","T","E","R","?","R","?","R","BOSS","M","?","$","M","M","E","R","E","T","E","R","?","$","M","R","BOSS","M","M","$","?","M","E","M","E","T","M","?","E","COS","?","R","BOSS","R","$","E","BOSS"],"items_purchased_type":["Card","Relic","Relic","Relic","Relic","Relic","Card","Relic","Relic","Relic","Potion"],"build_version":"2020-12-22","purchased_purges":11,"victory":true,"max_hp_per_floor":[75,75,75,75,80,80,80,80,80,80,80,80,80,80,80,80,80,80,80,80,80,80,80,80,80,80,80,80,80,80,80,80,80,80,80,80,80,80,80,80,80,80,80,80,80,80,80,80,80,80,80,80,80,80,80],"card_choices":[{"not_picked":["ScarletDevil","Good Instincts"],"picked":"UnstableMagic","floor":1.0},{"not_picked":["VampireSweep","FitfulNightmare","BlasphemousPunishment"],"picked":"SKIP","floor":2.0},{"not_picked":["ScarletImprint","DiffusionOfMisfortune"],"picked":"FavorOfDestiny","floor":4.0},{"not_picked":["ScarletSymphony","Panacea"],"picked":"BloodAndWine","floor":6.0},{"not_picked":["Bandage Up","ScarletDevil","BloodyHallows"],"picked":"SKIP","floor":7.0},{"not_picked":["Septette","ReincarnationDial"],"picked":"AfternoonTea","floor":10.0},{"not_picked":["BloodyTrap","UnderTheZenith"],"picked":"RedNightlessCastle","floor":12.0},{"not_picked":["Violence","KillingBlow"],"picked":"Mayhem","floor":16.0},{"not_picked":["BlasphemousPunishment","ScarletNetherworld+1","ScarletDevilSign"],"picked":"SKIP","floor":18.0},{"not_picked":["MastersStateliness","RedRainbow","Mind Blast+1"],"picked":"SKIP","floor":21.0},{"not_picked":["Blind","ScarletSymphony","VampireKiss"],"picked":"SKIP","floor":22.0},{"not_picked":["Maim","EndlessAdversity","Apotheosis"],"picked":"SKIP","floor":23.0},{"not_picked":["CharismaGuard","BlasphemousPunishment","NightDance"],"picked":"SKIP","floor":25.0},{"not_picked":["UnderTheZenith+1","AfternoonTea","Metamorphosis"],"picked":"SKIP","floor":27.0},{"not_picked":["Stigmanizer+1","VampireKiss","UnstableMagic+1"],"picked":"SKIP","floor":31.0},{"not_picked":["CeilingFear","QueenOfMidnight"],"picked":"ScarletCoffin","floor":33.0},{"not_picked":["BlasphemousPunishment","EndlessAdversity","UnstableMagic"],"picked":"SKIP","floor":35.0},{"not_picked":["MastersStateliness","Stigmanizer+1","EndlessAdversity+1"],"picked":"SKIP","floor":36.0},{"not_picked":["BloodySeventeenLaser","VampireClaw+1","Stigmanizer+1"],"picked":"SKIP","floor":39.0},{"not_picked":["CharismaGuard+1","EndlessAdversity","VampirishNight+1"],"picked":"SKIP","floor":40.0},{"not_picked":["Flash of Steel+1","NightDance+1","FavorOfDestiny"],"picked":"SKIP","floor":41.0},{"not_picked":["The Bomb","Thinking Ahead","NightDance"],"picked":"SKIP","floor":42.0},{"not_picked":["BloodHunter+1","VampireKiss+1","NightDance+1"],"picked":"SKIP","floor":44.0},{"not_picked":["ScarletImprint+1","MastersStateliness+1","ScarletDevil"],"picked":"SKIP","floor":46.0},{"not_picked":["BloodHunter+1","VampireKiss+1","BombardNight"],"picked":"SKIP","floor":54}],"player_experience":787440,"relics_obtained":[{"floor":6.0,"key":"The Courier"},{"floor":9.0,"key":"Ancient Tea Set"},{"floor":10.0,"key":"Boot"},{"floor":23.0,"key":"Centennial Puzzle"},{"floor":25.0,"key":"Juzu Bracelet"},{"floor":27.0,"key":"Pen Nib"},{"floor":40.0,"key":"Shuriken"},{"floor":41.0,"key":"Smiling Mask"},{"floor":42.0,"key":"RuthlessExorcism:ReiMu"},{"floor":43.0,"key":"Lizard Tail"},{"floor":46.0,"key":"Omamori"},{"floor":54,"key":"PureWhite:ReiMu"}],"event_choices":[{"damage_healed":0.0,"max_hp_gain":5.0,"max_hp_loss":0.0,"gold_gain":0.0,"event_name":"Big Fish","player_choice":"Donut","floor":5.0,"gold_loss":0.0,"damage_taken":0.0},{"damage_healed":0.0,"max_hp_gain":0.0,"max_hp_loss":0.0,"gold_gain":0.0,"cards_transformed":["UnderTheZenith"],"event_name":"Transmorgrifier","player_choice":"Transformed","floor":8.0,"gold_loss":0.0,"damage_taken":0.0,"cards_obtained":["UltimateOffering"]},{"damage_healed":0.0,"max_hp_gain":0.0,"max_hp_loss":0.0,"gold_gain":0.0,"event_name":"Scrap Ooze","player_choice":"Success","floor":14.0,"gold_loss":0.0,"damage_taken":18.0,"relics_obtained":["Old Coin"]}],"is_beta":false,"boss_relics":[{"not_picked":["Sozu","APieceOfRedMist"],"picked":"ScarletEmblem"},{"not_picked":["Runic Dome","Empty Cage","Astrolabe"]}],"items_purged_floors":[3,3,3,3,20,20,20,20,30,30,37],"is_endless":false,"potions_floor_spawned":[4,6,10,12,18,22,25,36,41,42,44],"ascension_level":9}}