{"host":"7krnriczr1b2ou5r","time":1610110570,"event":{"mods":["BaseMod","Keyboard Shortcuts","Marisa£¨Ùöéë¡¡Øª×âÞÞ£©","Minty Spire (QoL Compilation)","Relic Stats","StSLib"],"gold_per_floor":[118,118,133,308,55,55,73,108,108,108,134,152,166,98,98,195,195,207,53,64,64,64,91,110,135,170,197,223,235,276,303,315,425,437,461,490,115,115,129,129,154,29,82,96,96,111,111,145,145,145],"floor_reached":51,"playtime":2358,"items_purged":["Strike_MRS","Defend_MRS","Defend_MRS"],"score":940,"play_id":"97dfd7bd-ea17-4f14-b76e-d00589d267b9","local_time":"20210108215610","is_ascension_mode":true,"campfire_choices":[{"data":"GalacticHalo","floor":6,"key":"SMITH"},{"data":"Singularity","floor":10,"key":"SMITH"},{"data":"FinalSpark","floor":15,"key":"SMITH"},{"data":"UltimateShortwave","floor":29,"key":"SMITH"},{"data":"MachineGunSpark","floor":32,"key":"SMITH"},{"data":"Madness","floor":40,"key":"SMITH"},{"data":"Madness","floor":47,"key":"SMITH"},{"data":"Madness","floor":49,"key":"SMITH"}],"circlet_count":0,"master_deck":["Defend_MRS","MasterSpark","UpSweep","GalacticHalo+1","Acceleration","Singularity+1","StarBarrage","FinalSpark+1","PowerUp","MachineGunSpark+1","UltimateShortwave+1","EarthLightRay+1","DarkMatter+1","Singularity","StarlightTyphoon+1","DoubleSpark","Madness+1","Madness+1","Madness+1","Acceleration+1"],"relics":["MiniHakkero","BreadOfAWashokuLover","Darkstone Periapt","Potion Belt","Strawberry","Busted Crown","Vajra","Oddly Smooth Stone","White Beast Statue","MawBank","Lantern","Sundial","Runic Pyramid","OrangePellets","Happy Flower","Boot","Akabeko"],"acts_visited":["Exordium","TheCity","TheBeyond"],"potions_floor_usage":[11,23,23,25,30,30,33,33,35,41,46,50,50,50,50],"damage_taken":[{"damage":2,"enemies":"Jaw Worm","floor":1,"turns":4},{"damage":0,"enemies":"2 Louse","floor":3,"turns":4},{"damage":0,"enemies":"Small Slimes","floor":7,"turns":3},{"damage":25,"enemies":"Lagavulin","floor":8,"turns":7},{"damage":16,"enemies":"Gremlin Nob","floor":11,"turns":3},{"damage":3,"enemies":"Blue Slaver","floor":12,"turns":4},{"damage":11,"enemies":"Exordium Thugs","floor":13,"turns":3},{"damage":10,"enemies":"Hexaghost","floor":16,"turns":6},{"damage":10,"enemies":"3 Byrds","floor":18,"turns":4},{"damage":12,"enemies":"Shell Parasite","floor":20,"turns":2},{"damage":16,"enemies":"Slavers","floor":23,"turns":6},{"damage":21,"enemies":"Snake Plant","floor":24,"turns":3},{"damage":2,"enemies":"Gremlin Leader","floor":25,"turns":3},{"damage":6,"enemies":"3 Cultists","floor":27,"turns":3},{"damage":0,"enemies":"Centurion and Healer","floor":28,"turns":3},{"damage":2,"enemies":"Book of Stabbing","floor":30,"turns":2},{"damage":13,"enemies":"Snake Plant","floor":31,"turns":3},{"damage":7,"enemies":"Collector","floor":33,"turns":3},{"damage":28,"enemies":"3 Darklings","floor":35,"turns":4},{"damage":11,"enemies":"Orb Walker","floor":36,"turns":2},{"damage":33,"enemies":"3 Darklings","floor":39,"turns":4},{"damage":22,"enemies":"Reptomancer","floor":41,"turns":4},{"damage":26,"enemies":"4 Shapes","floor":44,"turns":4},{"damage":0,"enemies":"Jaw Worm Horde","floor":46,"turns":1},{"damage":7,"enemies":"Giant Head","floor":48,"turns":4},{"damage":26,"enemies":"Awakened One","floor":50,"turns":6}],"seed_played":"3778174604123407839","potions_obtained":[{"floor":8,"key":"Strength Potion"},{"floor":11,"key":"Regen Potion"},{"floor":13,"key":"PowerPotion"},{"floor":18,"key":"StarNLove"},{"floor":20,"key":"Fire Potion"},{"floor":24,"key":"AttackPotion"},{"floor":25,"key":"Block Potion"},{"floor":27,"key":"BlessingOfTheForge"},{"floor":28,"key":"StarNLove"},{"floor":30,"key":"AttackPotion"},{"floor":31,"key":"Block Potion"},{"floor":33,"key":"BlessingOfTheForge"},{"floor":35,"key":"BlessingOfTheForge"},{"floor":36,"key":"Weak Potion"},{"floor":41,"key":"LiquidMemories"},{"floor":46,"key":"BlessingOfTheForge"},{"floor":48,"key":"FairyPotion"}],"is_trial":false,"path_per_floor":["M","?","M","?","$","R","M","E","T","R","E","M","M","$","R","B",null,"M","$","M","?","$","E","M","E","T","M","M","R","E","M","R","B",null,"M","M","$","?","M","R","E","$","T","M","?","M","R","E","R","B",null],"character_chosen":"MARISA","items_purchased":["Master of Strategy","MachineGunSpark","Vajra","DoubleSpark","OrangePellets","Madness"],"campfire_rested":0,"item_purchase_floors":[5,14,19,37,37,37],"current_hp_per_floor":[73,73,73,73,73,73,73,48,48,48,39,36,25,25,25,15,82,72,72,66,66,66,71,56,60,60,60,66,66,70,63,63,62,82,60,49,49,39,52,52,36,36,36,18,18,18,18,17,17,24],"gold":145,"neow_bonus":"TRANSFORM_TWO_CARDS","is_daily":false,"chose_seed":false,"campfire_upgraded":8,"win_rate":0.0,"timestamp":1610110570,"path_taken":["M","?","M","?","$","R","M","E","T","R","E","M","M","$","R","BOSS","M","$","M","?","$","E","M","E","T","M","M","R","E","M","R","BOSS","M","M","$","?","M","R","E","$","T","M","?","M","R","E","R","BOSS"],"items_purchased_type":["Card","Card","Relic","Card","Relic","Card"],"build_version":"2020-12-22","purchased_purges":3,"victory":true,"max_hp_per_floor":[75,75,75,75,75,75,75,75,75,75,82,82,82,82,82,82,82,82,82,82,82,82,82,82,82,82,82,82,82,82,82,82,82,82,82,82,82,82,82,82,82,82,82,82,82,82,82,82,82,82],"relic_stats":{"Darkstone Periapt":0,"OrangePellets":[0],"Busted Crown":34,"Happy Flower":[5],"counters":[26,95],"Sundial":[6],"MawBank":144,"Boot":[25],"obtain_stats":[{"Darkstone Periapt":8,"Potion Belt":9,"Lantern":26,"Happy Flower":41,"Vajra":19,"Oddly Smooth Stone":21,"BreadOfAWashokuLover":2,"MawBank":25,"Boot":43,"White Beast Statue":23,"Akabeko":48,"OrangePellets":37,"Busted Crown":17,"Sundial":30,"Strawberry":11,"MiniHakkero":0,"Runic Pyramid":34},{"Darkstone Periapt":4,"Potion Belt":4,"Lantern":13,"Happy Flower":22,"Vajra":9,"Oddly Smooth Stone":10,"BreadOfAWashokuLover":1,"MawBank":13,"Boot":22,"White Beast Statue":11,"Akabeko":25,"OrangePellets":20,"Busted Crown":8,"Sundial":16,"Strawberry":5,"MiniHakkero":0,"Runic Pyramid":18},{"Darkstone Periapt":18,"Potion Belt":18,"Lantern":52,"Happy Flower":80,"Vajra":38,"Oddly Smooth Stone":40,"BreadOfAWashokuLover":4,"MawBank":52,"Boot":80,"White Beast Statue":46,"Akabeko":89,"OrangePellets":72,"Busted Crown":34,"Sundial":60,"Strawberry":21,"MiniHakkero":0,"Runic Pyramid":66}]},"card_choices":[{"not_picked":["PowerUp","GravityBeat","MysteriousBeam"],"picked":"SKIP","floor":1},{"not_picked":["Occultation","EnergyRecoil","AlicesGift"],"picked":"SKIP","floor":3},{"not_picked":["EnergyRecoil","AlicesGift"],"picked":"Occultation","floor":3},{"not_picked":["GravityBeat","GrandCross"],"picked":"Acceleration","floor":7},{"not_picked":["SporeBomb","PropBag"],"picked":"Singularity","floor":8},{"not_picked":["WitchOfGreed","ShootingEcho"],"picked":"StarBarrage","floor":11},{"not_picked":["OpenUniverse","PropBag"],"picked":"FinalSpark","floor":12},{"not_picked":["6A","IllusionStar"],"picked":"PowerUp","floor":13},{"not_picked":["MillisecondPulsars","JA"],"picked":"UltimateShortwave","floor":16},{"not_picked":[],"picked":"EarthLightRay+1","floor":18},{"not_picked":["EnergyRecoil"],"picked":"SKIP","floor":20},{"not_picked":["UnstableBomb"],"picked":"SKIP","floor":23},{"not_picked":["GalacticHalo"],"picked":"SKIP","floor":24},{"not_picked":["DarkMatter"],"picked":"SKIP","floor":25},{"not_picked":["PowerUp"],"picked":"SKIP","floor":27},{"not_picked":[],"picked":"Singularity","floor":28},{"not_picked":["GasGiant"],"picked":"SKIP","floor":30},{"not_picked":["NonDirectionalLaser"],"picked":"SKIP","floor":31},{"not_picked":[],"picked":"StarlightTyphoon+1","floor":35},{"not_picked":["AsteroidBelt+1"],"picked":"SKIP","floor":36},{"not_picked":[],"picked":"Acceleration+1","floor":39},{"not_picked":["ShootingEcho"],"picked":"SKIP","floor":41},{"not_picked":["Robbery"],"picked":"SKIP","floor":44},{"not_picked":["PowerUp+1"],"picked":"SKIP","floor":46},{"not_picked":["ManaRampage"],"picked":"SKIP","floor":48}],"player_experience":1081263,"relics_obtained":[{"floor":8,"key":"Darkstone Periapt"},{"floor":9,"key":"Potion Belt"},{"floor":11,"key":"Strawberry"},{"floor":23,"key":"White Beast Statue"},{"floor":25,"key":"MawBank"},{"floor":26,"key":"Lantern"},{"floor":30,"key":"Sundial"},{"floor":41,"key":"Happy Flower"},{"floor":43,"key":"Boot"},{"floor":48,"key":"Akabeko"}],"event_choices":[{"damage_healed":0,"gold_gain":0,"player_choice":"Box","damage_taken":0,"relics_obtained":["BreadOfAWashokuLover"],"max_hp_gain":0,"max_hp_loss":0,"event_name":"Big Fish","floor":2,"gold_loss":0,"cards_obtained":["Regret"]},{"damage_healed":0,"gold_gain":175,"player_choice":"AGREE","damage_taken":0,"max_hp_gain":0,"max_hp_loss":0,"event_name":"Liars Game","floor":4,"gold_loss":0,"cards_obtained":["Doubt"]},{"damage_healed":0,"gold_gain":0,"player_choice":"Opened","damage_taken":0,"relics_obtained":["Oddly Smooth Stone"],"max_hp_gain":0,"max_hp_loss":0,"event_name":"The Mausoleum","floor":21,"gold_loss":0},{"damage_healed":0,"gold_gain":0,"player_choice":"Embrace Madness","damage_taken":10,"max_hp_gain":0,"max_hp_loss":0,"event_name":"Winding Halls","floor":38,"gold_loss":0,"cards_obtained":["Madness","Madness"]},{"cards_removed":["Master of Strategy"],"damage_healed":0,"gold_gain":0,"player_choice":"Removed Skill","damage_taken":0,"max_hp_gain":0,"max_hp_loss":0,"event_name":"Falling","floor":45,"gold_loss":0}],"is_beta":false,"boss_relics":[{"not_picked":["Velvet Choker","Cursed Key"],"picked":"Busted Crown"},{"not_picked":["SacredBark","Tiny House"],"picked":"Runic Pyramid"}],"items_purged_floors":[5,37,42],"is_endless":false,"potions_floor_spawned":[8,11,13,18,20,24,25,27,28,30,31,33,35,36,39,41,44,46,48],"ascension_level":3}}