{"host":"njruw0b0uprlitpx","time":1610119277,"event":{"mods":["2.2 Compatiblity","Bartender","BaseMod","Better Altar","Better Match","Better Note","Better Sensory Stone","Better Skull","Better Third Choice","Block Reminder","Colored Map","Colored Powertips","Downfall","Energized Spire","Jedi Mod","Keyboard Shortcuts","Minty Spire (QoL Compilation)","Quick Restart","Rare Cards Sparkle","Relic Stats","Replay The Spire","SacredBarkPlus","Spicy Shops","StSLib","SuperFastMode"],"gold_per_floor":[349,362,362,382,232,157,157,188,198,198,26,89,89,156,197,347,347,272,344,401,551,607,678,678,778,778,847,847,916,977,1132,1214,1408,1408,1708,1777,1859,1859,1941,2033,2033,2118,2043,2118,1594,1675,1675,841,923,993,993,1123,773,773,773],"floor_reached":56,"playtime":6862,"items_purged":["champ:Strike","champ:Defend","champ:Strike","Parasite","champ:Defend"],"score":1708,"play_id":"d85eec0f-1e0b-40d6-9485-05c06c8ec244","local_time":"20210108092117","is_ascension_mode":true,"campfire_choices":[{"floor":1.0,"key":"RECALL"},{"data":"champ:Taunt","floor":6.0,"key":"SMITH"},{"data":"champ:CheapShot","floor":10.0,"key":"SMITH"},{"data":"champ:IgnorePain","floor":13.0,"key":"SMITH"},{"data":"champ:EndlessRage","floor":18.0,"key":"SMITH"},{"data":"champ:SwordThrow","floor":28.0,"key":"SMITH"},{"data":"champ:VampiricStrike","floor":35.0,"key":"SMITH"},{"data":"champ:HeartStrike","floor":43,"key":"SMITH"},{"data":"champ:EnchantSword","floor":47,"key":"SMITH"},{"data":"champ:BerserkerStyle","floor":54,"key":"SMITH"}],"circlet_count":0,"master_deck":["champ:Strike","champ:Strike","champ:Defend","champ:Defend","champ:Execute","champ:Taunt+1","champ:RecklessLeap","champ:Aggression","champ:CheapShot+1","champ:AdrenalArmor","champ:EndlessRage+1","champ:IgnorePain+1","champ:HeartStrike+1","champ:Duel","champ:SwordThrow+1","champ:BerserkersShout","champ:ArenaPreparation","champ:Shatter","champ:Control+1","champ:Encircle","champ:VampiricStrike+1","champ:IgnorePain+1","champ:EnchantSword+1","champ:GutPunch","Secret Weapon","expansioncontent:PolyBeam","champ:GutPunch+1","champ:Aggression","champ:BerserkerStyle+1","Thinking Ahead","expansioncontent:FaceSlap"],"relics":["champ:ChampionCrown","downfall:ShatteredFragment","downfall:HeartBlessingRed","Darkstone Periapt","Replay:Bandana","Omamori","Garlic","energizedSpire:CursedPentagram","downfall:HeartBlessingGreen","White_Cape","hexamod:BolsterEngine","downfall:GremlinWheel","energizedSpire:StickyHand","Singing Bowl","downfall:HeartBlessingBlue","Membership Card","TungstenRod","champ:BerserkersGuideToSlaughter","Snack Pack","Akabeko","Chameleon Ring","Replay:Bottled Steam","Kunai","jedi:ominousloannote","Ornamental Fan","Bottled Tornado","Orichalcum","Pet Ghost","Frozen Eye"],"acts_visited":["Exordium","TheCity","TheBeyond","TheEnding"],"potions_floor_usage":[45,45,50,50,52,52,52,55,55,55,55,55,55,55,55,55],"damage_taken":[{"damage":5.0,"enemies":"Jaw Worm","floor":2.0,"turns":4.0},{"damage":15.0,"enemies":"Cultist","floor":4.0,"turns":2.0},{"damage":20.0,"enemies":"Replay:BlueRogue","floor":8.0,"turns":3.0},{"damage":15.0,"enemies":"2 Louse","floor":9.0,"turns":1.0},{"damage":24.0,"enemies":"downfall:FleeingMerchant","floor":11.0,"turns":5.0},{"damage":38.0,"enemies":"Gremlin Nob","floor":12.0,"turns":4.0},{"damage":48.0,"enemies":"3 Sentries","floor":14.0,"turns":6.0},{"damage":26.0,"enemies":"Lots of Slimes","floor":15.0,"turns":4.0},{"damage":42.0,"enemies":"downfall:Ironclad","floor":16.0,"turns":6.0},{"damage":0.0,"enemies":"Shell Parasite","floor":19.0,"turns":4.0},{"damage":37.0,"enemies":"Snake Plant","floor":20.0,"turns":3.0},{"damage":11.0,"enemies":"Centurion and Healer","floor":22.0,"turns":4.0},{"damage":26.0,"enemies":"Cultist and Chosen","floor":23.0,"turns":6.0},{"damage":49.0,"enemies":"Shelled Parasite and Fungi","floor":27.0,"turns":4.0},{"damage":47.0,"enemies":"Book of Stabbing","floor":29.0,"turns":4.0},{"damage":34.0,"enemies":"3 Cultists","floor":30.0,"turns":3.0},{"damage":23.0,"enemies":"3 Cultists","floor":31.0,"turns":4.0},{"damage":41.0,"enemies":"Centurion and Healer","floor":32.0,"turns":4.0},{"damage":46.0,"enemies":"downfall:Watcher","floor":33.0,"turns":3.0},{"damage":76.0,"enemies":"3 Shapes","floor":36.0,"turns":3.0},{"damage":35.0,"enemies":"3 Darklings","floor":37.0,"turns":3.0},{"damage":39.0,"enemies":"Writhing Mass","floor":39.0,"turns":4.0},{"damage":19.0,"enemies":"Sphere and 2 Shapes","floor":40.0,"turns":3.0},{"damage":45,"enemies":"Nemesis","floor":42,"turns":5},{"damage":28,"enemies":"3 Darklings","floor":44,"turns":5},{"damage":54,"enemies":"downfall:FleeingMerchant","floor":45,"turns":4},{"damage":38,"enemies":"Maw","floor":46,"turns":5},{"damage":0,"enemies":"Jaw Worm Horde","floor":49,"turns":3},{"damage":0,"enemies":"downfall:Defect","floor":50,"turns":3},{"damage":32,"enemies":"downfall:CharBossMerchant","floor":52,"turns":3},{"damage":149,"enemies":"downfall:NeowBoss","floor":55,"turns":13}],"seed_played":"-5405936379451923666","potions_obtained":[{"floor":2.0,"key":"Strength Potion"},{"floor":8.0,"key":"Explosive Potion"},{"floor":14.0,"key":"LifebloodPotion"},{"floor":15.0,"key":"AttackPotion"},{"floor":19.0,"key":"Swift Potion"},{"floor":20.0,"key":"jedi:tentaclejuice"},{"floor":23.0,"key":"FairyPotion"},{"floor":27.0,"key":"Explosive Potion"},{"floor":31.0,"key":"champ:UltimateStancePotion"},{"floor":39.0,"key":"SmokeBomb"},{"floor":42,"key":"LiquidBronze"},{"floor":52,"key":"Toxic Potion"}],"is_trial":false,"path_per_floor":["R","M","?","M","?","R","T","E","M","R","$","E","R","E","M","B",null,"R","M","M","?","M","M","T","?","?","M","R","E","M","?","M","B",null,"R","M","M","?","M","M","T","E","R","M","$","M","R","$","M","B",null,"E","$","R","B",null],"character_chosen":"THE_CHAMP","items_purchased":["Replay:Bandana","Membership Card","champ:EnchantSword","Fruit Juice","Cursed Concoction","Weak Potion","champ:GutPunch","TungstenRod","Secret Weapon","expansioncontent:PolyBeam","champ:BerserkersGuideToSlaughter","Snack Pack","Akabeko","Chameleon Ring","Replay:Bottled Steam","EntropicBrew","Strength Potion","Thinking Ahead","FearPotion","jedi:ominousloannote","Ornamental Fan","Bottled Tornado","Orichalcum","Pet Ghost","Frozen Eye","Dexterity Potion","expansioncontent:FaceSlap"],"campfire_rested":0,"item_purchase_floors":[11,45,45,45,45,45,45,45,45,45,48,48,48,48,48,48,48,48,48,53,53,53,53,53,53,53,53],"current_hp_per_floor":[81,81,54,54,91,91,91,91,91,91,86,70,70,60,56,37,78,78,80,80,80,87,91,91,91,91,81,81,78,78,70,70,67,85,85,55,76,76,84,82,82,88,98,104,112,112,112,118,120,120,120,122,119,119,119],"gold":773,"neow_bonus":"TWO_FIFTY_GOLD","is_daily":false,"chose_seed":false,"campfire_upgraded":9,"win_rate":0.0,"timestamp":1610119277,"path_taken":["R","M","?","M","?","R","T","E","M","R","$","E","R","E","M","BOSS","R","M","?","?","?","M","T","?","?","M","R","E","M","?","M","BOSS","R","M","?","?","M","M","T","E","R","M","$","?","R","$","M","BOSS","E","$","R","BOSS"],"items_purchased_type":["Relic","Relic","Card","Potion","Potion","Potion","Card","Relic","Card","Card","Relic","Relic","Relic","Relic","Relic","Potion","Potion","Card","Potion","Relic","Relic","Relic","Relic","Relic","Relic","Potion","Card"],"build_version":"2020-12-22","purchased_purges":5,"victory":true,"max_hp_per_floor":[81,81,81,81,91,91,91,91,91,91,91,91,91,91,91,91,91,91,91,91,91,91,91,91,91,91,91,91,91,91,91,91,91,91,91,91,91,91,91,91,91,93,103,105,112,112,112,118,120,120,120,122,119,119,119],"relic_stats":{"Darkstone Periapt":6,"Singing Bowl":10,"counters":[31,128],"Ornamental Fan":[44],"Kunai":[11],"Orichalcum":[6],"obtain_stats":[{"Darkstone Periapt":7,"Singing Bowl":42,"champ:ChampionCrown":0,"downfall:HeartBlessingGreen":18,"Bottled Tornado":53,"White_Cape":24,"Pet Ghost":53,"Frozen Eye":53,"Replay:Bandana":11,"energizedSpire:CursedPentagram":17,"downfall:GremlinWheel":31,"Chameleon Ring":48,"downfall:HeartBlessingBlue":43,"champ:BerserkersGuideToSlaughter":48,"Kunai":52,"Replay:Bottled Steam":48,"Potion Belt":8,"downfall:ShatteredFragment":3,"downfall:HeartBlessingRed":6,"Omamori":12,"energizedSpire:StickyHand":34,"Orichalcum":53,"Akabeko":48,"jedi:ominousloannote":53,"Ornamental Fan":53,"Garlic":14,"Snack Pack":48,"Membership Card":45,"hexamod:BolsterEngine":29,"TungstenRod":45},{"Darkstone Periapt":2,"Singing Bowl":24,"champ:ChampionCrown":0,"downfall:HeartBlessingGreen":9,"Bottled Tornado":30,"White_Cape":13,"Pet Ghost":30,"Frozen Eye":30,"Replay:Bandana":5,"energizedSpire:CursedPentagram":9,"downfall:GremlinWheel":17,"Chameleon Ring":27,"downfall:HeartBlessingBlue":24,"champ:BerserkersGuideToSlaughter":27,"Kunai":30,"Replay:Bottled Steam":27,"Potion Belt":3,"downfall:ShatteredFragment":1,"downfall:HeartBlessingRed":2,"Omamori":6,"energizedSpire:StickyHand":19,"Orichalcum":30,"Akabeko":27,"jedi:ominousloannote":30,"Ornamental Fan":30,"Garlic":7,"Snack Pack":27,"Membership Card":26,"hexamod:BolsterEngine":15,"TungstenRod":26},{"Darkstone Periapt":6,"Singing Bowl":92,"champ:ChampionCrown":0,"downfall:HeartBlessingGreen":35,"Bottled Tornado":115,"White_Cape":52,"Pet Ghost":115,"Frozen Eye":115,"Replay:Bandana":15,"energizedSpire:CursedPentagram":35,"downfall:GremlinWheel":67,"Chameleon Ring":106,"downfall:HeartBlessingBlue":92,"champ:BerserkersGuideToSlaughter":106,"Kunai":115,"Replay:Bottled Steam":106,"Potion Belt":9,"downfall:ShatteredFragment":4,"downfall:HeartBlessingRed":6,"Omamori":19,"energizedSpire:StickyHand":74,"Orichalcum":115,"Akabeko":106,"jedi:ominousloannote":115,"Ornamental Fan":115,"Garlic":25,"Snack Pack":106,"Membership Card":101,"hexamod:BolsterEngine":60,"TungstenRod":101}],"TungstenRod":98},"card_choices":[{"not_picked":["champ:ShieldSigil","champ:EnragedBash"],"picked":"champ:RecklessLeap","floor":2.0},{"not_picked":["champ:FocusedGladiator","champ:BladeFlurry"],"picked":"champ:Aggression","floor":4.0},{"not_picked":["champ:Backstep","champ:Haymaker"],"picked":"champ:CheapShot","floor":8.0},{"not_picked":["champ:PerfectedStrike","champ:ViciousMockery"],"picked":"champ:AdrenalArmor","floor":9.0},{"not_picked":["champ:PerfectedStrike","champ:FocusedGladiator"],"picked":"champ:EndlessRage","floor":11.0},{"not_picked":["champ:Haymaker","champ:CrookedStrike"],"picked":"champ:IgnorePain","floor":12.0},{"not_picked":["champ:EnGarde","champ:ShieldSigil"],"picked":"champ:HeartStrike","floor":14.0},{"not_picked":["champ:BerserkersShout","champ:ShieldSigil"],"picked":"champ:Duel","floor":15.0},{"not_picked":["champ:Devastate","champ:SteelEdge"],"picked":"champ:SwordThrow","floor":16.0},{"not_picked":["champ:TornadoPunch","champ:EndlessRage+1"],"picked":"champ:BerserkersShout","floor":19.0},{"not_picked":["champ:CrookedStrike+1","champ:BerserkersShout+1","champ:BladeFlurry"],"picked":"SKIP","floor":20.0},{"not_picked":["champ:Backstep+1","champ:RapidStrikes","champ:BerserkersShout"],"picked":"SKIP","floor":22.0},{"not_picked":["champ:PerfectedStrike","champ:DefensiveShout"],"picked":"champ:ArenaPreparation","floor":23.0},{"not_picked":["champ:BringItOn","champ:ShieldSigil+1"],"picked":"champ:Shatter","floor":27.0},{"not_picked":["champ:FocusedDefense+1","champ:Backstep","champ:StanceDance"],"picked":"SKIP","floor":29.0},{"not_picked":["champ:AdrenalArmor","champ:BerserkersShout"],"picked":"champ:Control+1","floor":30.0},{"not_picked":["champ:FlashCut+1","champ:Haymaker"],"picked":"champ:Encircle","floor":32.0},{"not_picked":["champ:LastStand","champ:DancingMaster"],"picked":"champ:VampiricStrike","floor":33.0},{"not_picked":["champ:CrookedStrike+1","champ:Control+1","champ:StanceDance+1"],"picked":"SKIP","floor":36.0},{"not_picked":["champ:EndlessRage+1","champ:CrookedStrike+1","champ:Encircle"],"picked":"SKIP","floor":37.0},{"not_picked":["champ:GladiatorsShout","champ:DefensiveShout+1","champ:ShieldSigil+1"],"picked":"SKIP","floor":39.0},{"not_picked":["champ:GutPunch","champ:Circumvent","champ:BerserkersShout+1"],"picked":"SKIP","floor":40.0},{"not_picked":["champ:BladeFlurry","champ:FocusedBerserking","champ:FocusedDefense+1"],"picked":"Singing Bowl","floor":42},{"not_picked":["champ:ShieldThrow","champ:EndlessRage+1","champ:GladiatorsShout+1"],"picked":"Singing Bowl","floor":44},{"not_picked":["champ:Lariat","champ:TornadoPunch+1","champ:SwordThrow"],"picked":"Singing Bowl","floor":45},{"not_picked":["champ:GutPunch+1","champ:Aggression"],"picked":"champ:BerserkerStyle","floor":46},{"not_picked":["champ:FightOn","champ:Backstep+1","champ:BringItOn+1"],"picked":"Singing Bowl","floor":49},{"not_picked":["champ:Shatter","champ:SwordSigil","champ:Riposte"],"picked":"Singing Bowl","floor":52}],"player_experience":1463300,"relics_obtained":[{"floor":7.0,"key":"Darkstone Periapt"},{"floor":8.0,"key":"Potion Belt"},{"floor":12.0,"key":"Omamori"},{"floor":14.0,"key":"Garlic"},{"floor":24.0,"key":"White_Cape"},{"floor":29.0,"key":"hexamod:BolsterEngine"},{"floor":31.0,"key":"downfall:GremlinWheel"},{"floor":42,"key":"Singing Bowl"},{"floor":52,"key":"Kunai"}],"event_choices":[{"cards_removed":["champ:IgnorePain"],"damage_healed":0.0,"max_hp_gain":0.0,"max_hp_loss":0.0,"gold_gain":0.0,"event_name":"betterNote:BetterNote","player_choice":"Give","floor":26.0,"gold_loss":0.0,"damage_taken":0.0,"cards_obtained":["None"]},{"damage_healed":0.0,"max_hp_gain":0.0,"max_hp_loss":0.0,"gold_gain":300.0,"event_name":"Wheel of Change","player_choice":"Gold","floor":35.0,"gold_loss":0.0,"damage_taken":0.0},{"damage_healed":0.0,"max_hp_gain":0.0,"max_hp_loss":0.0,"gold_gain":0.0,"event_name":"Duplicator","player_choice":"Copied","floor":38.0,"gold_loss":0.0,"damage_taken":0.0,"cards_obtained":["champ:IgnorePain"]}],"is_beta":false,"boss_relics":[{"not_picked":["expansioncontent:StudyCardRelic","Runic Dome"],"picked":"energizedSpire:CursedPentagram"},{"not_picked":["ReplayTheSpireMod:DimensionalGlitch","Replay:Ancient Bell"],"picked":"energizedSpire:StickyHand"}],"items_purged_floors":[45,45,48,53,53],"is_endless":false,"potions_floor_spawned":[2,8,14,15,19,20,23,27,31,39,42,49,52],"ascension_level":5}}