{"host":"359hz4210ybch7ku","time":1610073639,"event":{"mods":["BaseMod","Block Reminder","Colored Map","Colored Powertips","Highlight Path","Minty Spire (QoL Compilation)","Slay the Relics Exporter","StSLib"],"gold_per_floor":[112,124,124,52,62,62,80,80,80,106,106,121,134,152,152,255,255,267,281,301,301,301],"floor_reached":21,"playtime":1948,"items_purged":[],"score":213,"play_id":"3f0adb16-462f-4183-9d9c-a6063c80a906","local_time":"20210107184039","is_ascension_mode":true,"campfire_choices":[{"data":"BattleHymn","floor":6,"key":"SMITH"},{"data":"Eruption","floor":8,"key":"SMITH"},{"data":"Prostrate","floor":11,"key":"SMITH"},{"data":"DevaForm","floor":15,"key":"SMITH"}],"circlet_count":0,"master_deck":["Strike_P","Strike_P+1","Strike_P","Strike_P+1","Defend_P","Defend_P","Eruption+1","Vigilance","Consecrate","BattleHymn+1","FollowUp","Sanctity","Prostrate+1","FearNoEvil","ClearTheMind","DevaForm+1","Devotion","CutThroughFate+1","Meditate+1"],"relics":["PureWater","Whetstone","Kunai","Pantograph","Regal Pillow","Empty Cage"],"acts_visited":["Exordium","TheCity"],"potions_floor_usage":[16,16,19,19],"damage_taken":[{"damage":0,"enemies":"Small Slimes","floor":1,"turns":2},{"damage":0,"enemies":"Cultist","floor":2,"turns":2},{"damage":0,"enemies":"2 Louse","floor":5,"turns":1},{"damage":0,"enemies":"Exordium Wildlife","floor":7,"turns":2},{"damage":11,"enemies":"Gremlin Nob","floor":10,"turns":3},{"damage":8,"enemies":"Blue Slaver","floor":12,"turns":4},{"damage":9,"enemies":"Exordium Thugs","floor":13,"turns":2},{"damage":19,"enemies":"Exordium Wildlife","floor":14,"turns":3},{"damage":20,"enemies":"Hexaghost","floor":16,"turns":5},{"damage":22,"enemies":"Spheric Guardian","floor":18,"turns":5},{"damage":22,"enemies":"3 Byrds","floor":19,"turns":4},{"damage":15,"enemies":"Cultist and Chosen","floor":20,"turns":5},{"damage":22,"enemies":"Snecko","floor":21,"turns":3}],"seed_played":"4319600707736867364","potions_obtained":[{"floor":1,"key":"BottledMiracle"},{"floor":10,"key":"Explosive Potion"},{"floor":14,"key":"FearPotion"},{"floor":16,"key":"BottledMiracle"},{"floor":18,"key":"SpeedPotion"}],"is_trial":false,"path_per_floor":["M","M","?","$","M","R","M","R","T","E","R","M","M","M","R","B",null,"M","M","M","M"],"character_chosen":"WATCHER","items_purchased":["BattleHymn"],"campfire_rested":0,"item_purchase_floors":[4],"current_hp_per_floor":[72,72,72,72,72,72,72,72,72,61,61,53,44,25,25,30,72,50,28,13,0,0],"gold":301,"neow_bonus":"RANDOM_COMMON_RELIC","is_daily":false,"chose_seed":false,"campfire_upgraded":4,"win_rate":0.0,"timestamp":1610073639,"path_taken":["M","M","?","$","M","R","M","R","T","E","R","M","M","M","R","BOSS","M","M","?","M"],"items_purchased_type":["Card"],"build_version":"2020-12-22","purchased_purges":0,"victory":false,"max_hp_per_floor":[72,72,72,72,72,72,72,72,72,72,72,72,72,72,72,72,72,72,72,72,72,72],"card_choices":[{"not_picked":["EmptyMind","Halt"],"picked":"Consecrate","floor":1},{"not_picked":["DeceiveReality","SashWhip","Evaluate"],"picked":"SKIP","floor":2},{"not_picked":["Consecrate","Pray"],"picked":"FollowUp","floor":5},{"not_picked":["ForeignInfluence","CutThroughFate"],"picked":"Sanctity","floor":7},{"not_picked":["ThirdEye","MasterReality"],"picked":"Prostrate","floor":10},{"not_picked":["Conclude","PathToVictory"],"picked":"FearNoEvil","floor":12},{"not_picked":["CrushJoints","Indignation"],"picked":"ClearTheMind","floor":13},{"not_picked":["Vengeance","FlyingSleeves"],"picked":"DevaForm","floor":14},{"not_picked":["Judgement","Wish"],"picked":"Devotion","floor":16},{"not_picked":["EmptyBody","DeceiveReality"],"picked":"CutThroughFate+1","floor":18},{"not_picked":["Study","Crescendo"],"picked":"Meditate+1","floor":19},{"not_picked":["ClearTheMind","BowlingBash","CarveReality"],"picked":"SKIP","floor":20}],"player_experience":159258,"relics_obtained":[{"floor":9,"key":"Pantograph"},{"floor":10,"key":"Regal Pillow"}],"event_choices":[{"damage_healed":0,"gold_gain":0,"player_choice":"Gave Potion","damage_taken":0,"relics_obtained":["Kunai"],"max_hp_gain":0,"max_hp_loss":0,"event_name":"WeMeetAgain","floor":3,"gold_loss":0}],"is_beta":false,"boss_relics":[{"not_picked":["Velvet Choker","SacredBark"],"picked":"Empty Cage"}],"items_purged_floors":[],"is_endless":false,"potions_floor_spawned":[1,10,14,16,18],"killed_by":"Snecko","ascension_level":3}}