{"host":"v4pe0ixo3k7iwzp0","time":1610095625,"event":{"mods":["Ascension Reborn","BaseMod","Bestiary","Highlight Path","Minty Spire (QoL Compilation)","StSLib","The Marked"],"gold_per_floor":[110,123,140,52,69,81,81,81,81,81,97,97,97,126,126,224,224,244,258,60,75,75,75,88,88,88,88,123,141,159,178,178,278,278,297,312,42,53,53,67,67,86,133,144,17,17,36,55,55,55],"floor_reached":51,"playtime":4401,"items_purged":["Strike_P+1"],"score":677,"play_id":"e04c8208-1a0e-48e9-b65a-622b03e6b25b","local_time":"20210108004705","is_ascension_mode":true,"campfire_choices":[{"data":"Fasting2","floor":8.0,"key":"SMITH"},{"data":"ClearTheMind","floor":10.0,"key":"SMITH"},{"floor":13.0,"key":"REST"},{"data":"ClearTheMind","floor":15.0,"key":"SMITH"},{"floor":23.0,"key":"REST"},{"floor":32.0,"key":"REST"},{"floor":41,"key":"REST"},{"floor":46,"key":"REST"},{"floor":49,"key":"REST"}],"circlet_count":0,"master_deck":["Strike_P+1","Strike_P+1","Defend_P+1","Defend_P+1","Defend_P+1","Defend_P+1","Eruption+1","Vigilance+1","Fasting2+1","FlurryOfBlows","Halt","Tantrum","ClearTheMind+1","Adaptation","ClearTheMind+1","Indignation","CutThroughFate","DevaForm","ThirdEye+1","TalkToTheHand","Crescendo","MentalFortress+1","Crescendo","TalkToTheHand+1","Consecrate","FlurryOfBlows","Consecrate","DevaForm","FlurryOfBlows","EmptyBody","FearNoEvil","EmptyFist+1","FlurryOfBlows+1"],"relics":["PureWater","HornCleat","Torii","Runic Pyramid","Regal Pillow","Blood Vial","Yang","SlaversCollar","Happy Flower","Ancient Tea Set"],"acts_visited":["Exordium","TheCity","TheBeyond"],"potions_floor_usage":[35,38,38,42,50,50,50],"damage_taken":[{"damage":0.0,"enemies":"Small Slimes","floor":1.0,"turns":2.0},{"damage":0.0,"enemies":"Cultist","floor":2.0,"turns":2.0},{"damage":0.0,"enemies":"Jaw Worm","floor":3.0,"turns":3.0},{"damage":0.0,"enemies":"Exordium Wildlife","floor":5.0,"turns":3.0},{"damage":5.0,"enemies":"Large Slime","floor":6.0,"turns":4.0},{"damage":6.0,"enemies":"Exordium Thugs","floor":11.0,"turns":4.0},{"damage":0.0,"enemies":"3 Sentries","floor":14.0,"turns":5.0},{"damage":20.0,"enemies":"Hexaghost","floor":16.0,"turns":5.0},{"damage":11.0,"enemies":"Spheric Guardian","floor":18.0,"turns":4.0},{"damage":20.0,"enemies":"2 Thieves","floor":19.0,"turns":3.0},{"damage":0.0,"enemies":"Snake Plant","floor":21.0,"turns":5.0},{"damage":0.0,"enemies":"Snecko","floor":24.0,"turns":4.0},{"damage":20.0,"enemies":"Gremlin Leader","floor":28.0,"turns":6.0},{"damage":0.0,"enemies":"Cultist and Chosen","floor":29.0,"turns":7.0},{"damage":0.0,"enemies":"Centurion and Healer","floor":30.0,"turns":5.0},{"damage":16.0,"enemies":"Snecko","floor":31.0,"turns":4.0},{"damage":37.0,"enemies":"Collector","floor":33.0,"turns":4.0},{"damage":25,"enemies":"3 Shapes","floor":35,"turns":4},{"damage":30,"enemies":"3 Darklings","floor":36,"turns":4},{"damage":0,"enemies":"Maw","floor":38,"turns":5},{"damage":0,"enemies":"Transient","floor":40,"turns":5},{"damage":7,"enemies":"Jaw Worm Horde","floor":42,"turns":5},{"damage":18,"enemies":"3 Darklings","floor":44,"turns":4},{"damage":22,"enemies":"Writhing Mass","floor":47,"turns":5},{"damage":0,"enemies":"Maw","floor":48,"turns":6},{"damage":15,"enemies":"Time Eater","floor":50,"turns":8}],"seed_played":"1823920846993404527","potions_obtained":[{"floor":1.0,"key":"BlessingOfTheForge"},{"floor":2.0,"key":"SpeedPotion"},{"floor":7.0,"key":"Strength Potion"},{"floor":7.0,"key":"EssenceOfSteel"},{"floor":14.0,"key":"BottledMiracle"},{"floor":19.0,"key":"Weak Potion"},{"floor":24.0,"key":"BottledMiracle"},{"floor":31.0,"key":"Strength Potion"},{"floor":33.0,"key":"FearPotion"},{"floor":36,"key":"ColorlessPotion"},{"floor":40,"key":"Explosive Potion"},{"floor":44,"key":"PowerPotion"},{"floor":48,"key":"LiquidMemories"}],"is_trial":true,"path_per_floor":["M","M","M","$","M","M","?","R","T","R","M","?","R","E","R","B",null,"M","M","$","M","?","R","M","?","T","$","E","M","M","M","R","B",null,"M","M","$","M","$","M","R","M","T","M","$","R","M","M","R","B",null],"character_chosen":"WATCHER","items_purchased":["Tantrum","ClearTheMind","Regal Pillow","Crescendo","SpeedPotion","Happy Flower","FearNoEvil","Explosive Potion"],"campfire_rested":6,"item_purchase_floors":[4,4,20,20,37,37,37,45],"current_hp_per_floor":[72,72,72,72,72,67,67,67,67,67,61,61,72,72,72,52,72,61,41,41,41,41,72,72,72,72,72,52,54,56,42,72,35,72,47,19,19,21,21,23,59,54,54,38,38,72,50,52,72,57],"gold":55,"neow_bonus":"","is_daily":false,"chose_seed":false,"campfire_upgraded":3,"win_rate":0.0,"timestamp":1610095625,"path_taken":["M","M","M","$","M","M","?","R","T","R","?","?","R","E","R","BOSS","M","M","$","M","?","R","M","?","T","$","E","?","M","M","R","BOSS","M","?","$","M","?","M","R","M","T","?","$","R","M","M","R","BOSS"],"items_purchased_type":["Card","Card","Relic","Card","Potion","Relic","Card","Potion"],"build_version":"2020-12-22","purchased_purges":1,"victory":true,"max_hp_per_floor":[72,72,72,72,72,72,72,72,72,72,72,72,72,72,72,72,72,72,72,72,72,72,72,72,72,72,72,72,72,72,72,72,72,72,72,72,72,72,72,72,72,72,72,72,72,72,72,72,72,72],"card_choices":[{"not_picked":["Perseverance","Conclude"],"picked":"Fasting2","floor":1.0},{"not_picked":["EmptyFist","Meditate"],"picked":"FlurryOfBlows","floor":2.0},{"not_picked":["Perseverance","Protect"],"picked":"Halt","floor":3.0},{"not_picked":["FollowUp","SashWhip"],"picked":"Adaptation","floor":5.0},{"not_picked":["Study","Evaluate"],"picked":"ClearTheMind","floor":6.0},{"not_picked":["JustLucky","Conclude"],"picked":"Indignation","floor":11.0},{"not_picked":["Conclude","ClearTheMind"],"picked":"CutThroughFate","floor":14.0},{"not_picked":["Wish","ConjureBlade"],"picked":"DevaForm","floor":16.0},{"not_picked":["Crescendo","SignatureMove"],"picked":"ThirdEye+1","floor":18.0},{"not_picked":["CutThroughFate+1","LikeWater"],"picked":"TalkToTheHand","floor":19.0},{"not_picked":["Prostrate","Protect"],"picked":"MentalFortress","floor":21.0},{"not_picked":["Protect","WheelKick"],"picked":"Crescendo","floor":24.0},{"not_picked":["Protect","ThirdEye"],"picked":"TalkToTheHand+1","floor":28.0},{"not_picked":["Wish","ClearTheMind"],"picked":"Consecrate","floor":29.0},{"not_picked":["WheelKick","Tantrum"],"picked":"FlurryOfBlows","floor":30.0},{"not_picked":["BowlingBash","WindmillStrike+1"],"picked":"Consecrate","floor":31.0},{"not_picked":["Blasphemy","Establishment"],"picked":"DevaForm","floor":33.0},{"not_picked":["ClearTheMind","Tantrum+1"],"picked":"FlurryOfBlows","floor":35},{"not_picked":["BowlingBash+1","Consecrate"],"picked":"EmptyBody","floor":36},{"not_picked":["Indignation+1","JustLucky","Vengeance+1"],"picked":"SKIP","floor":38},{"not_picked":["Halt+1","SignatureMove+1"],"picked":"EmptyFist+1","floor":40},{"not_picked":["ThirdEye+1","PathToVictory","CrushJoints+1"],"picked":"SKIP","floor":42},{"not_picked":["Consecrate","FollowUp+1"],"picked":"FlurryOfBlows+1","floor":44},{"not_picked":["Wish","Meditate+1","Indignation+1"],"picked":"SKIP","floor":47},{"not_picked":["SashWhip","ThirdEye","Swivel"],"picked":"SKIP","floor":48}],"player_experience":100415,"relics_obtained":[{"floor":9.0,"key":"HornCleat"},{"floor":14.0,"key":"Torii"},{"floor":26.0,"key":"Blood Vial"},{"floor":28.0,"key":"Yang"},{"floor":43,"key":"Ancient Tea Set"}],"event_choices":[{"damage_healed":0.0,"max_hp_gain":0.0,"max_hp_loss":0.0,"gold_gain":0.0,"event_name":"Lab","player_choice":"Got Potions","floor":7.0,"gold_loss":0.0,"damage_taken":0.0},{"damage_healed":0.0,"max_hp_gain":0.0,"max_hp_loss":0.0,"gold_gain":0.0,"event_name":"Dead Adventurer","player_choice":"Searched \u00270\u0027 times","floor":12.0,"gold_loss":0.0,"damage_taken":0.0},{"cards_removed":["Strike_P"],"damage_healed":0.0,"max_hp_gain":0.0,"max_hp_loss":0.0,"gold_gain":0.0,"event_name":"Back to Basics","player_choice":"Elegance","floor":22.0,"gold_loss":0.0,"damage_taken":0.0},{"damage_healed":0.0,"max_hp_gain":0.0,"max_hp_loss":0.0,"gold_gain":0.0,"event_name":"Upgrade Shrine","player_choice":"Upgraded","floor":25.0,"gold_loss":0.0,"damage_taken":0.0,"cards_upgraded":["MentalFortress"]}],"is_beta":false,"boss_relics":[{"not_picked":["SacredBark","Fusion Hammer"],"picked":"Runic Pyramid"},{"not_picked":["Busted Crown","Coffee Dripper"],"picked":"SlaversCollar"}],"items_purged_floors":[45],"is_endless":false,"potions_floor_spawned":[1,2,14,19,24,31,33,36,40,44,48],"ascension_level":0}}