{"host":"kw4o7b3ro2ktmmbe","time":1610079002,"event":{"mods":["BaseMod","Evolution","Hermit","Minty Spire (QoL Compilation)","StSLib"],"gold_per_floor":[118,118,171,187,211,211,252,252,252,252,272,287,287,1,1,97,97,111,210,210,61,74,74,74,74,74,110,110,110,146,167,167,266,266,290,290,27,47,47,47],"floor_reached":39,"playtime":3115,"items_purged":[],"score":685,"play_id":"99543494-2165-4a3c-9160-cba53290c746","local_time":"20210108171002","is_ascension_mode":true,"campfire_choices":[{"data":"hermit:Determination","floor":6.0,"key":"SMITH"},{"floor":10.0,"key":"REST"},{"floor":13,"key":"REST"},{"data":"hermit:ShadowCloak","floor":15,"key":"SMITH"},{"data":"hermit:Brawl","floor":24,"key":"SMITH"},{"data":"hermit:Adapt","floor":25,"key":"SMITH"},{"floor":28,"key":"REST"},{"floor":32,"key":"REST"}],"circlet_count":0,"master_deck":["AscendersBane","hermit:SprayPray","hermit:SprayPray","hermit:Strike_Hermit","hermit:Strike_Hermit","hermit:Defend_Hermit","hermit:Defend_Hermit","hermit:Defend_Hermit","hermit:Snapshot","hermit:Covet","hermit:Deadeye","hermit:Determination+1","hermit:Midnight","hermit:ShadowCloak+1","hermit:Grudge","hermit:Adapt+1","hermit:Brawl+1","hermit:Maintenance","hermit:SprayPray+1","hermit:Adapt","CurseOfTheBell","hermit:Coalescence+1","hermit:EternalForm","hermit:Roughhouse+1","hermit:ShadowCloak"],"relics":["hermit:Momento","EVO:Axolotl","Golden Idol","WingedGreaves","Lizard Tail","Membership Card","Happy Flower","SlaversCollar","OrangePellets","Bag of Marbles","Tiny Chest","Ginger","Eternal Feather","Nilry\u0027s Codex","Molten Egg 2","Calling Bell","MealTicket","Toxic Egg 2","FossilizedHelix","Lantern","Chemical X","hermit:RyeStalk"],"acts_visited":["Exordium","TheCity","TheBeyond"],"potions_floor_usage":[11,22,27,31],"damage_taken":[{"damage":4.0,"enemies":"Jaw Worm","floor":1.0,"turns":4.0},{"damage":4.0,"enemies":"Small Slimes","floor":4.0,"turns":3.0},{"damage":1.0,"enemies":"Cultist","floor":5.0,"turns":3.0},{"damage":55.0,"enemies":"3 Sentries","floor":7.0,"turns":9.0},{"damage":3,"enemies":"3 Louse","floor":11,"turns":3},{"damage":19,"enemies":"Large Slime","floor":12,"turns":4},{"damage":17,"enemies":"Hexaghost","floor":16,"turns":13},{"damage":0,"enemies":"Chosen","floor":18,"turns":5},{"damage":7,"enemies":"Shell Parasite","floor":22,"turns":6},{"damage":46,"enemies":"Slavers","floor":27,"turns":5},{"damage":39,"enemies":"Book of Stabbing","floor":30,"turns":7},{"damage":24,"enemies":"3 Cultists","floor":31,"turns":6},{"damage":30,"enemies":"Champ","floor":33,"turns":11},{"damage":14,"enemies":"Orb Walker","floor":35,"turns":8},{"damage":48,"enemies":"3 Shapes","floor":38,"turns":7},{"damage":23,"enemies":"Sphere and 2 Shapes","floor":39,"turns":3}],"seed_played":"-6537767445934678633","potions_obtained":[{"floor":1.0,"key":"Energy Potion"},{"floor":12,"key":"SpeedPotion"},{"floor":16,"key":"Block Potion"},{"floor":22,"key":"BlessingOfTheForge"},{"floor":30,"key":"LiquidMemories"},{"floor":31,"key":"GamblersBrew"}],"is_trial":false,"path_per_floor":["M","?","?","M","M","R","E","?","T","R","M","M","R","$","R","B",null,"M","?","?","$","M","T","R","R","T","E","R","?","E","M","R","B",null,"M","?","$","M","M"],"character_chosen":"HERMIT","items_purchased":["Membership Card","Happy Flower","hermit:ShadowCloak","hermit:Grudge","OrangePellets","Bag of Marbles","Lantern","hermit:Roughhouse+1","Chemical X","hermit:RyeStalk"],"campfire_rested":4,"item_purchase_floors":[14,14,14,14,21,21,37,37,37,37],"current_hp_per_floor":[71,71,71,67,66,66,11,11,11,35,32,13,37,37,37,20,67,67,67,67,67,60,60,60,60,60,14,47,31,34,10,46,16,66,52,52,67,19,0,0],"gold":47,"neow_bonus":"TEN_PERCENT_HP_BONUS","is_daily":false,"chose_seed":false,"campfire_upgraded":4,"win_rate":0.0,"timestamp":1610079002,"path_taken":["M","?","?","M","M","R","E","?","T","R","M","?","R","$","R","BOSS","M","?","?","$","?","?","R","R","T","E","R","?","E","M","R","BOSS","M","?","$","M","?"],"items_purchased_type":["Relic","Relic","Card","Card","Relic","Relic","Relic","Card","Relic","Relic"],"build_version":"2020-12-22","purchased_purges":0,"victory":false,"max_hp_per_floor":[82,82,82,82,82,82,82,82,82,82,82,82,82,82,82,82,82,82,82,82,82,82,82,82,82,82,82,82,82,82,82,82,82,82,82,82,82,82,82,82],"card_choices":[{"not_picked":["hermit:FullyLoaded","hermit:CalledShot"],"picked":"hermit:Deadeye","floor":1.0},{"not_picked":["hermit:Coalescence","hermit:WideOpen","hermit:Quickdraw"],"picked":"SKIP","floor":4.0},{"not_picked":["hermit:GhostlyPresence","hermit:Shortfuse"],"picked":"hermit:Determination","floor":5.0},{"not_picked":["hermit:CalledShot","hermit:Desperado","hermit:Vantage"],"picked":"SKIP","floor":7.0},{"not_picked":["hermit:CalledShot","hermit:Desperado","hermit:Vantage"],"picked":"SKIP","floor":7.0},{"not_picked":["hermit:Snipe","hermit:BodyArmor","hermit:ItchyTrigger"],"picked":"SKIP","floor":11},{"not_picked":["hermit:Roulette","hermit:Dive"],"picked":"hermit:Midnight","floor":12},{"not_picked":["hermit:FinalCanter","hermit:Reprieve"],"picked":"hermit:Adapt","floor":16},{"not_picked":["hermit:Vantage","hermit:Dive","hermit:Cheat"],"picked":"SKIP","floor":18},{"not_picked":["hermit:Midnight","hermit:Scavenge"],"picked":"hermit:Brawl","floor":22},{"not_picked":["hermit:FullyLoaded","hermit:Gestalt","hermit:LowProfile"],"picked":"SKIP","floor":27},{"not_picked":["hermit:Roulette+1","hermit:Desperado+1"],"picked":"hermit:Maintenance","floor":30},{"not_picked":["hermit:Desperado+1","hermit:Vantage"],"picked":"hermit:SprayPray+1","floor":31},{"not_picked":["hermit:Roughhouse+1","hermit:HighNoon"],"picked":"hermit:Adapt","floor":33},{"not_picked":["hermit:Headshot+1","hermit:Vantage+1"],"picked":"hermit:Coalescence+1","floor":35},{"not_picked":["hermit:LowProfile+1","hermit:CursedWeapon+1"],"picked":"hermit:ShadowCloak","floor":38}],"player_experience":2137551,"relics_obtained":[{"floor":7.0,"key":"WingedGreaves"},{"floor":9.0,"key":"Lizard Tail"},{"floor":23,"key":"Tiny Chest"},{"floor":26,"key":"Ginger"},{"floor":27,"key":"Eternal Feather"},{"floor":29,"key":"Nilry\u0027s Codex"},{"floor":30,"key":"Molten Egg 2"},{"floor":34,"key":"MealTicket"},{"floor":34,"key":"Toxic Egg 2"},{"floor":34,"key":"FossilizedHelix"}],"event_choices":[{"damage_healed":0.0,"max_hp_gain":0.0,"max_hp_loss":0.0,"gold_gain":0.0,"event_name":"Golden Idol","player_choice":"Take Wound","floor":2.0,"gold_loss":0.0,"damage_taken":0.0,"relics_obtained":["Golden Idol"],"cards_obtained":["Injury"]},{"damage_healed":0.0,"max_hp_gain":0.0,"max_hp_loss":0.0,"gold_gain":53.0,"event_name":"Golden Wing","player_choice":"Gained Gold","floor":3.0,"gold_loss":0.0,"damage_taken":0.0},{"cards_removed":["Injury"],"damage_healed":0.0,"max_hp_gain":0.0,"max_hp_loss":0.0,"gold_gain":0.0,"event_name":"Purifier","player_choice":"Purged","floor":8.0,"gold_loss":0.0,"damage_taken":0.0},{"damage_healed":0,"gold_gain":99,"player_choice":"Stole From Cult","damage_taken":0,"max_hp_gain":0,"max_hp_loss":0,"event_name":"Nest","floor":19,"gold_loss":0},{"damage_healed":0,"gold_gain":0,"player_choice":"Ignored","damage_taken":0,"max_hp_gain":0,"max_hp_loss":0,"event_name":"Beggar","floor":20,"gold_loss":0},{"damage_healed":0,"gold_gain":0,"player_choice":"Obtained Book","damage_taken":16,"max_hp_gain":0,"max_hp_loss":0,"event_name":"Cursed Tome","floor":29,"gold_loss":0},{"damage_healed":0,"gold_gain":0,"cards_transformed":["hermit:Defend_Hermit"],"player_choice":"Transformed","damage_taken":0,"max_hp_gain":0,"max_hp_loss":0,"event_name":"Transmorgrifier","floor":36,"gold_loss":0,"cards_obtained":["hermit:EternalForm"]}],"is_beta":false,"boss_relics":[{"not_picked":["SacredBark","Pandora\u0027s Box"],"picked":"SlaversCollar"},{"not_picked":["Snecko Eye","hermit:BartenderGlass"],"picked":"Calling Bell"}],"items_purged_floors":[],"is_endless":false,"potions_floor_spawned":[1,12,16,22,30,31],"killed_by":"Sphere and 2 Shapes","ascension_level":13}}