{"host":"dtm4abeon6jfxj1d","time":1610126676,"event":{"mods":["BaseMod","Downfall","Minty Spire (QoL Compilation)","Rare Cards Sparkle","StSLib"],"gold_per_floor":[118,132,24,24,43,43,57,57,57,83,83,416,416,433,433,506,506,525,351,351,361,171,171,171,171],"floor_reached":24,"playtime":1750,"items_purged":["Shame","Defend_P"],"score":320,"play_id":"bc5ac421-b352-4af5-b959-1caf278e09bc","local_time":"20210108122436","is_ascension_mode":true,"campfire_choices":[{"data":"Transmutation","floor":6.0,"key":"SMITH"},{"data":"BattleHymn","floor":8.0,"key":"SMITH"},{"floor":13.0,"key":"REST"},{"floor":15.0,"key":"REST"},{"data":"Establishment","floor":23.0,"key":"SMITH"}],"circlet_count":0,"master_deck":["AscendersBane","Strike_P","Strike_P","Strike_P","Strike_P","Defend_P","Defend_P","Defend_P","Eruption","Vigilance","Transmutation+1","Tantrum","ClearTheMind","Adaptation","Conclude+1","BattleHymn+1","TalkToTheHand+1","TalkToTheHand+1","Establishment+1","Crescendo","WindmillStrike+1","RitualDagger+1","Master of Strategy"],"relics":["PureWater","Molten Egg 2","Vajra","Odd Mushroom","Old Coin","Sozu"],"acts_visited":["Exordium","TheCity"],"potions_floor_usage":[24],"damage_taken":[{"damage":4.0,"enemies":"Jaw Worm","floor":1.0,"turns":5.0},{"damage":0.0,"enemies":"2 Louse","floor":2.0,"turns":2.0},{"damage":0.0,"enemies":"Small Slimes","floor":5.0,"turns":2.0},{"damage":7.0,"enemies":"Exordium Thugs","floor":7.0,"turns":3.0},{"damage":10.0,"enemies":"The Mushroom Lair","floor":10.0,"turns":3.0},{"damage":31.0,"enemies":"Lagavulin","floor":12.0,"turns":5.0},{"damage":10.0,"enemies":"Gremlin Gang","floor":14.0,"turns":2.0},{"damage":13.0,"enemies":"The Guardian","floor":16.0,"turns":10.0},{"damage":6.0,"enemies":"Shell Parasite","floor":18.0,"turns":7.0},{"damage":6.0,"enemies":"Spheric Guardian","floor":21.0,"turns":3.0},{"damage":49,"enemies":"Slavers","floor":24,"turns":3}],"seed_played":"-235051912456702388","potions_obtained":[{"floor":2.0,"key":"Guardian:BlockOnCardUsePotion"},{"floor":14.0,"key":"EntropicBrew"}],"is_trial":false,"path_per_floor":["M","M","$","?","M","R","M","R","T","?","$","E","R","M","R","B",null,"M","$","?","M","$","R","E"],"character_chosen":"WATCHER","items_purchased":["Adaptation","WindmillStrike+1","Master of Strategy"],"campfire_rested":2,"item_purchase_floors":[3,19,22],"current_hp_per_floor":[61,61,61,58,58,58,51,51,51,41,41,10,31,21,42,29,61,55,55,49,43,43,43,0,0],"gold":171,"neow_bonus":"RANDOM_COLORLESS_2","is_daily":false,"chose_seed":false,"campfire_upgraded":3,"win_rate":0.0,"timestamp":1610126676,"path_taken":["M","M","$","?","M","R","M","R","T","?","$","E","R","M","R","BOSS","M","$","?","M","$","R","E"],"items_purchased_type":["Card","Card","Card"],"build_version":"2020-12-22","purchased_purges":2,"victory":false,"max_hp_per_floor":[72,72,72,72,72,72,72,72,72,72,72,72,72,72,72,72,72,72,72,72,72,72,72,72,72],"card_choices":[{"not_picked":["expansioncontent:Corrupt","Sadistic Nature"],"picked":"Transmutation","floor":0.0},{"not_picked":["EmptyFist","EmptyBody"],"picked":"Tantrum","floor":1.0},{"not_picked":["Prostrate","PathToVictory"],"picked":"ClearTheMind","floor":2.0},{"not_picked":["Evaluate","Perseverance"],"picked":"Conclude+1","floor":5.0},{"not_picked":["EmptyFist+1","CrushJoints+1"],"picked":"BattleHymn","floor":7.0},{"not_picked":["EmptyFist+1","FollowUp+1"],"picked":"TalkToTheHand+1","floor":12.0},{"not_picked":["CrushJoints+1","EmptyFist+1"],"picked":"TalkToTheHand+1","floor":14.0},{"not_picked":["Judgement","DeusExMachina"],"picked":"Establishment","floor":16.0},{"not_picked":["FlurryOfBlows+1","ThirdEye"],"picked":"Crescendo","floor":18.0},{"not_picked":["WreathOfFlame","EmptyFist+1","LikeWater+1"],"picked":"SKIP","floor":21.0}],"player_experience":187589,"relics_obtained":[{"floor":9.0,"key":"Vajra"},{"floor":10.0,"key":"Odd Mushroom"},{"floor":12.0,"key":"Old Coin"}],"event_choices":[{"damage_healed":0.0,"max_hp_gain":0.0,"max_hp_loss":0.0,"gold_gain":0.0,"event_name":"Scrap Ooze","player_choice":"Success","floor":4.0,"gold_loss":0.0,"damage_taken":3.0,"relics_obtained":["Molten Egg 2"]},{"damage_healed":0.0,"max_hp_gain":0.0,"max_hp_loss":0.0,"gold_gain":0.0,"event_name":"Mushrooms","player_choice":"Fought Mushrooms","floor":10.0,"gold_loss":0.0,"damage_taken":0.0},{"damage_healed":0.0,"max_hp_gain":0.0,"max_hp_loss":0.0,"gold_gain":0.0,"event_name":"Nest","player_choice":"Joined the Cult","floor":20.0,"gold_loss":0.0,"damage_taken":6.0,"cards_obtained":["RitualDagger"]}],"is_beta":false,"boss_relics":[{"not_picked":["SacredBark","SlaversCollar"],"picked":"Sozu"}],"items_purged_floors":[3,19],"is_endless":false,"potions_floor_spawned":[2,14,18],"killed_by":"Slavers","ascension_level":13}}