{"host":"qkbnayyek6fga752","time":1610114622,"event":{"mods":["2.2 Compatiblity","Arknights The Spire","Aspiration","Astrologer","BaseMod","Beaked The Cultist","Better Altar","Better Match","Better Note","Better Sensory Stone","Better Skull","Better Third Choice","CCEM","CapriCore","ChefMod","Clockwork Mod","Conspire","Ekko","Energized Spire","Evolution","Glutton Mod","Hermit","Hubris","Humility","Jedi Mod","Koishi","Mad Scientist","Marisa????????","Minty Spire (QoL Compilation)","Quarter Circle Forward PUNCH!","Random Character Mod","Replay The Spire","Robot Space Explorer","SIMod","Spicy Shops","StSLib","The Administrix","The Alterego","The Blackbeard","The Blue Laboratory","The Bug Knight","The Construct","The Cursed","The Death Knight","The Disciple","The Druid","The Exalted","The Forsaken","The Gatherer","The Hayseed","The Hierophant","The Immortal","The Juggle","The Marked","The Necromancer","The Problem Sleuth","The Runesmith","The Sage","The Senshi","The Vixen","TheArtist","TheLocksmith","TheSwordswoman","TheVacant","TheVelvet","TheWitcher","Trackpad","Yuri Mod","thorton","vexMod"],"gold_per_floor":[117,22,39,39,51,51,51,84,84,115,115,133,167,197,197,293,293,308,268,278,18,83,129,9,65,65,108,164,164,220,263,263,388,388,317,0,0,41,81,140,193,256,282,282,342,2,2,61,61,91],"floor_reached":51,"playtime":4396,"items_purged":["blackbeard:WiseDefense"],"score":1163,"play_id":"e027b037-8a9a-4a6d-88eb-d49c98677878","local_time":"20210108090342","daily_mods":["SealedDeck","Heirloom","Flight","DeadlyEvents","Elite Swarm"],"is_ascension_mode":false,"campfire_choices":[{"data":"blackbeard:WeaponProficiency","floor":6,"key":"SMITH"},{"data":"blackbeard:WeaponMastery","floor":7,"key":"SMITH"},{"floor":11,"key":"REST"},{"floor":15,"key":"REST"},{"data":"blackbeard:Parrot","floor":29,"key":"SMITH"},{"floor":32,"key":"REST"},{"data":"Clockwork:TimeWalk","floor":44,"key":"SMITH"},{"data":"Mayhem","floor":47,"key":"SMITH"},{"data":"blackbeard:PirateStrength","floor":49,"key":"SMITH"}],"circlet_count":0,"master_deck":["blackbeard:GoldenDefense","blackbeard:Fencing+1","blackbeard:SmithingHammer+1","blackbeard:DeadlyArsenal","blackbeard:CatONineTails","blackbeard:FieryDefense","blackbeard:Spear","blackbeard:SwordDance","blackbeard:Dagger","Bandage Up","blackbeard:WeaponMastery+1","Panacea","blackbeard:Fencing","blackbeard:WeaponProficiency+1","blackbeard:Lifeboat","blackbeard:CaptainsCabin","blackbeard:ReapersScythe","blackbeard:MegaUpgrade","blackbeard:HumongousCannonball","blackbeard:WeaponProficiency+1","blackbeard:Bandana+1","blackbeard:GoldenCannonball","blackbeard:Eyepatch","jedi:LeechingStrike","blackbeard:BlindAttacks","blackbeard:BlindAttacks","jedi:forcepush","blackbeard:FinalBarrage","blackbeard:Salvager","blackbeard:Rum","blackbeard:Salvager","blackbeard:WeaponMastery","blackbeard:Parrot+1","blackbeard:Upgrade","blackbeard:Parrot","Pot Of Greed","Pot Of Greed","Pot Of Greed","Pot Of Greed","TheSimpletonMod:Nettles","conspire:Blindness","blackbeard:Sword+1","blackbeard:Halberd","blackbeard:GoldenCannonball+1","blackbeard:TheDrunkenSailor","Clockwork:PerfectForm","Clockwork:TimeWalk+1","blackbeard:GoldenRain","blackbeard:Rum","Mayhem+1","Pot Of Greed","blackbeard:CannonBarrage","blackbeard:PirateStrength+1"],"relics":["blackbeard:LoadTheCannons","EVO:Axolotl","qcfpunch:Duffel_Bag","jedi:cryingmask","Akabeko","CCEMRelics:GrindingGear","Regal Pillow","Bag of Preparation","HornCleat","Replay:Baseball","qcfpunch:Broken_Tusk","Bromod:ArcaneGrace","BargainBundle","Bromod:ArcanePulse","aspiration:FetidBarrel","CaptainsWheel","theForsaken:Gavel","conspire:GlowingRock","DeathKnight:PutricidesVial","Pear","Replay:Ancient Bell","Grinning Jar","hubris:DisguiseKit","jedi:firstaidkit","Red Mask","Replay:Ringing Soul","aspiration:EmptySkull","conspire:TopHat","Toy Ornithopter","qcfpunch:Black_Training_Shirt","CCEMRelics:SpiritsEdge","HollowMod:StagPassRelic"],"acts_visited":["Exordium","TheCity","TheBeyond"],"potions_floor_usage":[8,8,8,13,13,22,22,33,38,50,50,50],"damage_taken":[{"damage":3,"enemies":"Small Slimes","floor":1,"turns":4},{"damage":2,"enemies":"Cultist","floor":3,"turns":4},{"damage":0,"enemies":"2 Louse","floor":5,"turns":4},{"damage":41,"enemies":"Gremlin Nob","floor":8,"turns":5},{"damage":15,"enemies":"Lagavulin","floor":10,"turns":5},{"damage":7,"enemies":"Exordium Thugs","floor":12,"turns":5},{"damage":22,"enemies":"Gremlin Nob","floor":13,"turns":5},{"damage":31,"enemies":"3 Sentries","floor":14,"turns":9},{"damage":51,"enemies":"Hexaghost","floor":16,"turns":9},{"damage":12,"enemies":"Shell Parasite","floor":18,"turns":5},{"damage":28,"enemies":"Spheric Guardian","floor":20,"turns":6},{"damage":31,"enemies":"Gremlin Leader","floor":22,"turns":5},{"damage":8,"enemies":"Replay:Snechameleon","floor":23,"turns":3},{"damage":62,"enemies":"Gremlin Leader","floor":25,"turns":8},{"damage":1,"enemies":"Slavers","floor":27,"turns":5},{"damage":12,"enemies":"Book of Stabbing","floor":28,"turns":4},{"damage":60,"enemies":"Gremlin Leader","floor":30,"turns":7},{"damage":12,"enemies":"Centurion and Healer","floor":31,"turns":3},{"damage":36,"enemies":"Champ","floor":33,"turns":6},{"damage":25,"enemies":"Orb Walker","floor":35,"turns":5},{"damage":87,"enemies":"Reptomancer","floor":38,"turns":7},{"damage":36,"enemies":"3 Darklings","floor":39,"turns":6},{"damage":20,"enemies":"Nemesis","floor":40,"turns":7},{"damage":99,"enemies":"Reptomancer","floor":41,"turns":9},{"damage":46,"enemies":"Giant Head","floor":42,"turns":7},{"damage":12,"enemies":"Nemesis","floor":45,"turns":5},{"damage":21,"enemies":"Reptomancer","floor":48,"turns":5},{"damage":85,"enemies":"Awakened One","floor":50,"turns":10}],"seed_played":"-781982547362728976","potions_obtained":[{"floor":4,"key":"Milkshake"},{"floor":4,"key":"blueLaboratory:HummingbirdPotion"},{"floor":4,"key":"Swift Potion"},{"floor":5,"key":"BlessingOfTheForge"},{"floor":8,"key":"blueLaboratory:HeartbeatPotion"},{"floor":10,"key":"blueLaboratory:HorrorPotion"},{"floor":12,"key":"Explosive Potion"},{"floor":20,"key":"blueLaboratory:HummingbirdPotion"},{"floor":30,"key":"DeathKnight:RimePotion"},{"floor":35,"key":"blueLaboratory:LouseDecoction"},{"floor":42,"key":"blueLaboratory:HorrorPotion"},{"floor":45,"key":"DuplicationPotion"},{"floor":48,"key":"blueLaboratory:BottleOfVodka"}],"is_trial":true,"path_per_floor":["M","?","M","?","M","R","R","E","T","E","R","M","E","E","R","B",null,"M","?","M","$","E","E","$","E","T","E","E","R","E","M","R","B",null,"M","?","?","E","M","E","E","E","T","R","E","$","R","E","R","B",null],"character_chosen":"BLACKBEARD_CLASS","items_purchased":["BargainBundle","blackbeard:GoldenCannonball","blackbeard:Eyepatch","jedi:LeechingStrike","blackbeard:BlindAttacks","jedi:forcepush","blackbeard:Rum","blackbeard:Rum","Mayhem","blackbeard:CannonBarrage"],"campfire_rested":3,"item_purchase_floors":[21,21,21,21,21,21,24,46,46,46],"current_hp_per_floor":[72,72,75,75,75,75,75,34,34,23,60,57,39,12,49,2,75,65,65,43,43,35,55,55,39,39,45,38,38,18,13,54,25,85,69,69,95,67,68,104,91,67,67,67,113,116,116,119,119,119],"gold":91,"neow_bonus":"","is_daily":false,"chose_seed":false,"campfire_upgraded":6,"win_rate":0.0,"timestamp":1610114622,"path_taken":["M","?","?","?","?","R","R","E","T","?","R","?","E","?","R","BOSS","M","?","M","$","?","E","?","E","T","E","E","R","E","?","R","BOSS","M","?","?","?","M","E","E","E","T","R","?","?","R","E","R","BOSS"],"items_purchased_type":["Relic","Card","Card","Card","Card","Card","Card","Card","Card","Card"],"build_version":"2020-12-22","purchased_purges":1,"victory":true,"max_hp_per_floor":[75,75,75,75,75,75,75,75,75,75,75,75,75,75,75,75,75,75,75,75,75,75,75,75,75,75,75,75,75,85,85,85,85,85,85,85,95,98,101,104,107,110,110,110,113,116,116,119,119,119],"card_choices":[{"not_picked":[],"picked":"Bandage Up","floor":1},{"not_picked":["blackbeard:WiseDefense","blackbeard:SwordDance"],"picked":"blackbeard:WeaponMastery","floor":1},{"not_picked":[],"picked":"Panacea","floor":3},{"not_picked":["blackbeard:GoldenCannonball","blackbeard:WiseDefense"],"picked":"blackbeard:Fencing","floor":3},{"not_picked":["blackbeard:BeatUp","blackbeard:Upgrade"],"picked":"blackbeard:WeaponProficiency","floor":5},{"not_picked":["blackbeard:TheDrunkenSailor","blackbeard:GoldenGuillotine"],"picked":"blackbeard:Lifeboat","floor":8},{"not_picked":["blackbeard:UndeadForm","blackbeard:HumongousCannonball"],"picked":"blackbeard:Lifeboat","floor":10},{"not_picked":["blackbeard:TacticalRetreat","blackbeard:DoubleBottom"],"picked":"blackbeard:CaptainsCabin","floor":12},{"not_picked":["blackbeard:GoldenRain","blackbeard:GoldenGuillotine"],"picked":"blackbeard:ReapersScythe","floor":13},{"not_picked":["blackbeard:BountyHunter","blackbeard:Lifeboat"],"picked":"blackbeard:MegaUpgrade","floor":14},{"not_picked":["blackbeard:BoostMorale","blackbeard:Murder"],"picked":"blackbeard:HumongousCannonball","floor":16},{"not_picked":["blackbeard:Sharpening","blackbeard:Upgrade"],"picked":"blackbeard:WeaponProficiency+1","floor":18},{"not_picked":["blackbeard:Spear","blackbeard:VengefulSpirit"],"picked":"blackbeard:Bandana+1","floor":20},{"not_picked":["blackbeard:BountyHunter","blackbeard:TheDrunkenSailor"],"picked":"blackbeard:FinalBarrage","floor":22},{"not_picked":["blackbeard:ReapersScythe","blackbeard:HumongousCannonball"],"picked":"blackbeard:Salvager","floor":23},{"not_picked":["blackbeard:MegaUpgrade","blackbeard:UndeadForm"],"picked":"blackbeard:Salvager","floor":25},{"not_picked":["blackbeard:TheDrunkenSailor","blackbeard:Murder"],"picked":"blackbeard:WeaponMastery","floor":27},{"not_picked":["blackbeard:MegaUpgrade","blackbeard:UndeadForm"],"picked":"blackbeard:Parrot","floor":28},{"not_picked":["blackbeard:Intoxication","blackbeard:ReapersScythe","blackbeard:GoldenGuillotine"],"picked":"SKIP","floor":30},{"not_picked":["blackbeard:DangerousBlow","blackbeard:SmithingHammer"],"picked":"blackbeard:Upgrade","floor":31},{"not_picked":["blackbeard:BoostMorale","blackbeard:ReapersScythe"],"picked":"blackbeard:Parrot","floor":33},{"not_picked":["hubris:Sloth","hubris:Gluttony","TheSimpletonMod:Gnats"],"picked":"TheSimpletonMod:Nettles","floor":34},{"not_picked":["Pain","Parasite","Spreading Infection"],"picked":"conspire:Blindness","floor":34},{"not_picked":["Delirium","SnafuTest:CurseWeakArmy","Shame"],"picked":"ReplayTheSpireMod:IOU","floor":34},{"not_picked":["blackbeard:DelayedPain","blackbeard:Sharpening","Clockwork:ChargingBlade"],"picked":"blackbeard:Sword+1","floor":35},{"not_picked":["blackbeard:Salvager","blackbeard:WeaponMastery","Clockwork:KaliMa"],"picked":"blackbeard:Halberd","floor":38},{"not_picked":["blackbeard:GoldenDefense+1","blackbeard:Sword","Clockwork:SystemScan"],"picked":"blackbeard:GoldenCannonball+1","floor":39},{"not_picked":["blackbeard:GoldenGuillotine","blackbeard:Intoxication","Clockwork:WindupStrike"],"picked":"blackbeard:TheDrunkenSailor","floor":40},{"not_picked":["blackbeard:TheDrunkenSailor","blackbeard:GoldenGuillotine","blackbeard:UndeadForm"],"picked":"Clockwork:PerfectForm","floor":41},{"not_picked":["blackbeard:PowerHungry","blackbeard:UndeadForm","blackbeard:Lifeboat"],"picked":"Clockwork:TimeWalk","floor":42},{"not_picked":["blackbeard:Parrot","blackbeard:Intoxication","Clockwork:AeonShield"],"picked":"blackbeard:GoldenRain","floor":45},{"not_picked":["blackbeard:UndeadForm","blackbeard:ReapersScythe","Clockwork:PerfectForm"],"picked":"blackbeard:PirateStrength","floor":48}],"player_experience":340704,"relics_obtained":[{"floor":5,"key":"Akabeko"},{"floor":8,"key":"CCEMRelics:GrindingGear"},{"floor":8,"key":"Regal Pillow"},{"floor":9,"key":"Bag of Preparation"},{"floor":10,"key":"HornCleat"},{"floor":13,"key":"Replay:Baseball"},{"floor":14,"key":"qcfpunch:Broken_Tusk"},{"floor":22,"key":"Bromod:ArcanePulse"},{"floor":23,"key":"aspiration:FetidBarrel"},{"floor":25,"key":"CaptainsWheel"},{"floor":26,"key":"theForsaken:Gavel"},{"floor":27,"key":"conspire:GlowingRock"},{"floor":28,"key":"DeathKnight:PutricidesVial"},{"floor":30,"key":"Pear"},{"floor":38,"key":"Replay:Ringing Soul"},{"floor":40,"key":"aspiration:EmptySkull"},{"floor":41,"key":"conspire:TopHat"},{"floor":42,"key":"Toy Ornithopter"},{"floor":43,"key":"qcfpunch:Black_Training_Shirt"},{"floor":45,"key":"CCEMRelics:SpiritsEdge"},{"floor":48,"key":"HollowMod:StagPassRelic"}],"event_choices":[{"damage_healed":0,"gold_gain":0,"player_choice":"Paid Gold","damage_taken":0,"relics_obtained":["jedi:cryingmask"],"max_hp_gain":0,"max_hp_loss":0,"event_name":"WeMeetAgain","floor":2,"gold_loss":95},{"damage_healed":0,"gold_gain":0,"player_choice":"Got Potions","damage_taken":0,"max_hp_gain":0,"max_hp_loss":0,"event_name":"Lab","floor":4,"gold_loss":0},{"damage_healed":0,"gold_gain":0,"player_choice":"Upgraded Two","damage_taken":0,"max_hp_gain":0,"max_hp_loss":0,"event_name":"Designer","floor":19,"gold_loss":40,"cards_upgraded":["blackbeard:SmithingHammer","blackbeard:Fencing"]},{"damage_healed":0,"gold_gain":0,"player_choice":"Paid","damage_taken":0,"relics_obtained":["Red Mask"],"max_hp_gain":0,"max_hp_loss":0,"event_name":"Tomb of Lord Red Mask","floor":36,"gold_loss":317},{"cards_removed":["blackbeard:Lifeboat"],"damage_healed":16,"gold_gain":0,"player_choice":"Offered Rare","damage_taken":0,"max_hp_gain":10,"max_hp_loss":0,"event_name":"Bonfire Elementals","floor":37,"gold_loss":0}],"is_beta":false,"boss_relics":[{"not_picked":["energizedSpire:RedRose","ChewingGum"],"picked":"Bromod:ArcaneGrace"},{"not_picked":["vexMod:EndlessSickness","energizedSpire:MagnifyingGlass"],"picked":"Replay:Ancient Bell"},{"not_picked":["Bromod:ArcaneNullifier","trackpad:Compendium"],"picked":"Grinning Jar"},{"not_picked":["Snack Pack","qcfpunch:Spiky_Bracers"],"picked":"hubris:DisguiseKit"},{"not_picked":["Bromod:ArcaneAegis","qcfpunch:Red_Cyclone_Teachings"],"picked":"jedi:firstaidkit"}],"items_purged_floors":[21],"is_endless":false,"potions_floor_spawned":[5,8,10,12,20,30,35,42,45,48],"ascension_level":0}}