{"host":"dzit4ljil6490tuf","time":1610064327,"event":{"mods":["BaseMod","Downfall","Hermit","Hubris","Marisa????????","Minty Spire (QoL Compilation)","StSLib","The Cursed","The Runesmith","The Servant 0.9.4"],"gold_per_floor":[99,117,117,29,44,74,74,59,86,101,26,44,44,44,57,161,161,161,175,4,16,16,72,97,166,228,292,304,388,400,479,544,556,556,556],"floor_reached":33,"playtime":2421,"items_purged":[],"score":314,"play_id":"bbf45a7b-1116-4f17-8dda-2443955ed5b4","local_time":"20210108010527","is_ascension_mode":true,"campfire_choices":[{"data":"hexamod:Sear","floor":1,"key":"SMITH"},{"data":"hexamod:ThermalTransfer","floor":11,"key":"SMITH"},{"data":"hexamod:HeatCrush","floor":13,"key":"SMITH"},{"data":"hexamod:SkipABeat","floor":18,"key":"SMITH"},{"floor":28,"key":"REST"},{"data":"hexamod:CrushingStance","floor":30,"key":"SMITH"}],"circlet_count":0,"master_deck":["hexamod:Strike","hexamod:Strike","hexamod:Strike","hexamod:Defend","hexamod:Defend","hexamod:Defend","hexamod:Defend","hexamod:Sear+1","hexamod:Float","hexamod:HeatMetal","hexamod:SwordOfDarkness","hexamod:CrushingStance+1","hexamod:AdvancingGuard","hexamod:HeatCrush+1","hexamod:TimeWarp","hexamod:SwordOfDarkness","hexamod:ThermalTransfer+1","hexamod:Firestarter","hexamod:SkipABeat+1","hexamod:TimeOfNeed","hexamod:ShieldOfDarkness","hexamod:InspiringFlames","hexamod:EtherealExpedition+1","hexamod:HauntingEcho","hexamod:DynamicBlow","hexamod:FirstSeal","hexamod:BurningTouch","hexamod:EmpoweringStance","hexamod:FastForward","hexamod:AdvancingGuard"],"relics":["hexamod:SpiritBrand","PreservedInsect","Runesmith:AutoHammer","Kunai","downfall:HeartBlessingGreen","hubris:ScarierMask","MealTicket","downfall:KnowingSkull","MawBank","Blue Candle","Toy Ornithopter"],"acts_visited":["Exordium","TheCity"],"potions_floor_usage":[8,23,29,31,33,33],"damage_taken":[{"damage":0,"enemies":"Small Slimes","floor":2,"turns":3},{"damage":0,"enemies":"downfall:FleeingMerchant","floor":4,"turns":4},{"damage":0,"enemies":"Cultist","floor":5,"turns":3},{"damage":15,"enemies":"Lagavulin","floor":6,"turns":8},{"damage":4,"enemies":"downfall:FleeingMerchant","floor":8,"turns":4},{"damage":3,"enemies":"3 Sentries","floor":9,"turns":8},{"damage":0,"enemies":"Jaw Worm","floor":10,"turns":3},{"damage":0,"enemies":"Lots of Slimes","floor":12,"turns":3},{"damage":0,"enemies":"Large Slime","floor":15,"turns":4},{"damage":41,"enemies":"downfall:Silent","floor":16,"turns":8},{"damage":8,"enemies":"Spheric Guardian","floor":19,"turns":4},{"damage":0,"enemies":"downfall:FleeingMerchant","floor":20,"turns":4},{"damage":4,"enemies":"Chosen","floor":21,"turns":4},{"damage":11,"enemies":"Snake Plant","floor":23,"turns":4},{"damage":3,"enemies":"Shelled Parasite and Fungi","floor":25,"turns":6},{"damage":3,"enemies":"Snecko","floor":26,"turns":3},{"damage":3,"enemies":"Cultist and Chosen","floor":27,"turns":4},{"damage":8,"enemies":"Book of Stabbing","floor":29,"turns":4},{"damage":9,"enemies":"Gremlin Leader","floor":31,"turns":5},{"damage":12,"enemies":"Snake Plant","floor":32,"turns":4},{"damage":59,"enemies":"downfall:Watcher","floor":33,"turns":10}],"seed_played":"-3511410927242840196","potions_obtained":[{"floor":6,"key":"LiquidBronze"},{"floor":12,"key":"sneckomod:MuddlingPotion"},{"floor":15,"key":"CultistPotion"},{"floor":16,"key":"Strength Potion"},{"floor":26,"key":"FearPotion"},{"floor":27,"key":"Fire Potion"},{"floor":31,"key":"GamblersBrew"},{"floor":32,"key":"LiquidMemories"}],"is_trial":false,"path_per_floor":["R","M","?","$","M","E","T","$","E","M","R","M","R","?","M","B",null,"R","M","$","M","?","M","T","M","M","M","R","E","R","E","M","B"],"character_chosen":"THE_SPIRIT","items_purchased":["hexamod:CrushingStance","MealTicket"],"campfire_rested":1,"item_purchase_floors":[4,20],"current_hp_per_floor":[77,77,77,77,77,62,62,58,55,55,55,55,55,77,77,36,77,77,69,69,65,58,47,47,44,41,38,61,60,60,58,46,0,0,0],"gold":556,"neow_bonus":"TEN_PERCENT_HP_BONUS","is_daily":false,"chose_seed":false,"campfire_upgraded":5,"win_rate":0.0,"timestamp":1610064327,"path_taken":["R","M","?","?","M","E","T","$","E","?","R","M","R","?","M","BOSS","R","M","$","M","?","?","T","M","M","M","R","E","R","E","M","BOSS"],"items_purchased_type":["Card","Relic"],"build_version":"2020-12-22","purchased_purges":0,"victory":false,"max_hp_per_floor":[77,77,77,77,77,77,77,77,77,77,77,77,77,77,77,77,77,77,77,77,77,77,77,77,77,77,77,77,77,77,77,77,77,77,77],"card_choices":[{"not_picked":["hexamod:GhostLash","hexamod:BurningTouch"],"picked":"hexamod:HeatMetal","floor":2},{"not_picked":["hexamod:NightmareStrike","hexamod:ThermalTransfer"],"picked":"hexamod:SwordOfDarkness","floor":4},{"not_picked":["hexamod:GhostLash","hexamod:GhostflameBarrier"],"picked":"hexamod:AdvancingGuard","floor":5},{"not_picked":["hexamod:GhostflameBarrier","hexamod:RainOfEmbers"],"picked":"hexamod:HeatCrush","floor":6},{"not_picked":["hexamod:HauntingEcho","hexamod:NecessarySacrifice"],"picked":"hexamod:TimeWarp","floor":8},{"not_picked":["hexamod:BacktrackSmack","hexamod:TurnItUp"],"picked":"hexamod:SwordOfDarkness","floor":9},{"not_picked":["hexamod:NecessarySacrifice","hexamod:ThirdSeal"],"picked":"hexamod:ThermalTransfer","floor":10},{"not_picked":["hexamod:ExtraCrispy","hexamod:SwordOfDarkness"],"picked":"hexamod:Firestarter","floor":12},{"not_picked":["hexamod:GhostShield","hexamod:SpectralAdrenaline"],"picked":"hexamod:SkipABeat","floor":15},{"not_picked":["hexamod:WildfireWeapon","hexamod:GiftsFromTheDead"],"picked":"hexamod:TimeOfNeed","floor":16},{"not_picked":["hexamod:FastForward","hexamod:GhostShield+1"],"picked":"hexamod:ShieldOfDarkness","floor":19},{"not_picked":["hexamod:NightmareGuise+1","hexamod:Hexaguard"],"picked":"hexamod:InspiringFlames","floor":20},{"not_picked":["hexamod:FastForward","hexamod:InspiringFlames"],"picked":"hexamod:EtherealExpedition+1","floor":21},{"not_picked":["hexamod:Firestarter","hexamod:GhostShield"],"picked":"hexamod:HauntingEcho","floor":23},{"not_picked":["hexamod:CrushingStance","hexamod:Firestarter"],"picked":"hexamod:DynamicBlow","floor":25},{"not_picked":["hexamod:Rewind","hexamod:NightmareGuise"],"picked":"hexamod:FirstSeal","floor":26},{"not_picked":["hexamod:ThirdSeal","hexamod:RetreatToShadows+1"],"picked":"hexamod:BurningTouch","floor":27},{"not_picked":["hexamod:HauntingEcho","hexamod:GhostLash+1"],"picked":"hexamod:EmpoweringStance","floor":29},{"not_picked":["hexamod:PowerFromBeyond","hexamod:NightmareStrike"],"picked":"hexamod:FastForward","floor":31},{"not_picked":["hexamod:DynamicBlow","hexamod:Haunt"],"picked":"hexamod:AdvancingGuard","floor":32}],"player_experience":554249,"relics_obtained":[{"floor":6,"key":"PreservedInsect"},{"floor":7,"key":"Runesmith:AutoHammer"},{"floor":9,"key":"Kunai"},{"floor":24,"key":"MawBank"},{"floor":29,"key":"Blue Candle"},{"floor":31,"key":"Toy Ornithopter"}],"event_choices":[{"cards_removed":["hexamod:Strike"],"damage_healed":0,"gold_gain":0,"player_choice":"Offered Basic","damage_taken":0,"max_hp_gain":0,"max_hp_loss":0,"event_name":"Bonfire Elementals","floor":3,"gold_loss":0},{"damage_healed":22,"gold_gain":0,"player_choice":"Full Heal","damage_taken":0,"max_hp_gain":0,"max_hp_loss":0,"event_name":"Wheel of Change","floor":14,"gold_loss":0}],"is_beta":false,"boss_relics":[{"not_picked":["hubris:BlackHole","Fusion Hammer"],"picked":"hubris:ScarierMask"}],"items_purged_floors":[],"is_endless":false,"potions_floor_spawned":[6,12,15,16,19,21,26,27,31,32],"killed_by":"downfall:Watcher","ascension_level":1}}