{"host":"7sni158j623xchr2","time":1610082552,"event":{"mods":["BaseMod","Colored Map","Highlight Path","Minty Spire (QoL Compilation)","Permanent Neow","Potion Indicator Mod","Rare Cards Sparkle","Relic Sorter","Relic Stats","StSLib","everything is the same but u backflip on backflip"],"gold_per_floor":[367,367,387,404,416,416,416],"floor_reached":6,"playtime":195,"items_purged":[],"score":76,"play_id":"45e8504f-0db9-4f75-abe0-b38ee6187f36","local_time":"20210107230912","is_ascension_mode":true,"campfire_choices":[],"circlet_count":0,"master_deck":["AscendersBane","Strike_G","Strike_G","Strike_G","Strike_G","Strike_G","Defend_G","Defend_G","Defend_G","Defend_G","Defend_G","Survivor","Neutralize","Deadly Poison","Backflip","Dash","Quick Slash"],"relics":["Ring of the Snake","NlothsMask"],"acts_visited":["Exordium"],"potions_floor_usage":[],"damage_taken":[{"damage":0,"enemies":"Jaw Worm","floor":1,"turns":4},{"damage":1,"enemies":"Cultist","floor":3,"turns":4},{"damage":0,"enemies":"2 Louse","floor":4,"turns":4},{"damage":30,"enemies":"Exordium Wildlife","floor":5,"turns":7},{"damage":10,"enemies":"Lagavulin","floor":6,"turns":4}],"seed_played":"-6335776426599115483","potions_obtained":[{"floor":4,"key":"Strength Potion"}],"is_trial":false,"path_per_floor":["M","?","M","M","M","E"],"character_chosen":"THE_SILENT","items_purchased":[],"campfire_rested":0,"item_purchase_floors":[],"current_hp_per_floor":[59,59,58,58,28,18,18],"gold":416,"neow_bonus":"TWO_FIFTY_GOLD","is_daily":false,"chose_seed":false,"campfire_upgraded":0,"win_rate":0.0,"timestamp":1610082552,"path_taken":["M","?","M","M","?","E"],"items_purchased_type":[],"build_version":"2020-12-22","purchased_purges":0,"victory":false,"max_hp_per_floor":[60,60,60,60,60,60,60],"relic_stats":{"counters":[5,23],"obtain_stats":[{"Ring of the Snake":0,"NlothsMask":2},{"Ring of the Snake":0,"NlothsMask":1},{"Ring of the Snake":0,"NlothsMask":4}],"Ring of the Snake":[10]},"card_choices":[{"not_picked":["Dagger Throw","Sucker Punch"],"picked":"Deadly Poison","floor":1},{"not_picked":["Well Laid Plans","Choke"],"picked":"Backflip","floor":3},{"not_picked":["Poisoned Stab","Dagger Throw"],"picked":"Dash","floor":4},{"not_picked":["Doppelganger","Terror"],"picked":"Quick Slash","floor":5}],"player_experience":1606196,"relics_obtained":[],"event_choices":[{"damage_healed":0,"gold_gain":0,"player_choice":"Trade","damage_taken":0,"relics_obtained":["NlothsMask"],"max_hp_gain":0,"max_hp_loss":0,"event_name":"FaceTrader","floor":2,"gold_loss":0}],"is_beta":false,"boss_relics":[],"items_purged_floors":[],"is_endless":false,"potions_floor_spawned":[4],"killed_by":"Lagavulin","ascension_level":20}}