{"host":"5p9hybygolzp0efr","time":1610098792,"event":{"mods":["BaseMod","Googly Eyes","Minty Spire (QoL Compilation)","Relic Stats"],"gold_per_floor":[115,131,141,154,169,169,169],"floor_reached":6,"playtime":599,"items_purged":[],"score":48,"play_id":"6ebe654c-10fd-486b-b1c2-ce411e7a20ee","local_time":"20210108173952","is_ascension_mode":true,"campfire_choices":[],"circlet_count":0,"master_deck":["Strike_G","Strike_G","Strike_G","Strike_G","Strike_G","Defend_G","Defend_G","Defend_G","Defend_G","Defend_G","Survivor","Neutralize","Dagger Throw","PiercingWail","Acrobatics","Dodge and Roll"],"relics":["Ring of the Snake","Smiling Mask"],"acts_visited":["Exordium"],"potions_floor_usage":[],"damage_taken":[{"damage":1,"enemies":"Cultist","floor":1,"turns":4},{"damage":6,"enemies":"Jaw Worm","floor":2,"turns":4},{"damage":0,"enemies":"Small Slimes","floor":3,"turns":3},{"damage":6,"enemies":"3 Louse","floor":4,"turns":6},{"damage":16,"enemies":"Gremlin Gang","floor":5,"turns":8},{"damage":42,"enemies":"3 Sentries","floor":6,"turns":12}],"seed_played":"-5331912695154225897","potions_obtained":[{"floor":1,"key":"Energy Potion"},{"floor":5,"key":"Ancient Potion"}],"is_trial":false,"path_per_floor":["M","M","M","M","M","E"],"character_chosen":"THE_SILENT","items_purchased":[],"campfire_rested":0,"item_purchase_floors":[],"current_hp_per_floor":[69,63,63,57,41,0,0],"gold":169,"neow_bonus":"RANDOM_COMMON_RELIC","is_daily":false,"chose_seed":false,"campfire_upgraded":0,"win_rate":0.0,"timestamp":1610098792,"path_taken":["M","M","?","M","M","E"],"items_purchased_type":[],"build_version":"2020-12-22","purchased_purges":0,"victory":false,"max_hp_per_floor":[70,70,70,70,70,70,70],"relic_stats":{"counters":[6,37],"Smiling Mask":0,"obtain_stats":[{"Smiling Mask":0,"Ring of the Snake":0},{"Smiling Mask":0,"Ring of the Snake":0},{"Smiling Mask":0,"Ring of the Snake":0}],"Ring of the Snake":[12]},"card_choices":[{"not_picked":["Cloak And Dagger","Prepared"],"picked":"Dagger Throw","floor":1},{"not_picked":["Slice","Prepared","Dagger Throw"],"picked":"SKIP","floor":2},{"not_picked":["Setup","Finisher"],"picked":"PiercingWail","floor":3},{"not_picked":["Flying Knee","Quick Slash"],"picked":"Acrobatics","floor":4},{"not_picked":["A Thousand Cuts","Deflect"],"picked":"Dodge and Roll","floor":5}],"player_experience":431484,"relics_obtained":[],"event_choices":[],"is_beta":false,"boss_relics":[],"items_purged_floors":[],"is_endless":false,"potions_floor_spawned":[1,5],"killed_by":"3 Sentries","ascension_level":4}}