{"host":"l97fnvmr74b5xfzs","time":1610127723,"event":{"mods":["100% Spire Juice","AchievementEnabler","Act Like it!","BaseMod","Better Third Choice","Evolution","Hermit","Koishi","Lobotomy","Marisa（霧雨　魔理沙）","Minty Spire (QoL Compilation)","Relic Stats","StSLib","The Marked","The Servant 0.9.4"],"gold_per_floor":[117,11,11,0,10,10,10,10],"floor_reached":7,"playtime":576,"items_purged":[],"score":41,"play_id":"38519b8c-78fb-4e65-a034-aaa6a0b11169","local_time":"20210108124203","is_ascension_mode":false,"campfire_choices":[{"data":"Venomology","floor":6,"key":"SMITH"}],"circlet_count":0,"master_deck":["Moonworks:Strike","Moonworks:Strike","Moonworks:Strike","Moonworks:Strike","Moonworks:Defend","Moonworks:Defend","Moonworks:Defend","Moonworks:Defend","Moonworks:Ambush","Moonworks:LongDistanceShot","CherryBlossoms","Moonworks:LulusLuckyEgg","MeatLantern","Moonworks:MiracleWalker","Venomology+1","Yin","Moonworks:StiffCrystal"],"relics":["Moonworks:BrokenBomb","Moonworks:Homemark","EVO:Axolotl","CogitoBucket","PreservedInsect","betterThird:SlimedRelic"],"acts_visited":["Exordium"],"potions_floor_usage":[7],"damage_taken":[{"damage":2,"enemies":"2 Louse","floor":1,"turns":3},{"damage":5,"enemies":"Small Slimes","floor":2,"turns":4},{"damage":0,"enemies":"Jaw Worm","floor":5,"turns":3},{"damage":45,"enemies":"Gremlin Nob","floor":7,"turns":1}],"seed_played":"-4504946086870217590","potions_obtained":[{"floor":2,"key":"Block Potion"}],"is_trial":false,"path_per_floor":["M","M","?","?","M","R","E"],"character_chosen":"THE_STARBREAKER","items_purchased":[],"campfire_rested":0,"item_purchase_floors":[],"current_hp_per_floor":[58,53,48,37,37,37,0,0],"gold":10,"neow_bonus":"","is_daily":false,"chose_seed":false,"campfire_upgraded":1,"win_rate":0.0,"timestamp":1610127723,"path_taken":["M","M","?","?","M","R","E"],"items_purchased_type":[],"build_version":"2020-12-22","purchased_purges":0,"victory":false,"max_hp_per_floor":[60,60,60,60,60,60,60,60],"relic_stats":{"counters":[4,11],"PreservedInsect":21,"obtain_stats":[{"CogitoBucket":0,"Moonworks:Homemark":0,"betterThird:SlimedRelic":4,"PreservedInsect":3,"EVO:Axolotl":0,"Moonworks:BrokenBomb":0},{"CogitoBucket":0,"Moonworks:Homemark":0,"betterThird:SlimedRelic":2,"PreservedInsect":2,"EVO:Axolotl":0,"Moonworks:BrokenBomb":0},{"CogitoBucket":0,"Moonworks:Homemark":0,"betterThird:SlimedRelic":7,"PreservedInsect":7,"EVO:Axolotl":0,"Moonworks:BrokenBomb":0}]},"card_choices":[{"not_picked":["BeautyBeast","GalaxyChild"],"picked":"CherryBlossoms","floor":1},{"not_picked":["Moonworks:JonathanRush","Moonworks:CloudOfSeagulls"],"picked":"Moonworks:LulusLuckyEgg","floor":1},{"not_picked":["BigBadWolf","BeautyBeast"],"picked":"MeatLantern","floor":2},{"not_picked":["Moonworks:Assault","Moonworks:UnluckyCharm"],"picked":"Moonworks:MiracleWalker","floor":2},{"not_picked":["Murderer","QueenOfHatred","Bloodbath"],"picked":"Singing Bowl","floor":5},{"not_picked":["Scarecrow","MHz"],"picked":"Yin","floor":5},{"not_picked":["Moonworks:CloudOfSeagulls","Moonworks:JonathanRush"],"picked":"Moonworks:StiffCrystal","floor":5}],"player_experience":282376,"relics_obtained":[],"event_choices":[{"damage_healed":0,"gold_gain":0,"player_choice":"Slimed","damage_taken":11,"max_hp_gain":0,"max_hp_loss":0,"event_name":"betterThird:BetterGoop","floor":4,"gold_loss":11}],"is_beta":false,"boss_relics":[],"items_purged_floors":[],"is_endless":false,"potions_floor_spawned":[2],"killed_by":"Gremlin Nob","ascension_level":0}}