{"host":"obbn5gje3893ci3z","time":1610105138,"event":{"mods":["BaseMod","Colored Powertips","Minty Spire (QoL Compilation)","Yuyuko"],"gold_per_floor":[109,109,123,133,133,133,165,90,159,174,174,74,87,98,98,193,193,210,11,24,37,37,37,37,37],"floor_reached":24,"playtime":4066,"items_purged":["Fantasy Butterflies","Dreamy Sakura","Fantasy Butterflies"],"score":248,"play_id":"f5a450b4-552a-4cb0-a6d4-1fbaca26753a","local_time":"20210108192538","is_ascension_mode":false,"campfire_choices":[{"data":"Mini Ghostdom","floor":6.0,"key":"SMITH"},{"data":"Mirror of Mind","floor":11.0,"key":"SMITH"},{"data":"Phantom Gift","floor":15.0,"key":"SMITH"},{"data":"Ghostdom Sakura","floor":23,"key":"SMITH"}],"circlet_count":0,"master_deck":["Fantasy Butterflies","Fantasy Butterflies","Dreamy Sakura","Dreamy Sakura","Dreamy Sakura","Dreamy Sakura","Deathly Ground","Faramita\u0027s Temptation+1","Mini Ghostdom+1","Phantom Gift+1","Mirror of Mind+1","Revive The Butterflies","Ghostdom Sakura+1","Unknown Petal","Dancing Soul+1","Butterflies Rainbow+1"],"relics":["Coronal","Yuyuko\u0027s fan","NeowsBlessing","Toy Ornithopter","Letter Opener","SacredBark"],"acts_visited":["Exordium","TheCity"],"potions_floor_usage":[],"damage_taken":[{"damage":1.0,"enemies":"Cultist","floor":1.0,"turns":1.0},{"damage":1.0,"enemies":"2 Louse","floor":3.0,"turns":1.0},{"damage":1.0,"enemies":"Jaw Worm","floor":4.0,"turns":1.0},{"damage":49.0,"enemies":"3 Sentries","floor":7.0,"turns":6.0},{"damage":56.0,"enemies":"Exordium Thugs","floor":10.0,"turns":6.0},{"damage":19.0,"enemies":"3 Louse","floor":13.0,"turns":3.0},{"damage":14.0,"enemies":"Lots of Slimes","floor":14.0,"turns":2.0},{"damage":123.0,"enemies":"The Guardian","floor":16.0,"turns":14.0},{"damage":77,"enemies":"Shell Parasite","floor":18,"turns":8},{"damage":57,"enemies":"Chosen","floor":20,"turns":8},{"damage":39,"enemies":"3 Cultists","floor":21,"turns":6},{"damage":61,"enemies":"Chosen and Byrds","floor":24,"turns":6}],"seed_played":"-1577444927581113155","potions_obtained":[{"floor":1.0,"key":"DuplicationPotion"},{"floor":7.0,"key":"Gelsemium Tea"},{"floor":10.0,"key":"Fruit Juice"},{"floor":16.0,"key":"Fire Potion"},{"floor":20,"key":"Firefly"},{"floor":21,"key":"Pckles"}],"is_trial":false,"path_per_floor":["M","?","M","M","?","R","E","$","T","M","R","$","M","M","R","B",null,"M","$","M","M","$","R","M"],"character_chosen":"YUYOKO","items_purchased":["Unknown Petal"],"campfire_rested":0,"item_purchase_floors":[19],"current_hp_per_floor":[39,39,39,38,38,38,28,28,28,29,29,29,33,27,27,13,45,28,28,27,43,43,43,0,0],"gold":37,"neow_bonus":"THREE_ENEMY_KILL","is_daily":false,"chose_seed":false,"campfire_upgraded":4,"win_rate":0.0,"timestamp":1610105138,"path_taken":["M","?","?","M","?","R","E","?","T","?","R","$","M","M","R","BOSS","M","$","M","M","$","R","M"],"items_purchased_type":["Card"],"build_version":"2020-12-22","purchased_purges":3,"victory":false,"max_hp_per_floor":[40,40,40,40,40,40,40,40,40,45,45,45,45,45,45,45,45,45,45,45,45,45,45,45,45],"card_choices":[{"not_picked":["Triple Snow","Dark Wind","Spear of Papilio"],"picked":"SKIP","floor":1.0},{"not_picked":["Redemption of Death","Elegance"],"picked":"Mini Ghostdom","floor":3.0},{"not_picked":["End of Faramita","Song of Papilio"],"picked":"Phantom Gift","floor":4.0},{"not_picked":["Nihility","Redemption of Death"],"picked":"Mirror of Mind","floor":7.0},{"not_picked":["All Wander","Open The Fan","End of Faramita"],"picked":"SKIP","floor":10.0},{"not_picked":["Fondling of Papilio","Redemption of Death","Reverse The Screen"],"picked":"SKIP","floor":13.0},{"not_picked":["Full Moon","Triple Snow","Ghostdom Sakura"],"picked":"SKIP","floor":14.0},{"not_picked":["Dying Dream","Scenery of Papilio"],"picked":"Revive The Butterflies","floor":16.0},{"not_picked":["The Forgotten Winter","Dark Wind"],"picked":"Ghostdom Sakura","floor":18},{"not_picked":["Phantom Gift+1","Dying Sakura"],"picked":"Dancing Soul+1","floor":20},{"not_picked":["Ghostdom Sakura","The Forgotten Winter"],"picked":"Butterflies Rainbow+1","floor":21}],"player_experience":33297,"relics_obtained":[{"floor":7.0,"key":"Toy Ornithopter"},{"floor":9.0,"key":"Letter Opener"}],"event_choices":[{"damage_healed":0.0,"max_hp_gain":0.0,"max_hp_loss":0.0,"gold_gain":0.0,"event_name":"Upgrade Shrine","player_choice":"Upgraded","floor":2.0,"gold_loss":0.0,"damage_taken":0.0,"cards_upgraded":["Faramita\u0027s Temptation"]},{"cards_removed":["Fantasy Butterflies"],"damage_healed":0.0,"max_hp_gain":0.0,"max_hp_loss":0.0,"gold_gain":0.0,"event_name":"Living Wall","player_choice":"Forget","floor":5.0,"gold_loss":0.0,"damage_taken":0.0}],"is_beta":false,"boss_relics":[{"not_picked":["Calling Bell","Busted Crown"],"picked":"SacredBark"}],"items_purged_floors":[8,12,19],"is_endless":false,"potions_floor_spawned":[1,7,10,16,20,21],"killed_by":"Chosen and Byrds","ascension_level":0}}