{"host":"7tvb1em0d2fx72q7","time":1610088088,"event":{"mods":["BaseMod","Challenge The Spire","Minty Spire (QoL Compilation)","StSLib","everything is the same but u backflip on backflip"],"gold_per_floor":[119,119,44,44,44,71,71,96,96,96,171,171,194,227,227,298,298,298,35,35,35,35,35,35,35,35,35,35,35,35,35,35,35,35],"floor_reached":33,"playtime":1943,"items_purged":[],"score":651,"play_id":"0c5d3539-9487-4410-99f0-2ba23c6dedc9","local_time":"20210108014128","is_ascension_mode":true,"campfire_choices":[{"floor":7.0,"key":"REST"},{"floor":10.0,"key":"REST"},{"data":"Carnage","floor":12.0,"key":"SMITH"},{"floor":15.0,"key":"REST"},{"floor":25,"key":"REST"},{"data":"Immolate","floor":27,"key":"SMITH"},{"floor":32,"key":"REST"}],"circlet_count":0,"master_deck":["AscendersBane","Strike_R","Strike_R","Strike_R","Defend_R","Defend_R","Defend_R","Defend_R","Bash+1","Shrug It Off","Carnage+1","Anger","Hemokinesis","Clothesline","Sever Soul","Immolate","Shrug It Off","Evolve","True Grit","Immolate+1","True Grit","Burning Pact","Dark Embrace","Burning Pact","Shockwave"],"relics":["Burning Blood","Juzu Bracelet","Centennial Puzzle","Dream Catcher","Regal Pillow","Sundial","Strawberry","StrikeDummy","Ectoplasm","HandDrill","Mango","Toy Ornithopter","TungstenRod","Bag of Marbles"],"acts_visited":["Exordium","TheCity"],"potions_floor_usage":[23,29,30,33],"damage_taken":[{"damage":4.0,"enemies":"2 Louse","floor":1.0,"turns":4.0},{"damage":60.0,"enemies":"Lagavulin","floor":6.0,"turns":7.0},{"damage":32.0,"enemies":"Gremlin Nob","floor":8.0,"turns":4.0},{"damage":24.0,"enemies":"3 Sentries","floor":14.0,"turns":8.0},{"damage":33.0,"enemies":"Hexaghost","floor":16.0,"turns":8.0},{"damage":0.0,"enemies":"Chosen","floor":18.0,"turns":4.0},{"damage":22.0,"enemies":"3 Byrds","floor":20.0,"turns":4.0},{"damage":41,"enemies":"Book of Stabbing","floor":23,"turns":7},{"damage":13,"enemies":"Gremlin Leader","floor":28,"turns":4},{"damage":16,"enemies":"Centurion and Healer","floor":29,"turns":4},{"damage":45,"enemies":"Slavers","floor":30,"turns":4},{"damage":105,"enemies":"Champ","floor":33,"turns":11}],"seed_played":"5133337742285589368","potions_obtained":[{"floor":6.0,"key":"LiquidBronze"},{"floor":14.0,"key":"ColorlessPotion"},{"floor":16.0,"key":"SkillPotion"},{"floor":20.0,"key":"LiquidMemories"},{"floor":23,"key":"PowerPotion"},{"floor":29,"key":"Explosive Potion"},{"floor":30,"key":"GamblersBrew"}],"is_trial":false,"path_per_floor":["M","?","?","?","?","E","R","E","T","R","?","R","T","E","R","B",null,"M","$","M","?","?","E","?","R","T","R","E","M","E","?","R","B"],"character_chosen":"IRONCLAD","items_purchased":["Evolve","True Grit","HandDrill"],"campfire_rested":5,"item_purchase_floors":[19,19,19],"current_hp_per_floor":[70,70,70,70,70,16,38,12,12,49,38,38,45,27,66,39,71,77,77,61,61,61,40,40,83,83,83,76,71,37,37,80,0,0],"gold":35,"neow_bonus":"RANDOM_COMMON_RELIC","is_daily":false,"chose_seed":false,"campfire_upgraded":2,"win_rate":0.0,"timestamp":1610088088,"path_taken":["M","?","?","?","?","E","R","E","T","R","?","R","?","E","R","BOSS","M","$","M","?","?","E","?","R","T","R","E","M","E","?","R","BOSS"],"items_purchased_type":["Card","Card","Relic"],"build_version":"2020-12-22","purchased_purges":0,"victory":false,"max_hp_per_floor":[75,75,75,75,75,75,75,75,75,75,75,75,82,82,82,82,82,82,82,82,82,82,96,96,96,96,96,96,96,96,96,96,96,96],"card_choices":[{"not_picked":["True Grit","Heavy Blade"],"picked":"Anger","floor":1.0},{"not_picked":["Combust","Sentinel"],"picked":"Shrug It Off","floor":6.0},{"not_picked":["Blood for Blood","Seeing Red"],"picked":"Carnage","floor":7.0},{"not_picked":["Corruption","Evolve"],"picked":"Anger","floor":8.0},{"not_picked":["Infernal Blade","Perfected Strike"],"picked":"Hemokinesis","floor":10.0},{"not_picked":["Havoc","Berserk"],"picked":"Clothesline","floor":14.0},{"not_picked":["Clash","Twin Strike"],"picked":"Sever Soul","floor":15.0},{"not_picked":["Fiend Fire","Berserk"],"picked":"Immolate","floor":16.0},{"not_picked":["Wild Strike","Headbutt+1"],"picked":"Shrug It Off","floor":18.0},{"not_picked":["Iron Wave","Cleave","Perfected Strike"],"picked":"SKIP","floor":20.0},{"not_picked":["Limit Break","Cleave+1"],"picked":"True Grit","floor":23},{"not_picked":["Clash","Wild Strike"],"picked":"Burning Pact","floor":25},{"not_picked":["Feed","Rupture+1"],"picked":"Dark Embrace","floor":28},{"not_picked":["Twin Strike+1","Iron Wave"],"picked":"Burning Pact","floor":29},{"not_picked":["Clash","Seeing Red"],"picked":"Shockwave","floor":30}],"player_experience":1900835,"relics_obtained":[{"floor":6.0,"key":"Dream Catcher"},{"floor":8.0,"key":"Regal Pillow"},{"floor":9.0,"key":"Sundial"},{"floor":13.0,"key":"Strawberry"},{"floor":14.0,"key":"StrikeDummy"},{"floor":23,"key":"Mango"},{"floor":26,"key":"Toy Ornithopter"},{"floor":28,"key":"TungstenRod"},{"floor":30,"key":"Bag of Marbles"}],"event_choices":[{"damage_healed":0.0,"max_hp_gain":0.0,"max_hp_loss":0.0,"gold_gain":0.0,"event_name":"Living Wall","player_choice":"Grow","floor":2.0,"gold_loss":0.0,"damage_taken":0.0,"cards_upgraded":["Bash"]},{"cards_removed":["Strike_R"],"damage_healed":0.0,"max_hp_gain":0.0,"max_hp_loss":0.0,"gold_gain":0.0,"event_name":"The Cleric","player_choice":"Card Removal","floor":3.0,"gold_loss":75.0,"damage_taken":0.0},{"cards_removed":["Anger"],"damage_healed":0.0,"max_hp_gain":0.0,"max_hp_loss":0.0,"gold_gain":0.0,"event_name":"WeMeetAgain","player_choice":"Gave Card","floor":4.0,"gold_loss":0.0,"damage_taken":0.0,"relics_obtained":["Centennial Puzzle"]},{"damage_healed":0.0,"max_hp_gain":0.0,"max_hp_loss":0.0,"gold_gain":0.0,"event_name":"Liars Game","player_choice":"Ignored","floor":5.0,"gold_loss":0.0,"damage_taken":0.0},{"damage_healed":0.0,"max_hp_gain":0.0,"max_hp_loss":0.0,"gold_gain":75.0,"event_name":"World of Goop","player_choice":"Gather Gold","floor":11.0,"gold_loss":0.0,"damage_taken":11.0},{"damage_healed":0.0,"max_hp_gain":0.0,"max_hp_loss":0.0,"gold_gain":0.0,"event_name":"Duplicator","player_choice":"Copied","floor":21.0,"gold_loss":0.0,"damage_taken":0.0,"cards_obtained":["Immolate"]},{"damage_healed":0.0,"max_hp_gain":0.0,"max_hp_loss":0.0,"gold_gain":0.0,"event_name":"Lab","player_choice":"Got Potions","floor":22.0,"gold_loss":0.0,"damage_taken":0.0},{"cards_removed":["Strike_R"],"damage_healed":0,"gold_gain":0,"player_choice":"Purged","damage_taken":0,"max_hp_gain":0,"max_hp_loss":0,"event_name":"Purifier","floor":31,"gold_loss":0}],"is_beta":false,"boss_relics":[{"not_picked":["Fusion Hammer","Coffee Dripper"],"picked":"Ectoplasm"}],"items_purged_floors":[],"is_endless":false,"potions_floor_spawned":[6,14,16,20,23,29,30],"killed_by":"Champ","ascension_level":20}}