{"host":"627up2rvtmm0cf0r","time":1610114456,"event":{"mods":["ATMod(°¢èªMod)","Act Like it!","BaseMod","Better Vampires","CapriCore","Card Filter","Card Forge","Colored Powertips","DeckTracker","Dota2Spire","Friendly Minions","Highlight Path","Infinite Spire","Jedi Mod","Marked Mod","Mimic Mod","Minty Spire (QoL Compilation)","MostiFishMod","Permanent Neow","Practice Mode","Quick Restart","Relic Stats","Shop Mod","Spicy Shops","StSLib","SuperFastMode","TestMod","The Marked","¡¾ÒÅÎï¿¨ÅÆ¡¿REMEMod","²ÐÁôÖ®Îï","óô»ðÖ¸ÄÏ"],"gold_per_floor":[115,115,115,130,140,140,140,168,245,245,279,290,300,300,225,320,320,334,31,31,31,47,77,97,124,163,216,243,256,288,300,47,151,151,166,166,181,181,199,229,231,267,308,308,52,88,102,138,138,140,140,140,140,171,184],"floor_reached":56,"playtime":1248,"items_purged":["Strike_R","Shame","Strike_R+1","Strike_R+1","Decay"],"score":2159,"play_id":"e2668d1b-b6c2-4d2f-a975-130414aacfe7","local_time":"20210108220056","is_ascension_mode":true,"campfire_choices":[{"floor":6,"key":"RECALL"}],"circlet_count":0,"master_deck":["AT_MachinaRedman+1","REME_Fury+1","Feel No Pain+1","REME_FearOfPain+1","MostiFishMod:RacingGame+1"],"relics":["Burning Blood","Hammer of Thor","Seething Fire","Anvil of the Gods","DaveBox","testmod-TestBox","REME_ComplimentaryCards","AT_ATBox","testmod-ObsoleteBoomerang","DSteel32","SynthV:TestCard","AT_ChloranthyRing","Toxic Egg 2","AT_BellowingDragoncrestRing","AT_TrinityForce","Charon\u0027s Ashes","infinitespire:Bottled Soul","Dota2Spire:ShivaGuard","AT_SpeedBoots","MerchantsRug","Dota2Spire:OrchidMalevolence","WingedGreaves","testmod-Maize","testmod-DeterminationOfClimber","PlaceholderMod:DeVermisMysteriis","AT_SilvercatRing","Blood Vial","testmod-BouquetWithThorns","infinitespire:Midas Blood","Akabeko","CombinedTypeHook"],"acts_visited":["Exordium","TheCity","TheBeyond","TheEnding"],"potions_floor_usage":[],"damage_taken":[{"damage":0,"enemies":"Jaw Worm","floor":1,"turns":1},{"damage":0,"enemies":"Small Slimes","floor":4,"turns":2},{"damage":1,"enemies":"Cultist","floor":5,"turns":3},{"damage":0,"enemies":"Gremlin Nob","floor":8,"turns":2},{"damage":0,"enemies":"Lagavulin","floor":11,"turns":4},{"damage":9,"enemies":"3 Louse","floor":12,"turns":2},{"damage":0,"enemies":"Large Slime","floor":13,"turns":2},{"damage":34,"enemies":"Hexaghost","floor":16,"turns":3},{"damage":0,"enemies":"Spheric Guardian","floor":18,"turns":1},{"damage":0,"enemies":"Chosen","floor":22,"turns":2},{"damage":0,"enemies":"Slavers","floor":23,"turns":2},{"damage":0,"enemies":"Sentry and Sphere","floor":24,"turns":1},{"damage":0,"enemies":"Gremlin Leader","floor":25,"turns":2},{"damage":8,"enemies":"Centurion and Healer","floor":26,"turns":3},{"damage":0,"enemies":"Slavers","floor":28,"turns":2},{"damage":2,"enemies":"Centurion and Healer","floor":29,"turns":2},{"damage":0,"enemies":"Gremlin Leader","floor":30,"turns":2},{"damage":0,"enemies":"Snake Plant","floor":31,"turns":1},{"damage":0,"enemies":"Collector","floor":33,"turns":2},{"damage":0,"enemies":"3 Shapes","floor":35,"turns":1},{"damage":0,"enemies":"Orb Walker","floor":37,"turns":1},{"damage":1,"enemies":"Maw","floor":39,"turns":1},{"damage":0,"enemies":"Reptomancer","floor":40,"turns":2},{"damage":0,"enemies":"infinitespire:Three Voidlings","floor":41,"turns":1},{"damage":0,"enemies":"Nemesis","floor":42,"turns":1},{"damage":0,"enemies":"3 Darklings","floor":43,"turns":2},{"damage":0,"enemies":"Giant Head","floor":46,"turns":2},{"damage":0,"enemies":"3 Darklings","floor":47,"turns":1},{"damage":0,"enemies":"Nemesis","floor":48,"turns":2},{"damage":3,"enemies":"infinitespire:MassOfShapes","floor":50,"turns":1},{"damage":0,"enemies":"Shield and Spear","floor":54,"turns":1},{"damage":6,"enemies":"The Heart","floor":55,"turns":3}],"seed_played":"-8661381906715147997","potions_obtained":[{"floor":5,"key":"Fire Potion"},{"floor":13,"key":"Regen Potion"},{"floor":16,"key":"Dota2Spire:HealingSalve"}],"is_trial":false,"path_per_floor":["M","?","?","M","M","R","?","E","T","?","E","M","M","?","R","B",null,"M","$","?","AVR","M","E","M","E","MIM","$","E","M","E","M","R","B",null,"M","AVR","M","?","M","E","?","E","MIM","?","$","E","M","E","R","B",null,"R","$","E","B",null],"character_chosen":"IRONCLAD","items_purchased":["Charon\u0027s Ashes","MerchantsRug","testmod-Maize","infinitespire:Midas Blood"],"campfire_rested":0,"item_purchase_floors":[19,27,32,45],"current_hp_per_floor":[80,64,64,70,75,75,75,80,80,80,80,77,80,80,80,52,80,80,80,80,80,80,80,80,80,78,78,80,80,80,80,80,80,80,80,80,80,80,80,80,80,80,80,76,76,76,76,76,76,76,76,76,76,76,76],"gold":184,"neow_bonus":"RANDOM_COLORLESS","is_daily":false,"chose_seed":false,"campfire_upgraded":0,"win_rate":0.0,"timestamp":1610114456,"path_taken":["M","?","?","?","M","R","?","E","T","?","E","M","M","?","R","BOSS","M","$","?","AVR","M","E","M","E","MIM","?","E","M","E","?","R","BOSS","M","AVR","M","?","?","E","?","E","MIM","?","$","E","M","E","R","BOSS","R","$","E","BOSS"],"items_purchased_type":["Relic","Relic","Relic","Relic"],"build_version":"2020-12-22","purchased_purges":5,"victory":true,"max_hp_per_floor":[80,80,80,80,80,80,80,80,80,80,80,80,80,80,80,80,80,80,80,80,80,80,80,80,80,80,80,80,80,80,80,80,80,80,80,80,80,80,80,80,80,80,80,76,76,76,76,76,76,76,76,76,76,76,76],"relic_stats":{"Blood Vial":0,"counters":[32,58],"Charon\u0027s Ashes":[583],"obtain_stats":[{"CombinedTypeHook":54,"AT_ATBox":0,"DaveBox":0,"Dota2Spire:OrchidMalevolence":28,"Hammer of Thor":0,"PlaceholderMod:DeVermisMysteriis":36,"testmod-BouquetWithThorns":43,"Burning Blood":0,"Blood Vial":42,"infinitespire:Bottled Soul":20,"AT_TrinityForce":17,"testmod-ObsoleteBoomerang":0,"WingedGreaves":30,"testmod-DeterminationOfClimber":34,"Toxic Egg 2":9,"DSteel32":0,"AT_ChloranthyRing":8,"MerchantsRug":27,"testmod-Maize":32,"testmod-TestBox":0,"Dota2Spire:ShivaGuard":23,"Charon\u0027s Ashes":19,"Seething Fire":0,"AT_SilvercatRing":40,"Akabeko":46,"AT_SpeedBoots":25,"SynthV:TestCard":1,"AT_BellowingDragoncrestRing":11,"Anvil of the Gods":0,"REME_ComplimentaryCards":0,"MetatronsCube":21,"infinitespire:Midas Blood":45},{"CombinedTypeHook":31,"AT_ATBox":0,"DaveBox":0,"Dota2Spire:OrchidMalevolence":15,"Hammer of Thor":0,"PlaceholderMod:DeVermisMysteriis":20,"testmod-BouquetWithThorns":26,"Burning Blood":0,"Blood Vial":25,"infinitespire:Bottled Soul":9,"AT_TrinityForce":8,"testmod-ObsoleteBoomerang":0,"WingedGreaves":17,"testmod-DeterminationOfClimber":19,"Toxic Egg 2":4,"DSteel32":0,"AT_ChloranthyRing":4,"MerchantsRug":14,"testmod-Maize":18,"testmod-TestBox":0,"Dota2Spire:ShivaGuard":11,"Charon\u0027s Ashes":9,"Seething Fire":0,"AT_SilvercatRing":23,"Akabeko":27,"AT_SpeedBoots":13,"SynthV:TestCard":1,"AT_BellowingDragoncrestRing":5,"Anvil of the Gods":0,"REME_ComplimentaryCards":0,"MetatronsCube":9,"infinitespire:Midas Blood":26},{"CombinedTypeHook":55,"AT_ATBox":0,"DaveBox":0,"Dota2Spire:OrchidMalevolence":32,"Hammer of Thor":0,"PlaceholderMod:DeVermisMysteriis":40,"testmod-BouquetWithThorns":48,"Burning Blood":0,"Blood Vial":46,"infinitespire:Bottled Soul":20,"AT_TrinityForce":19,"testmod-ObsoleteBoomerang":0,"WingedGreaves":36,"testmod-DeterminationOfClimber":39,"Toxic Egg 2":8,"DSteel32":0,"AT_ChloranthyRing":8,"MerchantsRug":30,"testmod-Maize":37,"testmod-TestBox":0,"Dota2Spire:ShivaGuard":24,"Charon\u0027s Ashes":20,"Seething Fire":0,"AT_SilvercatRing":44,"Akabeko":50,"AT_SpeedBoots":27,"SynthV:TestCard":1,"AT_BellowingDragoncrestRing":12,"Anvil of the Gods":0,"REME_ComplimentaryCards":0,"MetatronsCube":20,"infinitespire:Midas Blood":48}],"Burning Blood":50},"card_choices":[{"not_picked":["AT_BodySlamDance","REME_SingleHolding","Cleave"],"picked":"SKIP","floor":1},{"not_picked":["Headbutt","AT_IchimonjiDouble","Combust","Metallicize","Perfected Strike"],"picked":"SKIP","floor":4},{"not_picked":["Intimidate","MostiFishMod:KnuckleDown","Heavy Blade","Twin Strike","Armaments"],"picked":"SKIP","floor":5},{"not_picked":["Searing Blow","Sever Soul","MostiFishMod:DarkDeal","Entrench","Wild Strike"],"picked":"SKIP","floor":8},{"not_picked":["Sword Boomerang","Armaments+1","REME_SingleHolding+1","jedi:fear+1","AT_IchimonjiDouble"],"picked":"SKIP","floor":11},{"not_picked":["Armaments+1","Rage+1","Anger","Headbutt","Shrug It Off+1"],"picked":"SKIP","floor":12},{"not_picked":["Headbutt","MostiFishMod:BrandingRite+1","Perfected Strike","AT_BodySlamDance+1","Twin Strike"],"picked":"SKIP","floor":13},{"not_picked":["jedi:fear+1","Intimidate+1","Dropkick","Ghostly Armor+1","AT_IchimonjiDouble"],"picked":"SKIP","floor":18},{"not_picked":["Clash","Armaments+1","Metallicize","Dropkick","MostiFishMod:BrandingRite+1"],"picked":"SKIP","floor":22},{"not_picked":["Blood for Blood+1","Iron Wave","Juggernaut","REME_SingleHolding+1","Warcry+1"],"picked":"SKIP","floor":23},{"not_picked":["Dual Wield+1","Wild Strike","Cleave+1","Twin Strike+1","Perfected Strike"],"picked":"SKIP","floor":24},{"not_picked":["Cleave","True Grit+1","Body Slam","Reckless Charge","jedi:harder+1"],"picked":"SKIP","floor":25},{"not_picked":["Cleave","True Grit+1","Body Slam","Reckless Charge","jedi:harder+1"],"picked":"SKIP","floor":25},{"not_picked":["Flex+1","Shrug It Off+1","Carnage","Disarm+1","Sword Boomerang"],"picked":"SKIP","floor":28},{"not_picked":["Clash+1","Havoc+1","AT_GerminateFire+1","Feel No Pain","Wild Strike"],"picked":"SKIP","floor":29},{"not_picked":["Clash+1","Havoc+1","AT_GerminateFire+1","Wild Strike"],"picked":"Feel No Pain","floor":29},{"not_picked":["Corruption","Second Wind+1","Heavy Blade","Shrug It Off+1","MostiFishMod:DarkDeal+1"],"picked":"SKIP","floor":30},{"not_picked":["Dark Embrace","Uppercut","Body Slam+1","AT_BodySlamDance+1"],"picked":"REME_FearOfPain","floor":31},{"not_picked":["Thunderclap","Warcry+1","Power Through+1","AT_IchimonjiDouble+1","Twin Strike+1"],"picked":"SKIP","floor":35},{"not_picked":["Iron Wave+1","Thunderclap","AT_IchimonjiDouble+1","True Grit+1","Warcry+1"],"picked":"SKIP","floor":37},{"not_picked":["Reaper","Sword Boomerang+1","jedi:fear+1","Pommel Strike","Seeing Red+1"],"picked":"SKIP","floor":39},{"not_picked":["Twin Strike","Clash","Dropkick+1","Sword Boomerang","MostiFishMod:BrandingRite+1"],"picked":"SKIP","floor":40},{"not_picked":["Searing Blow","Sword Boomerang+1","Flex+1","MostiFishMod:RainCloud","MostiFishMod:BrandingRite+1"],"picked":"SKIP","floor":42},{"not_picked":["Anger","Hemokinesis","Iron Wave+1","Wild Strike"],"picked":"MostiFishMod:RacingGame+1","floor":46},{"not_picked":["Body Slam","Thunderclap+1","Wild Strike","Twin Strike+1","jedi:fear+1"],"picked":"SKIP","floor":47},{"not_picked":["Clothesline","Wild Strike+1","Brutality","Heavy Blade","MostiFishMod:ChineseTea+1"],"picked":"SKIP","floor":48},{"not_picked":["Clothesline+1","Flame Barrier+1","Pommel Strike+1","Body Slam+1","Hemokinesis+1"],"picked":"SKIP","floor":54}],"player_experience":75961,"relics_obtained":[{"floor":1,"key":"SynthV:TestCard"},{"floor":8,"key":"AT_ChloranthyRing"},{"floor":9,"key":"Toxic Egg 2"},{"floor":11,"key":"AT_BellowingDragoncrestRing"},{"floor":23,"key":"Dota2Spire:ShivaGuard"},{"floor":25,"key":"AT_SpeedBoots"},{"floor":28,"key":"Dota2Spire:OrchidMalevolence"},{"floor":30,"key":"WingedGreaves"},{"floor":40,"key":"AT_SilvercatRing"},{"floor":42,"key":"Blood Vial"},{"floor":43,"key":"testmod-BouquetWithThorns"},{"floor":46,"key":"Akabeko"},{"floor":54,"key":"CombinedTypeHook"}],"event_choices":[{"damage_healed":0,"gold_gain":0,"player_choice":"Entered Light","damage_taken":16,"max_hp_gain":0,"max_hp_loss":0,"event_name":"Shining Light","floor":2,"gold_loss":0,"cards_upgraded":["Strike_R","Bash"]},{"damage_healed":0,"gold_gain":0,"player_choice":"Bought 0 Potions","damage_taken":0,"max_hp_gain":0,"max_hp_loss":0,"event_name":"The Woman in Blue","floor":3,"gold_loss":0},{"cards_removed":["Strike_R"],"damage_healed":0,"gold_gain":0,"player_choice":"Forget","damage_taken":0,"max_hp_gain":0,"max_hp_loss":0,"event_name":"Living Wall","floor":7,"gold_loss":0},{"damage_healed":0,"gold_gain":0,"player_choice":"Stole Relic","damage_taken":0,"relics_obtained":["infinitespire:Bottled Soul"],"max_hp_gain":0,"max_hp_loss":0,"event_name":"Addict","floor":20,"gold_loss":0,"cards_obtained":["Shame"]},{"damage_healed":0,"gold_gain":0,"player_choice":"Cursed","damage_taken":0,"max_hp_gain":0,"max_hp_loss":0,"event_name":"Wheel of Change","floor":38,"gold_loss":0,"cards_obtained":["Decay"]},{"damage_healed":0,"gold_gain":0,"player_choice":"Max HP","damage_taken":0,"max_hp_gain":0,"max_hp_loss":4,"event_name":"Winding Halls","floor":44,"gold_loss":0}],"is_beta":false,"boss_relics":[{"not_picked":["Transparent","Runic Pyramid"],"picked":"AT_TrinityForce"},{"not_picked":["Dota2Spire:RefresherOrb","REME_DemonsWealth"],"picked":"testmod-DeterminationOfClimber"}],"items_purged_floors":[15,21,32,36,45],"is_endless":false,"potions_floor_spawned":[5,13,16,22,28,29,30,33,35,46,47,48,54],"ascension_level":4}}