{"host":"r2xhbz7xmd090pnn","time":1610098824,"event":{"mods":["AchievementEnabler","BaseMod","Card Forge","Minty Spire (QoL Compilation)","Replay The Spire","StSLib","SuperFastMode"],"gold_per_floor":[112,126,53,65,65,65,96,96,165,165,184,184,195,195,207,318,330,352,156,156,96,96,124,139,139,139,54,74,92,21,41,41,145,145,164,164,164,88,111,139,139,67,118,118,131,158,158,170,170,170,170],"floor_reached":50,"playtime":777,"items_purged":[],"score":723,"play_id":"98dfd859-d107-4cfd-8a18-97bef64c4d97","local_time":"20210108014024","is_ascension_mode":true,"campfire_choices":[{"floor":12,"key":"REST"},{"floor":15,"key":"REST"},{"floor":25,"key":"REST"},{"floor":32,"key":"REST"},{"floor":44,"key":"REST"},{"floor":47,"key":"REST"},{"floor":49,"key":"REST"}],"circlet_count":0,"master_deck":["Inflame+1","Limit Break+1","Inflame+1","Limit Break+1","Massacre+1"],"relics":["Burning Blood","Hammer of Thor","Seething Fire","Anvil of the Gods","Juzu Bracelet","Champion Belt","Self Forming Clay","CultistMask","MawBank","Runic Dome","Membership Card","TungstenRod","Orichalcum","MealTicket","Gambling Chip","Philosopher\u0027s Stone","Ring of Panic","ReplayTheSpireMod:Ring of Collecting","Lantern","Ring of Fury","ReplayTheSpireMod:Spearhead","Grinning Jar","Vajra","Ring of Searing","Pen Nib","Toy Ornithopter"],"acts_visited":["Exordium","TheCity","TheBeyond"],"potions_floor_usage":[33,33,46],"damage_taken":[{"damage":8,"enemies":"2 Louse","floor":1,"turns":2},{"damage":1,"enemies":"Jaw Worm","floor":2,"turns":2},{"damage":0,"enemies":"Cultist","floor":4,"turns":2},{"damage":10,"enemies":"Gremlin Nob","floor":7,"turns":3},{"damage":20,"enemies":"Exordium Thugs","floor":11,"turns":4},{"damage":0,"enemies":"Looter","floor":13,"turns":2},{"damage":12,"enemies":"Slime Boss","floor":16,"turns":7},{"damage":11,"enemies":"Shell Parasite","floor":18,"turns":3},{"damage":0,"enemies":"Gremlin Leader","floor":23,"turns":4},{"damage":0,"enemies":"3 Byrds","floor":24,"turns":5},{"damage":5,"enemies":"3 Cultists","floor":29,"turns":4},{"damage":0,"enemies":"Chosen and Byrds","floor":31,"turns":4},{"damage":11,"enemies":"Collector","floor":33,"turns":4},{"damage":14,"enemies":"3 Darklings","floor":35,"turns":3},{"damage":29,"enemies":"Nemesis","floor":40,"turns":3},{"damage":14,"enemies":"3 Shapes","floor":45,"turns":3},{"damage":8,"enemies":"Giant Head","floor":46,"turns":3},{"damage":0,"enemies":"Sphere and 2 Shapes","floor":48,"turns":1},{"damage":8,"enemies":"Time Eater","floor":50,"turns":3}],"seed_played":"4941254779393782430","potions_obtained":[{"floor":4,"key":"Weak Potion"},{"floor":7,"key":"LiquidMemories"},{"floor":24,"key":"DuplicationPotion"},{"floor":35,"key":"Fire Potion"}],"is_trial":false,"path_per_floor":["M","M","$","M","?","?","E","$","T","?","M","R","M","T","R","B",null,"M","$","?","?","?","E","M","R","T","?","?","M","$","M","R","B",null,"M","?","?","$","T","E","?","$","T","R","M","E","R","M","R","B"],"character_chosen":"IRONCLAD","items_purchased":["Uppercut","Inflame","Membership Card","Adrenaline Potion","Limit Break","Lantern","Vajra"],"campfire_rested":7,"item_purchase_floors":[3,19,19,19,30,38,42],"current_hp_per_floor":[78,80,80,80,80,80,76,76,76,76,62,80,80,80,80,74,80,75,75,72,72,72,78,80,80,80,80,80,80,80,80,80,75,80,72,72,72,76,76,53,53,68,68,76,68,66,76,76,76,68,68],"gold":170,"neow_bonus":"THREE_CARDS","is_daily":false,"chose_seed":false,"campfire_upgraded":0,"win_rate":0.0,"timestamp":1610098824,"path_taken":["M","M","$","M","?","?","E","?","T","?","M","R","M","?","R","BOSS","M","$","?","?","?","E","M","R","T","?","?","M","$","M","R","BOSS","M","?","?","?","?","E","?","$","T","R","M","E","R","M","R","BOSS"],"items_purchased_type":["Card","Card","Relic","Potion","Card","Relic","Relic"],"build_version":"2020-12-22","purchased_purges":0,"victory":false,"max_hp_per_floor":[80,80,80,80,80,80,80,80,80,80,80,80,80,80,80,80,80,80,80,80,80,80,80,80,80,80,80,80,80,80,80,80,80,80,80,80,76,76,76,76,76,76,76,76,76,76,76,76,76,76,76],"card_choices":[{"not_picked":["Perfected Strike","Anger"],"picked":"Shrug It Off","floor":0},{"not_picked":["Sword Boomerang","Replay:Undeath\u0027s Touch"],"picked":"Anger","floor":1},{"not_picked":["Disarm","Bloodletting","Dual Wield"],"picked":"SKIP","floor":2},{"not_picked":["ReplayTheSpireMod:Strike From Hell","Shockwave","Replay:Undeath\u0027s Touch"],"picked":"SKIP","floor":4},{"not_picked":["ReplayTheSpireMod:LeadingStrike","Bloodletting","Clash"],"picked":"SKIP","floor":7},{"not_picked":["Run Through","Searing Blow"],"picked":"Intimidate","floor":11},{"not_picked":["Whirlwind","Rampage"],"picked":"Inflame","floor":13},{"not_picked":["Reaper","Barricade"],"picked":"Limit Break","floor":16},{"not_picked":["ReplayTheSpireMod:Stacked+1","Fire Breathing+1","ReplayTheSpireMod:Limb From Limb"],"picked":"SKIP","floor":18},{"not_picked":["Blood for Blood+1","Replay:Undeath\u0027s Touch","Clothesline"],"picked":"SKIP","floor":23},{"not_picked":["Clash","Heavy Blade","Second Wind"],"picked":"SKIP","floor":24},{"not_picked":["Massacre","Run Through","Second Wind"],"picked":"SKIP","floor":29},{"not_picked":["Flame Barrier","Pommel Strike"],"picked":"Dropkick","floor":31},{"not_picked":["Armaments+1","Uppercut","Metallicize"],"picked":"SKIP","floor":35},{"not_picked":["Thunderclap","Warcry+1","Run Through"],"picked":"SKIP","floor":40},{"not_picked":["Pommel Strike","Clash+1","True Grit+1"],"picked":"SKIP","floor":45},{"not_picked":["Burning Pact","Barricade"],"picked":"Massacre+1","floor":46},{"not_picked":["Iron Wave+1","Shockwave+1","Headbutt+1"],"picked":"SKIP","floor":48}],"player_experience":2696,"relics_obtained":[{"floor":7,"key":"Champion Belt"},{"floor":9,"key":"Self Forming Clay"},{"floor":14,"key":"MawBank"},{"floor":23,"key":"TungstenRod"},{"floor":26,"key":"Orichalcum"},{"floor":28,"key":"Gambling Chip"},{"floor":36,"key":"Ring of Panic"},{"floor":36,"key":"ReplayTheSpireMod:Ring of Collecting"},{"floor":39,"key":"Ring of Fury"},{"floor":39,"key":"ReplayTheSpireMod:Spearhead"},{"floor":40,"key":"Grinning Jar"},{"floor":43,"key":"Ring of Searing"},{"floor":43,"key":"Pen Nib"},{"floor":46,"key":"Toy Ornithopter"}],"event_choices":[{"damage_healed":0,"gold_gain":0,"player_choice":"Box","damage_taken":0,"relics_obtained":["Juzu Bracelet"],"max_hp_gain":0,"max_hp_loss":0,"event_name":"Big Fish","floor":5,"gold_loss":0,"cards_obtained":["Regret"]},{"damage_healed":0,"gold_gain":0,"player_choice":"Trade","damage_taken":0,"relics_obtained":["CultistMask"],"max_hp_gain":0,"max_hp_loss":0,"event_name":"FaceTrader","floor":10,"gold_loss":0},{"damage_healed":0,"gold_gain":0,"player_choice":"Punched","damage_taken":3,"max_hp_gain":0,"max_hp_loss":0,"event_name":"Designer","floor":20,"gold_loss":0},{"damage_healed":0,"gold_gain":0,"player_choice":"Smashed Altar","damage_taken":0,"max_hp_gain":0,"max_hp_loss":0,"event_name":"Forgotten Altar","floor":22,"gold_loss":0,"cards_obtained":["Decay"]},{"damage_healed":0,"gold_gain":0,"player_choice":"Obtained Relic","damage_taken":0,"relics_obtained":["MealTicket"],"max_hp_gain":0,"max_hp_loss":0,"event_name":"Addict","floor":27,"gold_loss":85},{"damage_healed":0,"gold_gain":0,"player_choice":"Max HP","damage_taken":0,"max_hp_gain":0,"max_hp_loss":4,"event_name":"Winding Halls","floor":37,"gold_loss":0},{"damage_healed":0,"gold_gain":0,"player_choice":"Memory 1","damage_taken":0,"max_hp_gain":0,"max_hp_loss":0,"event_name":"SensoryStone","floor":41,"gold_loss":0}],"is_beta":false,"boss_relics":[{"not_picked":["Astrolabe","Painkiller Herb"],"picked":"Runic Dome"},{"not_picked":["Replay:Wanted Poster","Empty Cage"],"picked":"Philosopher\u0027s Stone"}],"items_purged_floors":[],"is_endless":false,"potions_floor_spawned":[4,7,24,29,31,35],"killed_by":"Time Eater","ascension_level":2}}