{"host":"8ujkkqjs1cxoxabk","time":1610082577,"event":{"mods":["AchievementEnabler","Act Like it!","Aspiration","BaseMod","Beaked The Cultist","BetterRewards","Colored Map","Conspire","Custom Start","Downfall","Glutton Mod","Halation","Hallownest","Hubris","Infinite Spire","Jorbs\u0027s Wanderer Trilogy","Marisa????????","Minty Spire (QoL Compilation)","READ ME - Guardian Mod","READ ME - Snecko Mod","Replay The Spire","Shop Mod","StSLib","The Animator","The Bug Knight","The Construct","The Cursed","The Disciple","The Factory","The Hierophant","The Jungle","The Mystic","The Necromancer","The Servant 0.9.4","The Valiant"],"gold_per_floor":[99,110,121,17,28,28,53,53,53,66,79,79,79,89,89,104,124,144,240,240,240,255,269,286,299,299,349,365,365,365,378,397,397,397,407,407,407,407],"floor_reached":36,"playtime":4571,"items_purged":[],"score":264,"play_id":"99ba5c2f-43be-47f5-8555-5c4b6aae550e","local_time":"20210107220937","is_ascension_mode":false,"campfire_choices":[{"data":"Slimebound:Split","floor":1,"key":"SMITH"},{"data":"Slimebound:SamplingLick","floor":6,"key":"SMITH"},{"data":"Slimebound:Schlurp","floor":9,"key":"SMITH"},{"data":"Slimebound:SlimeBarrage","floor":21,"key":"SMITH"},{"data":"Slimebound:SelfFormingGoo","floor":33,"key":"SMITH"}],"circlet_count":0,"master_deck":["Slimebound:Tackle","Slimebound:Defend_Slimebound","Slimebound:Defend_Slimebound","Slimebound:Defend_Slimebound","Slimebound:Defend_Slimebound","Slimebound:Split+1","Slimebound:CorrosiveSpit","Slimebound:RollThrough","Slimebound:TongueLash","Slimebound:SamplingLick+1","Slimebound:SlimeTap","Slimebound:ViciousTackle","Slimebound:Schlurp+1","Slimebound:LeechEnergy","Slimebound:SplitMire","Slimebound:SlimeSpikes","Slimebound:SlimeBarrage+1","Slimebound:Grow","Slimebound:LeechingTouch","Slimebound:MassFeed","Slimebound:MegaLick","Slimebound:LeechEnergy+1","Slimebound:SplitAcid+1","Slimebound:Gluttony+1","Slimebound:Replication+1","Slimebound:Tackle+1","Slimebound:Tackle+1","Slimebound:Tackle+1","Slimebound:Prepare+1","Slimebound:SelfFormingGoo+1","Slimebound:RainOfGoop","Slimebound:RollThrough+1"],"relics":["Slimebound:AbsorbEndCombat","beaked:SacredDeck","Pen Nib","Nloth\u0027s Gift"],"acts_visited":["Exordium","TheCity"],"potions_floor_usage":[14,19,19,19,23,25,31,32,36],"damage_taken":[{"damage":11,"enemies":"conspire:RoseBush","floor":2,"turns":3},{"damage":9,"enemies":"Cultist","floor":3,"turns":4},{"damage":8,"enemies":"downfall:FleeingMerchant","floor":4,"turns":4},{"damage":3,"enemies":"Small Slimes","floor":5,"turns":3},{"damage":8,"enemies":"conspire:2 RoseBushes","floor":10,"turns":5},{"damage":35,"enemies":"Exordium Thugs","floor":11,"turns":6},{"damage":23,"enemies":"Gremlin Gang","floor":14,"turns":4},{"damage":24,"enemies":"3 Louse","floor":16,"turns":2},{"damage":19,"enemies":"conspire:2 RoseBushes","floor":17,"turns":4},{"damage":9,"enemies":"Looter","floor":18,"turns":3},{"damage":36,"enemies":"downfall:Watcher","floor":19,"turns":8},{"damage":31,"enemies":"Shell Parasite","floor":22,"turns":5},{"damage":23,"enemies":"3 Byrds","floor":23,"turns":5},{"damage":36,"enemies":"3 Cultists","floor":24,"turns":4},{"damage":44,"enemies":"Shelled Parasite and Fungi","floor":25,"turns":5},{"damage":36,"enemies":"Snake Plant","floor":28,"turns":4},{"damage":24,"enemies":"Snecko","floor":31,"turns":7},{"damage":14,"enemies":"3 Cultists","floor":32,"turns":3},{"damage":30,"enemies":"Centurion and Healer","floor":35,"turns":6},{"damage":106,"enemies":"downfall:Ironclad","floor":36,"turns":10}],"seed_played":"162804972665418095","potions_obtained":[{"floor":2,"key":"SteroidPotion"},{"floor":10,"key":"Energy Potion"},{"floor":14,"key":"BlessingOfTheForge"},{"floor":17,"key":"Slimebound:SlimedPotion"},{"floor":19,"key":"Reflective Coating"},{"floor":24,"key":"LiquidMemories"},{"floor":25,"key":"Elixir"},{"floor":31,"key":"FearPotion"},{"floor":35,"key":"Reflective Coating"}],"is_trial":false,"path_per_floor":["R","M","M","$","M","R","T","?","R","M","M","PTL","PTL","M","?","M","M","M","B",null,"R","M","M","M","M","?","T","M","?","?","M","M","R","$","M","B"],"character_chosen":"SLIMEBOUND","items_purchased":["Slimebound:SlimeTap","Slimebound:ViciousTackle"],"campfire_rested":0,"item_purchase_floors":[4,4],"current_hp_per_floor":[60,57,59,60,60,60,60,65,65,65,50,50,50,63,63,57,62,65,58,65,65,54,54,50,42,42,42,34,34,34,33,51,51,51,57,0,0,0],"gold":407,"neow_bonus":"UPGRADE_CARD","is_daily":false,"chose_seed":false,"campfire_upgraded":5,"win_rate":0.0,"timestamp":1610082577,"path_taken":["R","M","M","$","M","R","T","?","R","M","M","PTL","PTL","M","?","M","M","M","BOSS","R","M","M","?","M","?","T","M","?","?","M","?","R","?","M","BOSS"],"items_purchased_type":["Card","Card"],"build_version":"2020-12-22","purchased_purges":0,"victory":false,"max_hp_per_floor":[60,60,60,60,60,60,60,65,65,65,65,65,65,65,65,65,65,65,65,65,65,65,65,65,65,65,65,65,65,65,68,68,68,68,68,68,68,68],"card_choices":[{"not_picked":["Slimebound:Schlurp","Slimebound:Replication"],"picked":"Slimebound:RollThrough","floor":2},{"not_picked":["Slimebound:LeechingTouch","Slimebound:Prepare"],"picked":"Slimebound:TongueLash","floor":3},{"not_picked":["Slimebound:MinionMaster","Slimebound:FinishingTackle"],"picked":"Slimebound:SamplingLick","floor":4},{"not_picked":["Slimebound:SlimeSpikes","Slimebound:LeechingTouch"],"picked":"Slimebound:Schlurp","floor":5},{"not_picked":["Slimebound:ViciousTackle","Slimebound:FinishingTackle"],"picked":"Slimebound:LeechEnergy","floor":10},{"not_picked":["Slimebound:Schlurp","Slimebound:ComboTackle"],"picked":"Slimebound:SplitMire","floor":11},{"not_picked":["Slimebound:SlimeBrawl","Slimebound:PressTheAttack"],"picked":"Slimebound:SlimeSpikes","floor":14},{"not_picked":["Slimebound:Dissolve","Slimebound:ComboTackle"],"picked":"Slimebound:SlimeBarrage","floor":16},{"not_picked":["Slimebound:LeechEnergy","Slimebound:RollThrough"],"picked":"Slimebound:Grow","floor":17},{"not_picked":["Slimebound:SlimeSpikes","Slimebound:ForwardTackle"],"picked":"Slimebound:LeechingTouch","floor":18},{"not_picked":["Slimebound:WasteNot","Slimebound:Teamwork"],"picked":"Slimebound:MassFeed","floor":19},{"not_picked":["Slimebound:SamplingLick","Slimebound:SplitLeeching"],"picked":"Slimebound:LeechEnergy+1","floor":22},{"not_picked":["Slimebound:Replication","Slimebound:ComboTackle"],"picked":"Slimebound:SplitAcid+1","floor":23},{"not_picked":["Slimebound:SamplingLick+1","Slimebound:ComboTackle"],"picked":"Slimebound:Gluttony+1","floor":24},{"not_picked":["Slimebound:FinishingTackle","Slimebound:LeechingTouch"],"picked":"Slimebound:Replication+1","floor":25},{"not_picked":["Slimebound:SplitBruiser","Slimebound:ViciousTackle+1"],"picked":"Slimebound:Prepare+1","floor":28},{"not_picked":["Slimebound:SlimeBrawl","Slimebound:SplitBruiser"],"picked":"Slimebound:SelfFormingGoo","floor":31},{"not_picked":["Slimebound:SlimeBrawl","Slimebound:SamplingLick+1"],"picked":"Slimebound:RainOfGoop","floor":32},{"not_picked":["Slimebound:Chomp","Slimebound:SlimeBrawl"],"picked":"Slimebound:RollThrough+1","floor":35}],"player_experience":128125,"relics_obtained":[{"floor":27,"key":"Pen Nib"}],"event_choices":[{"damage_healed":0,"gold_gain":0,"player_choice":"Donut","damage_taken":0,"max_hp_gain":5,"max_hp_loss":0,"event_name":"Big Fish","floor":8,"gold_loss":0},{"damage_healed":0,"gold_gain":0,"player_choice":"Trade","damage_taken":0,"relics_obtained":["CultistMask"],"max_hp_gain":0,"max_hp_loss":0,"event_name":"FaceTrader","floor":15,"gold_loss":0},{"damage_healed":0,"gold_gain":0,"player_choice":"Ignored","damage_taken":0,"max_hp_gain":0,"max_hp_loss":0,"event_name":"Vampires","floor":29,"gold_loss":0}],"is_beta":false,"boss_relics":[{"not_picked":["Sozu","aspiration:FutureDiary"],"picked":"beaked:SacredDeck"}],"items_purged_floors":[],"is_endless":false,"potions_floor_spawned":[2,10,14,17,19,24,25,31,35],"killed_by":"downfall:Ironclad","ascension_level":0}}