{"host":"qxeepl7ydvsgmfdb","time":1610120835,"event":{"mods":["AchievementEnabler","BaseMod","Colored Powertips","Minty Spire (QoL Compilation)","Quick Restart","slay the spire mod where everything is the same but ironclad has a cowboy hat"],"gold_per_floor":[114,114,124,29,29,54,74,108,186,200,214,214,214,247,247,343,343,357,369,195,224,242,268,268,300,312,339,351,393,423,452,464,575,587,610,622,19,31,47,47,47,47,47,57,57,77,77,90,90,90],"floor_reached":51,"playtime":2219,"items_purged":["Strike_G"],"score":1068,"play_id":"cd3613b4-ec1e-4f14-8d94-c4a22d93db39","local_time":"20210108104715","is_ascension_mode":true,"campfire_choices":[{"floor":13.0,"key":"REST"},{"floor":15.0,"key":"REST"},{"floor":24.0,"key":"REST"},{"floor":32.0,"key":"REST"},{"data":"Defend_G","floor":40.0,"key":"PURGE"},{"data":"Strike_G","floor":42.0,"key":"PURGE"},{"data":"Adrenaline","floor":47,"key":"SMITH"},{"floor":49,"key":"REST"}],"circlet_count":0,"master_deck":["Defend_G","Defend_G","Defend_G","Defend_G","Survivor","Neutralize","Poisoned Stab","Deadly Poison","Backstab","Deadly Poison","Poisoned Stab","Cloak And Dagger","Deadly Poison","Prepared","Leg Sweep","Venomology+1","CurseOfTheBell","Noxious Fumes","Dagger Spray+1","PiercingWail","Adrenaline+1","Corpse Explosion","Writhe","Catalyst+1"],"relics":["Ring of the Snake","NeowsBlessing","Lizard Tail","Toy Ornithopter","White Beast Statue","Snake Skull","Calling Bell","Orichalcum","Blue Candle","Gambling Chip","Red Mask","Vajra","MawBank","The Courier","MutagenicStrength","The Specimen","Busted Crown","FossilizedHelix","Peace Pipe","Anchor","InkBottle"],"acts_visited":["Exordium","TheCity","TheBeyond"],"potions_floor_usage":[46,48,50,50,50,50,50,50],"damage_taken":[{"damage":0.0,"enemies":"Small Slimes","floor":1.0,"turns":1.0},{"damage":0.0,"enemies":"Cultist","floor":3.0,"turns":1.0},{"damage":0.0,"enemies":"Lagavulin","floor":6.0,"turns":1.0},{"damage":0.0,"enemies":"2 Louse","floor":7.0,"turns":2.0},{"damage":21.0,"enemies":"Gremlin Nob","floor":8.0,"turns":4.0},{"damage":10.0,"enemies":"Gremlin Gang","floor":10.0,"turns":4.0},{"damage":2.0,"enemies":"Blue Slaver","floor":11.0,"turns":2.0},{"damage":24.0,"enemies":"Lagavulin","floor":14.0,"turns":4.0},{"damage":30.0,"enemies":"Hexaghost","floor":16.0,"turns":7.0},{"damage":4.0,"enemies":"Chosen","floor":18.0,"turns":4.0},{"damage":6.0,"enemies":"Spheric Guardian","floor":19.0,"turns":3.0},{"damage":35.0,"enemies":"Masked Bandits","floor":21.0,"turns":4.0},{"damage":12.0,"enemies":"Centurion and Healer","floor":22.0,"turns":7.0},{"damage":20.0,"enemies":"Book of Stabbing","floor":23.0,"turns":7.0},{"damage":23.0,"enemies":"Slavers","floor":25.0,"turns":5.0},{"damage":18.0,"enemies":"Shelled Parasite and Fungi","floor":27.0,"turns":5.0},{"damage":0.0,"enemies":"Gremlin Leader","floor":29.0,"turns":5.0},{"damage":4.0,"enemies":"Sentry and Sphere","floor":30.0,"turns":4.0},{"damage":13.0,"enemies":"Snecko","floor":31.0,"turns":4.0},{"damage":80.0,"enemies":"Collector","floor":33.0,"turns":7.0},{"damage":8.0,"enemies":"Orb Walker","floor":35.0,"turns":3.0},{"damage":0.0,"enemies":"3 Shapes","floor":38.0,"turns":1.0},{"damage":0.0,"enemies":"Transient","floor":39.0,"turns":5.0},{"damage":0.0,"enemies":"Sphere and 2 Shapes","floor":44.0,"turns":2.0},{"damage":25,"enemies":"Spire Growth","floor":46,"turns":5},{"damage":18,"enemies":"3 Darklings","floor":48,"turns":3},{"damage":88,"enemies":"Awakened One","floor":50,"turns":11}],"seed_played":"7932638813400268291","potions_obtained":[{"floor":1.0,"key":"SkillPotion"},{"floor":3.0,"key":"AttackPotion"},{"floor":6.0,"key":"LiquidBronze"},{"floor":10.0,"key":"Strength Potion"},{"floor":11.0,"key":"AttackPotion"},{"floor":14.0,"key":"Weak Potion"},{"floor":16.0,"key":"GhostInAJar"},{"floor":18.0,"key":"CunningPotion"},{"floor":19.0,"key":"Poison Potion"},{"floor":21.0,"key":"AttackPotion"},{"floor":22.0,"key":"SteroidPotion"},{"floor":23.0,"key":"Explosive Potion"},{"floor":25.0,"key":"Swift Potion"},{"floor":27.0,"key":"Block Potion"},{"floor":29.0,"key":"BlessingOfTheForge"},{"floor":33.0,"key":"BlessingOfTheForge"},{"floor":35.0,"key":"AttackPotion"},{"floor":38.0,"key":"SpeedPotion"},{"floor":39.0,"key":"PowerPotion"},{"floor":46,"key":"EntropicBrew"},{"floor":48,"key":"Weak Potion"}],"is_trial":false,"path_per_floor":["M","?","M","$","$","E","M","E","T","M","M","?","R","E","R","B",null,"M","M","$","?","M","E","R","E","T","M","?","E","M","M","R","B",null,"M","?","$","M","M","R","?","R","T","M","?","M","R","M","R","B",null],"character_chosen":"THE_SILENT","items_purchased":["Deadly Poison","Backstab","Fruit Juice","FossilizedHelix","Peace Pipe","Anchor"],"campfire_rested":5,"item_purchase_floors":[4,4,20,37,37,37],"current_hp_per_floor":[63,63,63,63,63,63,63,42,42,32,30,30,51,37,58,38,62,58,57,67,32,25,15,37,24,24,11,11,36,37,24,46,22,62,54,54,54,54,59,59,59,59,59,64,75,55,55,42,64,6],"gold":90,"neow_bonus":"THREE_ENEMY_KILL","is_daily":false,"chose_seed":false,"campfire_upgraded":1,"win_rate":0.0,"timestamp":1610120835,"path_taken":["M","?","M","?","$","E","M","E","T","?","M","?","R","E","R","BOSS","M","?","$","?","M","E","R","E","T","M","?","E","M","M","R","BOSS","M","?","$","?","?","R","?","R","T","M","?","M","R","M","R","BOSS"],"items_purchased_type":["Card","Card","Potion","Relic","Relic","Relic"],"build_version":"2020-12-22","purchased_purges":1,"victory":true,"max_hp_per_floor":[70,70,70,70,70,70,70,70,70,70,70,70,70,70,70,70,70,70,70,75,75,75,75,75,75,75,75,75,75,75,75,75,75,75,75,75,75,75,75,75,75,75,75,75,75,75,75,75,75,75],"card_choices":[{"not_picked":["Dash","Predator","Flying Knee"],"picked":"SKIP","floor":1.0},{"not_picked":["Distraction","Prepared"],"picked":"Poisoned Stab","floor":3.0},{"not_picked":["Concentrate","Endless Agony"],"picked":"Deadly Poison","floor":6.0},{"not_picked":["Deflect","Outmaneuver"],"picked":"Poisoned Stab","floor":7.0},{"not_picked":["Dagger Throw","Flying Knee"],"picked":"Cloak And Dagger","floor":8.0},{"not_picked":["Sucker Punch","Quick Slash"],"picked":"Deadly Poison","floor":10.0},{"not_picked":["Well Laid Plans","Accuracy"],"picked":"Prepared","floor":11.0},{"not_picked":["Eviscerate","Footwork"],"picked":"Venomology","floor":14.0},{"not_picked":["Flechettes","Poisoned Stab"],"picked":"Noxious Fumes","floor":18.0},{"not_picked":["Poisoned Stab","Finisher"],"picked":"Dagger Spray+1","floor":19.0},{"not_picked":["Poisoned Stab+1","Flying Knee"],"picked":"PiercingWail","floor":22.0},{"not_picked":["Setup","Dodge and Roll","Acrobatics"],"picked":"SKIP","floor":23.0},{"not_picked":["Dodge and Roll","Blur+1","Catalyst"],"picked":"SKIP","floor":25.0},{"not_picked":["Bouncing Flask","Dagger Spray"],"picked":"Adrenaline","floor":27.0},{"not_picked":["Dagger Spray","Choke","Tactician"],"picked":"SKIP","floor":29.0},{"not_picked":["Acrobatics+1","Bane","Endless Agony"],"picked":"SKIP","floor":30.0},{"not_picked":["Escape Plan","Backflip","Acrobatics"],"picked":"SKIP","floor":31.0},{"not_picked":["Burst","Venomology"],"picked":"Corpse Explosion","floor":33.0},{"not_picked":["Deadly Poison"],"picked":"SKIP","floor":35.0},{"not_picked":["Backflip"],"picked":"SKIP","floor":38.0},{"not_picked":["Terror+1"],"picked":"SKIP","floor":39.0},{"not_picked":["Eviscerate+1"],"picked":"SKIP","floor":44.0},{"not_picked":[],"picked":"Catalyst+1","floor":46},{"not_picked":["Blur"],"picked":"SKIP","floor":48}],"player_experience":397882,"relics_obtained":[{"floor":6.0,"key":"Lizard Tail"},{"floor":8.0,"key":"Toy Ornithopter"},{"floor":9.0,"key":"White Beast Statue"},{"floor":14.0,"key":"Snake Skull"},{"floor":17.0,"key":"Orichalcum"},{"floor":17.0,"key":"Blue Candle"},{"floor":17.0,"key":"Gambling Chip"},{"floor":21.0,"key":"Red Mask"},{"floor":23.0,"key":"Vajra"},{"floor":25.0,"key":"MawBank"},{"floor":26.0,"key":"The Courier"},{"floor":29.0,"key":"The Specimen"},{"floor":43.0,"key":"InkBottle"}],"event_choices":[{"cards_removed":["Strike_G"],"damage_healed":0.0,"max_hp_gain":0.0,"max_hp_loss":0.0,"gold_gain":0.0,"event_name":"Bonfire Elementals","player_choice":"Offered Basic","floor":2.0,"gold_loss":0.0,"damage_taken":0.0},{"damage_healed":0.0,"max_hp_gain":0.0,"max_hp_loss":0.0,"gold_gain":0.0,"cards_transformed":["Strike_G"],"event_name":"Transmorgrifier","player_choice":"Transformed","floor":12.0,"gold_loss":0.0,"damage_taken":0.0,"cards_obtained":["Leg Sweep"]},{"damage_healed":0.0,"max_hp_gain":0.0,"max_hp_loss":0.0,"gold_gain":0.0,"event_name":"Masked Bandits","player_choice":"Fought Bandits","floor":21.0,"gold_loss":0.0,"damage_taken":0.0},{"damage_healed":0.0,"max_hp_gain":0.0,"max_hp_loss":0.0,"gold_gain":0.0,"event_name":"Drug Dealer","player_choice":"Inject Mutagens","floor":28.0,"gold_loss":0.0,"damage_taken":0.0,"relics_obtained":["MutagenicStrength"]},{"damage_healed":0.0,"max_hp_gain":0.0,"max_hp_loss":0.0,"gold_gain":0.0,"event_name":"Accursed Blacksmith","player_choice":"Forge","floor":36.0,"gold_loss":0.0,"damage_taken":0.0,"cards_upgraded":["Venomology"]},{"cards_removed":["Strike_G"],"damage_healed":0.0,"max_hp_gain":0.0,"max_hp_loss":0.0,"gold_gain":0.0,"event_name":"Falling","player_choice":"Removed Attack","floor":41.0,"gold_loss":0.0,"damage_taken":0.0},{"damage_healed":19.0,"max_hp_gain":0.0,"max_hp_loss":0.0,"gold_gain":0.0,"event_name":"Winding Halls","player_choice":"Writhe","floor":45.0,"gold_loss":0.0,"damage_taken":0.0,"cards_obtained":["Writhe"]}],"is_beta":false,"boss_relics":[{"not_picked":["Velvet Choker","WristBlade"],"picked":"Calling Bell"},{"not_picked":["Coffee Dripper","Cursed Key"],"picked":"Busted Crown"}],"items_purged_floors":[20],"is_endless":false,"potions_floor_spawned":[1,3,6,10,11,14,16,18,19,21,22,23,25,27,29,30,31,33,35,38,39,44,46,48],"ascension_level":7}}