{"host":"61xbmbtf5zrn7rzc","time":1610099685,"event":{"mods":["BaseMod","Challenge The Spire","Downfall","Hubris","Minty Spire (QoL Compilation)","Replay The Spire","StSLib","SuperFastMode","The Marked"],"gold_per_floor":[99,119,138,72,72,72,72,86,101,101,111,123,33,33,46,143,143,143,157,168,168,181,21,21,41,76,176,204,219,219,237,256,354,354,354,372,383,125,139,139,64,48,131,159,204,141,182,208,220],"floor_reached":51,"playtime":3227,"items_purged":["Guardian:Strike_Guardian","Guardian:Strike_Guardian"],"score":908,"play_id":"4ae00ed9-a628-42cc-adb6-416061b0ce4c","local_time":"20210108045445","is_ascension_mode":true,"campfire_choices":[{"data":"Guardian:CurlUp","floor":1,"key":"SMITH"},{"data":"Guardian:FloatingOrbs","floor":10,"key":"SMITH"},{"data":"Guardian:FloatingOrbs","floor":18,"key":"SMITH"},{"data":"Guardian:AncientConstruct","floor":30,"key":"SMITH"},{"data":"hubris:DuctTapeCard","floor":35,"key":"SMITH"},{"floor":42,"key":"RECALL"},{"data":"Guardian:Recover","floor":47,"key":"SMITH"}],"circlet_count":0,"master_deck":["Guardian:Strike_Guardian","Guardian:Defend_Guardian","Guardian:Defend_Guardian","Guardian:Defend_Guardian","Guardian:Defend_Guardian","Guardian:CurlUp+1","Guardian:TwinSlam","Blind","Guardian:BronzeOrb","Guardian:AncientConstruct+1","Guardian:ChargeCore","Guardian:FloatingOrbs+1","Guardian:FloatingOrbs+1","Guardian:Repulse","Guardian:Orbwalk+1","Guardian:BronzeOrb+1","hubris:DuctTapeCard+2","Guardian:TimeCapacitor+1","Guardian:DonusPower+1","Guardian:DecasProtection+1","Guardian:Recover+1","Guardian:TemporalShield","Guardian:Suspension+1"],"relics":["Guardian:ModeShifter","downfall:ShatteredFragment","Bottled Tornado","Ring of Chaos","CultistMask","Guardian:BottledStasis","hubris:DuctTape","Iron Hammer","downfall:GremlinWheel","Strawberry","hubris:Teleporter","Painkiller Herb","Vajra","downfall:HeartBlessingBlue","Membership Card","CaptainsWheel","PreservedInsect","MawBank","Omamori","downfall:HeartBlessingRed","Singing Bowl"],"acts_visited":["Exordium","TheCity","TheBeyond"],"potions_floor_usage":[16,26,27,27,33,33,43,46,50],"damage_taken":[{"damage":0,"enemies":"Jaw Worm","floor":2,"turns":4},{"damage":0,"enemies":"2 Louse","floor":3,"turns":3},{"damage":1,"enemies":"downfall:FleeingMerchant","floor":4,"turns":4},{"damage":0,"enemies":"Cultist","floor":8,"turns":3},{"damage":8,"enemies":"Exordium Wildlife","floor":9,"turns":3},{"damage":2,"enemies":"Blue Slaver","floor":11,"turns":3},{"damage":15,"enemies":"Gremlin Gang","floor":12,"turns":4},{"damage":5,"enemies":"downfall:FleeingMerchant","floor":13,"turns":4},{"damage":0,"enemies":"2 Fungi Beasts","floor":15,"turns":3},{"damage":2,"enemies":"downfall:Watcher","floor":16,"turns":13},{"damage":3,"enemies":"Shell Parasite","floor":19,"turns":6},{"damage":3,"enemies":"Spheric Guardian","floor":20,"turns":4},{"damage":2,"enemies":"Snake Plant","floor":22,"turns":7},{"damage":0,"enemies":"downfall:FleeingMerchant","floor":23,"turns":4},{"damage":0,"enemies":"Cultist and Chosen","floor":25,"turns":4},{"damage":0,"enemies":"Gremlin Leader","floor":26,"turns":6},{"damage":16,"enemies":"Gremlin Leader","floor":27,"turns":4},{"damage":11,"enemies":"Book of Stabbing","floor":28,"turns":4},{"damage":8,"enemies":"3 Cultists","floor":29,"turns":4},{"damage":4,"enemies":"Centurion and Healer","floor":31,"turns":5},{"damage":16,"enemies":"Cultist and Chosen","floor":32,"turns":5},{"damage":0,"enemies":"downfall:Silent","floor":33,"turns":6},{"damage":6,"enemies":"3 Darklings","floor":36,"turns":5},{"damage":0,"enemies":"Orb Walker","floor":37,"turns":3},{"damage":3,"enemies":"downfall:FleeingMerchant","floor":38,"turns":4},{"damage":1,"enemies":"Writhing Mass","floor":39,"turns":5},{"damage":2,"enemies":"downfall:FleeingMerchant","floor":43,"turns":4},{"damage":12,"enemies":"Spire Growth","floor":45,"turns":4},{"damage":2,"enemies":"Nemesis","floor":46,"turns":5},{"damage":0,"enemies":"Giant Head","floor":48,"turns":4},{"damage":0,"enemies":"Transient","floor":49,"turns":5},{"damage":11,"enemies":"downfall:Ironclad","floor":50,"turns":9}],"seed_played":"-4326578746865928937","potions_obtained":[{"floor":11,"key":"Dexterity Potion"},{"floor":15,"key":"SpeedPotion"},{"floor":16,"key":"LiquidBronze"},{"floor":19,"key":"GamblersBrew"},{"floor":22,"key":"AttackPotion"},{"floor":25,"key":"Swift Potion"},{"floor":28,"key":"LifebloodPotion"},{"floor":32,"key":"champ:CounterPotion"},{"floor":33,"key":"Dexterity Potion"},{"floor":36,"key":"Reflective Coating"},{"floor":39,"key":"Guardian:DefensiveModePotion"},{"floor":45,"key":"SpeedPotion"},{"floor":46,"key":"GamblersBrew"},{"floor":49,"key":"Guardian:DefensiveModePotion"}],"is_trial":false,"path_per_floor":["R","M","M","$","?","?","T","M","M","R","M","M","$","?","M","B",null,"R","M","M","?","M","$","T","M","E","?","E","M","R","M","M","B",null,"T","?","?","T","?","T","T","T","?","?","E","T","E","?","B",null],"character_chosen":"GUARDIAN","items_purchased":["Guardian:FloatingOrbs","Guardian:BottledStasis","Vajra","Membership Card","CaptainsWheel","PreservedInsect"],"campfire_rested":0,"item_purchase_floors":[4,23,38,43,43,43],"current_hp_per_floor":[80,80,80,79,55,80,80,80,72,72,70,55,50,50,50,48,80,80,77,74,74,72,72,72,72,72,56,52,44,44,40,24,24,87,87,81,81,78,77,77,87,85,85,73,71,71,73,75,64],"gold":232,"neow_bonus":"RANDOM_COLORLESS","is_daily":false,"chose_seed":false,"campfire_upgraded":6,"win_rate":0.0,"timestamp":1610099685,"path_taken":["R","M","M","$","?","?","T","M","M","R","M","?","$","?","M","BOSS","R","M","M","?","?","$","T","M","E","?","E","M","R","?","M","BOSS","T","?","?","T","?","T","T","T","?","?","E","T","E","?","BOSS"],"items_purchased_type":["Card","Relic","Relic","Relic","Relic","Relic"],"build_version":"2020-12-22","purchased_purges":2,"victory":true,"max_hp_per_floor":[80,80,80,80,80,80,80,80,80,80,80,80,80,80,80,80,80,80,80,80,80,80,80,80,80,80,80,87,87,87,87,87,87,87,87,87,87,87,87,87,97,97,97,97,97,97,99,101,101],"card_choices":[{"not_picked":["ReplayTheSpireMod:Trickstab","Trip"],"picked":"Blind","floor":0},{"not_picked":["Guardian:Suspension","Guardian:Gem_Lightblue"],"picked":"Guardian:BronzeOrb","floor":2},{"not_picked":["Guardian:Incinerate","Guardian:GuardianWhirl"],"picked":"Guardian:AncientConstruct","floor":3},{"not_picked":["Guardian:RollAttack","Guardian:Incinerate"],"picked":"Guardian:ChargeCore","floor":4},{"not_picked":["Guardian:Gem_Lightblue","Guardian:DonusPower"],"picked":"Guardian:Gem_Blue","floor":8},{"not_picked":["Guardian:RollAttack","Guardian:Gem_Green"],"picked":"Guardian:Repulse","floor":9},{"not_picked":["Guardian:TimeBomb","Guardian:RefractedBeam","Guardian:CrystalBeam"],"picked":"SKIP","floor":11},{"not_picked":["Guardian:Gem_Green","Guardian:GuardianWhirl","Guardian:SphericShield"],"picked":"SKIP","floor":12},{"not_picked":["Guardian:Gem_Lightblue","Guardian:VentSteam"],"picked":"Guardian:Planning","floor":13},{"not_picked":["Guardian:WalkerClaw","Guardian:FloatingOrbs"],"picked":"Guardian:Gem_White","floor":15},{"not_picked":["Guardian:Gem_Synthetic","Guardian:BaubleBeam"],"picked":"Guardian:ExploitGems","floor":16},{"not_picked":["Guardian:Planning","Guardian:Gem_Cyan"],"picked":"Guardian:Orbwalk+1","floor":19},{"not_picked":["Guardian:MultiBeam+1","Guardian:RollAttack","Guardian:WalkerClaw"],"picked":"SKIP","floor":20},{"not_picked":["Guardian:ArmoredProtocol","Guardian:EvasiveProtocol+1"],"picked":"Guardian:BronzeOrb+1","floor":22},{"not_picked":["Guardian:FloatingOrbs","Guardian:PrimingBeam+1","Guardian:WalkerClaw"],"picked":"SKIP","floor":23},{"not_picked":["Guardian:Clone+1","Guardian:Gem_Cyan"],"picked":"Guardian:TimeCapacitor+1","floor":25},{"not_picked":["Guardian:RefractedBeam+1","Guardian:Reroute"],"picked":"Guardian:DonusPower+1","floor":26},{"not_picked":["Guardian:ChargeCore","Guardian:PrimingBeam","Guardian:Gem_Lightblue"],"picked":"SKIP","floor":28},{"not_picked":["Guardian:DonusPower","Guardian:BronzeOrb"],"picked":"Guardian:DecasProtection+1","floor":29},{"not_picked":["Guardian:Recover+1","Guardian:Gem_Green"],"picked":"Guardian:Gem_Lightblue","floor":31},{"not_picked":["Guardian:RollAttack","Guardian:DonusPower"],"picked":"Guardian:Recover","floor":32},{"not_picked":["Guardian:GemFinder","Guardian:FastForward"],"picked":"Guardian:Gem_Synthetic","floor":33},{"not_picked":["Guardian:Recover","Guardian:SentryBeam"],"picked":"Guardian:Gem_Cyan","floor":36},{"not_picked":["Guardian:Gem_Lightblue","Guardian:BronzeOrb","Guardian:Repulse+1"],"picked":"SKIP","floor":37},{"not_picked":["Guardian:Gem_Cyan","Guardian:BaubleBeam"],"picked":"Guardian:TemporalShield","floor":38},{"not_picked":["Guardian:PrimingBeam","Guardian:FloatingOrbs+1","Guardian:PolyBeam"],"picked":"SKIP","floor":39},{"not_picked":["Guardian:Gem_Lightblue","Guardian:StasisField","Guardian:TimeCapacitor"],"picked":"SKIP","floor":43},{"not_picked":["Guardian:CrystalBeam+1","Guardian:Repulse"],"picked":"Guardian:Gem_Crimson","floor":44},{"not_picked":["Guardian:ChargeUp+1","Guardian:Gem_Red"],"picked":"Guardian:Suspension+1","floor":44},{"not_picked":["Guardian:ShieldCharger","Guardian:Gem_Lightblue","Guardian:PiercingHide+1"],"picked":"SKIP","floor":45},{"not_picked":["Guardian:Suspension+1","Guardian:Gem_Cyan","Guardian:TemporalStrike"],"picked":"SKIP","floor":46},{"not_picked":["Guardian:DecasProtection","Guardian:SpikerProtocol+1","Guardian:FierceBash"],"picked":"Singing Bowl","floor":48},{"not_picked":["Guardian:Clone+1","Guardian:Incinerate+1","Guardian:SpikerProtocol+1"],"picked":"Singing Bowl","floor":49}],"player_experience":159585,"relics_obtained":[{"floor":7,"key":"Bottled Tornado"},{"floor":24,"key":"hubris:DuctTape"},{"floor":26,"key":"Iron Hammer"},{"floor":27,"key":"downfall:GremlinWheel"},{"floor":28,"key":"Strawberry"},{"floor":30,"key":"hubris:Teleporter"},{"floor":44,"key":"MawBank"},{"floor":46,"key":"Omamori"},{"floor":48,"key":"Singing Bowl"}],"event_choices":[{"damage_healed":25,"gold_gain":0,"player_choice":"Full Heal","damage_taken":0,"max_hp_gain":0,"max_hp_loss":0,"event_name":"Wheel of Change","floor":6,"gold_loss":0},{"damage_healed":0,"gold_gain":0,"player_choice":"Trade","damage_taken":0,"relics_obtained":["CultistMask"],"max_hp_gain":0,"max_hp_loss":0,"event_name":"FaceTrader","floor":21,"gold_loss":0},{"damage_healed":0,"gold_gain":0,"player_choice":"Relic","damage_taken":0,"max_hp_gain":0,"max_hp_loss":0,"event_name":"Wheel of Change","floor":30,"gold_loss":0}],"is_beta":false,"boss_relics":[{"not_picked":["Fusion Hammer","Velvet Choker"],"picked":"Ring of Chaos"},{"not_picked":["Empty Cage","Philosopher\u0027s Stone"],"picked":"Painkiller Herb"}],"items_purged_floors":[13,38],"is_endless":false,"potions_floor_spawned":[11,15,16,19,22,25,28,32,33,36,39,45,46,49],"ascension_level":1}}