{"host":"4par9lyhj7bf4dsa","time":1610084902,"event":{"mods":["AchievementEnabler","BaseMod","Colored Map","Minty Spire (QoL Compilation)","Relic Stats","StSLib"],"gold_per_floor":[99,99,99,99,29,29,29,29,29,29,29,29,29,29,29,29,29,29,29,29,29,29,29,29,29,29,29,29,29,29,29,29,29,29,29,29,29,29,29,29,29,29,29,29,29,29,29,29,29,29],"floor_reached":51,"playtime":7212,"items_purged":[],"score":1065,"play_id":"85e4bab4-7a05-4e9f-923d-405149919443","local_time":"20210108164822","is_ascension_mode":true,"campfire_choices":[{"data":"Wallop","floor":11.0,"key":"SMITH"},{"data":"Vigilance","floor":15.0,"key":"SMITH"},{"data":"RitualDagger","floor":24,"key":"SMITH"},{"data":"LikeWater","floor":29,"key":"SMITH"},{"data":"WheelKick","floor":32,"key":"SMITH"},{"floor":45,"key":"REST"},{"floor":49,"key":"REST"}],"circlet_count":0,"master_deck":["Strike_P","Strike_P","Strike_P","Defend_P","Defend_P","Defend_P","Defend_P","Eruption","Vigilance+1","WheelKick+1","Consecrate","Wallop+1","EmptyFist","FlurryOfBlows","Indignation","Protect","RitualDagger+1","LikeWater+1","FollowUp+1","Blasphemy+1","SashWhip+1","Fasting2+1","Halt+1"],"relics":["Ectoplasm","Unceasing Top","Regal Pillow","Mercury Hourglass","Incense Burner","Busted Crown","Bronze Scales","Bottled Tornado","Toxic Egg 2","Boot","Runic Pyramid","Bird Faced Urn","Potion Belt","Dead Branch","Dream Catcher"],"acts_visited":["Exordium","TheCity","TheBeyond"],"potions_floor_usage":[21,23,27,27,27,42,47,50],"damage_taken":[{"damage":0.0,"enemies":"Small Slimes","floor":1.0,"turns":2.0},{"damage":0.0,"enemies":"Cultist","floor":2.0,"turns":3.0},{"damage":0.0,"enemies":"2 Louse","floor":3.0,"turns":2.0},{"damage":0.0,"enemies":"3 Sentries","floor":6.0,"turns":3.0},{"damage":4.0,"enemies":"Blue Slaver","floor":7.0,"turns":3.0},{"damage":13.0,"enemies":"Lagavulin","floor":8.0,"turns":5.0},{"damage":9.0,"enemies":"3 Sentries","floor":10.0,"turns":6.0},{"damage":0.0,"enemies":"3 Louse","floor":12.0,"turns":2.0},{"damage":1.0,"enemies":"Large Slime","floor":13.0,"turns":4.0},{"damage":0.0,"enemies":"Red Slaver","floor":14.0,"turns":4.0},{"damage":0.0,"enemies":"Hexaghost","floor":16.0,"turns":7.0},{"damage":3.0,"enemies":"Shell Parasite","floor":18.0,"turns":3.0},{"damage":0.0,"enemies":"Spheric Guardian","floor":19.0,"turns":1.0},{"damage":0,"enemies":"Snake Plant","floor":21,"turns":2},{"damage":7,"enemies":"Book of Stabbing","floor":23,"turns":4},{"damage":27,"enemies":"Slavers","floor":25,"turns":4},{"damage":0,"enemies":"Gremlin Leader","floor":27,"turns":5},{"damage":19,"enemies":"Shelled Parasite and Fungi","floor":28,"turns":3},{"damage":43,"enemies":"Automaton","floor":33,"turns":10},{"damage":2,"enemies":"3 Darklings","floor":35,"turns":3},{"damage":0,"enemies":"Mind Bloom Boss Battle","floor":36,"turns":5},{"damage":1,"enemies":"3 Shapes","floor":39,"turns":3},{"damage":39,"enemies":"Nemesis","floor":40,"turns":5},{"damage":23,"enemies":"3 Darklings","floor":41,"turns":3},{"damage":0,"enemies":"Reptomancer","floor":42,"turns":3},{"damage":0,"enemies":"Maw","floor":44,"turns":5},{"damage":13,"enemies":"Nemesis","floor":46,"turns":6},{"damage":1,"enemies":"Transient","floor":47,"turns":5},{"damage":0,"enemies":"4 Shapes","floor":48,"turns":3},{"damage":33,"enemies":"Awakened One","floor":50,"turns":7}],"seed_played":"-5315462876701934602","potions_obtained":[{"floor":2.0,"key":"GamblersBrew"},{"floor":6.0,"key":"BlessingOfTheForge"},{"floor":8.0,"key":"SteroidPotion"},{"floor":12.0,"key":"Fire Potion"},{"floor":18.0,"key":"SteroidPotion"},{"floor":23,"key":"DuplicationPotion"},{"floor":25,"key":"SteroidPotion"},{"floor":33,"key":"BottledMiracle"},{"floor":39,"key":"PowerPotion"},{"floor":41,"key":"Strength Potion"},{"floor":42,"key":"AttackPotion"},{"floor":47,"key":"SpeedPotion"},{"floor":48,"key":"DuplicationPotion"}],"is_trial":false,"path_per_floor":["M","M","M","?","$","E","M","E","T","E","R","M","M","M","R","B",null,"M","M","?","M","?","E","R","E","T","E","M","R","?","?","R","B",null,"M","?","?","$","M","E","M","E","T","M","R","E","M","M","R","B",null],"character_chosen":"WATCHER","items_purchased":["Wallop"],"campfire_rested":2,"item_purchase_floors":[5],"current_hp_per_floor":[72,72,72,72,72,72,68,55,55,46,46,46,45,45,45,45,72,69,69,63,63,63,56,56,29,29,29,10,10,10,82,82,39,82,80,80,80,80,81,43,22,26,26,30,69,60,61,65,82,51],"gold":29,"neow_bonus":"BOSS_RELIC","is_daily":false,"chose_seed":false,"campfire_upgraded":5,"win_rate":0.0,"timestamp":1610084902,"path_taken":["M","M","M","?","?","E","?","E","T","E","R","M","M","M","R","BOSS","M","M","?","M","?","E","R","E","T","E","M","R","?","?","R","BOSS","M","?","?","?","?","E","M","E","T","M","R","E","M","?","R","BOSS"],"items_purchased_type":["Card"],"build_version":"2020-12-22","purchased_purges":0,"victory":true,"max_hp_per_floor":[72,72,72,72,72,72,72,72,72,72,72,72,72,72,72,72,72,72,72,72,72,72,72,72,72,72,72,72,72,72,82,82,82,82,82,82,82,82,82,82,82,82,82,82,82,82,82,82,82,82],"relic_stats":{"Regal Pillow":15,"Dream Catcher":1,"Busted Crown":38,"counters":[30,119],"Bronze Scales":[210],"Bird Faced Urn":[25],"Dead Branch":[13],"Ectoplasm":734,"Boot":[60],"obtain_stats":[{"Potion Belt":40,"Regal Pillow":8,"Dead Branch":42,"Incense Burner":10,"Bottled Tornado":25,"Boot":27,"Mercury Hourglass":9,"Dream Catcher":46,"Busted Crown":17,"Bronze Scales":23,"Bird Faced Urn":36,"Ectoplasm":0,"PureWater":0,"Toxic Egg 2":26,"Unceasing Top":6,"Runic Pyramid":34},{"Potion Belt":23,"Regal Pillow":6,"Dead Branch":25,"Incense Burner":7,"Bottled Tornado":16,"Boot":17,"Mercury Hourglass":6,"Dream Catcher":27,"Busted Crown":11,"Bronze Scales":15,"Bird Faced Urn":21,"Ectoplasm":0,"PureWater":0,"Toxic Egg 2":16,"Unceasing Top":4,"Runic Pyramid":19},{"Potion Belt":87,"Regal Pillow":18,"Dead Branch":93,"Incense Burner":24,"Bottled Tornado":54,"Boot":59,"Mercury Hourglass":18,"Dream Catcher":104,"Busted Crown":40,"Bronze Scales":50,"Bird Faced Urn":80,"Ectoplasm":0,"PureWater":0,"Toxic Egg 2":54,"Unceasing Top":10,"Runic Pyramid":72}],"Unceasing Top":[13],"Mercury Hourglass":[424]},"card_choices":[{"not_picked":["Consecrate","EmptyBody"],"picked":"Weave","floor":1.0},{"not_picked":["EmptyFist","SashWhip"],"picked":"WheelKick","floor":2.0},{"not_picked":["Halt","ClearTheMind"],"picked":"Consecrate","floor":3.0},{"not_picked":["WreathOfFlame","WaveOfTheHand"],"picked":"EmptyFist","floor":6.0},{"not_picked":["Blasphemy","Perseverance"],"picked":"FlurryOfBlows","floor":7.0},{"not_picked":["InnerPeace","Consecrate","BowlingBash"],"picked":"SKIP","floor":8.0},{"not_picked":["CrushJoints","FlurryOfBlows"],"picked":"Indignation","floor":10.0},{"not_picked":["Wish","ReachHeaven"],"picked":"Protect","floor":12.0},{"not_picked":["Consecrate","Prostrate","WindmillStrike"],"picked":"SKIP","floor":13.0},{"not_picked":["Weave","Vengeance","WreathOfFlame"],"picked":"SKIP","floor":14.0},{"not_picked":["Devotion","SpiritShield"],"picked":"Wish","floor":16.0},{"not_picked":["EmptyBody"],"picked":"SKIP","floor":18.0},{"not_picked":["Indignation"],"picked":"SKIP","floor":19.0},{"not_picked":["EmptyFist"],"picked":"SKIP","floor":21},{"not_picked":[],"picked":"LikeWater","floor":23},{"not_picked":[],"picked":"FollowUp+1","floor":25},{"not_picked":["CrushJoints"],"picked":"SKIP","floor":27},{"not_picked":["WheelKick"],"picked":"SKIP","floor":28},{"not_picked":[],"picked":"Blasphemy+1","floor":33},{"not_picked":["EmptyBody+1"],"picked":"SKIP","floor":35},{"not_picked":[],"picked":"SashWhip+1","floor":39},{"not_picked":["Evaluate+1"],"picked":"SKIP","floor":40},{"not_picked":[],"picked":"Fasting2+1","floor":41},{"not_picked":["SignatureMove"],"picked":"SKIP","floor":42},{"not_picked":["Worship+1"],"picked":"SKIP","floor":44},{"not_picked":["DeceiveReality+1"],"picked":"SKIP","floor":46},{"not_picked":[],"picked":"Halt+1","floor":47},{"not_picked":["Collect+1"],"picked":"SKIP","floor":48}],"player_experience":890693,"relics_obtained":[{"floor":6.0,"key":"Unceasing Top"},{"floor":8.0,"key":"Regal Pillow"},{"floor":9.0,"key":"Mercury Hourglass"},{"floor":10.0,"key":"Incense Burner"},{"floor":23,"key":"Bronze Scales"},{"floor":25,"key":"Bottled Tornado"},{"floor":26,"key":"Toxic Egg 2"},{"floor":27,"key":"Boot"},{"floor":36,"key":"Bird Faced Urn"},{"floor":40,"key":"Potion Belt"},{"floor":42,"key":"Dead Branch"},{"floor":46,"key":"Dream Catcher"}],"event_choices":[{"cards_removed":["Strike_P"],"damage_healed":0.0,"max_hp_gain":0.0,"max_hp_loss":0.0,"gold_gain":0.0,"event_name":"Purifier","player_choice":"Purged","floor":4.0,"gold_loss":0.0,"damage_taken":0.0},{"damage_healed":0.0,"max_hp_gain":0.0,"max_hp_loss":0.0,"gold_gain":0.0,"event_name":"Nest","player_choice":"Joined the Cult","floor":20.0,"gold_loss":0.0,"damage_taken":6.0,"cards_obtained":["RitualDagger"]},{"damage_healed":0,"gold_gain":0,"player_choice":"Ignored","damage_taken":0,"max_hp_gain":0,"max_hp_loss":0,"event_name":"Ghosts","floor":22,"gold_loss":0},{"damage_healed":0,"gold_gain":0,"player_choice":"Ignored","damage_taken":0,"max_hp_gain":0,"max_hp_loss":0,"event_name":"Vampires","floor":30,"gold_loss":0},{"cards_removed":["Wish"],"damage_healed":62,"gold_gain":0,"player_choice":"Offered Rare","damage_taken":0,"max_hp_gain":10,"max_hp_loss":0,"event_name":"Bonfire Elementals","floor":31,"gold_loss":0},{"damage_healed":0,"gold_gain":0,"player_choice":"Fight","damage_taken":0,"max_hp_gain":0,"max_hp_loss":0,"event_name":"MindBloom","floor":36,"gold_loss":0},{"cards_removed":["Weave"],"damage_healed":0,"gold_gain":0,"player_choice":"Removed Attack","damage_taken":0,"max_hp_gain":0,"max_hp_loss":0,"event_name":"Falling","floor":37,"gold_loss":0}],"is_beta":false,"boss_relics":[{"not_picked":["Tiny House","Velvet Choker"],"picked":"Busted Crown"},{"not_picked":["SacredBark","VioletLotus"],"picked":"Runic Pyramid"}],"items_purged_floors":[],"is_endless":false,"potions_floor_spawned":[2,6,8,12,14,16,18,23,25,33,39,41,42,47,48],"ascension_level":1}}