{"host":"3vgzk5mhz751jdrj","time":1610149612,"event":{"mods":["2.2 Compatiblity","AchievementEnabler","Act Like it!","Aspiration","BaseMod","Better Altar","Better Match","Better Note","Better Sensory Stone","Better Skull","Better Third Choice","Block Reminder","Colored Map","Conspire","Curses Come First","Dark Map","Displayed Cursed Tome","Downfall","Friendly Minions","GifTheSpireLib","Halation","Hubris","Marked Mod","Mimic Mod","Minty Spire (QoL Compilation)","Quick Restart","Rare Cards Sparkle","Replay The Spire","Reworked Bosses","Shop Mod","Spicy Shops","Spikes Relics","StSLib","Stuff the Spire","Thieving Mod","Trackpad","vexMod"],"gold_per_floor":[0,0,0,14,25,58,58,69,9,9,44,79,97,130,140,238,238,38,51,67,79,79,79,117,150,150,150,100,120,70,98,122,234,246,208,239,266,6,25,25,25,25,44,44,44,44,73,92,103,103],"floor_reached":51,"playtime":3981,"items_purged":["Slimebound:Strike_Slimebound"],"score":721,"play_id":"d3467cd8-9210-42b2-b3b5-527759a21ef6","local_time":"20210108184652","is_ascension_mode":true,"campfire_choices":[{"data":"Slimebound:Split","floor":1.0,"key":"SMITH"},{"data":"Slimebound:LeadByExample","floor":10.0,"key":"SMITH"},{"data":"Slimebound:FirmFortitude","floor":18.0,"key":"SMITH"},{"data":"Slimebound:DuplicatedForm","floor":28.0,"key":"SMITH"},{"data":"Slimebound:RainOfGoop","floor":30,"key":"SMITH"},{"floor":35,"key":"RECALL"},{"data":"Slimebound:Recycling","floor":42,"key":"SMITH"},{"data":"Slimebound:Dissolve","floor":46,"key":"SMITH"}],"circlet_count":0,"master_deck":["Slimebound:Tackle","Slimebound:Defend_Slimebound","Slimebound:Defend_Slimebound","Slimebound:Defend_Slimebound","Slimebound:Split+1","Slimebound:CorrosiveSpit","Slimebound:LeechingTouch","Slimebound:HauntingLick","Slimebound:LeadByExample+1","Slimebound:LeechingTouch","Slimebound:RainOfGoop+1","Slimebound:FinishingTackle","Slimebound:Dissolve+1","Slimebound:AcidTongue","Slimebound:FirmFortitude+1","Slimebound:LeechLife","Slimebound:LevelUp+1","Slimebound:DuplicatedForm+1","Slimebound:GoopSpray","Slimebound:LeechEnergy+1","Slimebound:OneTwoCombo","Slimebound:Recycling+1","Riddle With Holes","Underhanded Strike","Deflect"],"relics":["Slimebound:AbsorbEndCombat","trackpad:WindUpAutoDealer","Slimebound:GreedOozeRelic","Boot","conspire:Dentures","Snack Pack","trackpad:ByrdCharm","aspiration:FrozenJewel","aspiration:RitualDagger","downfall:HeartBlessingGreen","downfall:HeartBlessingBlue","conspire:Flyswatter","SpikesRelics:DaevaFist","MawBank","Replay:Bronze Core","Membership Card","MerchantsRug","Mirror","Juzu Bracelet"],"acts_visited":["Exordium","TheCity","TheBeyond"],"potions_floor_usage":[29,38,47,48,50],"damage_taken":[{"damage":10.0,"enemies":"Small Slimes","floor":4.0,"turns":2.0},{"damage":12.0,"enemies":"2 Louse","floor":5.0,"turns":3.0},{"damage":34.0,"enemies":"3 Sentries","floor":6.0,"turns":7.0},{"damage":14.0,"enemies":"Jaw Worm","floor":8.0,"turns":2.0},{"damage":13.0,"enemies":"downfall:FleeingMerchant","floor":9.0,"turns":4.0},{"damage":14.0,"enemies":"Exordium Thugs","floor":11.0,"turns":3.0},{"damage":43.0,"enemies":"Gremlin Nob","floor":12.0,"turns":4.0},{"damage":10.0,"enemies":"Exordium Thugs","floor":13.0,"turns":3.0},{"damage":13.0,"enemies":"Replay:BlueRogue","floor":14.0,"turns":5.0},{"damage":8.0,"enemies":"Large Slime","floor":15.0,"turns":3.0},{"damage":27.0,"enemies":"downfall:Watcher","floor":16.0,"turns":6.0},{"damage":17.0,"enemies":"3 Byrds","floor":19.0,"turns":4.0},{"damage":7.0,"enemies":"conspire:FuzzyDice","floor":20.0,"turns":4.0},{"damage":13.0,"enemies":"3 Cultists","floor":21.0,"turns":5.0},{"damage":11.0,"enemies":"Centurion and Healer","floor":24.0,"turns":5.0},{"damage":65.0,"enemies":"Slavers","floor":25.0,"turns":5.0},{"damage":26,"enemies":"Centurion and Healer","floor":29,"turns":5},{"damage":29,"enemies":"conspire:Head Lice","floor":31,"turns":6},{"damage":66,"enemies":"Shelled Parasite and Fungi","floor":32,"turns":4},{"damage":98,"enemies":"downfall:Silent","floor":33,"turns":8},{"damage":15,"enemies":"Orb Walker","floor":36,"turns":3},{"damage":14,"enemies":"3 Darklings","floor":37,"turns":5},{"damage":26,"enemies":"downfall:FleeingMerchant","floor":38,"turns":4},{"damage":30,"enemies":"Maw","floor":39,"turns":6},{"damage":37,"enemies":"Jaw Worm Horde","floor":43,"turns":4},{"damage":62,"enemies":"Nemesis","floor":47,"turns":9},{"damage":25,"enemies":"3 Darklings","floor":48,"turns":5},{"damage":18,"enemies":"4 Shapes","floor":49,"turns":4},{"damage":38,"enemies":"downfall:Defect","floor":50,"turns":6}],"seed_played":"-2821989744508248528","potions_obtained":[{"floor":6.0,"key":"Block Potion"},{"floor":8.0,"key":"Weak Potion"},{"floor":13.0,"key":"Weak Potion"},{"floor":15.0,"key":"Guardian:BlockOnCardUsePotion"},{"floor":16.0,"key":"GamblersBrew"},{"floor":20.0,"key":"LiquidBronze"},{"floor":25.0,"key":"EssenceOfSteel"},{"floor":37,"key":"DistilledChaos"},{"floor":43,"key":"Fire Potion"},{"floor":47,"key":"PowerPotion"},{"floor":49,"key":"Slimebound:SpawnSlimePotion"}],"is_trial":false,"path_per_floor":["R","?","?","M","M","E","T","M","$","R","MIM","E","M","E","M","B",null,"R","M","M","M","?","?","MIM","E","?","?","R","M","R","E","M","B",null,"R","M","M","$","M","?","T","R","M","?","?","R","E","M","M","B",null],"character_chosen":"SLIMEBOUND","items_purchased":["Slimebound:FinishingTackle","Membership Card","MerchantsRug"],"campfire_rested":0,"item_purchase_floors":[9,38,38],"current_hp_per_floor":[60,60,60,60,60,45,45,43,57,57,60,32,34,45,53,53,60,70,70,70,70,70,70,70,21,21,21,21,62,62,70,60,70,70,70,70,70,70,70,70,70,70,70,70,70,70,57,70,70,70],"gold":103,"neow_bonus":"ONE_RARE_RELIC","is_daily":false,"chose_seed":false,"campfire_upgraded":7,"win_rate":0.0,"timestamp":1610149612,"path_taken":["R","?","?","M","M","E","T","?","$","R","?","E","M","E","M","BOSS","R","M","M","M","?","?","MIM","E","?","?","R","M","R","E","M","BOSS","R","M","M","$","M","?","T","R","M","?","?","R","E","M","M","BOSS"],"items_purchased_type":["Card","Relic","Relic"],"build_version":"2020-12-22","purchased_purges":1,"victory":true,"max_hp_per_floor":[60,60,60,60,60,60,60,60,60,60,60,60,60,60,60,60,60,70,70,70,70,70,70,70,70,70,70,70,70,70,70,70,70,70,70,70,70,70,70,70,70,70,70,70,70,70,70,70,70,70],"card_choices":[{"not_picked":["Slimebound:ComboTackle","Slimebound:FinishingTackle"],"picked":"Slimebound:LeechingTouch","floor":4.0},{"not_picked":["Slimebound:DisruptingSlam","Slimebound:GrowthPunch"],"picked":"Slimebound:HauntingLick","floor":5.0},{"not_picked":["Slimebound:ComboTackle","Slimebound:SplitAcid"],"picked":"Slimebound:LeadByExample","floor":6.0},{"not_picked":["Slimebound:Schlurp","Slimebound:Prepare"],"picked":"Slimebound:LeechingTouch","floor":8.0},{"not_picked":["Slimebound:ViciousTackle","Slimebound:Schlurp"],"picked":"Slimebound:RainOfGoop","floor":9.0},{"not_picked":["Slimebound:ComboTackle","Slimebound:Schlurp"],"picked":"Slimebound:Dissolve","floor":12.0},{"not_picked":["Slimebound:SamplingLick","Slimebound:LeechEnergy"],"picked":"Slimebound:AcidTongue","floor":13.0},{"not_picked":["Slimebound:MassRepurpose","Slimebound:DivideAndConquer","Slimebound:ViciousTackle"],"picked":"SKIP","floor":14.0},{"not_picked":["Slimebound:LeadByExample","Slimebound:SlimeSpikes"],"picked":"Slimebound:FirmFortitude","floor":15.0},{"not_picked":["Slimebound:CheckThePlaybook","Slimebound:DouseInSlime"],"picked":"Slimebound:LeechLife","floor":16.0},{"not_picked":["Slimebound:GrowthPunch","Slimebound:FinishingTackle","Slimebound:GoopTackle"],"picked":"SKIP","floor":19.0},{"not_picked":["Slimebound:ViciousTackle","Slimebound:Nibble","Slimebound:SplitLeeching+1"],"picked":"SKIP","floor":20.0},{"not_picked":["Slimebound:SamplingLick","Slimebound:ProtectTheBoss","Slimebound:FinishingTackle"],"picked":"SKIP","floor":21.0},{"not_picked":["Slimebound:ViciousTackle+1","Slimebound:SplitBruiser"],"picked":"Slimebound:LevelUp+1","floor":24.0},{"not_picked":["Slimebound:SplitBruiser+1","Slimebound:LeechingTouch"],"picked":"Slimebound:DuplicatedForm","floor":25.0},{"not_picked":["Slimebound:SlimeSpikes+1","Slimebound:SamplingLick"],"picked":"Slimebound:GoopSpray","floor":29},{"not_picked":["Slimebound:PressTheAttack+1","Slimebound:Overexert","Slimebound:SlimeBarrage"],"picked":"SKIP","floor":31},{"not_picked":["Slimebound:ViciousTackle","Slimebound:SplitAcid"],"picked":"Slimebound:LeechEnergy+1","floor":32},{"not_picked":["Slimebound:MinionMaster","Slimebound:PrepareCrush"],"picked":"Slimebound:OneTwoCombo","floor":33},{"not_picked":["Slimebound:LeechEnergy+1","Slimebound:SplitAcid+1","Slimebound:AcidTongue"],"picked":"SKIP","floor":36},{"not_picked":["Slimebound:GoopSpray","Slimebound:SplitLeeching+1","Slimebound:PressTheAttack"],"picked":"SKIP","floor":37},{"not_picked":["Slimebound:LeechEnergy+1","Slimebound:SamplingLick","Slimebound:RollThrough"],"picked":"SKIP","floor":38},{"not_picked":["Slimebound:ViciousTackle","Slimebound:Prepare"],"picked":"Slimebound:Recycling","floor":39},{"not_picked":["Slimebound:Schlurp+1","Slimebound:FinishingTackle","Slimebound:SamplingLick"],"picked":"SKIP","floor":43},{"not_picked":["Slimebound:SamplingLick","Slimebound:Equalize","Slimebound:Nibble"],"picked":"SKIP","floor":47},{"not_picked":["Slimebound:LeechingTouch","Slimebound:PressTheAttack","Slimebound:BestDefense+1"],"picked":"SKIP","floor":48},{"not_picked":["Slimebound:SamplingLick","Slimebound:ViciousTackle+1","Slimebound:SplitLeeching+1"],"picked":"SKIP","floor":49}],"player_experience":383168,"relics_obtained":[{"floor":6.0,"key":"conspire:Dentures"},{"floor":7.0,"key":"Snack Pack"},{"floor":12.0,"key":"trackpad:ByrdCharm"},{"floor":14.0,"key":"aspiration:FrozenJewel"},{"floor":24.0,"key":"conspire:Flyswatter"},{"floor":25.0,"key":"SpikesRelics:DaevaFist"},{"floor":31,"key":"MawBank"},{"floor":41,"key":"Mirror"},{"floor":47,"key":"Juzu Bracelet"}],"event_choices":[{"damage_healed":0.0,"max_hp_gain":0.0,"max_hp_loss":0.0,"gold_gain":0.0,"event_name":"Big Fish","player_choice":"Box","floor":3.0,"gold_loss":0.0,"damage_taken":0.0,"relics_obtained":["Boot"],"cards_obtained":["Regret"]},{"cards_removed":["Slimebound:FirmFortitude"],"damage_healed":0.0,"max_hp_gain":0.0,"max_hp_loss":0.0,"gold_gain":0.0,"event_name":"betterNote:BetterNote","player_choice":"Give","floor":22.0,"gold_loss":0.0,"damage_taken":0.0,"cards_obtained":["None"]},{"damage_healed":0.0,"max_hp_gain":0.0,"max_hp_loss":0.0,"gold_gain":0.0,"event_name":"Ghosts","player_choice":"Ignored","floor":26.0,"gold_loss":0.0,"damage_taken":0.0}],"is_beta":false,"boss_relics":[{"not_picked":["Snecko Eye","downfall:Hecktoplasm"],"picked":"aspiration:RitualDagger"},{"not_picked":["conspire:SeveredTorchhead","conspire:RoyalGoblet"],"picked":"Replay:Bronze Core"}],"items_purged_floors":[38],"is_endless":false,"potions_floor_spawned":[6,8,13,15,16,20,25,37,43,47,49],"ascension_level":1}}