{"host":"3vgzk5mhz751jdrj","time":1610145553,"event":{"mods":["2.2 Compatiblity","AchievementEnabler","Act Like it!","Aspiration","BaseMod","Better Altar","Better Match","Better Note","Better Sensory Stone","Better Skull","Better Third Choice","Block Reminder","Colored Map","Conspire","Curses Come First","Dark Map","Displayed Cursed Tome","Downfall","Friendly Minions","GifTheSpireLib","Halation","Hubris","Marked Mod","Mimic Mod","Minty Spire (QoL Compilation)","Quick Restart","Rare Cards Sparkle","Replay The Spire","Reworked Bosses","Shop Mod","Spicy Shops","Spikes Relics","StSLib","Stuff the Spire","Thieving Mod","Trackpad","vexMod"],"gold_per_floor":[99,117,131,8,8,0,0,13,13,28,28,28,28,63,80,177,177,177,194,194,213,223,223,247,274,284,284,284,284],"floor_reached":27,"playtime":2276,"items_purged":[],"score":245,"play_id":"0e2188c5-ef50-4eec-8804-3384159de082","local_time":"20210108173913","is_ascension_mode":true,"campfire_choices":[{"data":"Slimebound:Split","floor":1.0,"key":"SMITH"},{"data":"hubris:DuctTapeCard","floor":11.0,"key":"SMITH"},{"data":"Bullet Time","floor":13.0,"key":"SMITH"},{"data":"Slimebound:SelfFormingGoo","floor":18.0,"key":"SMITH"},{"data":"Slimebound:MassRepurpose","floor":23.0,"key":"SMITH"}],"circlet_count":0,"master_deck":["Slimebound:Tackle","Slimebound:Defend_Slimebound","Slimebound:Defend_Slimebound","Slimebound:Defend_Slimebound","Slimebound:Split+1","Slimebound:CorrosiveSpit","Slimebound:MassRepurpose+1","Slimebound:TongueLash","Slimebound:Recycling","Slimebound:FinishingTackle","Slimebound:ItLooksTasty","Slimebound:LeechingTouch","Heel Hook","Bullet Time+1","Slimebound:SelfFormingGoo+1","Slimebound:GoopTackle","Slimebound:LeechEnergy","Slimebound:RollThrough","hubris:DuctTapeCard","Slimebound:HungryTackle","Slimebound:GrowthPunch"],"relics":["Slimebound:AbsorbEndCombat","hubris:DuctTape","StuffTheSpire:EmeraldSignet","vexMod:RedPlottingStone","hubris:SlimyHat","Replay:Wax Seal"],"acts_visited":["Exordium","TheCity"],"potions_floor_usage":[25],"damage_taken":[{"damage":8.0,"enemies":"conspire:RoseBush","floor":2.0,"turns":3.0},{"damage":17.0,"enemies":"Jaw Worm","floor":3.0,"turns":4.0},{"damage":19.0,"enemies":"downfall:FleeingMerchant","floor":4.0,"turns":4.0},{"damage":24.0,"enemies":"downfall:FleeingMerchant","floor":6.0,"turns":4.0},{"damage":17.0,"enemies":"2 Louse","floor":8.0,"turns":3.0},{"damage":15.0,"enemies":"2 Fungi Beasts","floor":10.0,"turns":3.0},{"damage":22.0,"enemies":"Lagavulin","floor":14.0,"turns":7.0},{"damage":14.0,"enemies":"Gremlin Gang","floor":15.0,"turns":3.0},{"damage":39.0,"enemies":"downfall:Watcher","floor":16.0,"turns":8.0},{"damage":53.0,"enemies":"Spheric Guardian","floor":19.0,"turns":6.0},{"damage":30.0,"enemies":"Shell Parasite","floor":21.0,"turns":6.0},{"damage":42.0,"enemies":"conspire:HollyBat","floor":22.0,"turns":6.0},{"damage":50,"enemies":"conspire:Head Lice","floor":25,"turns":8},{"damage":46,"enemies":"3 Cultists","floor":26,"turns":5},{"damage":83,"enemies":"conspire:SneckoGhost","floor":27,"turns":6}],"seed_played":"-3838522343796261949","potions_obtained":[{"floor":8.0,"key":"champ:CounterPotion"},{"floor":10.0,"key":"EssenceOfSteel"},{"floor":14.0,"key":"Adrenaline Potion"},{"floor":22.0,"key":"LiquidMemories"}],"is_trial":false,"path_per_floor":["R","M","M","$","?","$","T","M","?","M","R","?","R","E","M","B",null,"R","M","?","M","M","R","T","E","M","E"],"character_chosen":"SLIMEBOUND","items_purchased":["Slimebound:Prepare"],"campfire_rested":0,"item_purchase_floors":[4],"current_hp_per_floor":[60,60,60,60,60,60,60,58,46,55,55,55,55,60,60,60,60,60,53,53,51,53,53,53,53,51,0,0,0],"gold":284,"neow_bonus":"ONE_RANDOM_RARE_CARD","is_daily":false,"chose_seed":false,"campfire_upgraded":5,"win_rate":0.0,"timestamp":1610145553,"path_taken":["R","M","M","$","?","?","T","M","?","?","R","?","R","E","M","BOSS","R","M","?","?","M","R","T","E","M","E"],"items_purchased_type":["Card"],"build_version":"2020-12-22","purchased_purges":0,"victory":false,"max_hp_per_floor":[60,60,60,60,60,60,60,60,60,60,60,60,60,60,60,60,60,60,60,60,60,60,60,60,60,60,60,60,60],"card_choices":[{"not_picked":["Slimebound:GrowthPunch","Slimebound:Chomp"],"picked":"Slimebound:TongueLash","floor":2.0},{"not_picked":["Slimebound:PressTheAttack","Slimebound:LeechEnergy"],"picked":"Slimebound:Gluttony","floor":3.0},{"not_picked":["Slimebound:SplitAcid","Slimebound:Gluttony"],"picked":"Slimebound:Recycling","floor":4.0},{"not_picked":["Slimebound:ViciousTackle","Slimebound:LeechEnergy"],"picked":"Slimebound:ItLooksTasty","floor":6.0},{"not_picked":["Slimebound:SplitBruiser","Slimebound:GrowthPunch","Slimebound:FinishingTackle"],"picked":"SKIP","floor":8.0},{"not_picked":["Slimebound:GoopTackle","Slimebound:ComboTackle"],"picked":"Slimebound:LeechingTouch","floor":10.0},{"not_picked":["Slimebound:Nibble","Slimebound:SplitLeeching","Slimebound:DivideAndConquer"],"picked":"SKIP","floor":14.0},{"not_picked":["Slimebound:Schlurp","Slimebound:Teamwork","Slimebound:Repurpose"],"picked":"SKIP","floor":15.0},{"not_picked":["Slimebound:Overexert","Slimebound:Teamwork"],"picked":"Slimebound:SelfFormingGoo","floor":16.0},{"not_picked":["Slimebound:Schlurp","Slimebound:SplitLeeching","Slimebound:SplitAcid"],"picked":"SKIP","floor":19.0},{"not_picked":["Slimebound:SlimeBrawl","Slimebound:TongueLash"],"picked":"Slimebound:LeechEnergy","floor":21.0},{"not_picked":["Slimebound:FinishingTackle","Slimebound:Schlurp"],"picked":"Slimebound:RollThrough","floor":22.0},{"not_picked":["Slimebound:RainOfGoop+1","Slimebound:FormOfPuddle"],"picked":"Slimebound:HungryTackle","floor":25},{"not_picked":["Slimebound:SplitLeeching","Slimebound:SamplingLick"],"picked":"Slimebound:GrowthPunch","floor":26}],"player_experience":383168,"relics_obtained":[{"floor":7.0,"key":"hubris:DuctTape"},{"floor":14.0,"key":"vexMod:RedPlottingStone"},{"floor":24.0,"key":"hubris:SlimyHat"},{"floor":25,"key":"Replay:Wax Seal"}],"event_choices":[{"damage_healed":0.0,"max_hp_gain":0.0,"max_hp_loss":0.0,"gold_gain":0.0,"cards_transformed":["Slimebound:Strike_Slimebound"],"event_name":"Transmorgrifier","player_choice":"Transformed","floor":5.0,"gold_loss":0.0,"damage_taken":0.0,"cards_obtained":["Slimebound:FinishingTackle"]},{"damage_healed":0.0,"max_hp_gain":0.0,"max_hp_loss":0.0,"gold_gain":0.0,"event_name":"Scrap Ooze","player_choice":"Success","floor":9.0,"gold_loss":0.0,"damage_taken":12.0,"relics_obtained":["StuffTheSpire:EmeraldSignet"]},{"damage_healed":0.0,"max_hp_gain":0.0,"max_hp_loss":0.0,"gold_gain":0.0,"cards_transformed":["ShadowRift"],"event_name":"Transmorgrifier","player_choice":"Transformed","floor":20.0,"gold_loss":0.0,"damage_taken":0.0,"cards_obtained":["Slimebound:GoopTackle"]}],"is_beta":false,"boss_relics":[{"not_picked":["Abe\u0027s Treasure","aspiration:IroncladSkillbook","vexMod:FluxCapacitor"]}],"items_purged_floors":[],"is_endless":false,"potions_floor_spawned":[8,10,14,22],"killed_by":"conspire:SneckoGhost","ascension_level":1}}