{"host":"s7l2a3wroivred6i","time":1610064406,"event":{"mods":["AchievementEnabler","BaseMod","Better Altar","Better Match","Better Note","Better Sensory Stone","Better Skull","Better Synergies","Better Third Choice","BetterRewards","Conspire","Downfall","GifTheSpireLib","Hubris","Infinite Spire","Minty Spire (QoL Compilation)","Replay The Spire","Retaliation","StSLib","Stuff the Spire","The Blue Laboratory"],"gold_per_floor":[113,161,201,126,126,126,141,41,41,41,53,80,98,130,130,228,228,228,228],"floor_reached":18,"playtime":925,"items_purged":["Defend_B","Strike_B"],"score":168,"play_id":"968579da-12fa-47b9-a650-93a9ab13951d","local_time":"20210107190646","is_ascension_mode":false,"campfire_choices":[{"floor":6,"key":"REST"},{"data":"Gash","floor":10,"key":"SMITH"},{"floor":15,"key":"REST"}],"circlet_count":0,"master_deck":["Strike_B","Strike_B","Strike_B","Defend_B","Defend_B","Defend_B","Zap","Dualcast","Gash+1","Gash","hubris:Wrath","Replay:Fractal Strike","Purity"],"relics":["Cracked Core","Ancient Tea Set","StuffTheSpire:RubySignet","infinitespire:Freezer","Art of War","ReplayTheSpireMod:SealedPack"],"acts_visited":["Exordium","TheCity"],"potions_floor_usage":[16,16],"damage_taken":[{"damage":9,"enemies":"Cultist","floor":1,"turns":4},{"damage":0,"enemies":"Small Slimes","floor":7,"turns":3},{"damage":1,"enemies":"Jaw Worm","floor":11,"turns":3},{"damage":21,"enemies":"Lagavulin","floor":12,"turns":6},{"damage":4,"enemies":"Exordium Wildlife","floor":13,"turns":3},{"damage":25,"enemies":"3 Sentries","floor":14,"turns":7},{"damage":32,"enemies":"Hexaghost","floor":16,"turns":9},{"damage":27,"enemies":"Shell Parasite","floor":18,"turns":7}],"seed_played":"4478546322854955333","potions_obtained":[{"floor":1,"key":"blueLaboratory:PhilterOfMotion"},{"floor":3,"key":"DuplicationPotion"},{"floor":3,"key":"Adrenaline Potion"},{"floor":16,"key":"Elixir"}],"is_trial":false,"path_per_floor":["M","T","?","$","T","R","M","$","T","R","M","E","M","E","R","B",null,"M"],"character_chosen":"DEFECT","items_purchased":[],"campfire_rested":2,"item_purchase_floors":[],"current_hp_per_floor":[73,73,53,53,53,77,77,77,77,77,76,55,51,26,50,18,82,55,55],"gold":228,"neow_bonus":"TEN_PERCENT_HP_BONUS","is_daily":false,"chose_seed":false,"campfire_upgraded":1,"win_rate":0.0,"timestamp":1610064406,"path_taken":["M","?","?","$","?","R","M","$","T","R","M","E","M","E","R","BOSS","M"],"items_purchased_type":[],"build_version":"2020-12-22","purchased_purges":2,"victory":false,"max_hp_per_floor":[82,82,82,82,82,82,82,82,82,82,82,82,82,82,82,82,82,82,82],"card_choices":[{"not_picked":["Ball Lightning","Rebound"],"picked":"Gash","floor":1},{"not_picked":["Beam Cell","Turbo"],"picked":"Gash","floor":3},{"not_picked":["Capacitor","Beam Cell","Compile Driver"],"picked":"SKIP","floor":7},{"not_picked":["Conserve Battery","Cold Snap","Ball Lightning"],"picked":"SKIP","floor":11},{"not_picked":["Genetic Algorithm","Turbo","Self Repair"],"picked":"SKIP","floor":12},{"not_picked":["Leap","Turbo","Capacitor"],"picked":"SKIP","floor":13},{"not_picked":["ReplayTheSpireMod:Omega Cannon","Crystallizer","Tempest"],"picked":"SKIP","floor":14},{"not_picked":["ReplayTheSpireMod:Chaos Vortex","ReplayTheSpireMod:??????????????????????"],"picked":"Replay:Fractal Strike","floor":17},{"not_picked":["expansioncontent:PrepareCrush","Madness"],"picked":"Purity","floor":17}],"player_experience":315861,"relics_obtained":[{"floor":2,"key":"Ancient Tea Set"},{"floor":5,"key":"StuffTheSpire:RubySignet"},{"floor":12,"key":"infinitespire:Freezer"},{"floor":14,"key":"Art of War"}],"event_choices":[],"is_beta":false,"boss_relics":[{"not_picked":["Painkiller Herb","Velvet Choker"],"picked":"ReplayTheSpireMod:SealedPack"}],"items_purged_floors":[4,8],"is_endless":false,"potions_floor_spawned":[1,12,14,16],"killed_by":"Shell Parasite","ascension_level":0}}