{"host":"anox4050deqdcqoh","time":1610120478,"event":{"mods":["BaseMod","Colored Map","Highlight Path","Minty Spire (QoL Compilation)","Quick Restart","Rare Cards Sparkle","everything is the same but u backflip on backflip"],"gold_per_floor":[119,129,139,18,32,32,61,61,61,61,61],"floor_reached":10,"playtime":412,"items_purged":[],"score":102,"play_id":"811278d8-f8b7-416b-8a54-820f56ede4b2","local_time":"20210108104118","is_ascension_mode":true,"campfire_choices":[{"data":"Flame Barrier","floor":6.0,"key":"SMITH"},{"data":"Barricade","floor":8.0,"key":"SMITH"}],"circlet_count":0,"master_deck":["Strike_R","Strike_R","Strike_R","Strike_R","Strike_R","Defend_R","Defend_R","Defend_R","Defend_R","Bash","Barricade+1","Flame Barrier+1","Power Through","Juggernaut","Armaments","Battle Trance","Spot Weakness"],"relics":["Burning Blood","Meat on the Bone","StrikeDummy"],"acts_visited":["Exordium"],"potions_floor_usage":[],"damage_taken":[{"damage":6.0,"enemies":"Cultist","floor":1.0,"turns":3.0},{"damage":4.0,"enemies":"2 Louse","floor":2.0,"turns":4.0},{"damage":4.0,"enemies":"Jaw Worm","floor":3.0,"turns":5.0},{"damage":15.0,"enemies":"2 Fungi Beasts","floor":5.0,"turns":7.0},{"damage":0.0,"enemies":"Lagavulin","floor":7.0,"turns":10.0},{"damage":58,"enemies":"Gremlin Nob","floor":10,"turns":6}],"seed_played":"-4249773845354384217","potions_obtained":[{"floor":1.0,"key":"Dexterity Potion"},{"floor":7.0,"key":"Block Potion"}],"is_trial":false,"path_per_floor":["M","M","M","$","M","R","E","R","T","E"],"character_chosen":"IRONCLAD","items_purchased":["Juggernaut","Armaments"],"campfire_rested":0,"item_purchase_floors":[4,4],"current_hp_per_floor":[56,58,60,60,51,51,57,57,57,0,0],"gold":61,"neow_bonus":"THREE_RARE_CARDS","is_daily":false,"chose_seed":false,"campfire_upgraded":2,"win_rate":0.0,"timestamp":1610120478,"path_taken":["M","?","M","$","M","R","E","R","T","E"],"items_purchased_type":["Card","Card"],"build_version":"2020-12-22","purchased_purges":0,"victory":false,"max_hp_per_floor":[80,80,80,80,80,80,80,80,80,80,80],"card_choices":[{"not_picked":["Double Tap","Corruption"],"picked":"Barricade","floor":0.0},{"not_picked":["Clash","Pommel Strike"],"picked":"Flame Barrier","floor":1.0},{"not_picked":["Carnage","Havoc"],"picked":"Power Through","floor":2.0},{"not_picked":["Sword Boomerang","Dual Wield","Hemokinesis"],"picked":"SKIP","floor":3.0},{"not_picked":["Flex","Thunderclap"],"picked":"Battle Trance","floor":5.0},{"not_picked":["Blood for Blood","Combust"],"picked":"Spot Weakness","floor":7.0}],"player_experience":311008,"relics_obtained":[{"floor":7.0,"key":"Meat on the Bone"},{"floor":9.0,"key":"StrikeDummy"}],"event_choices":[],"is_beta":false,"boss_relics":[],"items_purged_floors":[],"is_endless":false,"potions_floor_spawned":[1,7],"killed_by":"Gremlin Nob","ascension_level":2}}