{"host":"a3oe3gstxz77c7qu","time":1610133004,"event":{"mods":["2.2 Compatiblity","Act Like it!","BaseMod","Bestiary","Better Altar","Better Match","Better Note","Better Skull","Better Third Choice","Block Reminder","Curses Come First","Custom Start","Downfall","Friendly Minions","GifTheSpireLib","Hermit","Infinite Spire","Jorbs\u0027s Wanderer Trilogy","Lobotomy","LobotomyExtend","Marisa????????","Minty Spire (QoL Compilation)","Permanent Neow","Quick Restart","Relic Stats","Replay The Spire","StSLib","The Bug Knight","The Disciple","Uncapped","Wandering Minibosses"],"gold_per_floor":[111,111,124,141,66,66,93,105,105,105,105,134,148,148,148,246,346,362,376,388,406,421,453,453,473,473,499,499,512,512,532,532,634,634,648,659,659,677,688,688,705,705,705,705,705,733,633,652,652,652,652],"floor_reached":52,"playtime":3027,"items_purged":["Strike_MRS","Strike_MRS","Strike_MRS"],"score":1074,"play_id":"e64892c1-ae51-49fb-9a4c-70fa1ee7b79a","local_time":"20210108191004","is_ascension_mode":true,"campfire_choices":[{"data":"Singularity","floor":6.0,"key":"SMITH"},{"data":"GalacticHalo","floor":10.0,"key":"SMITH"},{"data":"EnergyFlow","floor":15.0,"key":"SMITH"},{"data":"AbsoluteMagnitude","floor":24,"key":"SMITH"},{"data":"GalacticHalo","floor":28,"key":"SMITH"},{"data":"AsteroidBelt","floor":30,"key":"SMITH"},{"data":"Phantasmal Killer","floor":32,"key":"SMITH"},{"floor":40,"key":"REST"},{"floor":42,"key":"REST"},{"floor":49,"key":"REST"}],"circlet_count":0,"master_deck":["Defend_MRS+1","Defend_MRS+1","Defend_MRS+1","Defend_MRS+1","UpSweep","Singularity+1","Neutralize","Deflect","GalacticHalo+1","EnergyFlow+1","FairyFestival","Outmaneuver","Phantasmal Killer+1","Funeral","AbsoluteMagnitude+1","EnergyFlow","BlackArmy","GalacticHalo+1","EnergyRecoil","AsteroidBelt+1","DespairKnight","EnergyFlow","PowerUp","AsteroidBelt","infinitespire:NeuralNetwork"],"relics":["CogitoBucket","RabbitCall","LetterFromLob","m_TsuchinokoRing","Akabeko","Nunchaku","ShroomBag","AspirationHeart","Replay:Wanted Poster","BackwardClock","ReplayTheSpireMod:Shallot","Matryoshka","Bag of Preparation","SkinProphecy","Cursed Key","Kunai","Replay:Bottled Eggs"],"acts_visited":["Exordium","TheCity","TheBeyond"],"potions_floor_usage":[33,50,50,50],"damage_taken":[{"damage":0.0,"enemies":"Small Slimes","floor":1.0,"turns":3.0},{"damage":3.0,"enemies":"2 Louse","floor":3.0,"turns":3.0},{"damage":0.0,"enemies":"Cultist","floor":4.0,"turns":3.0},{"damage":2.0,"enemies":"HollowMod:MossKnight","floor":7.0,"turns":6.0},{"damage":0.0,"enemies":"Blue Slaver","floor":8.0,"turns":4.0},{"damage":5.0,"enemies":"The Mushroom Lair","floor":12.0,"turns":6.0},{"damage":10.0,"enemies":"Red Slaver","floor":13.0,"turns":5.0},{"damage":11.0,"enemies":"Fading Forest","floor":16.0,"turns":11.0},{"damage":0.0,"enemies":"Chosen","floor":18.0,"turns":4.0},{"damage":6.0,"enemies":"Snake Plant","floor":19.0,"turns":4.0},{"damage":24.0,"enemies":"3 Cultists","floor":20.0,"turns":7.0},{"damage":25.0,"enemies":"Centurion and Healer","floor":21.0,"turns":4.0},{"damage":6.0,"enemies":"Sentry and Sphere","floor":22.0,"turns":5.0},{"damage":3,"enemies":"Replay:Snechameleon","floor":23,"turns":5},{"damage":0,"enemies":"Snecko","floor":25,"turns":4},{"damage":0,"enemies":"Book of Stabbing","floor":27,"turns":3},{"damage":1,"enemies":"Chosen and Byrds","floor":29,"turns":9},{"damage":1,"enemies":"Snake Plant","floor":31,"turns":4},{"damage":0,"enemies":"Automaton","floor":33,"turns":6},{"damage":21,"enemies":"3 Darklings","floor":35,"turns":9},{"damage":0,"enemies":"Orb Walker","floor":36,"turns":3},{"damage":36,"enemies":"Jaw Worm Horde","floor":38,"turns":5},{"damage":9,"enemies":"Writhing Mass","floor":39,"turns":6},{"damage":26,"enemies":"3 Darklings","floor":41,"turns":5},{"damage":0,"enemies":"Giant Head","floor":46,"turns":3},{"damage":0,"enemies":"Maw","floor":48,"turns":3},{"damage":0,"enemies":"infinitespire:MassOfShapes","floor":50,"turns":6}],"seed_played":"3603874661953312369","potions_obtained":[{"floor":1.0,"key":"Death Potion"},{"floor":8.0,"key":"Reflective Coating"},{"floor":16.0,"key":"Languid Potion"},{"floor":19.0,"key":"AttackPotion"},{"floor":25,"key":"Energy Potion"},{"floor":31,"key":"Reflective Coating"},{"floor":41,"key":"LifebloodPotion"}],"is_trial":false,"path_per_floor":["M","?","M","M","$","R","E","M","T","R","E","?","M","?","R","B",null,"M","M","M","M","M","E","R","M","T","E","R","M","R","M","R","B",null,"M","M","?","M","M","R","M","R","T","?","AVR","E","$","M","R","B",null,null],"character_chosen":"MARISA","items_purchased":[],"campfire_rested":3,"item_purchase_floors":[],"current_hp_per_floor":[75,75,72,72,72,72,70,70,70,70,75,75,77,77,77,85,85,85,76,64,43,43,50,50,55,55,63,63,82,82,80,80,83,83,71,71,71,38,28,55,33,60,60,60,60,58,58,55,84,85,85],"gold":652,"neow_bonus":"","is_daily":false,"chose_seed":false,"campfire_upgraded":7,"win_rate":0.0,"timestamp":1610133004,"path_taken":["M","?","M","M","$","R","E","M","T","R","E","?","M","?","R","BOSS","M","?","M","M","M","E","R","M","T","E","R","M","R","M","R","BOSS","M","M","?","M","M","R","M","R","T","?","AVR","E","$","?","R","BOSS"],"items_purchased_type":[],"build_version":"2020-12-22","purchased_purges":3,"victory":true,"max_hp_per_floor":[75,75,75,75,75,75,75,75,75,75,75,75,85,85,85,85,85,85,82,82,82,82,82,82,82,82,82,82,82,82,84,84,83,83,85,87,87,89,91,91,93,93,93,93,93,95,95,97,97,96,96],"relic_stats":{"Nunchaku":[5],"counters":[30,139],"Bag of Preparation":[22],"Kunai":[0],"Cursed Key":0,"obtain_stats":[{"RabbitCall":0,"BackwardClock":21,"AspirationHeart":13,"Bag of Preparation":27,"SkinProphecy":29,"Cursed Key":34,"Akabeko":7,"Replay:Wanted Poster":17,"ShroomBag":12,"CogitoBucket":0,"Nunchaku":9,"Matryoshka":26,"m_TsuchinokoRing":2,"ReplayTheSpireMod:Shallot":23,"LetterFromLob":1,"MiniHakkero":0,"Kunai":45,"Replay:Bottled Eggs":46},{"RabbitCall":0,"BackwardClock":14,"AspirationHeart":8,"Bag of Preparation":18,"SkinProphecy":20,"Cursed Key":22,"Akabeko":4,"Replay:Wanted Poster":9,"ShroomBag":6,"CogitoBucket":0,"Nunchaku":5,"Matryoshka":17,"m_TsuchinokoRing":1,"ReplayTheSpireMod:Shallot":16,"LetterFromLob":1,"MiniHakkero":0,"Kunai":27,"Replay:Bottled Eggs":28},{"RabbitCall":0,"BackwardClock":62,"AspirationHeart":31,"Bag of Preparation":79,"SkinProphecy":89,"Cursed Key":99,"Akabeko":15,"Replay:Wanted Poster":42,"ShroomBag":25,"CogitoBucket":0,"Nunchaku":19,"Matryoshka":76,"m_TsuchinokoRing":3,"ReplayTheSpireMod:Shallot":72,"LetterFromLob":3,"MiniHakkero":0,"Kunai":127,"Replay:Bottled Eggs":130}]},"card_choices":[{"not_picked":["PulseMagic","PowerUp"],"picked":"Singularity","floor":1.0},{"not_picked":["MHz","SpiderBud","VoidDream"],"picked":"Singing Bowl","floor":1.0},{"not_picked":["MaximisePower","GasGiant"],"picked":"Deflect","floor":3.0},{"not_picked":["VoidDream","OSAHOGD","BeautyBeast"],"picked":"Singing Bowl","floor":3.0},{"not_picked":["Alriune","Scorched","OldLady"],"picked":"Singing Bowl","floor":4.0},{"not_picked":["Dagger Throw","UnstableBomb","6A"],"picked":"SKIP","floor":4.0},{"not_picked":["UnstableBomb","6A"],"picked":"GalacticHalo","floor":7.0},{"not_picked":["CherryBlossoms","BigBadWolf","Scorched"],"picked":"Singing Bowl","floor":7.0},{"not_picked":["Prepared","OortCloud"],"picked":"EnergyFlow","floor":8.0},{"not_picked":["VoidDream","Porccubus"],"picked":"FairyFestival","floor":8.0},{"not_picked":["MillisecondPulsars","IllusionStar"],"picked":"Outmaneuver","floor":12.0},{"not_picked":["Scorched","LongBird","WallGazer"],"picked":"Singing Bowl","floor":12.0},{"not_picked":["Dagger Throw","ChargeUpSpray"],"picked":"Phantasmal Killer","floor":13.0},{"not_picked":["BeautyBeast","SpiderBud","Scarecrow"],"picked":"Singing Bowl","floor":13.0},{"not_picked":["VoidDream","SilentOrchestra"],"picked":"Funeral","floor":13.0},{"not_picked":["SuperNova","SatelliteIllusion"],"picked":"AbsoluteMagnitude","floor":16.0},{"not_picked":["BigBird","PunishingBird","WallGazer"],"picked":"Singing Bowl","floor":16.0},{"not_picked":["ShootingEcho","MilkyWay"],"picked":"EnergyFlow","floor":18.0},{"not_picked":["Bloodbath","BodiesMountain","CherryBlossoms"],"picked":"Singing Bowl","floor":18.0},{"not_picked":["Alriune","Variant"],"picked":"BlackArmy","floor":18.0},{"not_picked":["UnstableBomb","BigCrunch"],"picked":"GalacticHalo","floor":19.0},{"not_picked":["LittlePrince","BeautyBeast","OldLady"],"picked":"Singing Bowl","floor":19.0},{"not_picked":["BeautyBeast","SingingMachine","QueenOfHatred"],"picked":"Singing Bowl","floor":20.0},{"not_picked":["NonDirectionalLaser+1","UnstableBomb","DC+1"],"picked":"SKIP","floor":20.0},{"not_picked":["DarkSpark+1","6A+1"],"picked":"EnergyRecoil","floor":21.0},{"not_picked":["BeautyBeast","LittleHelper","UniverseFragment"],"picked":"Singing Bowl","floor":21.0},{"not_picked":["WitchOfGreed+1","Robbery+1"],"picked":"MagicAbsorber+1","floor":22},{"not_picked":["Scorched","LittlePrince","QueenBee"],"picked":"Singing Bowl","floor":23},{"not_picked":["OpenUniverse","GravityBeat","WitchLeyline"],"picked":"SKIP","floor":23},{"not_picked":["Murderer","ShyLook","LongBird"],"picked":"Singing Bowl","floor":25},{"not_picked":["Calculated Gamble","MagicChant","ManaConvection"],"picked":"SKIP","floor":25},{"not_picked":["Freischutz","LongBird","SingingMachine"],"picked":"Singing Bowl","floor":27},{"not_picked":["ChargeUpSpray","DC","Night Terror"],"picked":"SKIP","floor":27},{"not_picked":["Prepared","A Thousand Cuts"],"picked":"AsteroidBelt","floor":29},{"not_picked":["UniverseFragment","NakedNest","BlueStar"],"picked":"Singing Bowl","floor":29},{"not_picked":["Murderer","BlackSwan","LongBird"],"picked":"Singing Bowl","floor":31},{"not_picked":["ShootingEcho+1","AsteroidBelt","6A+1"],"picked":"SKIP","floor":31},{"not_picked":["CherryBlossoms","Laetitia","BigBird"],"picked":"Singing Bowl","floor":33},{"not_picked":["WhiteNight","SingingMachine"],"picked":"DespairKnight","floor":33},{"not_picked":["Orbital+1","DoubleSpark"],"picked":"EnergyFlow","floor":35},{"not_picked":["LongBird","OldLady","Murderer"],"picked":"Singing Bowl","floor":35},{"not_picked":["GravityBeat+1","EventHorizon+1"],"picked":"PowerUp","floor":36},{"not_picked":["CrumblingArmor","GreedKing","GalaxyChild"],"picked":"Singing Bowl","floor":36},{"not_picked":["Alriune","WallGazer","WhiteNight"],"picked":"Singing Bowl","floor":38},{"not_picked":["DeepEcoloBomb+1","Acceleration","WitchLeyline+1"],"picked":"SKIP","floor":38},{"not_picked":["DreamingCurrent","CherryBlossoms","SpiderBud"],"picked":"Singing Bowl","floor":39},{"not_picked":["DC+1","UnstableBomb+1","MagicChant"],"picked":"SKIP","floor":39},{"not_picked":["PulseMagic+1","GrandCross+1"],"picked":"AsteroidBelt","floor":41},{"not_picked":["DreamingCurrent","QueenBee","HappyTeddy"],"picked":"Singing Bowl","floor":41},{"not_picked":["LaLuna","Murderer","LongBird"],"picked":"Singing Bowl","floor":46},{"not_picked":["NonDirectionalLaser+1","SporeBomb","SuperPerseids"],"picked":"SKIP","floor":46},{"not_picked":["OneTimeOff","WitchLeyline"],"picked":"ChargingUp","floor":48},{"not_picked":["WhiteNight","RedShoes","FieryBird"],"picked":"Singing Bowl","floor":48}],"player_experience":938039,"relics_obtained":[{"floor":1.0,"key":"LetterFromLob"},{"floor":7.0,"key":"Akabeko"},{"floor":9.0,"key":"Nunchaku"},{"floor":12.0,"key":"ShroomBag"},{"floor":23,"key":"ReplayTheSpireMod:Shallot"},{"floor":26,"key":"Matryoshka"},{"floor":27,"key":"Bag of Preparation"},{"floor":46,"key":"Replay:Bottled Eggs"}],"event_choices":[{"damage_healed":0.0,"max_hp_gain":0.0,"max_hp_loss":0.0,"gold_gain":0.0,"event_name":"Mushrooms_MRS","player_choice":"Fought Mushrooms","floor":12.0,"gold_loss":0.0,"damage_taken":0.0},{"cards_removed":["Strike_MRS"],"damage_healed":0.0,"max_hp_gain":0.0,"max_hp_loss":0.0,"gold_gain":0.0,"event_name":"Bonfire Elementals","player_choice":"Offered Basic","floor":14.0,"gold_loss":0.0,"damage_taken":0.0},{"damage_healed":0,"gold_gain":0,"player_choice":"Ignored","damage_taken":0,"max_hp_gain":0,"max_hp_loss":0,"event_name":"Transmorgrifier","floor":44,"gold_loss":0}],"is_beta":false,"boss_relics":[{"not_picked":["ChewingGum","Snecko Heart"],"picked":"Replay:Wanted Poster"},{"not_picked":["Velvet Choker","Runic Pyramid"],"picked":"Cursed Key"}],"items_purged_floors":[5,45,47],"is_endless":false,"potions_floor_spawned":[1,8,16,19,25,29,31,41,48],"ascension_level":4}}