{"host":"axbb6sj12fvt0d3b","time":1610068521,"event":{"mods":["AchievementEnabler","BaseMod","Better Altar","Better Match","Better Note","Better Sensory Stone","Better Skull","Better Third Choice","BetterRewards","Colored Map","Conspire","Downfall","Hermit","Highlight Path","Infinite Spire","Mimic Mod","Minty Spire (QoL Compilation)","Replay The Spire","Shop Mod","Spicy Shops","StSLib","The Cursed","The Jungle","The Runesmith","The Sage"],"gold_per_floor":[117,117,133,148,168,168,168,168,168,168,168,168,186,197,212,230,230,340,340,363,381,406,406,184,184,208,208,208,208,233,262,262,284,284,284,284],"floor_reached":35,"playtime":2124,"items_purged":[],"score":280,"play_id":"0a74bdc5-627f-4ead-b270-5687cc1e4810","local_time":"20210107191521","is_ascension_mode":false,"campfire_choices":[{"data":"hermit:BigShot","floor":6.0,"key":"SMITH"},{"floor":8.0,"key":"REST"},{"floor":17.0,"key":"REST"},{"floor":25,"key":"REST"},{"floor":27,"key":"REST"},{"floor":34,"key":"REST"}],"circlet_count":0,"master_deck":["hermit:Strike_Hermit","hermit:Strike_Hermit","hermit:Strike_Hermit","hermit:Defend_Hermit","hermit:Defend_Hermit","hermit:Defend_Hermit","hermit:Defend_Hermit","hermit:Snapshot+1","hermit:Covet","hermit:Ricochet","Pain","hermit:Roulette","hermit:Scavenge","hermit:BigShot+2","hermit:BigShot","hermit:Enervate","hermit:GoldenBullet","hermit:Headshot","hermit:Scavenge","hermit:Adapt","Regret","TheCursedMod:Dregs","ReplayTheSpireMod:Faulty Equipment","hermit:Dive","hermit:Deadeye+1","hermit:EyeOfTheStorm","hermit:TakeAim+1","hermit:Horror","hermit:CalledShot+1","hermit:Ricochet+1","hermit:Glare"],"relics":["hermit:Momento","WarpedTongs","infinitespire:Joker Card","conspire:InfiniteJournal","Replay:Ancient Bell","Bronze Scales","Iron Hammer","Mango","Happy Flower","Gremlin Food","conspire:GlowingRock"],"acts_visited":["Exordium","TheCity"],"potions_floor_usage":[22,26,33],"damage_taken":[{"damage":0.0,"enemies":"2 Louse","floor":1.0,"turns":3.0},{"damage":0.0,"enemies":"Cultist","floor":3.0,"turns":2.0},{"damage":5.0,"enemies":"Small Slimes","floor":4.0,"turns":3.0},{"damage":0.0,"enemies":"Gremlin Gang","floor":5.0,"turns":2.0},{"damage":0.0,"enemies":"2 Fungi Beasts","floor":13.0,"turns":4.0},{"damage":11.0,"enemies":"3 Louse","floor":14.0,"turns":3.0},{"damage":21.0,"enemies":"Lots of Slimes","floor":15.0,"turns":5.0},{"damage":5.0,"enemies":"2 Fungi Beasts","floor":16.0,"turns":3.0},{"damage":31.0,"enemies":"Hexaghost","floor":18.0,"turns":7.0},{"damage":13.0,"enemies":"3 Byrds","floor":20.0,"turns":4.0},{"damage":6.0,"enemies":"Shell Parasite","floor":21.0,"turns":7.0},{"damage":16,"enemies":"Shelled Parasite and Fungi","floor":22,"turns":6},{"damage":16,"enemies":"Cultist and Chosen","floor":26,"turns":5},{"damage":4,"enemies":"Centurion and Healer","floor":30,"turns":3},{"damage":9,"enemies":"Chosen and Byrds","floor":31,"turns":3},{"damage":28,"enemies":"Shelled Parasite and Fungi","floor":33,"turns":5},{"damage":9,"enemies":"Automaton","floor":35,"turns":4}],"seed_played":"6050671529536031949","potions_obtained":[{"floor":1.0,"key":"Explosive Potion"},{"floor":4.0,"key":"Elixir"},{"floor":13.0,"key":"Milkshake"},{"floor":18.0,"key":"Flashbang"},{"floor":20.0,"key":"DistilledChaos"},{"floor":21.0,"key":"Swift Potion"},{"floor":22,"key":"Venom Potion"},{"floor":31,"key":"Swift Potion"}],"is_trial":false,"path_per_floor":["M","?","M","M","M","R","?","R","T","PTL","PTL","?","M","M","M","M","R","B",null,"M","M","M","?","$","R","M","R","T","?","M","M","?","M","R","B"],"character_chosen":"HERMIT","items_purchased":["hermit:TakeAim","Gremlin Food"],"campfire_rested":5,"item_purchase_floors":[24,24],"current_hp_per_floor":[82,82,82,77,77,77,70,82,82,82,82,82,82,71,50,45,69,38,96,83,77,61,61,61,89,73,96,96,96,92,83,88,60,88,79,79],"gold":284,"neow_bonus":"TEN_PERCENT_HP_BONUS","is_daily":false,"chose_seed":false,"campfire_upgraded":1,"win_rate":0.0,"timestamp":1610068521,"path_taken":["M","?","M","M","?","R","?","R","T","PTL","PTL","?","M","M","M","M","R","BOSS","M","?","M","?","$","R","M","R","T","?","?","M","?","M","R","BOSS"],"items_purchased_type":["Card","Relic"],"build_version":"2020-12-22","purchased_purges":0,"victory":false,"max_hp_per_floor":[82,82,82,82,82,82,82,82,82,82,82,82,82,82,82,82,82,82,96,96,96,96,96,96,96,96,96,96,96,96,96,96,96,96,96,96],"card_choices":[{"not_picked":["hermit:Snipe","hermit:Horror"],"picked":"hermit:Ricochet","floor":1.0},{"not_picked":["hermit:Misfire","hermit:SprayPray"],"picked":"hermit:Roulette","floor":3.0},{"not_picked":["hermit:Determination","hermit:ItchyTrigger"],"picked":"hermit:Scavenge","floor":4.0},{"not_picked":["hermit:Shortfuse","hermit:Scavenge"],"picked":"hermit:BigShot","floor":5.0},{"not_picked":["hermit:RoundhouseKick","hermit:Feint"],"picked":"hermit:Enervate","floor":13.0},{"not_picked":["hermit:SprayPray","hermit:DeadMansHand"],"picked":"hermit:GoldenBullet","floor":14.0},{"not_picked":["hermit:HighCaliber","hermit:Shortfuse"],"picked":"hermit:Headshot","floor":15.0},{"not_picked":["hermit:Ricochet","hermit:LowProfile"],"picked":"hermit:Scavenge","floor":16.0},{"not_picked":["hermit:OverwhelmingPower","hermit:RoundhouseKick"],"picked":"hermit:Adapt","floor":18.0},{"not_picked":["Amnesia","ReplayTheSpireMod:IOU"],"picked":"Regret","floor":19.0},{"not_picked":["Spreading Infection","ReplayTheSpireMod:Doomed"],"picked":"TheCursedMod:Dregs","floor":19.0},{"not_picked":["betterMatch:CurseCard","conspire:NecroticWound"],"picked":"ReplayTheSpireMod:Faulty Equipment","floor":19.0},{"not_picked":["hermit:TakeCover+1","hermit:BodyArmor+1"],"picked":"hermit:Dive","floor":20.0},{"not_picked":["hermit:HoleUp+1","hermit:Misfire"],"picked":"hermit:Deadeye+1","floor":21.0},{"not_picked":["hermit:Misfire+1","hermit:SprayPray"],"picked":"hermit:EyeOfTheStorm","floor":22},{"not_picked":["hermit:Desperado","hermit:HighCaliber"],"picked":"hermit:Horror","floor":26},{"not_picked":["hermit:HighCaliber","hermit:Feint+1"],"picked":"hermit:CalledShot+1","floor":30},{"not_picked":["hermit:BlackWind","hermit:Spite"],"picked":"hermit:Ricochet+1","floor":31},{"not_picked":["hermit:HighCaliber","hermit:Headshot+1"],"picked":"hermit:Glare","floor":33}],"player_experience":112615,"relics_obtained":[{"floor":9.0,"key":"conspire:InfiniteJournal"},{"floor":28,"key":"conspire:GlowingRock"}],"event_choices":[{"damage_healed":0.0,"max_hp_gain":0.0,"max_hp_loss":0.0,"gold_gain":0.0,"event_name":"Accursed Blacksmith","player_choice":"Rummage","floor":2.0,"gold_loss":0.0,"damage_taken":0.0,"relics_obtained":["WarpedTongs"],"cards_obtained":["Pain"]},{"damage_healed":0.0,"max_hp_gain":0.0,"max_hp_loss":0.0,"gold_gain":0.0,"event_name":"betterThird:BetterScrap","player_choice":"Relic ","floor":7.0,"gold_loss":0.0,"damage_taken":7.0,"cards_obtained":["Infernal Blade"]},{"damage_healed":0.0,"max_hp_gain":0.0,"max_hp_loss":0.0,"gold_gain":0.0,"cards_transformed":["hermit:Strike_Hermit"],"event_name":"Transmorgrifier","player_choice":"Transformed","floor":12.0,"gold_loss":0.0,"damage_taken":0.0,"cards_obtained":["hermit:BigShot"]},{"damage_healed":0,"gold_gain":0,"player_choice":"Gave Potion","damage_taken":0,"relics_obtained":["Happy Flower"],"max_hp_gain":0,"max_hp_loss":0,"event_name":"WeMeetAgain","floor":23,"gold_loss":0},{"damage_healed":0,"gold_gain":0,"player_choice":"Leave","damage_taken":0,"max_hp_gain":0,"max_hp_loss":0,"event_name":"FaceTrader","floor":29,"gold_loss":0},{"damage_healed":5,"gold_gain":0,"player_choice":"LEAVE ","damage_taken":0,"relics_obtained":[],"max_hp_gain":0,"max_hp_loss":0,"event_name":"betterSkull:BetterSkull","floor":32,"gold_loss":0,"cards_upgraded":[]}],"is_beta":false,"boss_relics":[{"not_picked":["Sozu","conspire:RoyalGoblet"],"picked":"Replay:Ancient Bell"},{"not_picked":["PreservedInsect","Juzu Bracelet"],"picked":"Bronze Scales"},{"not_picked":["infinitespire:FocusingShard","Question Card"],"picked":"Iron Hammer"},{"not_picked":["Pondfish Scales","Replay:Kaleidoscope"],"picked":"Mango"}],"items_purged_floors":[],"is_endless":false,"potions_floor_spawned":[1,4,13,18,20,21,22,31],"killed_by":"Automaton","ascension_level":0}}