{"host":"pl1fbpkom0aq337f","time":1610103174,"event":{"mods":["AchievementEnabler","BaseMod","Colored Map","Minty Spire (QoL Compilation)"],"gold_per_floor":[115,128,52,69,69,69,92,92,92,92,125,141,51,90,90,90,216,216,240,339,339,59,83,122,190,190,217,217,267,282,282,282],"floor_reached":31,"playtime":1063,"items_purged":[],"score":461,"play_id":"fa48ee4b-6501-47f3-afdd-31c9b152741a","local_time":"20210108115254","is_ascension_mode":true,"campfire_choices":[{"data":"Chaos","floor":6,"key":"SMITH"},{"data":"Defragment","floor":10,"key":"SMITH"},{"data":"Defragment","floor":16,"key":"SMITH"},{"data":"Capacitor","floor":26,"key":"SMITH"},{"data":"Defragment","floor":28,"key":"SMITH"}],"circlet_count":0,"master_deck":["AscendersBane","Zap","Dualcast","Chaos+1","Defragment+1","Cold Snap","Barrage","Defragment+1","Storm+1","Coolheaded","Coolheaded","Electrodynamics","Blizzard","Defragment+1","Heatsinks","Capacitor+1"],"relics":["Cracked Core","Bird Faced Urn","Golden Idol","Symbiotic Virus","Sundial","Bottled Flame","Pandora\u0027s Box","SsserpentHead","Matryoshka","Oddly Smooth Stone","Toy Ornithopter","Juzu Bracelet"],"acts_visited":["Exordium","TheCity"],"potions_floor_usage":[11,11,14,24,30,30],"damage_taken":[{"damage":4,"enemies":"Small Slimes","floor":1,"turns":3},{"damage":6,"enemies":"2 Louse","floor":2,"turns":3},{"damage":1,"enemies":"Cultist","floor":4,"turns":4},{"damage":7,"enemies":"2 Fungi Beasts","floor":7,"turns":3},{"damage":0,"enemies":"Gremlin Nob","floor":11,"turns":3},{"damage":16,"enemies":"Lots of Slimes","floor":12,"turns":4},{"damage":21,"enemies":"3 Sentries","floor":14,"turns":6},{"damage":4,"enemies":"Hexaghost","floor":17,"turns":9},{"damage":0,"enemies":"3 Byrds","floor":19,"turns":2},{"damage":0,"enemies":"Spheric Guardian","floor":23,"turns":3},{"damage":36,"enemies":"Slavers","floor":24,"turns":4},{"damage":19,"enemies":"Snecko","floor":25,"turns":4},{"damage":34,"enemies":"Snake Plant","floor":30,"turns":3},{"damage":19,"enemies":"Centurion and Healer","floor":31,"turns":1}],"seed_played":"860528924971045221","potions_obtained":[{"floor":1,"key":"Strength Potion"},{"floor":4,"key":"BlessingOfTheForge"},{"floor":11,"key":"EssenceOfSteel"},{"floor":12,"key":"LiquidBronze"},{"floor":19,"key":"AttackPotion"},{"floor":24,"key":"FearPotion"},{"floor":29,"key":"Energy Potion"}],"is_trial":false,"path_per_floor":["M","M","$","M","?","R","M","?","T","R","E","M","$","E","?","R","B",null,"M","?","?","$","M","E","M","R","T","R","?","M","M"],"character_chosen":"DEFECT","items_purchased":["Defragment","Storm","Coolheaded","Defragment","Matryoshka"],"campfire_rested":0,"item_purchase_floors":[3,13,13,22,22],"current_hp_per_floor":[64,58,58,59,59,59,54,59,59,59,61,47,47,32,32,32,34,60,68,68,68,68,68,38,29,29,29,29,29,15,0,0],"gold":282,"neow_bonus":"ONE_RARE_RELIC","is_daily":false,"chose_seed":false,"campfire_upgraded":5,"win_rate":0.0,"timestamp":1610103174,"path_taken":["M","M","$","M","?","R","M","?","T","R","E","M","$","E","?","R","BOSS","M","?","?","$","M","E","?","R","T","R","?","M","M"],"items_purchased_type":["Card","Card","Card","Card","Relic"],"build_version":"2020-12-22","purchased_purges":0,"victory":false,"max_hp_per_floor":[68,68,68,68,63,63,63,68,68,68,68,68,68,68,68,68,68,68,68,68,68,68,68,68,68,68,68,68,68,68,68,68],"card_choices":[{"not_picked":["Scrape","Beam Cell","Leap"],"picked":"SKIP","floor":1},{"not_picked":["Conserve Battery","Barrage"],"picked":"Chaos","floor":2},{"not_picked":["Redo","Lockon"],"picked":"Cold Snap","floor":4},{"not_picked":["Hologram","Conserve Battery"],"picked":"Barrage","floor":7},{"not_picked":["Gash","Reboot","Fusion"],"picked":"SKIP","floor":11},{"not_picked":["Redo","FTL"],"picked":"Defragment","floor":12},{"not_picked":["Beam Cell","Doom and Gloom"],"picked":"Coolheaded","floor":14},{"not_picked":["All For One","Hyperbeam"],"picked":"Electrodynamics","floor":17},{"not_picked":["Cold Snap+1","Consume"],"picked":"Blizzard","floor":19},{"not_picked":["BootSequence","Go for the Eyes","Gash"],"picked":"SKIP","floor":23},{"not_picked":["Auto Shields","Compile Driver"],"picked":"Heatsinks","floor":24},{"not_picked":["Reprogram","Coolheaded"],"picked":"Capacitor","floor":25},{"not_picked":["Rebound+1","Steam","Steam Power+1"],"picked":"SKIP","floor":30}],"player_experience":427173,"relics_obtained":[{"floor":9,"key":"Symbiotic Virus"},{"floor":11,"key":"Sundial"},{"floor":14,"key":"Bottled Flame"},{"floor":24,"key":"Oddly Smooth Stone"},{"floor":27,"key":"Toy Ornithopter"},{"floor":27,"key":"Juzu Bracelet"}],"event_choices":[{"damage_healed":0,"gold_gain":0,"player_choice":"Lose Max HP","damage_taken":0,"relics_obtained":["Golden Idol"],"max_hp_gain":0,"max_hp_loss":5,"event_name":"Golden Idol","floor":5,"gold_loss":0},{"damage_healed":0,"gold_gain":0,"player_choice":"Donut","damage_taken":0,"max_hp_gain":5,"max_hp_loss":0,"event_name":"Big Fish","floor":8,"gold_loss":0},{"damage_healed":0,"gold_gain":0,"player_choice":"Grow","damage_taken":0,"max_hp_gain":0,"max_hp_loss":0,"event_name":"Living Wall","floor":15,"gold_loss":0,"cards_upgraded":["Storm"]},{"damage_healed":0,"gold_gain":99,"player_choice":"Stole From Cult","damage_taken":0,"max_hp_gain":0,"max_hp_loss":0,"event_name":"Nest","floor":20,"gold_loss":0},{"damage_healed":0,"gold_gain":0,"player_choice":"Trade","damage_taken":0,"relics_obtained":["SsserpentHead"],"max_hp_gain":0,"max_hp_loss":0,"event_name":"FaceTrader","floor":21,"gold_loss":0},{"damage_healed":0,"gold_gain":0,"player_choice":"Got Potions","damage_taken":0,"max_hp_gain":0,"max_hp_loss":0,"event_name":"Lab","floor":29,"gold_loss":0}],"is_beta":false,"boss_relics":[{"not_picked":["Velvet Choker","SacredBark"],"picked":"Pandora\u0027s Box"}],"items_purged_floors":[],"is_endless":false,"potions_floor_spawned":[1,4,11,12,19,24],"killed_by":"Centurion and Healer","ascension_level":12}}