{"host":"Ceyx","time":1610123706,"event":{"mods":["BaseMod","Beaked The Cultist","Better Third Choice","BetterRewards","Conspire","Downfall","Hermit","Hubris","Infinite Spire","Lobotomy","Minty Spire (QoL Compilation)","Replay The Spire","Shop Mod","StSLib","The Jungle","The Poker Player"],"gold_per_floor":[119,134,26,43,54,83,33,61,61,61,89,89,107,121,121,216,216,250,250,269,269,269,302,302,302,302,302,302,302,343,378,378,379,379,379],"floor_reached":33,"playtime":1461,"items_purged":["Strike_G"],"score":397,"play_id":"63d88759-f478-45fe-af04-12102cf9ecdf","local_time":"20210108233506","is_ascension_mode":true,"metric_token":1042,"campfire_choices":[{"data":"PokerPlayerMod:StackedDeck","floor":15,"key":"SMITH"},{"data":"PokerPlayerMod:Promotion","floor":24,"key":"SMITH"},{"floor":32,"key":"DIG"}],"circlet_count":0,"master_deck":["PokerPlayerMod:Diamond1","PokerPlayerMod:Diamond2","PokerPlayerMod:Diamond3","PokerPlayerMod:Diamond4","PokerPlayerMod:Diamond6","PokerPlayerMod:Spade2","PokerPlayerMod:Spade2","PokerPlayerMod:Spade3","PokerPlayerMod:Spade4","PokerPlayerMod:Club1","PokerPlayerMod:Club2","PokerPlayerMod:Heart2","PokerPlayerMod:TrumpStrike+1","PokerPlayerMod:BadJoker","PokerPlayerMod:Mulligan","Defend_P","PokerPlayerMod:Promotion+1","PokerPlayerMod:DiamondStrike","PokerPlayerMod:Configure+1","PokerPlayerMod:Club6","PokerPlayerMod:Club8","conspire:SpireCoStock","PokerPlayerMod:ClubStrike","PokerPlayerMod:Diamond9","PokerPlayerMod:Heart3","PokerPlayerMod:StackedDeck+1","PokerPlayerMod:Diamond8","PokerPlayerMod:ThinkingTime","PokerPlayerMod:Diamond6","PokerPlayerMod:Diamond6","PokerPlayerMod:CloakAndDiamond+1"],"relics":["PokerPlayerMod:DeckCase","Replay:Multitool","PokerPlayerMod:Splitter","hubris:Stopwatch","MutagenicStrength","Blue Candle","Simple Rune","Thread and Needle","ReplayTheSpireMod:Lightbulb","The Courier"],"acts_visited":["Exordium","TheCity"],"potions_floor_usage":[6,14,16,16,23,33,33,33],"damage_taken":[{"damage":0,"enemies":"Small Slimes","floor":1,"turns":3},{"damage":8,"enemies":"2 Louse","floor":2,"turns":2},{"damage":4,"enemies":"infinitespire:Voidling","floor":4,"turns":2},{"damage":7,"enemies":"conspire:2 RoseBushes","floor":5,"turns":3},{"damage":11,"enemies":"Replay:BlueRogue","floor":6,"turns":2},{"damage":27,"enemies":"3 Sentries","floor":8,"turns":4},{"damage":3,"enemies":"Looter","floor":11,"turns":3},{"damage":0,"enemies":"2 Fungi Beasts","floor":13,"turns":2},{"damage":2,"enemies":"Blue Slaver","floor":14,"turns":2},{"damage":0,"enemies":"Slime Boss","floor":16,"turns":3},{"damage":7,"enemies":"Chosen","floor":18,"turns":4},{"damage":0,"enemies":"Spheric Guardian","floor":20,"turns":2},{"damage":7,"enemies":"Slavers","floor":23,"turns":2},{"damage":14,"enemies":"Book of Stabbing","floor":30,"turns":4},{"damage":10,"enemies":"Centurion and Healer","floor":31,"turns":4},{"damage":56,"enemies":"Collector","floor":33,"turns":6}],"seed_played":"2189338826469648323","potions_obtained":[{"floor":4,"key":"Adrenaline Potion"},{"floor":8,"key":"PowerPotion"},{"floor":11,"key":"BlessingOfTheForge"},{"floor":13,"key":"Adrenaline Potion"},{"floor":16,"key":"champ:CounterPotion"},{"floor":18,"key":"SpeedPotion"},{"floor":20,"key":"Adrenaline Potion"},{"floor":31,"key":"Reflective Coating"}],"is_trial":false,"path_per_floor":["M","M","$","M","M","E","R","E","T","R","M","$","M","M","R","B",null,"M","?","M","?","?","E","R","T","T","$","R","$","E","M","R","B"],"character_chosen":"THE_POKER_PLAYER","items_purchased":["PokerPlayerMod:Configure+1"],"campfire_rested":0,"item_purchase_floors":[3],"current_hp_per_floor":[52,44,44,40,33,28,28,4,4,19,18,18,18,16,16,19,52,45,45,45,45,45,42,42,42,42,42,52,52,38,39,39,0,0,0],"gold":379,"neow_bonus":"THREE_RARE_CARDS","is_daily":false,"chose_seed":false,"campfire_upgraded":2,"win_rate":0.0,"timestamp":1610123706,"path_taken":["M","M","$","M","M","E","R","E","T","R","M","$","?","M","R","BOSS","M","?","M","?","?","E","R","?","T","?","R","$","E","M","R","BOSS"],"items_purchased_type":["Card"],"build_version":"2020-12-18","purchased_purges":1,"victory":false,"max_hp_per_floor":[52,52,52,52,52,52,52,52,52,52,52,52,52,52,52,52,52,52,52,52,52,52,52,52,52,52,52,52,52,52,52,52,52,52,52],"card_choices":[{"not_picked":["PokerPlayerMod:RoyalStrike","PokerPlayerMod:VarietyAttack"],"picked":"PokerPlayerMod:Promotion","floor":0},{"not_picked":["PokerPlayerMod:Trickery","PokerPlayerMod:Diamond1","PokerPlayerMod:CardBurn"],"picked":"SKIP","floor":1},{"not_picked":["PokerPlayerMod:Club2","PokerPlayerMod:ClubsClub"],"picked":"PokerPlayerMod:DiamondStrike","floor":2},{"not_picked":["PokerPlayerMod:Diamond3","PokerPlayerMod:HeartStrike","PokerPlayerMod:Spade2"],"picked":"SKIP","floor":4},{"not_picked":["PokerPlayerMod:Diamond2","PokerPlayerMod:Fold"],"picked":"PokerPlayerMod:Club6","floor":5},{"not_picked":["PokerPlayerMod:Spade5","PokerPlayerMod:ClubsClub"],"picked":"PokerPlayerMod:Club8","floor":6},{"not_picked":["PokerPlayerMod:Spade2","PokerPlayerMod:Diamond4"],"picked":"PokerPlayerMod:ClubStrike","floor":8},{"not_picked":["PokerPlayerMod:Spade4","PokerPlayerMod:Extraction"],"picked":"PokerPlayerMod:Diamond9","floor":11},{"not_picked":["PokerPlayerMod:Spade5","PokerPlayerMod:CardBurn"],"picked":"PokerPlayerMod:Heart3","floor":13},{"not_picked":["PokerPlayerMod:HeartStrike","PokerPlayerMod:Spade3"],"picked":"PokerPlayerMod:StackedDeck","floor":14},{"not_picked":["PokerPlayerMod:MagicTrick","PokerPlayerMod:Club1","PokerPlayerMod:Diamond6"],"picked":"SKIP","floor":18},{"not_picked":["PokerPlayerMod:Harden+1","PokerPlayerMod:Spade2"],"picked":"PokerPlayerMod:Diamond8","floor":20},{"not_picked":["PokerPlayerMod:Fold","PokerPlayerMod:Harden+1"],"picked":"PokerPlayerMod:Diamond6","floor":23},{"not_picked":["PokerPlayerMod:Trickery","PokerPlayerMod:Diamond4"],"picked":"PokerPlayerMod:Diamond6","floor":30},{"not_picked":["PokerPlayerMod:Spade5","PokerPlayerMod:Spade3"],"picked":"PokerPlayerMod:CloakAndDiamond+1","floor":31}],"player_experience":567951,"relics_obtained":[{"floor":6,"key":"Replay:Multitool"},{"floor":8,"key":"PokerPlayerMod:Splitter"},{"floor":23,"key":"Blue Candle"},{"floor":25,"key":"Simple Rune"},{"floor":26,"key":"Thread and Needle"},{"floor":30,"key":"ReplayTheSpireMod:Lightbulb"},{"floor":32,"key":"The Courier"}],"event_choices":[{"damage_healed":0,"gold_gain":0,"player_choice":"Invest 1","damage_taken":0,"max_hp_gain":0,"max_hp_loss":0,"event_name":"conspire:Investor","floor":7,"gold_loss":0},{"damage_healed":0,"gold_gain":0,"player_choice":"Inject Mutagens","damage_taken":0,"relics_obtained":["MutagenicStrength"],"max_hp_gain":0,"max_hp_loss":0,"event_name":"Drug Dealer","floor":19,"gold_loss":0},{"damage_healed":0,"gold_gain":0,"player_choice":"Leave","damage_taken":0,"max_hp_gain":0,"max_hp_loss":0,"event_name":"conspire:Investor","floor":21,"gold_loss":0},{"damage_healed":0,"gold_gain":0,"player_choice":"Think Hard","damage_taken":0,"max_hp_gain":0,"max_hp_loss":0,"event_name":"PokerPlayerMod:Vampires","floor":22,"gold_loss":0,"cards_obtained":["PokerPlayerMod:ThinkingTime"]}],"is_beta":true,"boss_relics":[{"not_picked":["Black Star","conspire:SpecialSausage"],"picked":"hubris:Stopwatch"}],"items_purged_floors":[3],"is_endless":false,"potions_floor_spawned":[4,8,11,13,16,18,20,31],"killed_by":"Collector","ascension_level":3}}