{"host":"dnd25fcf5l5puhl9","time":1610073737,"event":{"mods":["AchievementEnabler","Act Like it!","BaseMod","BetterRewards","Colored Map","Colored Powertips","Downfall","Gensokyo","Hermit","Hubris","Infinite Spire","Lobotomy","Minty Spire (QoL Compilation)","Replay The Spire","Shop Mod","StSLib","SuperFastMode","The Bug Knight","The Cursed","The Jungle","The Necromancer"],"gold_per_floor":[109,122,122,133,148,79,79,90,90,90,115,115,192,245,245,254,254],"floor_reached":16,"playtime":1352,"items_purged":[],"score":120,"play_id":"224aa512-4211-4f09-adad-f706ff68e8f1","local_time":"20210108004217","is_ascension_mode":false,"campfire_choices":[{"data":"HollowMod:HornetsHelp","floor":7.0,"key":"SMITH"},{"data":"HollowMod:CloakDash","floor":10.0,"key":"SMITH"},{"data":"HollowMod:GreatSlash","floor":12.0,"key":"SMITH"},{"data":"HollowMod:ChannelNail","floor":15.0,"key":"SMITH"}],"circlet_count":0,"master_deck":["HollowMod:NailStrikeStart","HollowMod:NailStrikeStart","HollowMod:NailStrikeStart","HollowMod:NailStrikeStart","HollowMod:QuickDashStart","HollowMod:QuickDashStart","HollowMod:QuickDashStart","HollowMod:FocusHealStart","HollowMod:PogoStrike","MHz","NakedNest","HollowMod:DungDefenderAura","CherryBlossoms","HollowMod:GreatSlash+1","Rudolta","HollowMod:CloakDash+1","HollowMod:HornetsHelp+1","Woodsman","WhitesApple","Parasite","BlackSwan","HollowMod:ChannelNail+1","Laetitia","HollowMod:MothsMistake","Parasite"],"relics":["HollowMod:VesselMask","CogitoBucket","infinitespire:Satchel","TreeSap","infinitespire:Bottled Soul","Pen Nib","CeramicFish","Boot"],"acts_visited":["Exordium"],"potions_floor_usage":[16,16],"damage_taken":[{"damage":1.0,"enemies":"Jaw Worm","floor":1.0,"turns":3.0},{"damage":1.0,"enemies":"Cultist","floor":2.0,"turns":3.0},{"damage":0.0,"enemies":"2 Louse","floor":4.0,"turns":3.0},{"damage":0.0,"enemies":"Exordium Wildlife","floor":5.0,"turns":3.0},{"damage":34.0,"enemies":"3 Sentries","floor":6.0,"turns":10.0},{"damage":19.0,"enemies":"3 Louse","floor":8.0,"turns":5.0},{"damage":3.0,"enemies":"Replay:BlueRogue","floor":11.0,"turns":6.0},{"damage":29.0,"enemies":"3 Sentries","floor":14.0,"turns":6.0},{"damage":48,"enemies":"HollowMod:FalseKnight","floor":16,"turns":6}],"seed_played":"-2298565497233280293","potions_obtained":[{"floor":4.0,"key":"Weak Potion"},{"floor":5.0,"key":"champ:CounterPotion"},{"floor":11.0,"key":"Elixir"},{"floor":13.0,"key":"Block Potion"},{"floor":13.0,"key":"Milkshake"}],"is_trial":false,"path_per_floor":["M","M","?","M","M","E","R","M","T","R","E","R","?","E","R","B"],"character_chosen":"THE_BUGKNIGHT","items_purchased":[],"campfire_rested":0,"item_purchase_floors":[],"current_hp_per_floor":[74,73,73,75,75,51,51,62,62,62,71,71,53,48,48,0,0],"gold":254,"neow_bonus":"","is_daily":false,"chose_seed":false,"campfire_upgraded":4,"win_rate":0.0,"timestamp":1610073737,"path_taken":["M","M","?","M","?","E","R","M","T","R","E","R","?","E","R","BOSS"],"items_purchased_type":[],"build_version":"2020-12-22","purchased_purges":0,"victory":false,"max_hp_per_floor":[75,75,75,75,75,75,75,75,75,75,75,75,75,75,75,75,75],"card_choices":[{"not_picked":["Wellcheers","CherryBlossoms"],"picked":"MHz","floor":1.0},{"not_picked":["HollowMod:TaintedHusks","HollowMod:MawleksShell","HollowMod:BlackTendrils"],"picked":"SKIP","floor":1.0},{"not_picked":["GreedKing","BlackSwan"],"picked":"NakedNest","floor":2.0},{"not_picked":["HollowMod:VengefulVoid","HollowMod:ShadowDash"],"picked":"HollowMod:DungDefenderAura","floor":2.0},{"not_picked":["Bloodbath","Funeral","SpiderBud"],"picked":"Singing Bowl","floor":4.0},{"not_picked":["LaLuna","FairyFestival"],"picked":"CherryBlossoms","floor":4.0},{"not_picked":["HollowMod:SharpenedNail","HollowMod:NewJinnsSoul"],"picked":"HollowMod:GreatSlash","floor":4.0},{"not_picked":["Wellcheers","VoidDream"],"picked":"Rudolta","floor":5.0},{"not_picked":["HollowMod:QuirrelsAssistance","HollowMod:RecoilStrike"],"picked":"HollowMod:CloakDash","floor":5.0},{"not_picked":["HollowMod:SharpenedNail","HollowMod:MantisMark"],"picked":"HollowMod:HornetsHelp","floor":6.0},{"not_picked":["LittlePrince","VoidDream"],"picked":"Woodsman","floor":6.0},{"not_picked":["VoidDream","Murderer"],"picked":"WhitesApple","floor":8.0},{"not_picked":["HollowMod:InfectedCysts","HollowMod:SiblingsShadow","HollowMod:TaintedHusks"],"picked":"SKIP","floor":8.0},{"not_picked":["CrumblingArmor","SpiderBud"],"picked":"BlackSwan","floor":11.0},{"not_picked":["HollowMod:BlackTendrils","HollowMod:SoulEater","HollowMod:BaldurShell"],"picked":"SKIP","floor":11.0},{"not_picked":["HollowMod:BlackTendrils","HollowMod:SoulEater","HollowMod:BaldurShell"],"picked":"SKIP","floor":11.0},{"not_picked":["HollowMod:WraithStrike","HollowMod:SoulVessel"],"picked":"HollowMod:ChannelNail","floor":13.0},{"not_picked":["CrumblingArmor","OSAHOGD"],"picked":"Laetitia","floor":14.0},{"not_picked":["HollowMod:SoulMaster","HollowMod:NewLittleFool"],"picked":"HollowMod:MothsMistake","floor":14.0}],"player_experience":557605,"relics_obtained":[{"floor":6.0,"key":"infinitespire:Satchel"},{"floor":9.0,"key":"infinitespire:Bottled Soul"},{"floor":11.0,"key":"Pen Nib"},{"floor":13.0,"key":"CeramicFish"},{"floor":14.0,"key":"Boot"}],"event_choices":[{"cards_removed":["HollowMod:QuickDashStart"],"damage_healed":0.0,"max_hp_gain":0.0,"max_hp_loss":0.0,"gold_gain":0.0,"event_name":"Bonfire Elementals","player_choice":"Offered Basic","floor":3.0,"gold_loss":0.0,"damage_taken":0.0}],"is_beta":false,"boss_relics":[],"items_purged_floors":[],"is_endless":false,"potions_floor_spawned":[2,4,5,11],"killed_by":"HollowMod:FalseKnight","ascension_level":0}}