{"host":"tcdxiwht2vajk3tk","time":1610080311,"event":{"mods":["AchievementEnabler","BaseMod","Beaked The Cultist","Conspire","Defuse TimeMaze Blight","Downfall","Halation","Hermit","Hubris","Infinite Spire","Lobotomy","Minty Spire (QoL Compilation)","Replay The Spire","Shop Mod","StSLib","The Cursed","The Disciple","vexMod"],"gold_per_floor":[116,116,135,135,135,170,170,55,55,69,99,113,133,133,133,235,235,252,252,252,252,252],"floor_reached":21,"playtime":2326,"items_purged":[],"score":308,"play_id":"5aaf908e-fb41-4841-b9e2-8fbb4c2fef6f","local_time":"20210107233151","is_ascension_mode":true,"campfire_choices":[{"floor":7.0,"key":"REST"},{"floor":15.0,"key":"REST"}],"circlet_count":0,"master_deck":["beaked:Strike_Y","beaked:Strike_Y","beaked:Strike_Y","beaked:Strike_Y","beaked:Strike_Y+1","beaked:Defend_Y","beaked:Defend_Y+1","beaked:Defend_Y","beaked:Defend_Y","beaked:Ceremony","beaked:Ceremony","beaked:Ceremony","OldLady","beaked:Foresight","BeautyBeast","beaked:FeelMyPain","GreedKing","beaked:Tweet","beaked:VigorBurst","beaked:BraceForImpact","MHz","beaked:KnowThyFoe","Scorched","beaked:Brace","LaLuna","beaked:Overexert","BigBird","SpiderBud","beaked:AwakenedForm","SingingMachine","beaked:FeelMyPain","beaked:BloodRitual"],"relics":["beaked:MendingPlumage","CogitoBucket","Bag of Marbles","halation:PromiseList","Replay:Winged Headress","SkinProphecy","Black Star","hubris:Towel"],"acts_visited":["Exordium","TheCity"],"potions_floor_usage":[],"damage_taken":[{"damage":20.0,"enemies":"Cultist","floor":1.0,"turns":5.0},{"damage":6.0,"enemies":"2 Louse","floor":3.0,"turns":4.0},{"damage":40.0,"enemies":"Lagavulin","floor":6.0,"turns":6.0},{"damage":8.0,"enemies":"Small Slimes","floor":10.0,"turns":5.0},{"damage":56.0,"enemies":"Gremlin Nob","floor":11.0,"turns":6.0},{"damage":20.0,"enemies":"Gremlin Gang","floor":12.0,"turns":6.0},{"damage":0.0,"enemies":"Exordium Thugs","floor":13.0,"turns":2.0},{"damage":26.0,"enemies":"Slime Boss","floor":16.0,"turns":10.0},{"damage":58.0,"enemies":"3 Byrds","floor":18.0,"turns":6.0},{"damage":36,"enemies":"Shell Parasite","floor":21,"turns":4}],"seed_played":"4025144795566495191","potions_obtained":[{"floor":1.0,"key":"sneckomod:MuddlingPotion"},{"floor":6.0,"key":"Cursed Concoction"},{"floor":13.0,"key":"ColorlessPotion"}],"is_trial":false,"path_per_floor":["M","?","M","?","?","E","R","$","T","M","E","M","M","$","R","B",null,"M","?","?","M"],"character_chosen":"BEAKED_THE_CULTIST","items_purchased":["beaked:VigorBurst","beaked:BraceForImpact"],"campfire_rested":2,"item_purchase_floors":[8,8],"current_hp_per_floor":[37,27,31,31,31,12,27,32,32,45,10,13,15,15,32,46,56,15,15,15,0,0],"gold":252,"neow_bonus":"","is_daily":false,"chose_seed":false,"campfire_upgraded":0,"win_rate":0.0,"timestamp":1610080311,"path_taken":["M","?","M","?","?","E","R","$","T","M","E","M","?","$","R","BOSS","M","?","?","?"],"items_purchased_type":["Card","Card"],"build_version":"2020-12-22","purchased_purges":0,"victory":false,"max_hp_per_floor":[50,50,50,50,50,50,50,55,55,55,55,55,57,57,57,59,59,61,61,61,63,63],"card_choices":[{"not_picked":["Scorched","UniverseFragment"],"picked":"OldLady","floor":1.0},{"not_picked":["beaked:Molting","beaked:Insight"],"picked":"beaked:Foresight","floor":1.0},{"not_picked":["CherryBlossoms","Rudolta","FairyFestival"],"picked":"Singing Bowl","floor":3.0},{"not_picked":["UniverseFragment","HappyTeddy"],"picked":"BeautyBeast","floor":3.0},{"not_picked":["beaked:Daydream","beaked:Windmill"],"picked":"beaked:FeelMyPain","floor":3.0},{"not_picked":["WallGazer","MeatLantern"],"picked":"GreedKing","floor":6.0},{"not_picked":["beaked:Daydream","beaked:Foresight"],"picked":"beaked:Tweet","floor":6.0},{"not_picked":["Porccubus","ShyLook"],"picked":"MHz","floor":10.0},{"not_picked":["beaked:Windmill","beaked:Brace"],"picked":"beaked:KnowThyFoe","floor":10.0},{"not_picked":["Wellcheers","Bloodbath"],"picked":"Scorched","floor":11.0},{"not_picked":["beaked:Windmill","beaked:WarriorEssence"],"picked":"beaked:Brace","floor":11.0},{"not_picked":["GalaxyChild","ShyLook"],"picked":"LaLuna","floor":12.0},{"not_picked":["beaked:Foresight","beaked:Insight"],"picked":"beaked:Overexert","floor":12.0},{"not_picked":["UniverseFragment","OSAHOGD"],"picked":"BigBird","floor":13.0},{"not_picked":["beaked:SacrificialAttack","beaked:StickSmack"],"picked":"beaked:Overpower","floor":13.0},{"not_picked":["UniverseFragment","Wellcheers"],"picked":"SpiderBud","floor":16.0},{"not_picked":["beaked:ShadowFade","beaked:LiftOff"],"picked":"beaked:AwakenedForm","floor":16.0},{"not_picked":["FairyFestival","OSAHOGD"],"picked":"SingingMachine","floor":18.0},{"not_picked":["beaked:StunningBlow","beaked:TuckingFeathers"],"picked":"beaked:FeelMyPain","floor":18.0}],"player_experience":1514945,"relics_obtained":[{"floor":6.0,"key":"Bag of Marbles"},{"floor":9.0,"key":"halation:PromiseList"},{"floor":11.0,"key":"Replay:Winged Headress"}],"event_choices":[{"damage_healed":0.0,"max_hp_gain":0.0,"max_hp_loss":0.0,"gold_gain":0.0,"event_name":"Shining Light","player_choice":"Entered Light","floor":2.0,"gold_loss":0.0,"damage_taken":10.0,"cards_upgraded":["beaked:Strike_Y","beaked:Defend_Y"]},{"cards_removed":["beaked:Brainwash"],"damage_healed":0.0,"max_hp_gain":0.0,"max_hp_loss":0.0,"gold_gain":0.0,"event_name":"Purifier","player_choice":"Purged","floor":5.0,"gold_loss":0.0,"damage_taken":0.0},{"damage_healed":0.0,"max_hp_gain":0.0,"max_hp_loss":0.0,"gold_gain":0.0,"cards_transformed":["beaked:Overpower"],"event_name":"Transmorgrifier","player_choice":"Transformed","floor":20.0,"gold_loss":0.0,"damage_taken":0.0,"cards_obtained":["beaked:BloodRitual"]}],"is_beta":false,"boss_relics":[{"not_picked":["vexMod:EndlessSickness","Painkiller Herb"],"picked":"Black Star"}],"items_purged_floors":[],"is_endless":false,"potions_floor_spawned":[1,6,13],"killed_by":"Shell Parasite","ascension_level":6}}