{"host":"9709z2dy8v1s63sm","time":1610120504,"event":{"mods":["AchievementEnabler","BaseMod","Minty Spire (QoL Compilation)","StSLib","SuperFastMode"],"gold_per_floor":[109,109,209,219,231,231,20,20,20,91,130,160,185,222,234,350,362,389,417,429,458,485,497,540,552,564,604,641,853,865,35,35,132,132,148,69,88,103,3,36,88,38,38,66,80,111,61,77,77,77],"floor_reached":51,"playtime":2364,"items_purged":["Strike_G","Strike_G","Strike_G","Strike_G"],"score":1105,"play_id":"679e5913-23a4-42f9-a247-5b23a86b8be9","local_time":"20210109004144","is_ascension_mode":true,"campfire_choices":[{"data":"Backstab","floor":6.0,"key":"SMITH"},{"data":"Dagger Spray","floor":8.0,"key":"SMITH"},{"data":"Envenom","floor":15.0,"key":"SMITH"},{"data":"Burst","floor":23.0,"key":"SMITH"},{"floor":25.0,"key":"REST"},{"data":"Reflex","floor":30.0,"key":"SMITH"},{"data":"Apotheosis","floor":32.0,"key":"SMITH"},{"data":"Tools of the Trade","floor":49,"key":"SMITH"}],"circlet_count":0,"master_deck":["Defend_G","Defend_G","Defend_G","Defend_G","Defend_G","Survivor","Neutralize","Dagger Throw","Backstab+1","Dagger Spray+1","Reflex+1","Backstab","Blade Dance","Envenom+1","Crippling Poison","Burst+1","Blade Dance","Acrobatics","Terror","PiercingWail","Apotheosis+1","Tools of the Trade+1","Leg Sweep","Accuracy","Storm of Steel","Cloak And Dagger","Footwork","Infinite Blades"],"relics":["Ring of the Snake","FossilizedHelix","Omamori","MawBank","Art of War","Thread and Needle","Bronze Scales","WristBlade","Snake Skull","Ancient Tea Set","Paper Crane","Red Mask","Blue Candle","Mummified Hand","Gambling Chip","Calling Bell","Dream Catcher","Ninja Scroll","Ginger","Smiling Mask","Calipers","MealTicket","Unceasing Top"],"acts_visited":["Exordium","TheCity","TheBeyond"],"potions_floor_usage":[],"damage_taken":[{"damage":2.0,"enemies":"Small Slimes","floor":1.0,"turns":5.0},{"damage":0.0,"enemies":"2 Louse","floor":4.0,"turns":3.0},{"damage":0.0,"enemies":"Cultist","floor":5.0,"turns":3.0},{"damage":0.0,"enemies":"Gremlin Nob","floor":10.0,"turns":3.0},{"damage":11.0,"enemies":"Lagavulin","floor":11.0,"turns":8.0},{"damage":0.0,"enemies":"Exordium Thugs","floor":12.0,"turns":4.0},{"damage":0.0,"enemies":"Blue Slaver","floor":13.0,"turns":1.0},{"damage":0.0,"enemies":"Gremlin Nob","floor":14.0,"turns":3.0},{"damage":26.0,"enemies":"Slime Boss","floor":16.0,"turns":11.0},{"damage":0.0,"enemies":"Spheric Guardian","floor":18.0,"turns":1.0},{"damage":7.0,"enemies":"Shell Parasite","floor":19.0,"turns":2.0},{"damage":21.0,"enemies":"Snake Plant","floor":21.0,"turns":3.0},{"damage":0.0,"enemies":"Cultist and Chosen","floor":22.0,"turns":5.0},{"damage":22.0,"enemies":"Book of Stabbing","floor":24.0,"turns":6.0},{"damage":0.0,"enemies":"Masked Bandits","floor":27.0,"turns":2.0},{"damage":6.0,"enemies":"Slavers","floor":28.0,"turns":4.0},{"damage":0.0,"enemies":"Collector","floor":33.0,"turns":5.0},{"damage":0.0,"enemies":"3 Darklings","floor":35.0,"turns":4.0},{"damage":0.0,"enemies":"Orb Walker","floor":37.0,"turns":1.0},{"damage":4.0,"enemies":"Sphere and 2 Shapes","floor":38.0,"turns":6.0},{"damage":0.0,"enemies":"Nemesis","floor":40.0,"turns":3.0},{"damage":0.0,"enemies":"2 Orb Walkers","floor":41.0,"turns":4.0},{"damage":0.0,"enemies":"Giant Head","floor":44.0,"turns":4.0},{"damage":0.0,"enemies":"Transient","floor":45.0,"turns":5.0},{"damage":1.0,"enemies":"Nemesis","floor":46.0,"turns":5.0},{"damage":0,"enemies":"Writhing Mass","floor":48,"turns":5},{"damage":44,"enemies":"Time Eater","floor":50,"turns":7}],"seed_played":"-2654185075307015897","potions_obtained":[{"floor":1.0,"key":"Weak Potion"},{"floor":5.0,"key":"Fruit Juice"},{"floor":12.0,"key":"Fruit Juice"},{"floor":14.0,"key":"GhostInAJar"},{"floor":24.0,"key":"Poison Potion"},{"floor":27.0,"key":"SneckoOil"},{"floor":28.0,"key":"SkillPotion"},{"floor":38.0,"key":"Strength Potion"},{"floor":40.0,"key":"SmokeBomb"},{"floor":41.0,"key":"Strength Potion"}],"is_trial":false,"path_per_floor":["M","?","?","M","M","R","$","R","T","?","E","M","M","E","R","B",null,"M","M","?","M","M","R","E","R","T","?","E","?","R","$","R","B",null,"M","$","M","M","$","E","?","$","T","E","M","E","$","M","R","B",null],"character_chosen":"THE_SILENT","items_purchased":["Omamori","Dagger Spray","Apotheosis","Mummified Hand","Gambling Chip","Accuracy"],"campfire_rested":1,"item_purchase_floors":[7,7,31,31,31,36],"current_hp_per_floor":[47,40,40,40,40,40,40,40,40,40,29,29,29,29,29,3,75,75,68,68,47,47,47,25,47,47,52,46,46,46,46,46,46,80,80,80,80,76,76,76,76,76,76,76,76,75,80,80,80,36],"gold":77,"neow_bonus":"ONE_RARE_RELIC","is_daily":false,"chose_seed":false,"campfire_upgraded":7,"win_rate":0.0,"timestamp":1610120504,"path_taken":["M","?","?","?","M","R","?","R","T","?","E","M","M","E","R","BOSS","M","M","?","M","M","R","E","R","T","?","E","?","R","$","R","BOSS","M","?","M","M","$","E","?","?","T","E","?","E","$","M","R","BOSS"],"items_purchased_type":["Relic","Card","Card","Relic","Relic","Card"],"build_version":"2020-12-22","purchased_purges":4,"victory":true,"max_hp_per_floor":[70,70,70,70,70,70,70,70,70,70,70,70,70,70,70,70,75,75,75,75,75,75,75,75,75,75,80,80,80,80,80,80,80,80,80,80,80,80,80,80,80,80,80,80,80,80,80,80,80,80],"card_choices":[{"not_picked":["Finisher","Slice","Quick Slash"],"picked":"SKIP","floor":1.0},{"not_picked":["Deadly Poison","Finisher"],"picked":"Dagger Throw","floor":4.0},{"not_picked":["Acrobatics","Caltrops"],"picked":"Backstab","floor":5.0},{"not_picked":["Flying Knee","Footwork"],"picked":"Reflex","floor":10.0},{"not_picked":["Sucker Punch","Flying Knee"],"picked":"Backstab","floor":11.0},{"not_picked":["Endless Agony","Deflect"],"picked":"Blade Dance","floor":12.0},{"not_picked":["Choke","Outmaneuver"],"picked":"Envenom","floor":13.0},{"not_picked":["Catalyst","Reflex"],"picked":"Crippling Poison","floor":14.0},{"not_picked":["Malaise","Glass Knife"],"picked":"Burst","floor":16.0},{"not_picked":["Blur+1","Slice+1"],"picked":"Blade Dance","floor":18.0},{"not_picked":["Catalyst","Quick Slash","Sucker Punch+1"],"picked":"SKIP","floor":19.0},{"not_picked":["Underhanded Strike","Backflip","Flying Knee+1"],"picked":"SKIP","floor":21.0},{"not_picked":["Escape Plan","Sucker Punch"],"picked":"Acrobatics","floor":22.0},{"not_picked":["Eviscerate","Bane","Expertise"],"picked":"SKIP","floor":24.0},{"not_picked":["Finisher","Sucker Punch"],"picked":"Terror","floor":27.0},{"not_picked":["Dodge and Roll","Acrobatics"],"picked":"PiercingWail","floor":28.0},{"not_picked":["Venomology","Wraith Form v2"],"picked":"Tools of the Trade","floor":33.0},{"not_picked":["All Out Attack+1","Quick Slash+1"],"picked":"Leg Sweep","floor":35.0},{"not_picked":["Poisoned Stab+1","Deflect+1"],"picked":"Storm of Steel","floor":37.0},{"not_picked":["Dagger Throw","Dagger Spray","Masterful Stab+1"],"picked":"SKIP","floor":38.0},{"not_picked":["Dash+1","Poisoned Stab+1"],"picked":"Cloak And Dagger","floor":40.0},{"not_picked":["Predator+1","Dodge and Roll"],"picked":"Footwork","floor":41.0},{"not_picked":["Bullet Time","Underhanded Strike","Quick Slash"],"picked":"SKIP","floor":44.0},{"not_picked":["Eviscerate","Deflect"],"picked":"Infinite Blades","floor":45.0},{"not_picked":["A Thousand Cuts","Masterful Stab+1","Deadly Poison+1"],"picked":"SKIP","floor":46.0},{"not_picked":["Infinite Blades","Endless Agony","Dagger Spray"],"picked":"SKIP","floor":48}],"player_experience":54939,"relics_obtained":[{"floor":9.0,"key":"MawBank"},{"floor":10.0,"key":"Art of War"},{"floor":11.0,"key":"Thread and Needle"},{"floor":14.0,"key":"Bronze Scales"},{"floor":24.0,"key":"Ancient Tea Set"},{"floor":26.0,"key":"Paper Crane"},{"floor":27.0,"key":"Red Mask"},{"floor":28.0,"key":"Blue Candle"},{"floor":34.0,"key":"Dream Catcher"},{"floor":34.0,"key":"Ninja Scroll"},{"floor":34.0,"key":"Ginger"},{"floor":40.0,"key":"Smiling Mask"},{"floor":41.0,"key":"Calipers"},{"floor":44.0,"key":"MealTicket"},{"floor":46.0,"key":"Unceasing Top"}],"event_choices":[{"cards_removed":["Strike_G"],"damage_healed":0.0,"max_hp_gain":0.0,"max_hp_loss":0.0,"gold_gain":0.0,"event_name":"Golden Wing","player_choice":"Card Removal","floor":2.0,"gold_loss":0.0,"damage_taken":7.0},{"damage_healed":0.0,"max_hp_gain":0.0,"max_hp_loss":0.0,"gold_gain":100.0,"event_name":"Golden Shrine","player_choice":"Pray","floor":3.0,"gold_loss":0.0,"damage_taken":0.0},{"damage_healed":0.0,"max_hp_gain":0.0,"max_hp_loss":0.0,"gold_gain":0.0,"event_name":"Dead Adventurer","player_choice":"Searched \u00271\u0027 times","floor":10.0,"gold_loss":0.0,"damage_taken":0.0},{"damage_healed":0.0,"max_hp_gain":0.0,"max_hp_loss":0.0,"gold_gain":0.0,"event_name":"The Mausoleum","player_choice":"Opened","floor":20.0,"gold_loss":0.0,"damage_taken":0.0,"relics_obtained":["Snake Skull"],"cards_obtained":["Writhe"]},{"damage_healed":0.0,"max_hp_gain":0.0,"max_hp_loss":0.0,"gold_gain":0.0,"event_name":"Masked Bandits","player_choice":"Fought Bandits","floor":27.0,"gold_loss":0.0,"damage_taken":0.0},{"damage_healed":0.0,"max_hp_gain":0.0,"max_hp_loss":0.0,"gold_gain":250.0,"event_name":"The Joust","player_choice":"Bet on Owner","floor":29.0,"gold_loss":50.0,"damage_taken":0.0},{"damage_healed":0.0,"max_hp_gain":0.0,"max_hp_loss":0.0,"gold_gain":0.0,"event_name":"Mysterious Sphere","player_choice":"Fight","floor":41.0,"gold_loss":0.0,"damage_taken":0.0}],"is_beta":false,"boss_relics":[{"not_picked":["Empty Cage","HoveringKite"],"picked":"WristBlade"},{"not_picked":["Black Star","SlaversCollar"],"picked":"Calling Bell"}],"items_purged_floors":[31,39,42,47],"is_endless":false,"potions_floor_spawned":[1,5,12,14,24,27,28,38,40,41],"ascension_level":4}}