{"host":"bfxt97i6dl81mvg3","time":1610092496,"event":{"mods":["BaseMod","Colored Map","Minty Spire (QoL Compilation)","Relic Stats","Slay the Relics Exporter","StSLib","everything is the same but u backflip on backflip"],"gold_per_floor":[117,117,117,43,63,63,90,90,90,90,102,102,119,134,134,230,280,293,392,164,164,176,176,190,190,190,190,208,208,234,250,250,352,352,370,382,282,282,157,157,173,185,185,185,35,35,35,48,48,48],"floor_reached":51,"playtime":1096,"items_purged":["Defend_R","Strike_R","Strike_R","Defend_R"],"score":815,"play_id":"dd76d4ca-0a18-452c-9c67-307c60e45be4","local_time":"20210108015456","is_ascension_mode":false,"campfire_choices":[{"data":"Searing Blow","floor":6.0,"key":"SMITH"},{"data":"Searing Blow+1","floor":8.0,"key":"SMITH"},{"data":"Searing Blow+2","floor":12.0,"key":"SMITH"},{"data":"Searing Blow+3","floor":15.0,"key":"SMITH"},{"data":"Searing Blow+4","floor":23,"key":"SMITH"},{"data":"Searing Blow+5","floor":25,"key":"SMITH"},{"data":"Searing Blow+6","floor":27,"key":"SMITH"},{"data":"Searing Blow+7","floor":32,"key":"SMITH"},{"data":"Searing Blow+8","floor":40,"key":"SMITH"},{"data":"Searing Blow+9","floor":44,"key":"SMITH"},{"data":"Searing Blow+10","floor":47,"key":"SMITH"},{"data":"Searing Blow+11","floor":49,"key":"SMITH"}],"circlet_count":0,"master_deck":["Strike_R","Strike_R","Strike_R","Defend_R+1","Defend_R+1","Bash+1","Searing Blow+12","Burning Pact","Berserk","Armaments","Battle Trance","Immolate","Double Tap","Shockwave+1"],"relics":["Black Blood","Anchor","Bottled Flame","Kunai","Tiny House","PreservedInsect","Singing Bowl","Lantern","Blood Vial"],"acts_visited":["Exordium","TheCity","TheBeyond"],"potions_floor_usage":[16,16,16,18,28,42,50],"damage_taken":[{"damage":0.0,"enemies":"2 Louse","floor":1.0,"turns":2.0},{"damage":8.0,"enemies":"Jaw Worm","floor":5.0,"turns":3.0},{"damage":43.0,"enemies":"3 Sentries","floor":7.0,"turns":13.0},{"damage":0.0,"enemies":"Small Slimes","floor":11.0,"turns":3.0},{"damage":0.0,"enemies":"2 Fungi Beasts","floor":13.0,"turns":2.0},{"damage":7.0,"enemies":"3 Louse","floor":14.0,"turns":4.0},{"damage":1,"enemies":"Slime Boss","floor":16,"turns":7},{"damage":10,"enemies":"Spheric Guardian","floor":18,"turns":3},{"damage":0,"enemies":"Chosen","floor":22,"turns":3},{"damage":16,"enemies":"Shelled Parasite and Fungi","floor":24,"turns":3},{"damage":0,"enemies":"Cultist and Chosen","floor":28,"turns":4},{"damage":13,"enemies":"Book of Stabbing","floor":30,"turns":3},{"damage":10,"enemies":"Centurion and Healer","floor":31,"turns":3},{"damage":62,"enemies":"Champ","floor":33,"turns":10},{"damage":1,"enemies":"3 Darklings","floor":35,"turns":2},{"damage":5,"enemies":"Orb Walker","floor":36,"turns":2},{"damage":32,"enemies":"4 Shapes","floor":41,"turns":4},{"damage":3,"enemies":"Writhing Mass","floor":42,"turns":3},{"damage":31,"enemies":"3 Darklings","floor":48,"turns":5},{"damage":46,"enemies":"Time Eater","floor":50,"turns":5}],"seed_played":"2073201543815365794","potions_obtained":[{"floor":1.0,"key":"SpeedPotion"},{"floor":7.0,"key":"ColorlessPotion"},{"floor":14.0,"key":"SpeedPotion"},{"floor":16,"key":"LiquidMemories"},{"floor":17,"key":"Energy Potion"},{"floor":18,"key":"Weak Potion"},{"floor":29,"key":"Block Potion"},{"floor":29,"key":"SpeedPotion"},{"floor":48,"key":"Dexterity Potion"}],"is_trial":false,"path_per_floor":["M","?","?","$","M","R","E","R","T","?","M","R","M","M","R","B",null,"M","?","$","?","M","R","M","R","T","R","M","?","E","M","R","B",null,"M","M","$","?","$","R","M","M","T","R","$","?","R","M","R","B",null],"character_chosen":"IRONCLAD","items_purchased":["Searing Blow","PreservedInsect"],"campfire_rested":0,"item_purchase_floors":[4,20],"current_hp_per_floor":[80,64,69,69,67,67,30,30,30,30,36,36,42,41,41,46,90,86,86,86,68,74,74,64,64,64,64,72,72,67,65,65,9,101,103,103,103,99,99,99,81,92,92,92,92,92,92,77,77,45],"gold":48,"neow_bonus":"RANDOM_COMMON_RELIC","is_daily":false,"chose_seed":false,"campfire_upgraded":12,"win_rate":0.0,"timestamp":1610092496,"path_taken":["M","?","?","$","M","R","E","R","T","?","M","R","?","M","R","BOSS","M","?","$","?","M","R","M","R","T","R","M","?","E","?","R","BOSS","M","M","?","?","$","R","M","M","T","R","$","?","R","M","R","BOSS"],"items_purchased_type":["Card","Relic"],"build_version":"2020-12-22","purchased_purges":4,"victory":true,"max_hp_per_floor":[80,80,85,85,85,85,85,85,85,85,85,85,85,85,85,85,90,90,90,90,95,95,95,95,95,95,95,97,97,99,101,101,101,101,103,103,103,109,109,109,111,113,113,113,113,107,107,109,109,109],"relic_stats":{"Blood Vial":4,"Singing Bowl":20,"counters":[20,84],"Black Blood":132,"PreservedInsect":41,"Kunai":[6],"obtain_stats":[{"Blood Vial":43,"Anchor":0,"Bottled Flame":7,"Lantern":30,"Tiny House":17,"Singing Bowl":26,"Black Blood":34,"PreservedInsect":20,"Kunai":9,"Burning Blood":0},{"Blood Vial":18,"Anchor":0,"Bottled Flame":3,"Lantern":12,"Tiny House":7,"Singing Bowl":10,"Black Blood":14,"PreservedInsect":8,"Kunai":3,"Burning Blood":0},{"Blood Vial":74,"Anchor":0,"Bottled Flame":18,"Lantern":50,"Tiny House":34,"Singing Bowl":43,"Black Blood":63,"PreservedInsect":37,"Kunai":18,"Burning Blood":0}]},"card_choices":[{"not_picked":["Dual Wield","Anger","Pommel Strike"],"picked":"SKIP","floor":1.0},{"not_picked":["Iron Wave","Hemokinesis","Flex"],"picked":"SKIP","floor":5.0},{"not_picked":["Rampage","Sever Soul"],"picked":"Burning Pact","floor":7.0},{"not_picked":["Armaments","Pommel Strike","Perfected Strike"],"picked":"SKIP","floor":11.0},{"not_picked":["Pommel Strike","Perfected Strike"],"picked":"Armaments","floor":11.0},{"not_picked":["Whirlwind","Spot Weakness","Twin Strike"],"picked":"SKIP","floor":13.0},{"not_picked":["Cleave","Perfected Strike"],"picked":"Battle Trance","floor":14.0},{"not_picked":["Bludgeon","Juggernaut"],"picked":"Immolate","floor":16},{"not_picked":["Clothesline","True Grit","Wild Strike"],"picked":"SKIP","floor":18},{"not_picked":["Headbutt","Clash","Sword Boomerang"],"picked":"SKIP","floor":22},{"not_picked":["Carnage","Warcry+1","Disarm"],"picked":"SKIP","floor":24},{"not_picked":["Feel No Pain+1","Body Slam","Pommel Strike"],"picked":"Singing Bowl","floor":28},{"not_picked":["Rupture+1","Juggernaut","Clothesline+1"],"picked":"Singing Bowl","floor":30},{"not_picked":["Armaments","Clash+1","Headbutt+1"],"picked":"Singing Bowl","floor":31},{"not_picked":["Limit Break","Feed"],"picked":"Double Tap","floor":33},{"not_picked":["Anger+1","Intimidate","Body Slam+1"],"picked":"Singing Bowl","floor":35},{"not_picked":["Entrench+1","Clash+1"],"picked":"Shockwave+1","floor":36},{"not_picked":["PanicButton","Magnetism","Transmutation"],"picked":"Singing Bowl","floor":38},{"not_picked":["Metamorphosis","Enlightenment","Magnetism"],"picked":"Singing Bowl","floor":38},{"not_picked":["Blind","Finesse","Panacea"],"picked":"Singing Bowl","floor":38},{"not_picked":["Heavy Blade","Feel No Pain","Perfected Strike"],"picked":"Singing Bowl","floor":41},{"not_picked":["Pommel Strike","Hemokinesis","Wild Strike+1"],"picked":"Singing Bowl","floor":42},{"not_picked":["Blood for Blood","Whirlwind","Wild Strike+1"],"picked":"Singing Bowl","floor":48}],"player_experience":293315,"relics_obtained":[{"floor":7.0,"key":"Bottled Flame"},{"floor":9.0,"key":"Kunai"},{"floor":26,"key":"Singing Bowl"},{"floor":30,"key":"Lantern"},{"floor":43,"key":"Blood Vial"}],"event_choices":[{"damage_healed":0.0,"max_hp_gain":0.0,"max_hp_loss":0.0,"gold_gain":0.0,"event_name":"Shining Light","player_choice":"Entered Light","floor":2.0,"gold_loss":0.0,"damage_taken":16.0,"cards_upgraded":["Defend_R","Defend_R"]},{"damage_healed":0.0,"max_hp_gain":5.0,"max_hp_loss":0.0,"gold_gain":0.0,"event_name":"Big Fish","player_choice":"Donut","floor":3.0,"gold_loss":0.0,"damage_taken":0.0},{"damage_healed":0.0,"max_hp_gain":0.0,"max_hp_loss":0.0,"gold_gain":0.0,"event_name":"Match and Keep!","player_choice":"1 cards matched","floor":10.0,"gold_loss":0.0,"damage_taken":0.0,"cards_obtained":["Berserk"]},{"damage_healed":0,"gold_gain":99,"player_choice":"Stole From Cult","damage_taken":0,"max_hp_gain":0,"max_hp_loss":0,"event_name":"Nest","floor":19,"gold_loss":0},{"damage_healed":0,"gold_gain":0,"player_choice":"Shed Blood","damage_taken":23,"max_hp_gain":5,"max_hp_loss":0,"event_name":"Forgotten Altar","floor":21,"gold_loss":0},{"damage_healed":0,"gold_gain":0,"player_choice":"Got Potions","damage_taken":0,"max_hp_gain":0,"max_hp_loss":0,"event_name":"Lab","floor":29,"gold_loss":0},{"damage_healed":0,"gold_gain":0,"player_choice":"Memory 3","damage_taken":10,"max_hp_gain":0,"max_hp_loss":0,"event_name":"SensoryStone","floor":38,"gold_loss":0},{"damage_healed":0,"gold_gain":0,"player_choice":"Max HP","damage_taken":0,"max_hp_gain":0,"max_hp_loss":6,"event_name":"Winding Halls","floor":46,"gold_loss":0}],"is_beta":false,"boss_relics":[{"not_picked":["Runic Cube","Ectoplasm"],"picked":"Tiny House"},{"not_picked":["Mark of Pain","Astrolabe"],"picked":"Black Blood"}],"items_purged_floors":[20,37,39,45],"is_endless":false,"potions_floor_spawned":[1,7,14,16,18,31,36,48],"ascension_level":0}}