{"host":"Qube","time":1610074620,"event":{"mods":["AchievementEnabler","BaseMod","Colored Map","Colored Powertips","Minty Spire (QoL Compilation)","Quick Restart","Random Character Button","StSLib"],"gold_per_floor":[115,132,142,159,176,210,210,210,210,8,8,8,8,35,35,111,161,172,186,199,225,140,140,65,65,137,137,168,180,8,8,8,83,83,102,118,118,118,129,157,170,392,464,464,1,28,39,67,67,67],"floor_reached":51,"playtime":3041,"items_purged":["Strike_G"],"score":1595,"play_id":"8d81c47c-da41-41ae-bfbf-38fc91ecf087","local_time":"20210107185700","is_ascension_mode":true,"campfire_choices":[{"data":"Footwork","floor":7.0,"key":"SMITH"},{"data":"Poisoned Stab","floor":11.0,"key":"SMITH"},{"data":"Neutralize","floor":13.0,"key":"SMITH"},{"data":"Survivor","floor":15.0,"key":"SMITH"},{"floor":23.0,"key":"REST"},{"data":"Predator","floor":25.0,"key":"SMITH"},{"floor":27.0,"key":"REST"},{"data":"Defend_G","floor":32.0,"key":"SMITH"},{"floor":44.0,"key":"REST"},{"floor":49.0,"key":"REST"}],"circlet_count":0,"master_deck":["AscendersBane","Strike_G","Strike_G","Strike_G","Strike_G+1","Defend_G+1","Defend_G","Defend_G","Defend_G","Survivor+1","Neutralize+1","Footwork+1","Deadly Poison+1","Escape Plan+1","Acrobatics+1","Leg Sweep+1","Poisoned Stab+1","Metamorphosis+1","Backflip+1","Corpse Explosion+1","Dodge and Roll+1","Cloak And Dagger+1","Cloak And Dagger+1","Predator+1","Prepared+1","Outmaneuver+1","Prepared+1","Catalyst+1","Malaise+1","Bouncing Flask+1","Noxious Fumes","Impatience+1","Catalyst+1","Flechettes"],"relics":["Calling Bell","PreservedInsect","Toxic Egg 2","CaptainsWheel","HornCleat","Blue Candle","Matryoshka","Tiny House","Red Mask","Gremlin Horn","InkBottle","Ornamental Fan","Ancient Tea Set","Happy Flower","Fusion Hammer","Letter Opener","Toy Ornithopter","White Beast Statue","Potion Belt","Membership Card","Thread and Needle","Juzu Bracelet"],"acts_visited":["Exordium","TheCity","TheBeyond"],"potions_floor_usage":[50,50,50],"damage_taken":[{"damage":3.0,"enemies":"Cultist","floor":1.0,"turns":5.0},{"damage":0.0,"enemies":"Small Slimes","floor":2.0,"turns":4.0},{"damage":1.0,"enemies":"2 Louse","floor":3.0,"turns":4.0},{"damage":0.0,"enemies":"Looter","floor":4.0,"turns":4.0},{"damage":6.0,"enemies":"3 Louse","floor":5.0,"turns":5.0},{"damage":0.0,"enemies":"Lagavulin","floor":6.0,"turns":4.0},{"damage":21.0,"enemies":"3 Sentries","floor":14.0,"turns":7.0},{"damage":13.0,"enemies":"The Guardian","floor":16.0,"turns":13.0},{"damage":0.0,"enemies":"Spheric Guardian","floor":18.0,"turns":6.0},{"damage":9.0,"enemies":"2 Thieves","floor":19.0,"turns":3.0},{"damage":9.0,"enemies":"Centurion and Healer","floor":20.0,"turns":5.0},{"damage":21.0,"enemies":"Masked Bandits","floor":21.0,"turns":6.0},{"damage":12.0,"enemies":"Book of Stabbing","floor":28.0,"turns":7.0},{"damage":0.0,"enemies":"Chosen and Byrds","floor":29.0,"turns":5.0},{"damage":4.0,"enemies":"Collector","floor":33.0,"turns":9.0},{"damage":4.0,"enemies":"3 Darklings","floor":35.0,"turns":4.0},{"damage":0.0,"enemies":"3 Shapes","floor":36.0,"turns":4.0},{"damage":25.0,"enemies":"Jaw Worm Horde","floor":39.0,"turns":4.0},{"damage":12.0,"enemies":"Reptomancer","floor":40.0,"turns":6.0},{"damage":10.0,"enemies":"Spire Growth","floor":41.0,"turns":6.0},{"damage":0.0,"enemies":"Giant Head","floor":46.0,"turns":4.0},{"damage":0.0,"enemies":"Writhing Mass","floor":47.0,"turns":4.0},{"damage":0.0,"enemies":"Reptomancer","floor":48.0,"turns":4.0},{"damage":11,"enemies":"Donu and Deca","floor":50,"turns":4}],"seed_played":"265121786820930257","potions_obtained":[{"floor":1.0,"key":"GamblersBrew"},{"floor":2.0,"key":"Swift Potion"},{"floor":5.0,"key":"ColorlessPotion"},{"floor":6.0,"key":"Ancient Potion"},{"floor":17.0,"key":"FearPotion"},{"floor":18.0,"key":"CunningPotion"},{"floor":20.0,"key":"Dexterity Potion"},{"floor":21.0,"key":"DuplicationPotion"},{"floor":38.0,"key":"CultistPotion"},{"floor":38.0,"key":"CultistPotion"},{"floor":39.0,"key":"LiquidBronze"},{"floor":46.0,"key":"ColorlessPotion"},{"floor":47.0,"key":"Explosive Potion"},{"floor":48.0,"key":"PowerPotion"}],"is_trial":false,"path_per_floor":["M","M","M","M","M","E","R","?","T","$","R","$","R","E","R","B",null,"M","M","M","?","?","R","?","R","T","R","E","M","$","?","R","B",null,"M","M","?","?","M","E","M","?","T","R","$","E","M","E","R","B",null],"character_chosen":"THE_SILENT","items_purchased":["Metamorphosis+1","Happy Flower","Potion Belt","Membership Card","PowerPotion","Explosive Potion","SkillPotion"],"campfire_rested":4,"item_purchase_floors":[10,30,45,45,45,45,45],"current_hp_per_floor":[56,56,55,55,49,49,49,66,66,66,66,66,66,45,45,32,63,63,54,45,24,24,45,45,45,45,66,54,54,54,54,54,50,66,62,62,62,62,37,25,15,15,15,36,36,36,46,51,71,60],"gold":67,"neow_bonus":"BOSS_RELIC","is_daily":false,"chose_seed":false,"campfire_upgraded":6,"win_rate":0.0,"timestamp":1610074620,"path_taken":["M","M","M","?","M","E","R","?","T","?","R","$","R","E","R","BOSS","M","M","?","?","?","R","?","R","T","R","E","M","$","?","R","BOSS","M","M","?","?","?","E","?","?","T","R","$","E","M","E","R","BOSS"],"items_purchased_type":["Card","Relic","Relic","Relic","Potion","Potion","Potion"],"build_version":"2020-12-18","purchased_purges":1,"victory":true,"max_hp_per_floor":[66,66,66,66,66,66,66,66,66,66,66,66,66,66,66,66,71,71,71,71,71,71,71,71,71,71,71,71,71,71,71,71,71,71,71,71,71,71,71,71,71,71,71,71,71,71,71,71,71,71],"card_choices":[{"not_picked":["Dagger Spray","Blade Dance+1"],"picked":"Footwork","floor":1.0},{"not_picked":["Bane","Quick Slash"],"picked":"Deadly Poison+1","floor":2.0},{"not_picked":["Dagger Throw","Outmaneuver+1"],"picked":"Escape Plan+1","floor":3.0},{"not_picked":["Envenom","Dagger Throw"],"picked":"Acrobatics+1","floor":4.0},{"not_picked":["Predator","Deadly Poison+1"],"picked":"Leg Sweep+1","floor":5.0},{"not_picked":["Blade Dance+1","Storm of Steel+1"],"picked":"Poisoned Stab","floor":6.0},{"not_picked":["Backstab","Poisoned Stab"],"picked":"Backflip+1","floor":14.0},{"not_picked":["Envenom","Unload"],"picked":"Corpse Explosion+1","floor":16.0},{"not_picked":["PiercingWail+1","All Out Attack"],"picked":"Dodge and Roll+1","floor":17.0},{"not_picked":["Slice","Choke"],"picked":"Cloak And Dagger+1","floor":18.0},{"not_picked":["Endless Agony","Flechettes"],"picked":"Cloak And Dagger+1","floor":19.0},{"not_picked":["Underhanded Strike","Flying Knee"],"picked":"Predator","floor":20.0},{"not_picked":["Dodge and Roll+1","Flying Knee"],"picked":"Prepared+1","floor":21.0},{"not_picked":["Terror+1","Glass Knife"],"picked":"Outmaneuver+1","floor":28.0},{"not_picked":["Dagger Spray","Deadly Poison+1"],"picked":"Prepared+1","floor":29.0},{"not_picked":["Wraith Form v2","Storm of Steel+1"],"picked":"Malaise+1","floor":33.0},{"not_picked":["Accuracy","Outmaneuver+1"],"picked":"Bouncing Flask+1","floor":35.0},{"not_picked":["Riddle With Holes","Backflip+1"],"picked":"Noxious Fumes","floor":36.0},{"not_picked":["Panacea+1","Secret Weapon+1"],"picked":"Impatience+1","floor":37.0},{"not_picked":["Outmaneuver+1","Sucker Punch","Predator"],"picked":"SKIP","floor":39.0},{"not_picked":["Prepared+1","Cloak And Dagger+1","Eviscerate"],"picked":"SKIP","floor":40.0},{"not_picked":["Footwork","Dodge and Roll+1"],"picked":"Catalyst+1","floor":41.0},{"not_picked":["Masterful Stab","Prepared+1","Deadly Poison+1"],"picked":"SKIP","floor":46.0},{"not_picked":["Storm of Steel+1","Infinite Blades+1","Deadly Poison+1"],"picked":"SKIP","floor":47.0},{"not_picked":["Dagger Spray","Predator"],"picked":"Flechettes","floor":48.0}],"player_experience":843063,"relics_obtained":[{"floor":0.0,"key":"PreservedInsect"},{"floor":0.0,"key":"Toxic Egg 2"},{"floor":0.0,"key":"CaptainsWheel"},{"floor":6.0,"key":"HornCleat"},{"floor":9.0,"key":"Blue Candle"},{"floor":14.0,"key":"Matryoshka"},{"floor":21.0,"key":"Red Mask"},{"floor":26.0,"key":"InkBottle"},{"floor":26.0,"key":"Ornamental Fan"},{"floor":28.0,"key":"Ancient Tea Set"},{"floor":40.0,"key":"Letter Opener"},{"floor":43.0,"key":"Toy Ornithopter"},{"floor":43.0,"key":"White Beast Statue"},{"floor":46.0,"key":"Thread and Needle"},{"floor":48.0,"key":"Juzu Bracelet"}],"event_choices":[{"damage_healed":17.0,"max_hp_gain":0.0,"max_hp_loss":0.0,"gold_gain":0.0,"event_name":"Wheel of Change","player_choice":"Full Heal","floor":8.0,"gold_loss":0.0,"damage_taken":0.0},{"damage_healed":0.0,"max_hp_gain":0.0,"max_hp_loss":0.0,"gold_gain":0.0,"event_name":"Masked Bandits","player_choice":"Fought Bandits","floor":21.0,"gold_loss":0.0,"damage_taken":0.0},{"damage_healed":0.0,"max_hp_gain":0.0,"max_hp_loss":0.0,"gold_gain":0.0,"event_name":"Addict","player_choice":"Obtained Relic","floor":22.0,"gold_loss":85.0,"damage_taken":0.0,"relics_obtained":["Gremlin Horn"]},{"cards_removed":["Defend_G"],"damage_healed":0.0,"max_hp_gain":0.0,"max_hp_loss":0.0,"gold_gain":0.0,"event_name":"Beggar","player_choice":"Gave Gold","floor":24.0,"gold_loss":75.0,"damage_taken":0.0},{"damage_healed":0.0,"max_hp_gain":0.0,"max_hp_loss":0.0,"gold_gain":0.0,"event_name":"The Library","player_choice":"Read","floor":31.0,"gold_loss":0.0,"damage_taken":0.0,"cards_obtained":["Catalyst"]},{"damage_healed":0.0,"max_hp_gain":0.0,"max_hp_loss":0.0,"gold_gain":0.0,"event_name":"SensoryStone","player_choice":"Memory 1","floor":37.0,"gold_loss":0.0,"damage_taken":0.0},{"damage_healed":0.0,"max_hp_gain":0.0,"max_hp_loss":0.0,"gold_gain":0.0,"event_name":"Lab","player_choice":"Got Potions","floor":38.0,"gold_loss":0.0,"damage_taken":0.0},{"damage_healed":0.0,"max_hp_gain":0.0,"max_hp_loss":0.0,"gold_gain":222.0,"event_name":"Tomb of Lord Red Mask","player_choice":"Wore Mask","floor":42.0,"gold_loss":0.0,"damage_taken":0.0}],"is_beta":true,"boss_relics":[{"not_picked":["Coffee Dripper","SacredBark"],"picked":"Tiny House"},{"not_picked":["WristBlade","Black Star"],"picked":"Fusion Hammer"}],"items_purged_floors":[45],"is_endless":false,"potions_floor_spawned":[1,2,5,6,18,20,21,39,46,47,48],"ascension_level":18}}