{"host":"5dk97cf2ubw2v967","time":1610116260,"event":{"mods":["AlwaysNeverKeys","BaseMod","Better Altar","Better Vampires","Block Reminder","Colored Powertips","Downfall","Googly Eyes","Highlight Path","Minty Spire (QoL Compilation)","Permanent Neow","Potion Indicator Mod","Quick Restart","Relic Filter","Relic Stats","Say the Spire","Spicy Shops","StSLib","Waifu the Spire","everything is the same but u backflip on backflip"],"gold_per_floor":[99,110,148,186,223,335,335,398,429,429,21,75,75,109,176,272,272,197,234,234,247,247,276,276,276,46,46,85,129,54,38,53,154,154,154,210,134,214,214,214,214,281,366,433,87,152,152,204,281,321],"floor_reached":51,"playtime":5389,"items_purged":["Guardian:Aged","Guardian:Defend_Guardian","Shame","Injury"],"score":1779,"play_id":"ec38694d-e780-433c-9c5a-498f00017eb1","local_time":"20210108143100","is_ascension_mode":true,"campfire_choices":[{"data":"HandOfGreed","floor":1.0,"key":"SMITH"},{"floor":10.0,"key":"REST"},{"floor":13.0,"key":"REST"},{"floor":18.0,"key":"RECALL"},{"floor":27.0,"key":"REST"},{"data":"Guardian:StasisEngine","floor":30.0,"key":"SMITH"},{"data":"Guardian:ChargeUp","floor":35.0,"key":"SMITH"},{"data":"Guardian:ExploitGems","floor":40.0,"key":"SMITH"}],"circlet_count":0,"master_deck":["AscendersBane","Guardian:Strike_Guardian","Guardian:Strike_Guardian","Guardian:Strike_Guardian","Guardian:Strike_Guardian","Guardian:Defend_Guardian","Guardian:Defend_Guardian","Guardian:Defend_Guardian","Guardian:CurlUp","Guardian:TwinSlam","HandOfGreed+1","Guardian:Incinerate","Guardian:BronzeOrb","Guardian:Suspension","Guardian:FloatingOrbs","Guardian:Preprogram","Guardian:TemporalStrike","Guardian:Incinerate","Guardian:ChargeUp+1","Guardian:SentryBeam","Guardian:PolyBeam","Guardian:PolyBeam","Guardian:StasisEngine+1","Guardian:DecasProtection","Guardian:ShieldCharger","Blind","Guardian:Harden","Guardian:BronzeOrb","Guardian:FloatingOrbs","Guardian:ExploitGems+1","Guardian:FloatingOrbs","Guardian:BronzeOrb+1","Clumsy","Guardian:DecasProtection","Guardian:Gem_Red","Guardian:ChargeUp","Guardian:FloatingOrbs","Guardian:Gem_Cyan","Guardian:Gem_Fragmented","Guardian:Gem_Orange","Guardian:Gem_White","Guardian:Gem_Yellow","Guardian:SentryBeam+1","Guardian:TemporalShield+1","Guardian:ChargeUp"],"relics":["Guardian:ModeShifter","Letter Opener","Gremlin Horn","Regal Pillow","Turnip","Bottled Flame","Dream Catcher","Cursed Key","downfall:HeartBlessingGreen","downfall:KnowingSkull","Bag of Preparation","Eternal Feather","HornCleat","downfall:HeartBlessingRed","OrangePellets","Guardian:StasisUpgradeRelic","Sozu","Oddly Smooth Stone","MealTicket","Guardian:BottledStasis","Guardian:SackOfGems"],"acts_visited":["Exordium","TheCity","TheBeyond"],"potions_floor_usage":[],"damage_taken":[{"damage":6.0,"enemies":"Cultist","floor":2.0,"turns":3.0},{"damage":15.0,"enemies":"Jaw Worm","floor":3.0,"turns":5.0},{"damage":6.0,"enemies":"2 Louse","floor":4.0,"turns":3.0},{"damage":22.0,"enemies":"Large Slime","floor":5.0,"turns":7.0},{"damage":5.0,"enemies":"3 Sentries","floor":6.0,"turns":6.0},{"damage":2.0,"enemies":"Lots of Slimes","floor":8.0,"turns":6.0},{"damage":8.0,"enemies":"Gremlin Nob","floor":9.0,"turns":3.0},{"damage":5.0,"enemies":"downfall:FleeingMerchant","floor":11.0,"turns":4.0},{"damage":20.0,"enemies":"Lagavulin","floor":12.0,"turns":5.0},{"damage":15.0,"enemies":"Gremlin Nob","floor":14.0,"turns":3.0},{"damage":0.0,"enemies":"Gremlin Gang","floor":15.0,"turns":4.0},{"damage":16.0,"enemies":"downfall:Silent","floor":16.0,"turns":7.0},{"damage":8.0,"enemies":"3 Byrds","floor":19.0,"turns":5.0},{"damage":17.0,"enemies":"Chosen","floor":21.0,"turns":4.0},{"damage":16.0,"enemies":"Gremlin Leader","floor":23.0,"turns":6.0},{"damage":1.0,"enemies":"downfall:FleeingMerchant","floor":26.0,"turns":4.0},{"damage":1.0,"enemies":"Centurion and Healer","floor":28.0,"turns":4.0},{"damage":5.0,"enemies":"Sentry and Sphere","floor":29.0,"turns":4.0},{"damage":4.0,"enemies":"downfall:FleeingMerchant","floor":31.0,"turns":4.0},{"damage":5.0,"enemies":"Snake Plant","floor":32.0,"turns":4.0},{"damage":1.0,"enemies":"downfall:Defect","floor":33.0,"turns":6.0},{"damage":3.0,"enemies":"3 Darklings","floor":36.0,"turns":3.0},{"damage":3.0,"enemies":"3 Shapes","floor":38.0,"turns":3.0},{"damage":25,"enemies":"Nemesis","floor":42,"turns":5},{"damage":3,"enemies":"Sphere and 2 Shapes","floor":43,"turns":4},{"damage":3,"enemies":"Reptomancer","floor":44,"turns":4},{"damage":17,"enemies":"Nemesis","floor":46,"turns":4},{"damage":3,"enemies":"Maw","floor":48,"turns":4},{"damage":3,"enemies":"Jaw Worm Horde","floor":49,"turns":2},{"damage":3,"enemies":"downfall:Watcher","floor":50,"turns":6}],"seed_played":"2036386790206627110","potions_obtained":[{"floor":3.0,"key":"Guardian:DefensiveModePotion"},{"floor":6.0,"key":"Fruit Juice"},{"floor":8.0,"key":"DuplicationPotion"},{"floor":14.0,"key":"BlessingOfTheForge"},{"floor":16.0,"key":"SneckoOil"},{"floor":21.0,"key":"Energy Potion"},{"floor":29.0,"key":"AttackPotion"}],"is_trial":false,"path_per_floor":["R","M","M","M","M","?","T","M","E","R","$","E","R","E","M","B",null,"R","M","?","M","?","E","T","?","$","R","M","M","R","$","M","B",null,"R","M","$","M","?","R","T","E","M","E","$","E","$","M","M","B",null],"character_chosen":"GUARDIAN","items_purchased":["Turnip","Guardian:ChargeUp","Blind","OrangePellets","Guardian:StasisUpgradeRelic","Guardian:FloatingOrbs","Guardian:FloatingOrbs","Guardian:FloatingOrbs","Guardian:BottledStasis"],"campfire_rested":3,"item_purchase_floors":[11,11,26,31,31,31,37,45,45],"current_hp_per_floor":[65,59,44,38,16,16,16,14,6,44,39,19,57,42,42,26,64,64,56,40,23,23,7,7,7,6,62,61,56,74,70,65,64,74,77,74,74,71,71,77,77,52,49,46,61,44,59,56,53,50],"gold":321,"neow_bonus":"RANDOM_COLORLESS_2","is_daily":false,"chose_seed":false,"campfire_upgraded":4,"win_rate":0.0,"timestamp":1610116260,"path_taken":["R","M","M","M","M","?","T","M","E","R","$","E","R","E","M","BOSS","R","M","?","?","?","E","T","?","$","R","M","M","R","$","M","BOSS","R","M","?","M","?","R","T","E","?","E","$","E","$","M","M","BOSS"],"items_purchased_type":["Relic","Card","Card","Relic","Relic","Card","Card","Card","Relic"],"build_version":"2020-12-22","purchased_purges":4,"victory":true,"max_hp_per_floor":[72,72,72,72,72,77,77,77,77,77,77,77,77,77,77,77,77,77,77,77,77,77,77,77,77,77,77,77,77,77,77,77,77,77,77,77,77,77,77,77,77,77,77,77,77,77,77,77,77,77],"relic_stats":{"Regal Pillow":45,"Gremlin Horn":[32,32],"counters":[30,132],"Eternal Feather":45,"Bag of Preparation":[32],"Letter Opener":[327],"Cursed Key":2,"Sozu":3,"OrangePellets":[12],"Dream Catcher":1,"MealTicket":30,"Turnip":[23],"obtain_stats":[{"Guardian:BottledStasis":45,"Regal Pillow":9,"Gremlin Horn":7,"downfall:HeartBlessingRed":30,"Guardian:ModeShifter":0,"Oddly Smooth Stone":42,"downfall:HeartBlessingGreen":18,"Eternal Feather":23,"Guardian:SackOfGems":46,"Bag of Preparation":22,"Letter Opener":6,"Cursed Key":17,"Sozu":34,"OrangePellets":31,"Guardian:StasisUpgradeRelic":31,"Bottled Flame":12,"Dream Catcher":14,"HornCleat":24,"downfall:KnowingSkull":20,"MealTicket":44,"Turnip":11},{"Guardian:BottledStasis":26,"Regal Pillow":7,"Gremlin Horn":5,"downfall:HeartBlessingRed":18,"Guardian:ModeShifter":0,"Oddly Smooth Stone":24,"downfall:HeartBlessingGreen":12,"Eternal Feather":15,"Guardian:SackOfGems":27,"Bag of Preparation":14,"Letter Opener":5,"Cursed Key":12,"Sozu":21,"OrangePellets":19,"Guardian:StasisUpgradeRelic":19,"Bottled Flame":9,"Dream Catcher":10,"HornCleat":15,"downfall:KnowingSkull":13,"MealTicket":26,"Turnip":8},{"Guardian:BottledStasis":116,"Regal Pillow":33,"Gremlin Horn":24,"downfall:HeartBlessingRed":83,"Guardian:ModeShifter":0,"Oddly Smooth Stone":108,"downfall:HeartBlessingGreen":56,"Eternal Feather":71,"Guardian:SackOfGems":120,"Bag of Preparation":65,"Letter Opener":24,"Cursed Key":56,"Sozu":97,"OrangePellets":87,"Guardian:StasisUpgradeRelic":87,"Bottled Flame":42,"Dream Catcher":45,"HornCleat":71,"downfall:KnowingSkull":61,"MealTicket":116,"Turnip":37}]},"card_choices":[{"not_picked":["Thinking Ahead","Secret Technique"],"picked":"HandOfGreed","floor":0.0},{"not_picked":["Guardian:PrimingBeam","Guardian:Gem_Lightblue"],"picked":"Guardian:Incinerate","floor":2.0},{"not_picked":["Guardian:RefractedBeam","Guardian:PrimingBeam"],"picked":"Guardian:BronzeOrb","floor":3.0},{"not_picked":["Guardian:GemFire","Guardian:PrimingBeam"],"picked":"Guardian:Suspension","floor":4.0},{"not_picked":["Guardian:PiercingHide","Guardian:ChargeCore"],"picked":"Guardian:FloatingOrbs","floor":5.0},{"not_picked":["Guardian:VentSteam","Guardian:Gem_Purple"],"picked":"Guardian:Preprogram","floor":6.0},{"not_picked":["Guardian:VentSteam","Guardian:ShieldSpikes"],"picked":"Guardian:TemporalStrike","floor":8.0},{"not_picked":["Guardian:PolyBeam","Guardian:BronzeArmor"],"picked":"Guardian:Gem_Synthetic","floor":9.0},{"not_picked":["Guardian:CrystalBeam","Guardian:Planning"],"picked":"Guardian:Incinerate","floor":11.0},{"not_picked":["Guardian:Planning","Guardian:CrystalBeam"],"picked":"Guardian:SentryBeam","floor":12.0},{"not_picked":["Guardian:VentSteam","Guardian:PiercingHide"],"picked":"Guardian:PolyBeam","floor":14.0},{"not_picked":["Guardian:TimeCapacitor","Guardian:Gem_Crimson"],"picked":"Guardian:PolyBeam","floor":15.0},{"not_picked":["Guardian:ExploitGems","Guardian:AncientConstruct"],"picked":"Guardian:StasisEngine","floor":16.0},{"not_picked":["Guardian:Planning","Guardian:PrimingBeam"],"picked":"Guardian:DecasProtection","floor":19.0},{"not_picked":["Guardian:Incinerate","Guardian:ChargeCore"],"picked":"Guardian:Gem_Lightblue","floor":21.0},{"not_picked":["Guardian:Emergency+1","Guardian:EvasiveProtocol"],"picked":"Guardian:Gem_Green","floor":23.0},{"not_picked":["Guardian:Reroute","Guardian:PiercingHide"],"picked":"Guardian:ShieldCharger","floor":26.0},{"not_picked":["Guardian:TemporalShield","Guardian:BronzeArmor"],"picked":"Guardian:Gem_Cyan","floor":27.0},{"not_picked":["Guardian:Recover","Guardian:Gem_Lightblue"],"picked":"Guardian:Harden","floor":28.0},{"not_picked":["Guardian:Gem_Blue","Guardian:CrystalBeam"],"picked":"Guardian:BronzeOrb","floor":29.0},{"not_picked":["Guardian:GuardianWhirl","Guardian:Reroute"],"picked":"Guardian:Gem_Fragmented","floor":31.0},{"not_picked":["Guardian:RollAttack","Guardian:TimeSifter"],"picked":"Guardian:Gem_Cyan","floor":32.0},{"not_picked":["Guardian:ConstructionForm","Guardian:RevengeProtocol"],"picked":"Guardian:ExploitGems","floor":33.0},{"not_picked":["Guardian:GuardianWhirl+1","Guardian:Planning","Guardian:ChargeCore+1"],"picked":"SKIP","floor":36.0},{"not_picked":["Guardian:Recover","Guardian:PiercingHide"],"picked":"Guardian:BronzeOrb+1","floor":38.0},{"not_picked":["Guardian:Gem_Green","Guardian:ArmoredProtocol"],"picked":"Guardian:DecasProtection","floor":42},{"not_picked":["Guardian:ChargeCore","Guardian:RollAttack"],"picked":"Guardian:Gem_Red","floor":43},{"not_picked":["Guardian:PrismaticBeam+1","Guardian:PrimingBeam+1"],"picked":"Guardian:ChargeUp","floor":44},{"not_picked":["Guardian:Gem_Cyan","Guardian:VentSteam"],"picked":"Guardian:SentryBeam+1","floor":46},{"not_picked":["Guardian:MultiBeam","Guardian:TemporalStrike"],"picked":"Guardian:TemporalShield+1","floor":48},{"not_picked":["Guardian:TimeCapacitor","Guardian:Suspension"],"picked":"Guardian:ChargeUp","floor":49}],"player_experience":1337818,"relics_obtained":[{"floor":6.0,"key":"Letter Opener"},{"floor":7.0,"key":"Gremlin Horn"},{"floor":9.0,"key":"Regal Pillow"},{"floor":12.0,"key":"Bottled Flame"},{"floor":14.0,"key":"Dream Catcher"},{"floor":23.0,"key":"Eternal Feather"},{"floor":24.0,"key":"HornCleat"},{"floor":42,"key":"Oddly Smooth Stone"},{"floor":44,"key":"MealTicket"},{"floor":46,"key":"Guardian:SackOfGems"}],"event_choices":[{"damage_healed":0.0,"max_hp_gain":0.0,"max_hp_loss":0.0,"gold_gain":0.0,"event_name":"Addict","player_choice":"Stole Relic","floor":22.0,"gold_loss":0.0,"damage_taken":0.0,"relics_obtained":["Bag of Preparation"],"cards_obtained":["Shame"]}],"is_beta":false,"boss_relics":[{"not_picked":["Fusion Hammer","Black Star"],"picked":"Cursed Key"},{"not_picked":["Guardian:StasisSlotReductionRelic","SacredBark"],"picked":"Sozu"}],"items_purged_floors":[11,11,26,45],"is_endless":false,"potions_floor_spawned":[3,6,8,14,15,16,21,29,32,33,43,44,48],"ascension_level":20}}