{"host":"w7dhjqgqsib0c3vt","time":1610118586,"event":{"mods":["ATMod(°¢èªMod)","BaseMod","Minty Spire (QoL Compilation)","Shop Mod","StSLib","TheWitcher"],"gold_per_floor":[112,112,127,142,142,168,180,180,180,211,211,222,247,30,30,104,104,116,31,51,11,24,24,53,53,53,68,68,68,79,105,105,179,179,189,234,234,234,252,278,295,306,374,399,399,425,443,27,27,27],"floor_reached":51,"playtime":1706,"items_purged":[],"score":1479,"play_id":"bd0cc8bc-efcf-4980-a27d-93644354113d","local_time":"20210108230946","is_ascension_mode":true,"campfire_choices":[{"floor":8.0,"key":"REST"},{"data":"Noxious Fumes","floor":11.0,"key":"SMITH"},{"floor":15.0,"key":"REST"},{"data":"AT_EmpoweredMortalDraw","floor":23.0,"key":"SMITH"},{"floor":25.0,"key":"REST"},{"data":"Catalyst","floor":32.0,"key":"SMITH"},{"data":"AT_FamilyPortrait","floor":45.0,"key":"SMITH"},{"floor":49,"key":"REST"}],"circlet_count":0,"master_deck":["AscendersBane","Strike_G","Strike_G","Strike_G","Strike_G","Defend_G","Defend_G","Defend_G","Defend_G","Survivor+1","Neutralize","AT_FamilyPortrait+1","Jack Of All Trades","Terror+1","Poisoned Stab","Backstab","AT_Desolate","Catalyst+1","Noxious Fumes+1","Slice","Flying Knee","Flying Knee","PiercingWail","Outmaneuver","AT_EmpoweredMortalDraw+1","Noxious Fumes","Quick Slash","Noxious Fumes","Blur","Caltrops+1","Bane","Die Die Die","Noxious Fumes+1","Corpse Explosion","CurseOfTheBell","Phantasmal Killer","After Image+1","PiercingWail+1","A Thousand Cuts+1","Deadly Poison","Noxious Fumes+1","AT_EssenceShift+1","All Out Attack","Envenom+1","Masterful Stab+1","Dash+1","Cloak And Dagger+1","AT_ShadowStep","Noxious Fumes+1"],"relics":["Ring of the Snake","AT_ATBox","FaceOfCleric","SnafuTest:BearRelic","AT_DeathDance","Nunchaku","War Paint","AT_MortalBlade","Centennial Puzzle","AT_ImmortalShieldbow","AT_ForceNature","Enchiridion","Nloth\u0027s Gift","Frozen Egg 2","Calling Bell","PreservedInsect","AT_SilvercatRing","TungstenRod","AT_RabadonDeathcap","Akabeko","SnafuTest:CatRelic","Bag of Preparation","MealTicket","Orrery","Vajra"],"acts_visited":["Exordium","TheCity","TheBeyond"],"potions_floor_usage":[47,50],"damage_taken":[{"damage":5.0,"enemies":"Jaw Worm","floor":1.0,"turns":7.0},{"damage":0.0,"enemies":"Cultist","floor":3.0,"turns":3.0},{"damage":4.0,"enemies":"2 Louse","floor":4.0,"turns":2.0},{"damage":23.0,"enemies":"3 Sentries","floor":6.0,"turns":11.0},{"damage":3.0,"enemies":"Looter","floor":7.0,"turns":3.0},{"damage":20.0,"enemies":"Lagavulin","floor":10.0,"turns":4.0},{"damage":2.0,"enemies":"Red Slaver","floor":12.0,"turns":3.0},{"damage":21.0,"enemies":"3 Sentries","floor":13.0,"turns":6.0},{"damage":15.0,"enemies":"Hexaghost","floor":16.0,"turns":6.0},{"damage":9.0,"enemies":"3 Byrds","floor":18.0,"turns":4.0},{"damage":5.0,"enemies":"Shell Parasite","floor":20.0,"turns":2.0},{"damage":5.0,"enemies":"Centurion and Healer","floor":22.0,"turns":3.0},{"damage":0.0,"enemies":"Gremlin Leader","floor":24.0,"turns":5.0},{"damage":9.0,"enemies":"Snake Plant","floor":27.0,"turns":3.0},{"damage":0.0,"enemies":"Shelled Parasite and Fungi","floor":30.0,"turns":1.0},{"damage":4.0,"enemies":"Slavers","floor":31.0,"turns":2.0},{"damage":25.0,"enemies":"Champ","floor":33.0,"turns":7.0},{"damage":6.0,"enemies":"3 Shapes","floor":35.0,"turns":5.0},{"damage":15.0,"enemies":"2 Orb Walkers","floor":36.0,"turns":3.0},{"damage":19.0,"enemies":"3 Darklings","floor":39.0,"turns":3.0},{"damage":17.0,"enemies":"Giant Head","floor":40.0,"turns":6.0},{"damage":0.0,"enemies":"Sphere and 2 Shapes","floor":41.0,"turns":1.0},{"damage":6.0,"enemies":"Spire Growth","floor":42.0,"turns":5.0},{"damage":0.0,"enemies":"Nemesis","floor":46.0,"turns":3.0},{"damage":17,"enemies":"Transient","floor":47,"turns":5},{"damage":39,"enemies":"Donu and Deca","floor":50,"turns":5}],"seed_played":"7715769102263648012","potions_obtained":[{"floor":3.0,"key":"Poison Potion"},{"floor":7.0,"key":"DistilledChaos"},{"floor":13.0,"key":"AttackPotion"},{"floor":16.0,"key":"FearPotion"},{"floor":18.0,"key":"FearPotion"},{"floor":20.0,"key":"SpeedPotion"},{"floor":27.0,"key":"Ancient Potion"},{"floor":31.0,"key":"EssenceOfSteel"},{"floor":35.0,"key":"FearPotion"},{"floor":36.0,"key":"PowerPotion"},{"floor":40.0,"key":"Poison Potion"}],"is_trial":false,"path_per_floor":["M","?","M","M","?","E","M","R","T","E","R","M","E","$","R","B",null,"M","?","M","$","M","R","E","R","T","M","?","?","M","E","R","B",null,"M","?","?","?","M","E","M","M","T","T","R","E","M","$","R","B",null],"character_chosen":"THE_SILENT","items_purchased":["War Paint","PiercingWail","Outmaneuver","Noxious Fumes","Orrery","Vajra","AT_ShadowStep","Noxious Fumes+1"],"campfire_rested":4,"item_purchase_floors":[14,14,14,21,48,48,48,48],"current_hp_per_floor":[58,58,59,56,56,34,32,54,54,35,35,34,14,14,37,23,64,56,56,52,52,48,48,49,73,73,65,58,58,59,56,56,32,73,68,54,54,54,36,67,68,63,63,63,63,64,48,63,91,53],"gold":27,"neow_bonus":"RANDOM_COLORLESS","is_daily":false,"chose_seed":false,"campfire_upgraded":4,"win_rate":0.0,"timestamp":1610118586,"path_taken":["M","?","M","?","?","E","M","R","T","E","R","M","E","?","R","BOSS","M","?","M","$","M","R","E","R","T","M","?","?","?","E","R","BOSS","M","?","?","?","?","E","M","M","T","?","R","E","M","$","R","BOSS"],"items_purchased_type":["Relic","Card","Card","Card","Relic","Relic","Card","Card"],"build_version":"2020-12-22","purchased_purges":0,"victory":true,"max_hp_per_floor":[70,70,71,72,72,73,74,74,74,75,75,76,77,77,77,78,78,79,79,80,80,81,81,82,82,82,83,83,83,84,85,85,86,86,87,88,88,88,89,90,91,92,92,92,92,93,94,94,94,95],"card_choices":[{"not_picked":["Finesse","Discovery"],"picked":"Jack Of All Trades","floor":0.0},{"not_picked":["Quick Slash","Bane"],"picked":"Terror","floor":1.0},{"not_picked":["Backflip","Crippling Poison"],"picked":"Poisoned Stab","floor":3.0},{"not_picked":["Flying Knee","AT_WomanClash"],"picked":"Backstab","floor":4.0},{"not_picked":["Sucker Punch","Flechettes"],"picked":"Catalyst","floor":6.0},{"not_picked":["Dagger Throw","Escape Plan"],"picked":"Noxious Fumes","floor":7.0},{"not_picked":["Finisher","Prepared"],"picked":"Slice","floor":10.0},{"not_picked":["Cloak And Dagger","Finisher"],"picked":"Flying Knee","floor":12.0},{"not_picked":["Prepared","Underhanded Strike"],"picked":"Flying Knee","floor":13.0},{"not_picked":["Tools of the Trade","Venomology"],"picked":"Wraith Form v2","floor":16.0},{"not_picked":["Dodge and Roll","Flying Knee"],"picked":"Noxious Fumes","floor":18.0},{"not_picked":["Underhanded Strike","Prepared"],"picked":"Quick Slash","floor":20.0},{"not_picked":["Dodge and Roll","Well Laid Plans"],"picked":"Blur","floor":22.0},{"not_picked":["AT_EssenceShift","Predator"],"picked":"Caltrops+1","floor":24.0},{"not_picked":["Prepared","AT_ThistleTea"],"picked":"Bane","floor":27.0},{"not_picked":["Poisoned Stab","Cloak And Dagger"],"picked":"Die Die Die","floor":30.0},{"not_picked":["Accuracy+1","Finisher"],"picked":"Noxious Fumes+1","floor":31.0},{"not_picked":["Adrenaline","AT_KingSlayer"],"picked":"Corpse Explosion","floor":33.0},{"not_picked":["Underhanded Strike","Prepared"],"picked":"Phantasmal Killer","floor":35.0},{"not_picked":["Deflect","Outmaneuver"],"picked":"PiercingWail+1","floor":39.0},{"not_picked":["Eviscerate","Blade Dance"],"picked":"A Thousand Cuts+1","floor":40.0},{"not_picked":["Dodge and Roll","AT_TinkerSharpsword"],"picked":"Deadly Poison","floor":41.0},{"not_picked":["Flying Knee","Setup"],"picked":"Noxious Fumes+1","floor":42.0},{"not_picked":["Bane+1","Expertise"],"picked":"AT_EssenceShift+1","floor":46.0},{"not_picked":["Setup","Dagger Spray"],"picked":"All Out Attack","floor":47},{"not_picked":["Bane","Deadly Poison"],"picked":"Envenom+1","floor":48},{"not_picked":["Endless Agony","Blade Dance"],"picked":"Masterful Stab+1","floor":48},{"not_picked":["Blade Dance+1","AT_TinkerSharpsword"],"picked":"Dash+1","floor":48},{"not_picked":["Storm of Steel","Backflip"],"picked":"Cloak And Dagger+1","floor":48}],"player_experience":605313,"relics_obtained":[{"floor":6.0,"key":"SnafuTest:BearRelic"},{"floor":9.0,"key":"AT_DeathDance"},{"floor":10.0,"key":"Nunchaku"},{"floor":13.0,"key":"AT_GuinsooRageblade"},{"floor":24.0,"key":"AT_ImmortalShieldbow"},{"floor":26.0,"key":"AT_ForceNature"},{"floor":28.0,"key":"Enchiridion"},{"floor":31.0,"key":"Frozen Egg 2"},{"floor":34.0,"key":"PreservedInsect"},{"floor":34.0,"key":"AT_SilvercatRing"},{"floor":34.0,"key":"TungstenRod"},{"floor":36.0,"key":"AT_RabadonDeathcap"},{"floor":40.0,"key":"Akabeko"},{"floor":43.0,"key":"SnafuTest:CatRelic"},{"floor":44.0,"key":"Bag of Preparation"},{"floor":46.0,"key":"MealTicket"}],"event_choices":[{"damage_healed":0.0,"max_hp_gain":0.0,"max_hp_loss":0.0,"gold_gain":0.0,"event_name":"FaceTrader","player_choice":"Trade","floor":2.0,"gold_loss":0.0,"damage_taken":0.0,"relics_obtained":["FaceOfCleric"]},{"damage_healed":0.0,"max_hp_gain":0.0,"max_hp_loss":0.0,"gold_gain":0.0,"cards_transformed":["Defend_G"],"event_name":"Transmorgrifier","player_choice":"Transformed","floor":5.0,"gold_loss":0.0,"damage_taken":0.0,"cards_obtained":["AT_Desolate"]},{"damage_healed":0.0,"max_hp_gain":0.0,"max_hp_loss":0.0,"gold_gain":0.0,"event_name":"Addict","player_choice":"Obtained Relic","floor":19.0,"gold_loss":85.0,"damage_taken":0.0,"relics_obtained":["Centennial Puzzle"]},{"damage_healed":0.0,"max_hp_gain":0.0,"max_hp_loss":0.0,"gold_gain":0.0,"event_name":"Cursed Tome","player_choice":"Obtained Book","floor":28.0,"gold_loss":0.0,"damage_taken":16.0},{"damage_healed":0.0,"max_hp_gain":0.0,"max_hp_loss":0.0,"gold_gain":0.0,"event_name":"N\u0027loth","player_choice":"Traded Relic","floor":29.0,"relics_lost":["AT_GuinsooRageblade"],"gold_loss":0.0,"damage_taken":0.0,"relics_obtained":["Nloth\u0027s Gift"]},{"damage_healed":0.0,"max_hp_gain":0.0,"max_hp_loss":0.0,"gold_gain":0.0,"event_name":"Mysterious Sphere","player_choice":"Fight","floor":36.0,"gold_loss":0.0,"damage_taken":0.0},{"cards_removed":["Wraith Form v2"],"damage_healed":0.0,"max_hp_gain":0.0,"max_hp_loss":0.0,"gold_gain":0.0,"event_name":"Falling","player_choice":"Removed Power","floor":37.0,"gold_loss":0.0,"damage_taken":0.0},{"damage_healed":0.0,"max_hp_gain":0.0,"max_hp_loss":0.0,"gold_gain":0.0,"cards_transformed":["Strike_G"],"event_name":"Transmorgrifier","player_choice":"Transformed","floor":38.0,"gold_loss":0.0,"damage_taken":0.0,"cards_obtained":["After Image"]}],"is_beta":false,"boss_relics":[{"not_picked":["Ectoplasm","Runic Dome"],"picked":"AT_MortalBlade"},{"not_picked":["Cursed Key","Philosopher\u0027s Stone"],"picked":"Calling Bell"}],"items_purged_floors":[],"is_endless":false,"potions_floor_spawned":[3,7,13,16,18,20,27,31,35,36,40],"ascension_level":13}}