{"host":"8u7tvcybuv0u72fd","time":1610087072,"event":{"mods":["BaseMod","BetterRewards","Colored Map","Colored Powertips","Minty Spire (QoL Compilation)","Quick Restart","Shop Mod"],"gold_per_floor":[115,95,108,118,118,152,169,169,220,237,252,75,103,117,117,212,212,224,21,21,21,21,21,52,69,69,82,109,109,109,109,109,210,210,229,275,295,6,6,35,0,0,0,16,16,33,51,62,62,62,62,62,62,95,95],"floor_reached":56,"playtime":3058,"items_purged":["Strike_R"],"score":1607,"play_id":"c48a700e-a7d6-45d0-b2e8-1ad62693a8ee","local_time":"20210108012432","is_ascension_mode":false,"campfire_choices":[{"data":"Body Slam","floor":8.0,"key":"SMITH"},{"data":"Apotheosis","floor":15.0,"key":"SMITH"},{"floor":23.0,"key":"RECALL"},{"floor":32.0,"key":"REST"},{"floor":42.0,"key":"REST"},{"data":"Strike_R","floor":49,"key":"PURGE"},{"floor":52,"key":"REST"}],"circlet_count":0,"master_deck":["Strike_R","Strike_R","Defend_R","Defend_R","Defend_R","Bash","Uppercut","Body Slam+1","Apotheosis+1","Double Tap","Rage","Headbutt","RitualDagger","Juggernaut","Good Instincts","Flame Barrier+1","Pommel Strike+1","Dropkick+1","Iron Wave"],"relics":["Burning Blood","Singing Bowl","Bag of Marbles","Dead Branch","Champion Belt","HornCleat","Omamori","Fusion Hammer","Akabeko","Sundial","Eternal Feather","Orichalcum","Nloth\u0027s Gift","Empty Cage","Peace Pipe","Calipers","Toy Ornithopter","Red Mask","Incense Burner","Letter Opener"],"acts_visited":["Exordium","TheCity","TheBeyond","TheEnding"],"potions_floor_usage":[55,55],"damage_taken":[{"damage":0.0,"enemies":"Jaw Worm","floor":1.0,"turns":3.0},{"damage":0.0,"enemies":"Cultist","floor":3.0,"turns":2.0},{"damage":0.0,"enemies":"Small Slimes","floor":4.0,"turns":3.0},{"damage":25.0,"enemies":"3 Sentries","floor":6.0,"turns":7.0},{"damage":0.0,"enemies":"3 Louse","floor":7.0,"turns":3.0},{"damage":2.0,"enemies":"Looter","floor":10.0,"turns":2.0},{"damage":3.0,"enemies":"2 Fungi Beasts","floor":11.0,"turns":3.0},{"damage":0.0,"enemies":"Lagavulin","floor":13.0,"turns":5.0},{"damage":4.0,"enemies":"Large Slime","floor":14.0,"turns":6.0},{"damage":38.0,"enemies":"Slime Boss","floor":16.0,"turns":10.0},{"damage":6.0,"enemies":"2 Thieves","floor":18.0,"turns":3.0},{"damage":9.0,"enemies":"Slavers","floor":24.0,"turns":4.0},{"damage":0.0,"enemies":"Spheric Guardian","floor":25.0,"turns":3.0},{"damage":6.0,"enemies":"Cultist and Chosen","floor":27.0,"turns":4.0},{"damage":61.0,"enemies":"Collector","floor":33.0,"turns":10.0},{"damage":17.0,"enemies":"3 Darklings","floor":35.0,"turns":5.0},{"damage":13.0,"enemies":"2 Orb Walkers","floor":36.0,"turns":4.0},{"damage":5.0,"enemies":"3 Shapes","floor":37.0,"turns":3.0},{"damage":31.0,"enemies":"Reptomancer","floor":40.0,"turns":6.0},{"damage":7.0,"enemies":"Spire Growth","floor":44.0,"turns":3.0},{"damage":7.0,"enemies":"Writhing Mass","floor":46.0,"turns":5.0},{"damage":0,"enemies":"Sphere and 2 Shapes","floor":47,"turns":2},{"damage":0,"enemies":"Maw","floor":48,"turns":4},{"damage":26,"enemies":"Awakened One","floor":50,"turns":15},{"damage":25,"enemies":"Shield and Spear","floor":54,"turns":8},{"damage":108,"enemies":"The Heart","floor":55,"turns":9}],"seed_played":"1206619526370728339","potions_obtained":[{"floor":2.0,"key":"Ancient Potion"},{"floor":3.0,"key":"BlessingOfTheForge"},{"floor":6.0,"key":"AttackPotion"},{"floor":13.0,"key":"LiquidBronze"},{"floor":33.0,"key":"FairyPotion"},{"floor":44.0,"key":"DistilledChaos"},{"floor":46.0,"key":"LiquidMemories"}],"is_trial":false,"path_per_floor":["M","?","M","M","$","E","M","R","T","M","M","$","E","M","R","B",null,"M","$","?","?","?","R","E","M","T","M","T","?","$","?","R","B",null,"M","?","M","$","?","E","?","R","T","M","$","M","M","M","R","B",null,"R","$","E","B",null],"character_chosen":"IRONCLAD","items_purchased":["Singing Bowl","Bag of Marbles","Uppercut","Fire Potion","PowerPotion","Apotheosis","Akabeko","Headbutt","Calipers"],"campfire_rested":3,"item_purchase_floors":[0,0,0,0,0,12,19,19,38],"current_hp_per_floor":[48,48,56,62,62,45,53,53,53,59,64,64,72,76,76,44,96,96,96,90,90,90,90,89,97,97,99,99,78,78,78,107,52,107,98,93,96,96,96,73,73,115,115,114,114,113,115,117,117,97,117,117,117,98,41],"gold":95,"neow_bonus":"","is_daily":false,"chose_seed":false,"campfire_upgraded":2,"win_rate":0.0,"timestamp":1610087072,"path_taken":["M","?","?","M","$","E","M","R","T","M","M","$","E","M","R","BOSS","M","$","?","?","?","R","E","M","T","M","?","?","?","?","R","BOSS","M","?","M","$","?","E","?","R","T","M","?","M","M","?","R","BOSS","R","$","E","BOSS"],"items_purchased_type":["Relic","Relic","Card","Potion","Potion","Card","Relic","Card","Relic"],"build_version":"2020-12-22","purchased_purges":1,"victory":true,"max_hp_per_floor":[82,82,84,84,84,86,88,88,88,90,92,92,94,96,96,96,96,96,96,96,96,96,96,98,100,100,102,102,107,107,107,107,107,107,109,111,113,113,113,115,115,115,115,115,115,115,115,117,117,117,117,117,117,117,117],"card_choices":[{"not_picked":["Cleave","Sword Boomerang","Battle Trance"],"picked":"Singing Bowl","floor":1.0},{"not_picked":["Feel No Pain","Whirlwind","Cleave"],"picked":"Singing Bowl","floor":3.0},{"not_picked":["Armaments","Twin Strike"],"picked":"Body Slam","floor":4.0},{"not_picked":["True Grit","Cleave","Body Slam"],"picked":"Singing Bowl","floor":6.0},{"not_picked":["Warcry","Rage","Wild Strike"],"picked":"Singing Bowl","floor":7.0},{"not_picked":["Combust","Pommel Strike","Hemokinesis"],"picked":"Singing Bowl","floor":10.0},{"not_picked":["True Grit","Metallicize","Warcry"],"picked":"Singing Bowl","floor":11.0},{"not_picked":["Rupture","Thunderclap","Pommel Strike"],"picked":"Singing Bowl","floor":13.0},{"not_picked":["Cleave","Inflame","Perfected Strike"],"picked":"Singing Bowl","floor":14.0},{"not_picked":["Fiend Fire","Feed"],"picked":"Double Tap","floor":16.0},{"not_picked":["Twin Strike","Reckless Charge"],"picked":"Rage","floor":18.0},{"not_picked":["Hemokinesis+1","Pommel Strike","Wild Strike"],"picked":"Singing Bowl","floor":24.0},{"not_picked":["Dark Embrace","Heavy Blade","Clash"],"picked":"Singing Bowl","floor":25.0},{"not_picked":["Clothesline","Evolve+1","Burning Pact+1"],"picked":"Singing Bowl","floor":27.0},{"not_picked":["Berserk","Brutality"],"picked":"Juggernaut","floor":33.0},{"not_picked":["Thunderclap+1","Evolve","Heavy Blade"],"picked":"Singing Bowl","floor":35.0},{"not_picked":["Flame Barrier","Sever Soul+1","Feel No Pain"],"picked":"Singing Bowl","floor":36.0},{"not_picked":["Shockwave","Perfected Strike+1","Burning Pact"],"picked":"Singing Bowl","floor":37.0},{"not_picked":["Discovery","Finesse"],"picked":"Good Instincts","floor":39.0},{"not_picked":["Burning Pact","Wild Strike","Intimidate+1"],"picked":"Singing Bowl","floor":40.0},{"not_picked":["Heavy Blade","Clothesline"],"picked":"Flame Barrier+1","floor":44.0},{"not_picked":["Double Tap","True Grit+1"],"picked":"Pommel Strike+1","floor":46.0},{"not_picked":["Uppercut","Burning Pact+1"],"picked":"Dropkick+1","floor":47},{"not_picked":["Whirlwind+1","True Grit+1","Sword Boomerang+1"],"picked":"Singing Bowl","floor":48},{"not_picked":["Armaments","Blood for Blood+1"],"picked":"Iron Wave","floor":54}],"player_experience":1279745,"relics_obtained":[{"floor":6.0,"key":"HornCleat"},{"floor":13.0,"key":"Omamori"},{"floor":24.0,"key":"Ancient Tea Set"},{"floor":26.0,"key":"Eternal Feather"},{"floor":28.0,"key":"Orichalcum"},{"floor":36.0,"key":"Peace Pipe"},{"floor":40.0,"key":"Toy Ornithopter"},{"floor":43.0,"key":"Incense Burner"},{"floor":54,"key":"Letter Opener"}],"event_choices":[{"damage_healed":0.0,"max_hp_gain":0.0,"max_hp_loss":0.0,"gold_gain":0.0,"event_name":"The Woman in Blue","player_choice":"Bought 1 Potion","floor":2.0,"gold_loss":0.0,"damage_taken":0.0},{"damage_healed":0.0,"max_hp_gain":0.0,"max_hp_loss":0.0,"gold_gain":0.0,"event_name":"Nest","player_choice":"Joined the Cult","floor":20.0,"gold_loss":0.0,"damage_taken":6.0,"cards_obtained":["RitualDagger"]},{"damage_healed":0.0,"max_hp_gain":0.0,"max_hp_loss":0.0,"gold_gain":0.0,"event_name":"Addict","player_choice":"Stole Relic","floor":21.0,"gold_loss":0.0,"damage_taken":0.0,"relics_obtained":["Sundial"],"cards_obtained":["Shame"]},{"damage_healed":0.0,"max_hp_gain":0.0,"max_hp_loss":0.0,"gold_gain":0.0,"event_name":"Ghosts","player_choice":"Ignored","floor":22.0,"gold_loss":0.0,"damage_taken":0.0},{"damage_healed":0.0,"max_hp_gain":5.0,"max_hp_loss":0.0,"gold_gain":0.0,"event_name":"Forgotten Altar","player_choice":"Shed Blood","floor":29.0,"gold_loss":0.0,"damage_taken":26.0},{"damage_healed":0.0,"max_hp_gain":0.0,"max_hp_loss":0.0,"gold_gain":0.0,"event_name":"N\u0027loth","player_choice":"Traded Relic","floor":31.0,"relics_lost":["Ancient Tea Set"],"gold_loss":0.0,"damage_taken":0.0,"relics_obtained":["Nloth\u0027s Gift"]},{"damage_healed":0.0,"max_hp_gain":0.0,"max_hp_loss":0.0,"gold_gain":0.0,"event_name":"Mysterious Sphere","player_choice":"Fight","floor":36.0,"gold_loss":0.0,"damage_taken":0.0},{"damage_healed":0.0,"max_hp_gain":0.0,"max_hp_loss":0.0,"gold_gain":0.0,"event_name":"SensoryStone","player_choice":"Memory 1","floor":39.0,"gold_loss":0.0,"damage_taken":0.0},{"damage_healed":0.0,"max_hp_gain":0.0,"max_hp_loss":0.0,"gold_gain":0.0,"event_name":"Tomb of Lord Red Mask","player_choice":"Paid","floor":41.0,"gold_loss":35.0,"damage_taken":0.0,"relics_obtained":["Red Mask"]}],"is_beta":false,"boss_relics":[{"not_picked":["Runic Dome","Astrolabe"],"picked":"Fusion Hammer"},{"not_picked":["Mark of Pain","Sozu"],"picked":"Empty Cage"}],"items_purged_floors":[0],"is_endless":false,"potions_floor_spawned":[3,6,11,13,14,25,27,33,44,46,47,48],"ascension_level":0}}