{"host":"Connor","time":1610118040,"event":{"mods":["Aspiration","BaseMod","Downfall","Hubris","Marisa????????","Minty Spire (QoL Compilation)","Replay The Spire","StSLib","The Animator","The Cursed","The Jungle","The Servant 0.9.4"],"gold_per_floor":[10,24,24,35,47,77,89,119,119,119,119,119,194,194,194,194,194],"floor_reached":16,"playtime":505,"items_purged":[],"score":182,"play_id":"17b4da5c-7bfa-458a-952d-fdbcb0470a07","local_time":"20210108070040","is_ascension_mode":true,"campfire_choices":[{"floor":10,"key":"RECALL"},{"data":"Midas Touch","floor":12,"key":"SMITH"},{"data":"Double Tap","floor":15,"key":"SMITH"}],"circlet_count":0,"master_deck":["AscendersBane","Strike_R","Strike_R","Strike_R","Strike_R","Strike_R","Defend_R","Defend_R","Defend_R","Defend_R","Bash","Midas Touch+1","Shrug It Off","Shrug It Off","Reaper","Flex","Double Tap+1","Parasite","Injury"],"relics":["Burning Blood","Bronze Scales","hubris:PeanutButter","Molten Egg 2"],"acts_visited":["Exordium"],"potions_floor_usage":[6,8],"damage_taken":[{"damage":24,"enemies":"Cultist","floor":1,"turns":5},{"damage":4,"enemies":"Small Slimes","floor":2,"turns":4},{"damage":0,"enemies":"2 Louse","floor":4,"turns":2},{"damage":8,"enemies":"Blue Slaver","floor":5,"turns":4},{"damage":32,"enemies":"Gremlin Nob","floor":6,"turns":3},{"damage":15,"enemies":"Looter","floor":7,"turns":5},{"damage":38,"enemies":"3 Sentries","floor":8,"turns":7},{"damage":51,"enemies":"Slime Boss","floor":16,"turns":10}],"seed_played":"5596349541707440683","potions_obtained":[{"floor":2,"key":"Death Potion"},{"floor":5,"key":"Strength Potion"}],"is_trial":false,"path_per_floor":["M","M","$","M","M","E","M","E","T","R","?","R","?","?","R","B"],"character_chosen":"IRONCLAD","items_purchased":[],"campfire_rested":0,"item_purchase_floors":[],"current_hp_per_floor":[54,56,56,62,60,34,29,33,33,33,53,53,42,42,42,0,0],"gold":194,"neow_bonus":"RANDOM_COLORLESS_2","is_daily":false,"chose_seed":false,"campfire_upgraded":2,"win_rate":0.0,"timestamp":1610118040,"path_taken":["M","M","$","M","?","E","M","E","T","R","?","R","?","?","R","BOSS"],"items_purchased_type":[],"build_version":"2020-12-18","purchased_purges":0,"victory":false,"max_hp_per_floor":[80,80,80,80,80,80,80,80,80,80,80,80,80,80,80,80,80],"card_choices":[{"not_picked":["Thinking Ahead","expansioncontent:QuickStudy"],"picked":"Midas Touch","floor":0},{"not_picked":["Battle Trance","Clothesline"],"picked":"Shrug It Off","floor":1},{"not_picked":["Flex","ReplayTheSpireMod:Stacked"],"picked":"Shrug It Off","floor":2},{"not_picked":["Thunderclap","Flex","Body Slam"],"picked":"SKIP","floor":4},{"not_picked":["Life Link","Twin Strike","hubris:ReadiedAction"],"picked":"SKIP","floor":5},{"not_picked":["Burning Pact","Seeing Red"],"picked":"Reaper","floor":6},{"not_picked":["Wild Strike","Warcry"],"picked":"Flex","floor":7},{"not_picked":["Pommel Strike","ReplayTheSpireMod:Corrosion Curse"],"picked":"Double Tap","floor":8}],"player_experience":566886,"relics_obtained":[{"floor":6,"key":"Bronze Scales"},{"floor":8,"key":"hubris:PeanutButter"}],"event_choices":[{"damage_healed":20,"gold_gain":0,"player_choice":"Healed and dodged fight","damage_taken":0,"max_hp_gain":0,"max_hp_loss":0,"event_name":"Mushrooms","floor":11,"gold_loss":0,"cards_obtained":["Parasite"]},{"damage_healed":0,"gold_gain":75,"player_choice":"Gather Gold","damage_taken":11,"max_hp_gain":0,"max_hp_loss":0,"event_name":"World of Goop","floor":13,"gold_loss":0}],"is_beta":true,"boss_relics":[],"items_purged_floors":[],"is_endless":false,"potions_floor_spawned":[2,5],"killed_by":"Slime Boss","ascension_level":13}}