{"host":"hnfelxnirsihwvcb","time":1610101837,"event":{"mods":["BaseMod","Colored Map","DeckTracker","Highlight Path","Minty Spire (QoL Compilation)","Quick Restart","Relic Sorter","Relic Stats","Shop Mod","StSLib","SuperFastMode"],"gold_per_floor":[109,10,10,28,38,38,57,87,113,147,147,175,188,42,42,144,144,160,160,160,176,187,215,215,248,330,347,356,356,78,92,92,192,192,211,224,9,25,44,99,115,144,144,144,162,194,194,194,194,194],"floor_reached":51,"playtime":3265,"items_purged":[],"score":1445,"play_id":"462e76c7-7958-4b0a-b7c3-7cff9d9e7884","local_time":"20210108113037","daily_mods":["SealedDeck","Vintage","Uncertain Future","Binary"],"is_ascension_mode":true,"campfire_choices":[{"data":"Blade Dance","floor":6,"key":"SMITH"},{"data":"Acrobatics","floor":11,"key":"SMITH"},{"data":"Accuracy","floor":15,"key":"SMITH"},{"data":"Dagger Spray","floor":24,"key":"SMITH"},{"data":"Blade Dance","floor":29,"key":"SMITH"},{"data":"Dash","floor":32,"key":"SMITH"},{"floor":44,"key":"REST"},{"floor":47,"key":"REST"},{"floor":49,"key":"REST"}],"circlet_count":0,"master_deck":["AscendersBane","PiercingWail+1","Acrobatics+1","Blade Dance+1","Slice+1","Infinite Blades+1","Deflect+1","Deflect+1","Escape Plan+1","Accuracy+1","Choke+1","Deflect+1","Dagger Spray+1","Blade Dance+1","Dash+1","Accuracy+1","Madness+1","Madness+1"],"relics":["Ring of the Snake","Busted Crown","Potion Belt","Pantograph","Centennial Puzzle","Kunai","Odd Mushroom","Anchor","Happy Flower","CeramicFish","Bird Faced Urn","Vajra","SlaversCollar","Mercury Hourglass","Gambling Chip","Bottled Lightning","Dead Branch","Bronze Scales","White Beast Statue","Orichalcum","Sundial","Strawberry","Fusion Hammer","Bag of Marbles","Tingsha","Chemical X","Blood Vial","Omamori","Lizard Tail","Oddly Smooth Stone","Shuriken","Bottled Tornado","Ice Cream","Mark of the Bloom"],"acts_visited":["Exordium","TheCity","TheBeyond"],"potions_floor_usage":[10,16],"damage_taken":[{"damage":0,"enemies":"2 Louse","floor":1,"turns":2},{"damage":0,"enemies":"Jaw Worm","floor":4,"turns":2},{"damage":0,"enemies":"Small Slimes","floor":5,"turns":2},{"damage":0,"enemies":"Looter","floor":7,"turns":1},{"damage":0,"enemies":"The Mushroom Lair","floor":8,"turns":2},{"damage":5,"enemies":"Lagavulin","floor":10,"turns":3},{"damage":0,"enemies":"3 Sentries","floor":12,"turns":4},{"damage":0,"enemies":"Large Slime","floor":13,"turns":3},{"damage":0,"enemies":"Slime Boss","floor":16,"turns":3},{"damage":0,"enemies":"Shell Parasite","floor":18,"turns":3},{"damage":0,"enemies":"Spheric Guardian","floor":21,"turns":2},{"damage":0,"enemies":"Snake Plant","floor":22,"turns":2},{"damage":6,"enemies":"Slavers","floor":23,"turns":3},{"damage":0,"enemies":"Gremlin Leader","floor":25,"turns":2},{"damage":0,"enemies":"Centurion and Healer","floor":27,"turns":2},{"damage":0,"enemies":"Snecko","floor":31,"turns":2},{"damage":17,"enemies":"Champ","floor":33,"turns":4},{"damage":0,"enemies":"3 Darklings","floor":35,"turns":2},{"damage":0,"enemies":"3 Shapes","floor":36,"turns":1},{"damage":0,"enemies":"Jaw Worm Horde","floor":38,"turns":1},{"damage":0,"enemies":"Sphere and 2 Shapes","floor":39,"turns":3},{"damage":0,"enemies":"2 Orb Walkers","floor":40,"turns":2},{"damage":0,"enemies":"Writhing Mass","floor":41,"turns":2},{"damage":0,"enemies":"Nemesis","floor":42,"turns":1},{"damage":0,"enemies":"Giant Head","floor":46,"turns":2},{"damage":4,"enemies":"Donu and Deca","floor":50,"turns":4}],"seed_played":"-6865980252454685793","potions_obtained":[{"floor":5,"key":"AttackPotion"},{"floor":12,"key":"Fire Potion"},{"floor":13,"key":"SmokeBomb"},{"floor":16,"key":"Swift Potion"},{"floor":22,"key":"BlessingOfTheForge"},{"floor":27,"key":"SpeedPotion"},{"floor":31,"key":"DistilledChaos"},{"floor":36,"key":"DistilledChaos"},{"floor":40,"key":"CultistPotion"}],"is_trial":true,"path_per_floor":["M","$","?","M","M","R","M","?","T","E","R","E","M","$","R","B",null,"M","?","?","M","M","E","R","E","T","M","?","R","$","M","R","B",null,"M","M","$","M","M","?","M","E","T","R","?","E","R","?","R","B",null],"character_chosen":"THE_SILENT","items_purchased":["Deflect","Dagger Spray","Vajra","Sundial","Dash","Chemical X","Accuracy"],"campfire_rested":3,"item_purchase_floors":[2,2,14,30,30,37,37],"current_hp_per_floor":[63,63,68,68,68,68,68,68,68,63,63,63,63,63,63,75,75,75,75,75,75,75,69,69,71,71,75,75,75,75,82,82,69,79,82,82,82,82,82,82,82,82,82,82,72,82,82,82,82,78],"gold":194,"neow_bonus":"","is_daily":false,"chose_seed":false,"campfire_upgraded":6,"win_rate":0.0,"timestamp":1610101837,"path_taken":["M","$","?","M","M","R","M","?","T","E","R","E","M","?","R","BOSS","M","?","?","M","M","E","R","E","T","M","?","R","$","M","R","BOSS","M","M","$","M","M","?","M","E","T","R","?","E","R","?","R","BOSS"],"items_purchased_type":["Card","Card","Relic","Relic","Card","Relic","Card"],"build_version":"2020-12-22","purchased_purges":0,"victory":true,"max_hp_per_floor":[70,70,75,75,75,75,75,75,75,75,75,75,75,75,75,75,75,75,75,75,75,75,75,75,75,75,75,75,75,75,82,82,82,82,82,82,82,82,82,82,82,82,82,82,82,82,82,82,82,82],"relic_stats":{"Mark of the Bloom":57,"Happy Flower":[16],"counters":[26,60],"CeramicFish":45,"Dead Branch":[108],"Tingsha":[48],"Orichalcum":[0],"Mercury Hourglass":[138],"Blood Vial":2,"Centennial Puzzle":[12],"Lizard Tail":0,"Busted Crown":20,"Sundial":[4],"Shuriken":[10],"Pantograph":12,"Bird Faced Urn":[21],"Gambling Chip":[32],"Bronze Scales":[34],"Kunai":[69],"Chemical X":[2],"obtain_stats":[{"Ice Cream":46,"Mark of the Bloom":48,"CeramicFish":12,"Vajra":14,"Bottled Tornado":43,"Blood Vial":38,"Centennial Puzzle":5,"Lizard Tail":40,"Sundial":30,"Pantograph":4,"Gambling Chip":21,"Strawberry":31,"Fusion Hammer":34,"Kunai":7,"Chemical X":37,"Ring of the Snake":0,"Potion Belt":1,"Happy Flower":10,"Dead Branch":23,"Oddly Smooth Stone":41,"Tingsha":36,"Omamori":39,"Odd Mushroom":8,"Orichalcum":27,"White Beast Statue":26,"Mercury Hourglass":18,"SlaversCollar":17,"Anchor":9,"Busted Crown":0,"Shuriken":42,"Bird Faced Urn":13,"Bronze Scales":25,"Bag of Marbles":35,"Bottled Lightning":22},{"Ice Cream":25,"Mark of the Bloom":25,"CeramicFish":7,"Vajra":8,"Bottled Tornado":24,"Blood Vial":20,"Centennial Puzzle":3,"Lizard Tail":22,"Sundial":15,"Pantograph":2,"Gambling Chip":11,"Strawberry":16,"Fusion Hammer":17,"Kunai":4,"Chemical X":19,"Ring of the Snake":0,"Potion Belt":1,"Happy Flower":6,"Dead Branch":13,"Oddly Smooth Stone":23,"Tingsha":19,"Omamori":21,"Odd Mushroom":5,"Orichalcum":15,"White Beast Statue":14,"Mercury Hourglass":10,"SlaversCollar":9,"Anchor":5,"Busted Crown":0,"Shuriken":24,"Bird Faced Urn":8,"Bronze Scales":14,"Bag of Marbles":18,"Bottled Lightning":12},{"Ice Cream":56,"Mark of the Bloom":56,"CeramicFish":16,"Vajra":19,"Bottled Tornado":54,"Blood Vial":46,"Centennial Puzzle":6,"Lizard Tail":51,"Sundial":36,"Pantograph":4,"Gambling Chip":27,"Strawberry":38,"Fusion Hammer":42,"Kunai":7,"Chemical X":45,"Ring of the Snake":0,"Potion Belt":2,"Happy Flower":12,"Dead Branch":32,"Oddly Smooth Stone":53,"Tingsha":45,"Omamori":49,"Odd Mushroom":9,"Orichalcum":36,"White Beast Statue":34,"Mercury Hourglass":25,"SlaversCollar":22,"Anchor":9,"Busted Crown":0,"Shuriken":54,"Bird Faced Urn":19,"Bronze Scales":34,"Bag of Marbles":44,"Bottled Lightning":29}],"Ring of the Snake":[52]},"card_choices":[],"player_experience":790724,"relics_obtained":[{"floor":1,"key":"Potion Belt"},{"floor":4,"key":"Pantograph"},{"floor":5,"key":"Centennial Puzzle"},{"floor":7,"key":"Kunai"},{"floor":8,"key":"Odd Mushroom"},{"floor":9,"key":"Anchor"},{"floor":10,"key":"Happy Flower"},{"floor":12,"key":"CeramicFish"},{"floor":13,"key":"Bird Faced Urn"},{"floor":18,"key":"Mercury Hourglass"},{"floor":21,"key":"Gambling Chip"},{"floor":22,"key":"Bottled Lightning"},{"floor":23,"key":"Dead Branch"},{"floor":25,"key":"Bronze Scales"},{"floor":26,"key":"White Beast Statue"},{"floor":27,"key":"Orichalcum"},{"floor":31,"key":"Strawberry"},{"floor":35,"key":"Bag of Marbles"},{"floor":36,"key":"Tingsha"},{"floor":38,"key":"Blood Vial"},{"floor":39,"key":"Omamori"},{"floor":40,"key":"Lizard Tail"},{"floor":41,"key":"Oddly Smooth Stone"},{"floor":42,"key":"Shuriken"},{"floor":43,"key":"Bottled Tornado"},{"floor":46,"key":"Ice Cream"}],"event_choices":[{"damage_healed":0,"gold_gain":0,"player_choice":"Donut","damage_taken":0,"max_hp_gain":5,"max_hp_loss":0,"event_name":"Big Fish","floor":3,"gold_loss":0},{"damage_healed":0,"gold_gain":0,"player_choice":"Fought Mushrooms","damage_taken":0,"max_hp_gain":0,"max_hp_loss":0,"event_name":"Mushrooms","floor":8,"gold_loss":0},{"damage_healed":0,"gold_gain":0,"player_choice":"Ignored","damage_taken":0,"max_hp_gain":0,"max_hp_loss":0,"event_name":"Vampires","floor":19,"gold_loss":0},{"damage_healed":0,"gold_gain":0,"player_choice":"Simplicity","damage_taken":0,"max_hp_gain":0,"max_hp_loss":0,"event_name":"Back to Basics","floor":20,"gold_loss":0,"cards_upgraded":[]},{"damage_healed":0,"gold_gain":0,"player_choice":"Read","damage_taken":0,"max_hp_gain":0,"max_hp_loss":0,"event_name":"The Library","floor":28,"gold_loss":0,"cards_obtained":["Blade Dance"]},{"damage_healed":0,"gold_gain":0,"player_choice":"Fight","damage_taken":0,"max_hp_gain":0,"max_hp_loss":0,"event_name":"Mysterious Sphere","floor":40,"gold_loss":0},{"damage_healed":0,"gold_gain":0,"player_choice":"Embrace Madness","damage_taken":10,"max_hp_gain":0,"max_hp_loss":0,"event_name":"Winding Halls","floor":45,"gold_loss":0,"cards_obtained":["Madness","Madness"]},{"damage_healed":0,"gold_gain":0,"player_choice":"Upgrade","damage_taken":0,"relics_obtained":["Mark of the Bloom"],"max_hp_gain":0,"max_hp_loss":0,"event_name":"MindBloom","floor":48,"gold_loss":0,"cards_upgraded":["PiercingWail","Slice","Infinite Blades","Deflect","Deflect","Escape Plan","Choke","Deflect","Accuracy","Madness","Madness"]}],"is_beta":false,"boss_relics":[{"not_picked":["Tiny House","Cursed Key"],"picked":"SlaversCollar"},{"not_picked":["Philosopher\u0027s Stone","Black Star"],"picked":"Fusion Hammer"}],"items_purged_floors":[],"is_endless":false,"potions_floor_spawned":[5,12,13,16,22,27,31,33,35,36,38,39,40,41,42,46],"ascension_level":10}}