{"host":"5fasz840ryq7obdf","time":1610129913,"event":{"mods":["2.2 Compatiblity","AchievementEnabler","BaseMod","Bestiary","Better Altar","Better Skull","Better Third Choice","BetterRewards","Block Reminder","Colored Powertips","Curses Come First","Downfall","Minty Spire (QoL Compilation)","Quick Restart","Relic Sorter","Relic Stats","Shop Mod","Spicy Shops","StSLib","SuperFastMode","ojb\u0027s Better Paths Mod","ojb\u0027s Info Mod"],"gold_per_floor":[110,31,50,68,80,110,110,140,140,167,195,208,239,257,257,334,334,375,375,127,127,127,187,187,215,241,257,257,172,189,244,244,320,320,334,346,381,397,432,466,466,493,493,553,160,203,36,61,61,61,61,61,61,8,43,43],"floor_reached":57,"playtime":5711,"items_purged":["Strike_P"],"score":3260,"play_id":"c093b77e-8344-4b5a-9d0c-ae28d349ad0c","local_time":"20210108181833","is_ascension_mode":true,"campfire_choices":[{"data":"Eruption","floor":7.0,"key":"SMITH"},{"data":"Adaptation","floor":15.0,"key":"SMITH"},{"floor":24.0,"key":"REST"},{"floor":28.0,"key":"RECALL"},{"data":"TalkToTheHand","floor":32.0,"key":"SMITH"},{"floor":41,"key":"REST"},{"data":"TalkToTheHand","floor":49,"key":"SMITH"},{"data":"Ragnarok","floor":53,"key":"SMITH"}],"circlet_count":0,"master_deck":["AscendersBane","Strike_P","Strike_P","Strike_P","Defend_P","Defend_P","Defend_P","Defend_P","Eruption+1","Vigilance","Wireheading","Brilliance","ThirdEye","EmptyBody","JustLucky","ThirdEye","Adaptation+1","CutThroughFate","CutThroughFate","Wish","EmptyBody","Vault","FlurryOfBlows","TalkToTheHand+1","CutThroughFate+1","Wallop","Judgement","Weave","Evaluate+1","CrushJoints","Ragnarok+1","Protect","CutThroughFate+1","Weave","ConjureBlade","TalkToTheHand+1","Protect","Wireheading","TalkToTheHand"],"relics":["expansioncontent:StudyCardRelic","Torii","Juzu Bracelet","Bag of Marbles","Pantograph","Odd Mushroom","Mercury Hourglass","Philosopher\u0027s Stone","Orrery","champ:DuelingGlove","MealTicket","Happy Flower","Ice Cream","Toy Ornithopter","Busted Crown","Blood Vial","Boot","Guardian:PocketSentry","PreservedInsect","Strawberry","Pen Nib","Incense Burner","Nunchaku"],"acts_visited":["Exordium","TheCity","TheBeyond","TheEnding"],"potions_floor_usage":[40,42,56,56],"damage_taken":[{"damage":0.0,"enemies":"Small Slimes","floor":1.0,"turns":2.0},{"damage":2.0,"enemies":"Jaw Worm","floor":3.0,"turns":2.0},{"damage":0.0,"enemies":"2 Louse","floor":4.0,"turns":2.0},{"damage":4.0,"enemies":"Exordium Thugs","floor":5.0,"turns":4.0},{"damage":17.0,"enemies":"3 Sentries","floor":6.0,"turns":12.0},{"damage":17.0,"enemies":"Gremlin Nob","floor":8.0,"turns":3.0},{"damage":1.0,"enemies":"3 Sentries","floor":10.0,"turns":6.0},{"damage":1.0,"enemies":"The Mushroom Lair","floor":11.0,"turns":3.0},{"damage":8.0,"enemies":"Blue Slaver","floor":12.0,"turns":4.0},{"damage":1.0,"enemies":"Gremlin Nob","floor":13.0,"turns":2.0},{"damage":0.0,"enemies":"Gremlin Gang","floor":14.0,"turns":3.0},{"damage":0.0,"enemies":"The Guardian","floor":16.0,"turns":5.0},{"damage":18.0,"enemies":"Chosen","floor":18.0,"turns":4.0},{"damage":12.0,"enemies":"Slavers","floor":23.0,"turns":3.0},{"damage":15.0,"enemies":"Gremlin Leader","floor":25.0,"turns":4.0},{"damage":10.0,"enemies":"Shell Parasite","floor":27.0,"turns":4.0},{"damage":0.0,"enemies":"Snecko","floor":30.0,"turns":3.0},{"damage":0.0,"enemies":"Book of Stabbing","floor":31.0,"turns":3.0},{"damage":6.0,"enemies":"Champ","floor":33.0,"turns":5.0},{"damage":8,"enemies":"3 Darklings","floor":35,"turns":4},{"damage":0,"enemies":"Orb Walker","floor":36,"turns":3},{"damage":14,"enemies":"4 Shapes","floor":37,"turns":7},{"damage":0,"enemies":"Maw","floor":38,"turns":4},{"damage":6,"enemies":"Transient","floor":39,"turns":6},{"damage":16,"enemies":"Nemesis","floor":40,"turns":8},{"damage":0,"enemies":"Reptomancer","floor":42,"turns":2},{"damage":0,"enemies":"Nemesis","floor":44,"turns":6},{"damage":0,"enemies":"Jaw Worm Horde","floor":46,"turns":3},{"damage":0,"enemies":"Mind Bloom Boss Battle","floor":48,"turns":5},{"damage":13,"enemies":"Donu and Deca","floor":50,"turns":5},{"damage":10,"enemies":"Time Eater","floor":51,"turns":4},{"damage":23,"enemies":"Shield and Spear","floor":55,"turns":6},{"damage":15,"enemies":"The Heart","floor":56,"turns":8}],"seed_played":"-2998251057810508127","potions_obtained":[{"floor":1.0,"key":"Regen Potion"},{"floor":3.0,"key":"EssenceOfSteel"},{"floor":5.0,"key":"Dexterity Potion"},{"floor":11.0,"key":"BlessingOfTheForge"},{"floor":12.0,"key":"BlessingOfTheForge"},{"floor":14.0,"key":"DistilledChaos"},{"floor":18.0,"key":"Guardian:BlockOnCardUsePotion"},{"floor":25.0,"key":"GamblersBrew"},{"floor":30.0,"key":"BlessingOfTheForge"},{"floor":33.0,"key":"ColorlessPotion"},{"floor":39,"key":"BottledMiracle"},{"floor":44,"key":"Ambrosia"}],"is_trial":false,"path_per_floor":["M","$","M","M","M","E","R","E","T","E","?","M","E","M","R","B",null,"M","?","$","?","?","E","R","E","T","M","R","?","M","E","R","B",null,"M","M","M","M","M","E","R","E","T","E","$","M","$","?","R","B","B",null,"R","$","E","B",null],"character_chosen":"WATCHER","items_purchased":["Brilliance","TalkToTheHand","Orrery","PreservedInsect","Wireheading","Strawberry","Pen Nib","Energy Potion"],"campfire_rested":2,"item_purchase_floors":[2,20,20,45,45,45,47,54],"current_hp_per_floor":[61,61,59,59,55,53,53,36,36,35,34,26,25,25,25,50,64,46,46,46,46,42,30,50,35,35,25,25,25,25,25,25,44,62,54,54,40,40,34,23,43,50,50,52,74,75,75,75,75,62,65,73,73,75,52,70],"gold":43,"neow_bonus":"BOSS_RELIC","is_daily":false,"chose_seed":false,"campfire_upgraded":5,"win_rate":0.0,"timestamp":1610129913,"path_taken":["M","$","M","M","M","E","R","E","T","E","?","M","E","M","R","BOSS","M","?","$","?","?","E","R","E","T","M","R","?","M","E","R","BOSS","M","M","M","M","M","E","R","E","T","E","$","M","$","?","R","BOSS","BOSS","R","$","E","BOSS"],"items_purchased_type":["Card","Card","Relic","Relic","Card","Relic","Relic","Potion"],"build_version":"2020-12-22","purchased_purges":1,"victory":true,"max_hp_per_floor":[68,68,68,68,68,68,68,68,68,68,68,68,68,68,68,68,68,68,68,68,68,68,68,68,68,68,68,68,68,68,68,68,68,68,68,68,68,68,68,68,68,68,68,68,75,75,75,75,75,75,75,75,75,75,75,75],"relic_stats":{"Torii":42,"Happy Flower":[29],"counters":[192,737],"PreservedInsect":254,"Pen Nib":[11],"Juzu Bracelet":1,"Boot":[51],"Mercury Hourglass":[363],"Blood Vial":9,"Nunchaku":[11],"Busted Crown":22,"Pantograph":107,"MealTicket":17,"obtain_stats":[{"Whetstone":54,"Ginger":39,"Bottled Tornado":26,"Sling":37,"Boot":38,"Ring of Searing":44,"Blood Vial":40,"Replay:Ringing Soul":37,"Sundial":9,"MealTicket":7,"Fusion Hammer":17,"Replay:Bottled Flurry":45,"HandDrill":0,"Kunai":53,"Replay:Wax Seal":20,"Replay:Bottled Steam":49,"Pear":42,"Counterbalance":48,"ReplayTheSpireMod:Ring of Addiction":8,"Blue Candle":55,"Eternal Feather":8,"Pen Nib":42,"Guardian:PocketSentry":37,"Akabeko":0,"SlaversCollar":17,"Bird Faced Urn":0,"Pandora\u0027s Box":0,"StrikeDummy":31,"Lantern":29,"Torii":0,"Singing Bowl":0,"Replay:Purple Gloves":0,"Painkiller Herb":17,"StoneCalendar":11,"Bag of Preparation":10,"Ancient Tea Set":24,"Cursed Key":34,"Pet Ghost":8,"Shovel":6,"Matryoshka":0,"WingedGreaves":0,"Ring of Panic":44,"InkBottle":54,"Potion Belt":8,"Lee\u0027s Waffle":10,"Golden Idol":3,"Thread and Needle":36,"PreservedInsect":14,"champ:DeflectingBracers":0,"Omamori":26,"Frozen Egg 2":40,"GoldenEye":30,"MawBank":40,"Busted Crown":34,"Orrery":37,"Turnip":44,"Garlic":20,"Art of War":24,"Bottled Lightning":3,"Toy Ornithopter":11,"Ice Cream":14,"champ:DuelingGlove":0,"Calipers":21,"Gremlin Horn":6,"Vajra":20,"Sozu":34,"Centennial Puzzle":45,"HornCleat":21,"Strawberry":55,"Philosopher\u0027s Stone":17,"Iron Hammer":43,"Toxic Egg 2":41,"Happy Flower":0,"ReplayTheSpireMod:CursedCoin":2,"Dead Branch":47,"Oddly Smooth Stone":9,"Replay:Kaleidoscope":0,"Letter Opener":9,"War Paint":41,"Du-Vu Doll":25,"OrangePellets":0,"Bottled Flame":26,"ReplayTheSpireMod:Shallot":0,"Shuriken":55,"Bronze Scales":54,"Molten Egg 2":6,"Simple Rune":54,"Grinning Jar":22,"Meat on the Bone":0,"Pocketwatch":7,"ReplayTheSpireMod:Ring of Exchange":8,"SacredBark":8,"Yang":49,"CloakClasp":0,"Juzu Bracelet":21,"Incense Burner":0,"expansioncontent:StudyCardRelic":17,"TeardropLocket":0,"Replay:Mystery Machine":23,"Empty Cage":17,"ClockworkSouvenir":39,"Replay:Bandana":0,"Nunchaku":0,"TheAbacus":10,"Pantograph":15,"Tiny Chest":31,"Red Mask":19,"ReplayTheSpireMod:Ninjato":6,"Replay:Towering Pillar of Hats":28,"Odd Mushroom":10,"Orichalcum":44,"White Beast Statue":11,"Mercury Hourglass":9,"Cauldron":20,"Strange Spoon":21,"CaptainsWheel":27,"Anchor":0,"Pondfish Scales":54,"ChewingGum":34,"Bag of Marbles":26,"Snack Pack":31,"Coffee Dripper":34,"Membership Card":54,"PureWater":0,"TungstenRod":20},{"Whetstone":86,"Ginger":141,"Bottled Tornado":42,"Sling":77,"Boot":77,"Ring of Searing":23,"Blood Vial":184,"Replay:Ringing Soul":77,"Sundial":149,"MealTicket":64,"Fusion Hammer":69,"Replay:Bottled Flurry":24,"HandDrill":27,"Kunai":117,"Replay:Wax Seal":11,"Replay:Bottled Steam":84,"Pear":143,"Counterbalance":25,"ReplayTheSpireMod:Ring of Addiction":64,"Blue Candle":118,"Eternal Feather":95,"Pen Nib":80,"Guardian:PocketSentry":110,"Akabeko":58,"SlaversCollar":36,"Bird Faced Urn":88,"Pandora\u0027s Box":0,"StrikeDummy":75,"Lantern":43,"Torii":119,"Singing Bowl":119,"Replay:Purple Gloves":58,"Painkiller Herb":9,"StoneCalendar":33,"Bag of Preparation":65,"Ancient Tea Set":14,"Cursed Key":108,"Pet Ghost":32,"Shovel":93,"Matryoshka":119,"WingedGreaves":58,"Ring of Panic":23,"InkBottle":117,"Potion Belt":64,"Lee\u0027s Waffle":124,"Golden Idol":147,"Thread and Needle":47,"PreservedInsect":35,"champ:DeflectingBracers":145,"Omamori":103,"Frozen Egg 2":79,"GoldenEye":43,"MawBank":110,"Busted Crown":178,"Orrery":19,"Turnip":81,"Garlic":70,"Art of War":71,"Bottled Lightning":60,"Toy Ornithopter":96,"Ice Cream":68,"champ:DuelingGlove":88,"Calipers":70,"Gremlin Horn":63,"Vajra":70,"Sozu":17,"Centennial Puzzle":52,"HornCleat":101,"Strawberry":87,"Philosopher\u0027s Stone":171,"Iron Hammer":80,"Toxic Egg 2":79,"Happy Flower":58,"ReplayTheSpireMod:CursedCoin":28,"Dead Branch":53,"Oddly Smooth Stone":32,"Replay:Kaleidoscope":58,"Letter Opener":124,"War Paint":22,"Du-Vu Doll":103,"OrangePellets":88,"Bottled Flame":72,"ReplayTheSpireMod:Shallot":58,"Shuriken":57,"Bronze Scales":117,"Molten Egg 2":31,"Simple Rune":86,"Grinning Jar":70,"Meat on the Bone":27,"Pocketwatch":123,"ReplayTheSpireMod:Ring of Exchange":64,"SacredBark":64,"Yang":115,"CloakClasp":58,"Juzu Bracelet":101,"Incense Burner":145,"expansioncontent:StudyCardRelic":153,"TeardropLocket":58,"Replay:Mystery Machine":40,"Empty Cage":99,"ClockworkSouvenir":48,"Replay:Bandana":27,"Nunchaku":27,"TheAbacus":124,"Pantograph":98,"Tiny Chest":44,"Red Mask":11,"ReplayTheSpireMod:Ninjato":4,"Replay:Towering Pillar of Hats":73,"Odd Mushroom":96,"Orichalcum":111,"White Beast Statue":5,"Mercury Hourglass":4,"Cauldron":11,"Strange Spoon":101,"CaptainsWheel":15,"Anchor":27,"Pondfish Scales":56,"ChewingGum":45,"Bag of Marbles":14,"Snack Pack":16,"Coffee Dripper":137,"Membership Card":56,"PureWater":0,"TungstenRod":70},{"Whetstone":316,"Ginger":516,"Bottled Tornado":158,"Sling":290,"Boot":290,"Ring of Searing":97,"Blood Vial":699,"Replay:Ringing Soul":290,"Sundial":554,"MealTicket":260,"Fusion Hammer":270,"Replay:Bottled Flurry":101,"HandDrill":118,"Kunai":414,"Replay:Wax Seal":42,"Replay:Bottled Steam":310,"Pear":530,"Counterbalance":103,"ReplayTheSpireMod:Ring of Addiction":260,"Blue Candle":416,"Eternal Feather":346,"Pen Nib":299,"Guardian:PocketSentry":397,"Akabeko":243,"SlaversCollar":143,"Bird Faced Urn":326,"Pandora\u0027s Box":0,"StrikeDummy":286,"Lantern":159,"Torii":422,"Singing Bowl":422,"Replay:Purple Gloves":243,"Painkiller Herb":36,"StoneCalendar":133,"Bag of Preparation":262,"Ancient Tea Set":55,"Cursed Key":390,"Pet Ghost":131,"Shovel":344,"Matryoshka":422,"WingedGreaves":243,"Ring of Panic":97,"InkBottle":414,"Potion Belt":260,"Lee\u0027s Waffle":442,"Golden Idol":544,"Thread and Needle":173,"PreservedInsect":138,"champ:DeflectingBracers":536,"Omamori":373,"Frozen Egg 2":296,"GoldenEye":159,"MawBank":397,"Busted Crown":668,"Orrery":76,"Turnip":302,"Garlic":273,"Art of War":275,"Bottled Lightning":247,"Toy Ornithopter":347,"Ice Cream":267,"champ:DuelingGlove":326,"Calipers":273,"Gremlin Horn":257,"Vajra":273,"Sozu":69,"Centennial Puzzle":197,"HornCleat":364,"Strawberry":319,"Philosopher\u0027s Stone":642,"Iron Hammer":299,"Toxic Egg 2":296,"Happy Flower":243,"ReplayTheSpireMod:CursedCoin":120,"Dead Branch":202,"Oddly Smooth Stone":131,"Replay:Kaleidoscope":243,"Letter Opener":442,"War Paint":93,"Du-Vu Doll":373,"OrangePellets":326,"Bottled Flame":278,"ReplayTheSpireMod:Shallot":243,"Shuriken":234,"Bronze Scales":414,"Molten Egg 2":128,"Simple Rune":316,"Grinning Jar":273,"Meat on the Bone":118,"Pocketwatch":438,"ReplayTheSpireMod:Ring of Exchange":260,"SacredBark":260,"Yang":406,"CloakClasp":243,"Juzu Bracelet":364,"Incense Burner":536,"expansioncontent:StudyCardRelic":574,"TeardropLocket":243,"Replay:Mystery Machine":153,"Empty Cage":362,"ClockworkSouvenir":175,"Replay:Bandana":118,"Nunchaku":118,"TheAbacus":442,"Pantograph":356,"Tiny Chest":161,"Red Mask":42,"ReplayTheSpireMod:Ninjato":16,"Replay:Towering Pillar of Hats":280,"Odd Mushroom":347,"Orichalcum":398,"White Beast Statue":21,"Mercury Hourglass":16,"Cauldron":42,"Strange Spoon":364,"CaptainsWheel":59,"Anchor":118,"Pondfish Scales":229,"ChewingGum":169,"Bag of Marbles":55,"Snack Pack":63,"Coffee Dripper":502,"Membership Card":229,"PureWater":0,"TungstenRod":273}],"Toy Ornithopter":55},"card_choices":[{"not_picked":["InnerPeace","FlyingSleeves"],"picked":"Wireheading","floor":1.0},{"not_picked":["WreathOfFlame","Halt"],"picked":"ThirdEye","floor":3.0},{"not_picked":["WheelKick","FlyingSleeves"],"picked":"EmptyBody","floor":4.0},{"not_picked":["Evaluate","FollowUp"],"picked":"JustLucky","floor":5.0},{"not_picked":["Halt","JustLucky"],"picked":"ThirdEye","floor":6.0},{"not_picked":["Evaluate","SashWhip","Vengeance"],"picked":"SKIP","floor":8.0},{"not_picked":["Alpha","Halt"],"picked":"Adaptation","floor":10.0},{"not_picked":["EmptyBody","Prostrate"],"picked":"CutThroughFate","floor":11.0},{"not_picked":["FlyingSleeves","JustLucky"],"picked":"CutThroughFate","floor":12.0},{"not_picked":["Perseverance","Wireheading"],"picked":"Wish","floor":13.0},{"not_picked":["Prostrate","Halt"],"picked":"EmptyBody","floor":14.0},{"not_picked":["Scrawl","Alpha"],"picked":"Vault","floor":16.0},{"not_picked":["Wireheading","DeceiveReality"],"picked":"FlurryOfBlows","floor":18.0},{"not_picked":["EmptyBody","WheelKick+1"],"picked":"CutThroughFate+1","floor":20.0},{"not_picked":["Evaluate","CutThroughFate"],"picked":"Wallop","floor":20.0},{"not_picked":["FlurryOfBlows","PathToVictory"],"picked":"Judgement","floor":20.0},{"not_picked":["FollowUp","Halt"],"picked":"Weave","floor":20.0},{"not_picked":["WaveOfTheHand+1","Conclude+1"],"picked":"Evaluate+1","floor":20.0},{"not_picked":["Collect","Halt"],"picked":"Ragnarok","floor":23.0},{"not_picked":["Evaluate","Nirvana","Fasting2"],"picked":"SKIP","floor":25.0},{"not_picked":["Vengeance","Evaluate+1"],"picked":"Protect","floor":27.0},{"not_picked":["Vengeance","PathToVictory"],"picked":"CutThroughFate+1","floor":30.0},{"not_picked":["Swivel","InnerPeace"],"picked":"Weave","floor":31.0},{"not_picked":["Wish","LessonLearned"],"picked":"ConjureBlade","floor":33.0},{"not_picked":["ForeignInfluence"],"picked":"SKIP","floor":35},{"not_picked":["Adaptation"],"picked":"SKIP","floor":36},{"not_picked":["CutThroughFate+1"],"picked":"SKIP","floor":37},{"not_picked":[],"picked":"TalkToTheHand","floor":38},{"not_picked":["FollowUp"],"picked":"SKIP","floor":39},{"not_picked":["Prostrate"],"picked":"SKIP","floor":40},{"not_picked":[],"picked":"Protect","floor":42},{"not_picked":["EmptyFist+1"],"picked":"SKIP","floor":44},{"not_picked":["InnerPeace"],"picked":"SKIP","floor":46},{"not_picked":[],"picked":"TalkToTheHand","floor":48},{"not_picked":["Vengeance"],"picked":"SKIP","floor":55}],"player_experience":1621128,"relics_obtained":[{"floor":6.0,"key":"Torii"},{"floor":8.0,"key":"Juzu Bracelet"},{"floor":9.0,"key":"Bag of Marbles"},{"floor":10.0,"key":"Pantograph"},{"floor":11.0,"key":"Odd Mushroom"},{"floor":13.0,"key":"Mercury Hourglass"},{"floor":23.0,"key":"champ:DuelingGlove"},{"floor":25.0,"key":"MealTicket"},{"floor":26.0,"key":"Happy Flower"},{"floor":31.0,"key":"Toy Ornithopter"},{"floor":40,"key":"Blood Vial"},{"floor":42,"key":"Boot"},{"floor":44,"key":"Guardian:PocketSentry"},{"floor":48,"key":"Incense Burner"},{"floor":55,"key":"Nunchaku"}],"event_choices":[{"damage_healed":0.0,"max_hp_gain":0.0,"max_hp_loss":0.0,"gold_gain":0.0,"event_name":"Mushrooms","player_choice":"Fought Mushrooms","floor":11.0,"gold_loss":0.0,"damage_taken":0.0},{"damage_healed":0.0,"max_hp_gain":0.0,"max_hp_loss":0.0,"gold_gain":0.0,"event_name":"Cursed Tome","player_choice":"Ignored","floor":19.0,"gold_loss":0.0,"damage_taken":0.0},{"damage_healed":0.0,"max_hp_gain":0.0,"max_hp_loss":0.0,"gold_gain":0.0,"event_name":"The Library","player_choice":"Read","floor":21.0,"gold_loss":0.0,"damage_taken":0.0,"cards_obtained":["CrushJoints"]},{"damage_healed":0.0,"max_hp_gain":0.0,"max_hp_loss":0.0,"gold_gain":0.0,"event_name":"The Woman in Blue","player_choice":"Bought 0 Potions","floor":22.0,"gold_loss":0.0,"damage_taken":0.0},{"damage_healed":0.0,"max_hp_gain":0.0,"max_hp_loss":0.0,"gold_gain":0.0,"event_name":"Addict","player_choice":"Obtained Relic","floor":29.0,"gold_loss":85.0,"damage_taken":0.0,"relics_obtained":["Ice Cream"]},{"damage_healed":0,"gold_gain":0,"player_choice":"Fight","damage_taken":0,"max_hp_gain":0,"max_hp_loss":0,"event_name":"MindBloom","floor":48,"gold_loss":0}],"is_beta":false,"boss_relics":[{"not_picked":["Tiny House","Astrolabe"],"picked":"Philosopher\u0027s Stone"},{"not_picked":["Empty Cage","Fusion Hammer"],"picked":"Busted Crown"}],"items_purged_floors":[45],"is_endless":false,"potions_floor_spawned":[1,3,5,11,12,14,18,25,30,33,35,37,39,44],"ascension_level":20}}