{"host":"k2mw1od0xoi9pcfj","time":1610082004,"event":{"mods":["100% Spire Juice","AchievementEnabler","Act Like it!","Aspiration","BaseMod","Better Altar","Better Match","Better Note","Better Sensory Stone","Better Skull","Better Third Choice","Conspire","Defuse TimeMaze Blight","Downfall","Energized Spire","Friendly Minions","Gensokyo","Halation","Hallownest","Hermit","Highlight Path","Infinite Spire","Koishi","Marisa????????","Minty Spire (QoL Compilation)","Permanent Neow","Prisma Mod","Quick Restart","Random Character Button","Relic Sorter","Relic Stats","Remilia??????","Replay The Spire","Shade Mod","Shedinja","Spicy Shops","StSLib","Synergy Search","The Animator","The Bug Knight","The Cursed","The Exalted","The Hierophant","The Necromancer","The Runesmith","The Senshi","The Servant 0.9.4","The Wild Card","Treasure Hunter","WarShipGirlsR/????R mod","everything is the same but u backflip on backflip","slay the spire mod where everything is the same but ironclad has a cowboy hat"],"gold_per_floor":[109,160,85,98,115,141,141,154,181,181,191,191,191,191,191,290,290,290,290],"floor_reached":18,"playtime":2802,"items_purged":[],"score":160,"play_id":"8b9d1f61-ce7d-418f-a73e-d18e3f029e90","local_time":"20210107230004","is_ascension_mode":false,"campfire_choices":[{"floor":10,"key":"REST"},{"floor":12,"key":"RECALL"},{"data":"Replay:SS_forest_6","floor":15,"key":"SMITH"}],"circlet_count":0,"master_deck":["Bromod:Strike_Bro","Bromod:Strike_Bro","Bromod:Strike_Bro","Bromod:Defend_Bro","Bromod:Defend_Bro","Bromod:Defend_Bro","Bromod:Defend_Bro","Bromod:SlashDash","Bromod:SlashDash","Bromod:SlashDash","Bromod:Provoked","expansioncontent:DecasProtection+1","Bromod:SlipMagazine","Bromod:Vitality","Bromod:FastHands","Bromod:SteelFiber","Replay:SS_forest_6+1","TH:ElvenBoots","Bromod:Continuity"],"relics":["Bromod:Ordis","Bromod:AscarisDevice","aspiration:Nostalgia","Moonworks:BrokenBomb","Singing Bowl","halation:EternalFortune","PreservedInsect","ReplayTheSpireMod:Ring of Challenge","Ring of Fangs","conspire:RunicOctahedron"],"acts_visited":["Hallownest:Greenpath","Hallownest:CityofTears"],"potions_floor_usage":[4,8],"damage_taken":[{"damage":6,"enemies":"Hallownest:2_Baldur","floor":1,"turns":3},{"damage":8,"enemies":"Hallownest:monsterHuskGuard","floor":4,"turns":5},{"damage":1,"enemies":"Hallownest:monsterHuskWarrior","floor":5,"turns":8},{"damage":31,"enemies":"Hallownest:eliteMossKnight","floor":6,"turns":27},{"damage":31,"enemies":"Hallownest:Guard_and_Warrior","floor":8,"turns":12},{"damage":0,"enemies":"Hallownest:MossCreep_and_Mosskin","floor":11,"turns":10},{"damage":18,"enemies":"Hallownest:BossHornet","floor":16,"turns":13},{"damage":0,"enemies":"Hallownest:3_Youths","floor":18,"turns":2}],"seed_played":"-9069416384681200062","potions_obtained":[{"floor":1,"key":"FearPotion"},{"floor":5,"key":"Elixir"},{"floor":6,"key":"Guardian:BlockOnCardUsePotion"},{"floor":16,"key":"Energy Potion"}],"is_trial":false,"path_per_floor":["M","?","?","M","M","E","?","M","T","R","M","R","?","?","R","B",null,"M"],"character_chosen":"THE_EXALTED","items_purchased":[],"campfire_rested":1,"item_purchase_floors":[],"current_hp_per_floor":[69,69,69,61,60,33,36,5,7,32,32,32,32,32,32,14,84,84,84],"gold":290,"neow_bonus":"NOSTALGIA","is_daily":false,"chose_seed":false,"campfire_upgraded":1,"win_rate":0.0,"timestamp":1610082004,"path_taken":["M","?","?","?","M","E","?","M","T","R","M","R","?","?","R","BOSS","M"],"items_purchased_type":[],"build_version":"2020-12-22","purchased_purges":0,"victory":false,"max_hp_per_floor":[75,75,75,75,75,79,82,82,84,84,84,84,84,84,84,84,84,84,84],"relic_stats":{"Singing Bowl":6,"counters":[8,80],"PreservedInsect":0,"obtain_stats":[{"Bromod:AscarisDevice":0,"Ring of Fangs":13,"Singing Bowl":6,"aspiration:Nostalgia":0,"halation:EternalFortune":7,"conspire:RunicOctahedron":17,"PreservedInsect":9,"Bromod:Ordis":0,"ReplayTheSpireMod:Ring of Challenge":13,"Moonworks:BrokenBomb":0},{"Bromod:AscarisDevice":0,"Ring of Fangs":6,"Singing Bowl":4,"aspiration:Nostalgia":0,"halation:EternalFortune":4,"conspire:RunicOctahedron":7,"PreservedInsect":5,"Bromod:Ordis":0,"ReplayTheSpireMod:Ring of Challenge":6,"Moonworks:BrokenBomb":0},{"Bromod:AscarisDevice":0,"Ring of Fangs":65,"Singing Bowl":43,"aspiration:Nostalgia":0,"halation:EternalFortune":43,"conspire:RunicOctahedron":78,"PreservedInsect":55,"Bromod:Ordis":0,"ReplayTheSpireMod:Ring of Challenge":65,"Moonworks:BrokenBomb":0}]},"card_choices":[{"not_picked":["Bromod:SteelFiber","Bromod:Vitality"],"picked":"Bromod:Provoked","floor":1},{"not_picked":["Replay:Sssssssssstrike+1","expansioncontent:SuperHexaguard+1"],"picked":"expansioncontent:DecasProtection+1","floor":3},{"not_picked":["Bromod:ShatteringImpact","Bromod:SlashDash"],"picked":"Bromod:SlipMagazine","floor":4},{"not_picked":["Bromod:HeatedCharge","Bromod:SteelFiber"],"picked":"Bromod:Vitality","floor":5},{"not_picked":["TH:CursedSword","TH:BikiniMail"],"picked":"Singing Bowl","floor":6},{"not_picked":["Bromod:Vitality","Bromod:SeismicWave","Bromod:Fury"],"picked":"Singing Bowl","floor":6},{"not_picked":["Bromod:ContagiousSpread","Bromod:BodyCount"],"picked":"Bromod:FastHands","floor":8},{"not_picked":["TH:ArmorSpikes","TH:EnergyPotion"],"picked":"Singing Bowl","floor":9},{"not_picked":["Bromod:BloodRush","Bromod:BodyCount"],"picked":"Bromod:SteelFiber","floor":11},{"not_picked":["expansioncontent:YouAreMine","expansioncontent:Collect"],"picked":"Replay:SS_forest_6","floor":14},{"not_picked":["TH:ArmorSpikes"],"picked":"TH:ElvenBoots","floor":16},{"not_picked":["Bromod:DriftingContact","Bromod:QuickThinking"],"picked":"Bromod:Continuity","floor":16}],"player_experience":1601302,"relics_obtained":[{"floor":6,"key":"Singing Bowl"},{"floor":9,"key":"PreservedInsect"},{"floor":13,"key":"ReplayTheSpireMod:Ring of Challenge"},{"floor":13,"key":"Ring of Fangs"}],"event_choices":[{"damage_healed":0,"gold_gain":0,"player_choice":"2","damage_taken":0,"max_hp_gain":0,"max_hp_loss":0,"event_name":"betterMatch:BetterMatch","floor":3,"gold_loss":0,"cards_obtained":["betterMatch:ColorlessUncommonCard"]},{"damage_healed":0,"gold_gain":1,"player_choice":"1","damage_taken":0,"max_hp_gain":0,"max_hp_loss":0,"event_name":"betterStone:BetterStone","floor":14,"gold_loss":0}],"is_beta":false,"boss_relics":[{"not_picked":["Sozu","halation:LoveArrow"],"picked":"conspire:RunicOctahedron"}],"items_purged_floors":[],"is_endless":false,"potions_floor_spawned":[1,5,6,16],"killed_by":"Hallownest:3_Youths","ascension_level":0}}