{"host":"kabf61oc9jgfwufg","time":1610120025,"event":{"mods":["AchievementEnabler","Act Like it!","Aspiration","BaseMod","Conspire","GifTheSpireLib","Halation","HexUI Lib","Hubris","Infinite Spire","Melee Mod","Minty Spire (QoL Compilation)","Quick Restart","Rare Cards Sparkle","Replay The Spire","Shop Mod","StSLib","Waifu the Spire"],"gold_per_floor":[111,124,124,124,124,124,152,152,234,265,284,55,55,55,55,159,159,175,185,202,212,212,212],"floor_reached":22,"playtime":659,"items_purged":["Defend_P"],"score":269,"play_id":"e081c0bf-4e90-4bc9-a304-5cf18f0aeaa6","local_time":"20210108153345","is_ascension_mode":false,"campfire_choices":[{"data":"Eruption","floor":6,"key":"SMITH"},{"data":"FlurryOfBlows","floor":8,"key":"SMITH"},{"data":"Vigilance","floor":15,"key":"SMITH"}],"circlet_count":0,"master_deck":["Strike_P","Strike_P","Strike_P","Strike_P","Defend_P","Defend_P","Defend_P","Eruption+1","Vigilance+1","Indignation","Consecrate","Sickly","FlurryOfBlows+1","Replay:AllIn","EmptyBody","FlurryOfBlows","meleeMod_DashDance","Halt"],"relics":["PureWater","NeowsBlessing","hubris:Towel","ReplayTheSpireMod:Ring of Challenge","halation:EternalFortune","CaptainsWheel","ReplayTheSpireMod:Ninjato","Mango","Strawberry","hubris:DisguiseKit","Black Star"],"acts_visited":["Exordium","TheCity"],"potions_floor_usage":[10,16,21],"damage_taken":[{"damage":0,"enemies":"Cultist","floor":1,"turns":1},{"damage":0,"enemies":"Small Slimes","floor":2,"turns":1},{"damage":0,"enemies":"Gremlin Nob","floor":7,"turns":1},{"damage":35,"enemies":"Lagavulin","floor":10,"turns":4},{"damage":0,"enemies":"2 Louse","floor":11,"turns":1},{"damage":62,"enemies":"Hexaghost","floor":16,"turns":4},{"damage":27,"enemies":"Shell Parasite","floor":18,"turns":3},{"damage":20,"enemies":"3 Byrds","floor":19,"turns":6},{"damage":36,"enemies":"3 Cultists","floor":20,"turns":4},{"damage":12,"enemies":"Sentry and Sphere","floor":21,"turns":4},{"damage":8,"enemies":"Centurion and Healer","floor":22,"turns":2}],"seed_played":"-6363465909021161238","potions_obtained":[{"floor":1,"key":"LifebloodPotion"},{"floor":11,"key":"PowerPotion"},{"floor":19,"key":"LiquidBronze"}],"is_trial":false,"path_per_floor":["M","M","?","?","?","R","E","R","T","E","M","$","$","T","R","B",null,"M","M","M","M","M"],"character_chosen":"WATCHER","items_purchased":["Strawberry"],"campfire_rested":0,"item_purchase_floors":[12],"current_hp_per_floor":[72,72,72,72,75,75,78,78,78,57,57,64,64,64,64,2,99,75,55,19,7,0,0],"gold":212,"neow_bonus":"THREE_ENEMY_KILL","is_daily":false,"chose_seed":false,"campfire_upgraded":3,"win_rate":0.0,"timestamp":1610120025,"path_taken":["M","?","?","?","?","R","E","R","T","E","M","?","$","?","R","BOSS","M","M","M","M","?"],"items_purchased_type":["Relic"],"build_version":"2020-12-22","purchased_purges":1,"victory":false,"max_hp_per_floor":[72,72,72,72,75,75,78,78,78,92,92,99,99,99,99,99,99,102,102,102,102,102,102],"card_choices":[{"not_picked":["SignatureMove","ClearTheMind"],"picked":"Indignation","floor":1},{"not_picked":["Replay:ManipulateFuture","EmptyFist"],"picked":"Consecrate","floor":2},{"not_picked":["JustLucky","Replay:ManipulateFuture"],"picked":"FlurryOfBlows","floor":7},{"not_picked":["MentalFortress","Fasting2","BowlingBash"],"picked":"SKIP","floor":10},{"not_picked":["Nirvana","ThirdEye","Study"],"picked":"SKIP","floor":11},{"not_picked":["Wish","Scrawl","meleeMod_SDRemix"],"picked":"Replay:AllIn","floor":16},{"not_picked":["CrushJoints","Vengeance","meleeMod_DownAir"],"picked":"EmptyBody","floor":18},{"not_picked":["Protect+1","ThirdEye","meleeMod_NoDI"],"picked":"FlurryOfBlows","floor":19},{"not_picked":["WindmillStrike","Nirvana","DeceiveReality"],"picked":"meleeMod_DashDance","floor":20},{"not_picked":["Replay:Battleflow","Swivel","meleeMod_DownTilt"],"picked":"Halt","floor":21}],"player_experience":88213,"relics_obtained":[{"floor":4,"key":"ReplayTheSpireMod:Ring of Challenge"},{"floor":7,"key":"halation:EternalFortune"},{"floor":7,"key":"CaptainsWheel"},{"floor":9,"key":"ReplayTheSpireMod:Ninjato"},{"floor":10,"key":"Mango"},{"floor":14,"key":"hubris:DisguiseKit"},{"floor":18,"key":"halation:EternalFortune"}],"event_choices":[],"is_beta":false,"boss_relics":[{"not_picked":["halation:Risk","halation:SmartPhone"],"picked":"Black Star"}],"items_purged_floors":[12],"is_endless":false,"potions_floor_spawned":[1,11,19],"killed_by":"Centurion and Healer","ascension_level":0}}