{"host":"vjza61176pkzgzt7","time":1610075875,"event":{"mods":["BaseMod","Better Third Choice","Minty Spire (QoL Compilation)","StSLib","The Forsaken","The Senshi"],"gold_per_floor":[119,119,138,108,108,124,124,138,138,138,138,138,154,167,167,291,291,309,309,322,16,16,49,49,70,70,70,70,70,94,118,118,241,241,259,35,35,1034,1034,1034,464,464,491,41,41,55,55,73,73,73,73],"floor_reached":50,"playtime":4286,"items_purged":["Decay","Normality","Normality"],"score":623,"play_id":"afd091e0-4a6c-4824-a7c4-04ee5a17c549","local_time":"20210107211755","is_ascension_mode":false,"campfire_choices":[{"data":"theSenshi:JupitersPower","floor":7.0,"key":"SMITH"},{"floor":10.0,"key":"REST"},{"data":"theSenshi:VenusGlamour","floor":11.0,"key":"SMITH"},{"data":"theSenshi:MoonTiaraMagic","floor":12.0,"key":"SMITH"},{"floor":15.0,"key":"REST"},{"floor":24,"key":"REST"},{"floor":27,"key":"REST"},{"floor":29,"key":"REST"},{"floor":32,"key":"REST"},{"floor":40,"key":"REST"},{"data":"Metamorphosis","floor":45,"key":"SMITH"},{"data":"theSenshi:MoonGorgeousMeditation","floor":47,"key":"SMITH"},{"floor":49,"key":"REST"}],"circlet_count":0,"master_deck":["theSenshi:SailorKick","theSenshi:SailorKick","theSenshi:SailorKick","theSenshi:SailorBlock+1","theSenshi:SailorBlock","theSenshi:SailorBlock","theSenshi:RoseThrow","theSenshi:MoonPrismPowerMakeUp","theSenshi:JupitersPower+1","theSenshi:SailorVenusAssists","theSenshi:MoonTiaraMagic+1","theSenshi:EncouragingSpeech","theSenshi:VenusGlamour+1","theSenshi:MoonCrystalPowerMakeUp","theSenshi:MoonGorgeousMeditation+1","theSenshi:LunaSensingAllies+1","theSenshi:SailorVenusAssists+1","theSenshi:SailorStarFighterAssists","theSenshi:JupitersPower+1","theSenshi:PlutosSolemnity","theSenshi:VenusGlamour+1","theSenshi:TuxedoSmokingBomber+1","theSenshi:ChibiMoonsLove","theSenshi:MoonKick+1","Trip","Metamorphosis+1","theSenshi:MoonTiaraMagic+1","theSenshi:GatheringStrength+1"],"relics":["theSenshi:TransformationBroochRelic","Golden Idol","betterThird:SlimedRelic","Question Card","WingedGreaves","Sozu","DollysMirror","theSenshi:CrystalStarRelic","Shuriken","theSenshi:TransformationPenRelic","SlaversCollar","Boot","theSenshi:SpiralHeartMoonRodRelic","War Paint","theSenshi:SailorFukuRelic","Lee\u0027s Waffle"],"acts_visited":["Exordium","TheCity","TheBeyond"],"potions_floor_usage":[],"damage_taken":[{"damage":0.0,"enemies":"2 Louse","floor":1.0,"turns":4.0},{"damage":2.0,"enemies":"Jaw Worm","floor":3.0,"turns":4.0},{"damage":0.0,"enemies":"Cultist","floor":6.0,"turns":4.0},{"damage":16.0,"enemies":"3 Louse","floor":8.0,"turns":4.0},{"damage":3.0,"enemies":"Red Slaver","floor":13.0,"turns":2.0},{"damage":4.0,"enemies":"2 Fungi Beasts","floor":14.0,"turns":3.0},{"damage":29.0,"enemies":"Slime Boss","floor":16.0,"turns":10.0},{"damage":1.0,"enemies":"Chosen","floor":18.0,"turns":3.0},{"damage":11.0,"enemies":"3 Byrds","floor":20.0,"turns":5.0},{"damage":58,"enemies":"Gremlin Leader","floor":23,"turns":6},{"damage":7,"enemies":"3 Cultists","floor":25,"turns":5},{"damage":15,"enemies":"Snecko","floor":30,"turns":4},{"damage":18,"enemies":"Shelled Parasite and Fungi","floor":31,"turns":4},{"damage":42,"enemies":"Automaton","floor":33,"turns":7},{"damage":21,"enemies":"Orb Walker","floor":35,"turns":4},{"damage":7,"enemies":"3 Shapes","floor":46,"turns":3},{"damage":24,"enemies":"Jaw Worm Horde","floor":48,"turns":2},{"damage":104,"enemies":"Awakened One","floor":50,"turns":9}],"seed_played":"3121203188460895821","potions_obtained":[{"floor":3.0,"key":"SkillPotion"},{"floor":13.0,"key":"Energy Potion"},{"floor":14.0,"key":"SkillPotion"}],"is_trial":false,"path_per_floor":["M","?","M","?","T","M","R","M","T","R","R","R","M","M","R","B",null,"M","?","M","$","?","E","R","M","T","R","?","R","M","M","R","B",null,"M","$","?","?","?","R","$","?","T","$","R","M","R","M","R","B"],"character_chosen":"THE_SENSHI","items_purchased":["DollysMirror","theSenshi:CrystalStarRelic","Boot","theSenshi:SpiralHeartMoonRodRelic","War Paint","Metamorphosis","Lee\u0027s Waffle"],"campfire_rested":8,"item_purchase_floors":[21,21,36,41,41,44,44],"current_hp_per_floor":[75,57,55,44,44,44,44,28,28,50,50,50,47,43,65,36,75,74,74,63,63,63,9,31,26,26,48,48,70,59,45,67,29,75,55,55,55,55,55,75,75,75,75,82,82,82,82,64,82,0,0],"gold":73,"neow_bonus":"TRANSFORM_CARD","is_daily":false,"chose_seed":false,"campfire_upgraded":5,"win_rate":0.0,"timestamp":1610075875,"path_taken":["M","?","M","?","?","M","R","M","T","R","R","R","M","M","R","BOSS","M","?","?","$","?","E","R","?","T","R","?","R","M","M","R","BOSS","M","$","?","?","?","R","$","?","T","$","R","M","R","M","R","BOSS"],"items_purchased_type":["Relic","Relic","Relic","Relic","Relic","Card","Relic"],"build_version":"2020-12-22","purchased_purges":3,"victory":false,"max_hp_per_floor":[75,75,75,75,75,75,75,75,75,75,75,75,75,75,75,75,75,75,75,75,75,75,75,75,75,75,75,75,75,75,75,75,75,75,75,75,75,75,75,75,75,75,75,82,82,82,82,82,82,82,82],"card_choices":[{"not_picked":["theSenshi:MoonCrystalPowerMakeUp","theSenshi:EncouragingSpeech"],"picked":"theSenshi:SailorVenusAssists","floor":1.0},{"not_picked":["theSenshi:LunasBite","theSenshi:LunaWiseMentor"],"picked":"theSenshi:MoonTiaraMagic","floor":3.0},{"not_picked":["theSenshi:NeptunesGrace","theSenshi:HesSoDreamy","theSenshi:MoonCosmicPowerMakeUp"],"picked":"theSenshi:EncouragingSpeech","floor":6.0},{"not_picked":["theSenshi:MoonsReflection","theSenshi:EncouragingSpeech","theSenshi:SailorVenusAssists"],"picked":"theSenshi:VenusGlamour","floor":8.0},{"not_picked":["theSenshi:MoonCosmicPowerMakeUp","theSenshi:SailorPlanetAttack","theSenshi:SchoolBag"],"picked":"theSenshi:MoonCrystalPowerMakeUp","floor":13.0},{"not_picked":["theSenshi:TuxedoMaskAssists","theSenshi:UranusStrength","theSenshi:OdangoHead"],"picked":"theSenshi:MoonGorgeousMeditation","floor":14.0},{"not_picked":["theSenshi:InTheNameOfTheMoon","theSenshi:WarriorOfTheMoon","theSenshi:SailorCosmosAssists"],"picked":"theSenshi:LunaSensingAllies","floor":16.0},{"not_picked":["theSenshi:SaturnsMystery","theSenshi:EncouragingSpeech","theSenshi:DramaticEntrance"],"picked":"theSenshi:SailorVenusAssists+1","floor":18.0},{"not_picked":["theSenshi:SailorMercuryAssists","theSenshi:MoonCosmicPowerMakeUp","theSenshi:NeptunesGrace"],"picked":"theSenshi:SailorStarFighterAssists","floor":20.0},{"not_picked":["theSenshi:TuxedoSmokingBomber","theSenshi:KlutzyLuck","theSenshi:SailorVenusAssists"],"picked":"theSenshi:PlutosSolemnity","floor":23},{"not_picked":["theSenshi:SailorChibiMoonAssists","theSenshi:HesSoDreamy+1","theSenshi:Overload+1"],"picked":"theSenshi:VenusGlamour+1","floor":25},{"not_picked":["theSenshi:SaturnsMystery","theSenshi:MoonPower+1","theSenshi:SailorStarHealerAssists"],"picked":"theSenshi:TuxedoSmokingBomber+1","floor":30},{"not_picked":["theSenshi:SailorMercuryAssists","theSenshi:SailorPlanetPower","theSenshi:EncouragingSpeech","theSenshi:TuxedoMaskAssists"],"picked":"SKIP","floor":31},{"not_picked":["theSenshi:MoonGorgeousMeditation","theSenshi:SailorPlutoAssists","theSenshi:SailorCosmosAssists"],"picked":"theSenshi:ChibiMoonsLove","floor":33},{"not_picked":["theSenshi:SchoolBag+1","theSenshi:MoonPower","theSenshi:LateForSchool"],"picked":"theSenshi:MoonKick+1","floor":35},{"not_picked":["Secret Weapon","Forethought","Purity"],"picked":"Trip","floor":37},{"not_picked":["theSenshi:MoonsReflection+1","theSenshi:EncouragingSpeech+1","theSenshi:Sidestep+1"],"picked":"theSenshi:MoonTiaraMagic+1","floor":46},{"not_picked":["theSenshi:EncouragingSpeech+1","theSenshi:MoonPunch","theSenshi:MoonTiaraMagic"],"picked":"theSenshi:GatheringStrength+1","floor":48}],"player_experience":181135,"relics_obtained":[{"floor":5.0,"key":"Question Card"},{"floor":9.0,"key":"WingedGreaves"},{"floor":23,"key":"Shuriken"},{"floor":26,"key":"theSenshi:TransformationPenRelic"},{"floor":43,"key":"theSenshi:SailorFukuRelic"}],"event_choices":[{"damage_healed":0.0,"max_hp_gain":0.0,"max_hp_loss":0.0,"gold_gain":0.0,"event_name":"Golden Idol","player_choice":"Take Damage","floor":2.0,"gold_loss":0.0,"damage_taken":18.0,"relics_obtained":["Golden Idol"]},{"damage_healed":0.0,"max_hp_gain":0.0,"max_hp_loss":0.0,"gold_gain":0.0,"event_name":"betterThird:BetterGoop","player_choice":"Slimed","floor":4.0,"gold_loss":30.0,"damage_taken":11.0},{"cards_removed":["theSenshi:SailorBlock"],"damage_healed":0.0,"max_hp_gain":0.0,"max_hp_loss":0.0,"gold_gain":0.0,"event_name":"Purifier","player_choice":"Purged","floor":19.0,"gold_loss":0.0,"damage_taken":0.0},{"damage_healed":0,"gold_gain":0,"player_choice":"Cursed","damage_taken":0,"max_hp_gain":0,"max_hp_loss":0,"event_name":"Wheel of Change","floor":22,"gold_loss":0,"cards_obtained":["Decay"]},{"damage_healed":0,"gold_gain":0,"player_choice":"Memory 1","damage_taken":0,"max_hp_gain":0,"max_hp_loss":0,"event_name":"SensoryStone","floor":37,"gold_loss":0},{"damage_healed":0,"gold_gain":999,"player_choice":"Gold","damage_taken":0,"max_hp_gain":0,"max_hp_loss":0,"event_name":"MindBloom","floor":38,"gold_loss":0,"cards_obtained":["Normality","Normality"]},{"damage_healed":0,"gold_gain":0,"player_choice":"Ignored","damage_taken":0,"max_hp_gain":0,"max_hp_loss":0,"event_name":"Mysterious Sphere","floor":39,"gold_loss":0},{"damage_healed":0,"gold_gain":0,"player_choice":"Ignored","damage_taken":0,"max_hp_gain":0,"max_hp_loss":0,"event_name":"Tomb of Lord Red Mask","floor":42,"gold_loss":0}],"is_beta":false,"boss_relics":[{"not_picked":["Ectoplasm","Fusion Hammer"],"picked":"Sozu"},{"not_picked":["Calling Bell","Black Star"],"picked":"SlaversCollar"}],"items_purged_floors":[36,41,44],"is_endless":false,"potions_floor_spawned":[3,13,14,20,23,25,33,46],"killed_by":"Awakened One","ascension_level":0}}