{"host":"p9t7qd83igtcp2bh","time":1610102059,"event":{"mods":["2.2 Compatiblity","AchievementEnabler","BaseMod","Colored Map","Colored Powertips","Custom Start","DeckTracker","Keyboard Shortcuts","Minty Spire (QoL Compilation)","Permanent Neow","Spicy Shops","StSLib","SuperFastMode","everything is the same but u backflip on backflip"],"gold_per_floor":[110,110,121,20,20,53,53,87,113,113,124,142,142,217,217,294,294,305,331,271,271],"floor_reached":20,"playtime":416,"items_purged":[],"score":324,"play_id":"f9964192-7cc6-4c9e-88fe-a960011abda9","local_time":"20210108193419","is_ascension_mode":true,"campfire_choices":[{"data":"Leap","floor":7,"key":"SMITH"},{"floor":10,"key":"REST"},{"data":"Gash","floor":15,"key":"SMITH"}],"circlet_count":0,"master_deck":["AscendersBane","Strike_B","Strike_B","Strike_B","Defend_B","Defend_B","Defend_B","Defend_B","Zap","Dualcast","Leap+1","Ball Lightning","Gash+1","Gash+1","All For One","Stack","Go for the Eyes","All For One","Double Energy","BootSequence+1"],"relics":["Cracked Core","Regal Pillow","Anchor","Strawberry","Runic Pyramid","Red Mask"],"acts_visited":["Exordium","TheCity"],"potions_floor_usage":[16,19,19],"damage_taken":[{"damage":0,"enemies":"Small Slimes","floor":1,"turns":2},{"damage":0,"enemies":"Cultist","floor":3,"turns":3},{"damage":35,"enemies":"3 Sentries","floor":6,"turns":6},{"damage":26,"enemies":"Gremlin Nob","floor":8,"turns":4},{"damage":0,"enemies":"Jaw Worm","floor":11,"turns":2},{"damage":5,"enemies":"3 Louse","floor":12,"turns":3},{"damage":35,"enemies":"Hexaghost","floor":16,"turns":8},{"damage":13,"enemies":"Spheric Guardian","floor":18,"turns":4},{"damage":30,"enemies":"Masked Bandits","floor":19,"turns":4},{"damage":17,"enemies":"2 Thieves","floor":20,"turns":2}],"seed_played":"-6364369575660878550","potions_obtained":[{"floor":3,"key":"SmokeBomb"},{"floor":12,"key":"FocusPotion"},{"floor":16,"key":"BlessingOfTheForge"},{"floor":18,"key":"Explosive Potion"},{"floor":19,"key":"Ancient Potion"}],"is_trial":false,"path_per_floor":["M","?","M","$","?","E","R","E","T","R","M","M","$","?","R","B",null,"M","?","M"],"character_chosen":"DEFECT","items_purchased":["Gash"],"campfire_rested":1,"item_purchase_floors":[4],"current_hp_per_floor":[64,71,71,71,71,36,36,10,17,55,55,50,50,39,39,4,60,47,17,0,0],"gold":271,"neow_bonus":"TRANSFORM_CARD","is_daily":false,"chose_seed":false,"campfire_upgraded":2,"win_rate":0.0,"timestamp":1610102059,"path_taken":["M","?","?","$","?","E","R","E","T","R","M","M","$","?","R","BOSS","M","?","M"],"items_purchased_type":["Card"],"build_version":"2020-12-22","purchased_purges":0,"victory":false,"max_hp_per_floor":[71,71,71,71,71,71,71,71,78,78,78,78,78,78,78,78,78,78,78,78,78],"card_choices":[{"not_picked":["Barrage","Rebound"],"picked":"Ball Lightning","floor":1},{"not_picked":["Ball Lightning","Coolheaded"],"picked":"Gash","floor":3},{"not_picked":["Reprogram","Darkness"],"picked":"All For One","floor":6},{"not_picked":["Conserve Battery","Sunder","Aggregate"],"picked":"SKIP","floor":8},{"not_picked":["Streamline","Stack","Leap"],"picked":"SKIP","floor":11},{"not_picked":["Streamline","Leap"],"picked":"Stack","floor":11},{"not_picked":["Ball Lightning","Turbo"],"picked":"Go for the Eyes","floor":12},{"not_picked":["Machine Learning","Multi-Cast"],"picked":"All For One","floor":16},{"not_picked":["Compile Driver","Cold Snap"],"picked":"Double Energy","floor":18},{"not_picked":["Storm+1","Doom and Gloom"],"picked":"BootSequence+1","floor":19}],"player_experience":602014,"relics_obtained":[{"floor":6,"key":"Regal Pillow"},{"floor":8,"key":"Anchor"},{"floor":9,"key":"Strawberry"},{"floor":19,"key":"Red Mask"}],"event_choices":[{"damage_healed":7,"gold_gain":0,"player_choice":"Full Heal","damage_taken":0,"max_hp_gain":0,"max_hp_loss":0,"event_name":"Wheel of Change","floor":2,"gold_loss":0},{"damage_healed":0,"gold_gain":0,"player_choice":"Grow","damage_taken":0,"max_hp_gain":0,"max_hp_loss":0,"event_name":"Living Wall","floor":5,"gold_loss":0,"cards_upgraded":["Gash"]},{"damage_healed":0,"gold_gain":75,"player_choice":"Gather Gold","damage_taken":11,"max_hp_gain":0,"max_hp_loss":0,"event_name":"World of Goop","floor":14,"gold_loss":0},{"damage_healed":0,"gold_gain":0,"player_choice":"Fought Bandits","damage_taken":0,"max_hp_gain":0,"max_hp_loss":0,"event_name":"Masked Bandits","floor":19,"gold_loss":0}],"is_beta":false,"boss_relics":[{"not_picked":["SlaversCollar","Runic Dome"],"picked":"Runic Pyramid"}],"items_purged_floors":[],"is_endless":false,"potions_floor_spawned":[3,12,16,18,19],"killed_by":"2 Thieves","ascension_level":16}}