{"host":"svwqvw2il1zfkkg0","time":1610101399,"event":{"mods":["AchievementEnabler","BaseMod","BetterRewards","Colored Map","Colored Powertips","Custom Start","Downfall","GifTheSpireLib","Highlight Path","Hubris","Infinite Spire","Minty Spire (QoL Compilation)","Quick Restart","Replay The Spire","Shop Mod","StSLib","SuperFastMode"],"gold_per_floor":[115,115,132,132,151,184,184,215,215,215,215,234,252,263,263,365,365,381,397,397,412,426,426,440,440,440,454,454,500,500,415,340,340,340],"floor_reached":33,"playtime":1207,"items_purged":[],"score":259,"play_id":"bcc4b9e9-47f7-445f-af4e-aa69263065d5","local_time":"20210108022319","is_ascension_mode":false,"campfire_choices":[{"floor":7,"key":"REST"},{"data":"Leg Sweep","floor":11,"key":"SMITH"},{"data":"Flying Knee","floor":15,"key":"SMITH"},{"floor":23,"key":"REST"},{"floor":28,"key":"REST"},{"floor":30,"key":"REST"}],"circlet_count":0,"master_deck":["Strike_G+1","Strike_G+1","Strike_G+1","Strike_G+1","Strike_G+1","Defend_G","Defend_G","Defend_G","Defend_G","Defend_G","Survivor","Neutralize","hubris:Defend_Merchant","Strike_R","Dagger Throw","Quick Slash","Hidden Blade","Leg Sweep+1","Flying Knee+1","Caltrops","Sucker Punch","After Image","Slice","Quick Slash","Poisoned Stab+1","Dagger Spray+1"],"relics":["Ring of the Snake","hubris:Towel","Smiling Mask","Replay:Bottled Flurry","Replay:Bottled Eggs","Chemical X","Ring of the Serpent","FossilizedHelix","Replay:Wax Seal","infinitespire:FocusingShard"],"acts_visited":["Exordium","TheCity"],"potions_floor_usage":[3,13,24,24,33],"damage_taken":[{"damage":2,"enemies":"Small Slimes","floor":1,"turns":4},{"damage":3,"enemies":"Jaw Worm","floor":3,"turns":3},{"damage":0,"enemies":"2 Louse","floor":5,"turns":3},{"damage":32,"enemies":"3 Sentries","floor":6,"turns":11},{"damage":18,"enemies":"Replay:BlueRogue","floor":8,"turns":9},{"damage":0,"enemies":"Exordium Wildlife","floor":12,"turns":4},{"damage":0,"enemies":"2 Fungi Beasts","floor":13,"turns":2},{"damage":2,"enemies":"Looter","floor":14,"turns":3},{"damage":30,"enemies":"The Guardian","floor":16,"turns":14},{"damage":17,"enemies":"3 Byrds","floor":18,"turns":6},{"damage":25,"enemies":"Spheric Guardian","floor":19,"turns":4},{"damage":19,"enemies":"Shelled Parasite and Fungi","floor":21,"turns":8},{"damage":8,"enemies":"Chosen and Byrds","floor":22,"turns":6},{"damage":27,"enemies":"Snake Plant","floor":24,"turns":4},{"damage":21,"enemies":"Shelled Parasite and Fungi","floor":27,"turns":6},{"damage":36,"enemies":"Champ","floor":33,"turns":13}],"seed_played":"-1252507448109249369","potions_obtained":[{"floor":1,"key":"BlessingOfTheForge"},{"floor":5,"key":"Venom Potion"},{"floor":8,"key":"AttackPotion"},{"floor":16,"key":"Regen Potion"},{"floor":19,"key":"SteroidPotion"},{"floor":22,"key":"Ancient Potion"},{"floor":27,"key":"Venom Potion"}],"is_trial":false,"path_per_floor":["M","?","M","?","M","E","R","E","T","?","R","M","M","M","R","B",null,"M","M","AVR","M","M","R","M","?","T","M","R","T","R","?","R_BF","B"],"character_chosen":"THE_SILENT","items_purchased":[],"campfire_rested":4,"item_purchase_floors":[],"current_hp_per_floor":[82,82,79,79,79,47,72,54,54,82,82,82,82,80,80,50,84,67,42,42,23,15,40,25,25,25,4,29,29,54,54,54,18,18],"gold":340,"neow_bonus":"TWENTY_PERCENT_HP_BONUS","is_daily":false,"chose_seed":false,"campfire_upgraded":2,"win_rate":0.0,"timestamp":1610101399,"path_taken":["M","?","M","?","M","E","R","E","T","?","R","M","M","M","R","BOSS","M","M","AVR","M","M","R","M","?","T","M","R","?","R","?","R_BF","BOSS"],"items_purchased_type":[],"build_version":"2020-12-22","purchased_purges":0,"victory":false,"max_hp_per_floor":[84,84,84,84,84,84,84,84,84,84,84,84,84,84,84,84,84,84,84,84,84,84,84,84,84,84,84,84,84,84,84,84,84,84],"card_choices":[{"not_picked":["Concentrate","Caltrops"],"picked":"Dagger Throw","floor":1},{"not_picked":["Flechettes","Escape Plan"],"picked":"Quick Slash","floor":3},{"not_picked":["Slice","Deadly Poison"],"picked":"Hidden Blade","floor":5},{"not_picked":["Outmaneuver","ReplayTheSpireMod:The Works"],"picked":"Leg Sweep","floor":6},{"not_picked":["Prepared","ReplayTheSpireMod:Speed Training"],"picked":"Flying Knee","floor":8},{"not_picked":["Escape Plan","Bane"],"picked":"Caltrops","floor":12},{"not_picked":["Malaise","Hidden Blade"],"picked":"Sucker Punch","floor":13},{"not_picked":["Expertise","Hidden Blade","Deflect"],"picked":"SKIP","floor":14},{"not_picked":["Envenom","Malaise"],"picked":"After Image","floor":16},{"not_picked":["Poison Darts","Tactician+1"],"picked":"Slice","floor":18},{"not_picked":["Eviscerate","Slice"],"picked":"Quick Slash","floor":19},{"not_picked":["Distraction","Dodge and Roll+1"],"picked":"Poisoned Stab+1","floor":21},{"not_picked":["Dodge and Roll","Wraith Form v2","Deflect+1"],"picked":"SKIP","floor":22},{"not_picked":["Blur","Backflip+1","Bane"],"picked":"SKIP","floor":24},{"not_picked":["Caltrops","Acrobatics"],"picked":"Dagger Spray+1","floor":27}],"player_experience":466770,"relics_obtained":[{"floor":6,"key":"Smiling Mask"},{"floor":8,"key":"Replay:Bottled Flurry"},{"floor":9,"key":"Replay:Bottled Eggs"},{"floor":26,"key":"FossilizedHelix"},{"floor":29,"key":"Replay:Wax Seal"}],"event_choices":[{"damage_healed":28,"gold_gain":0,"player_choice":"Banana","damage_taken":0,"max_hp_gain":0,"max_hp_loss":0,"event_name":"Big Fish","floor":10,"gold_loss":0},{"damage_healed":0,"gold_gain":0,"player_choice":"Smashed Altar","damage_taken":0,"max_hp_gain":0,"max_hp_loss":0,"event_name":"Forgotten Altar","floor":25,"gold_loss":0,"cards_obtained":["Decay"]},{"damage_healed":0,"gold_gain":0,"player_choice":"Obtained Relic","damage_taken":0,"relics_obtained":["infinitespire:FocusingShard"],"max_hp_gain":0,"max_hp_loss":0,"event_name":"Addict","floor":31,"gold_loss":85},{"cards_removed":["Decay"],"damage_healed":0,"gold_gain":0,"player_choice":"Gave Gold","damage_taken":0,"max_hp_gain":0,"max_hp_loss":0,"event_name":"Beggar","floor":32,"gold_loss":75}],"is_beta":false,"boss_relics":[{"not_picked":["Coffee Dripper","hubris:TerracottaHorce","Replay:Drink Me"]}],"items_purged_floors":[],"is_endless":false,"potions_floor_spawned":[1,5,8,16,19,22,27],"killed_by":"Champ","ascension_level":0}}