{"host":"acczert1kscx59ut","time":1610135802,"event":{"mods":["AchievementEnabler","Act Like it!","Aspiration","Astrologer","BaseMod","Beaked The Cultist","Bestiary","BetterRewards","ChefMod","Clockwork Mod","Conspire","Decade(???)","Dio Mod","Downfall","Duelist Mod","Elementarium","Gensokyo","GifTheSpireLib","Glutton Mod","Gold Saver","Gremlin Mod","GungeonMod","Hallownest","Hermit","Hero for Fun","Hubris","Infinite Spire","Jedi Mod","Jorbs\u0027s Wanderer Trilogy","Koishi","Lobotomy","LobotomyExtend","Mad Scientist","Magitek Elite","Melee Mod","Minty Spire (QoL Compilation)","Quick Restart","Replay The Spire","Robot Space Explorer","Shade Mod","Shedinja","Shop Mod","Somnambulant","Spicy Shops","Spikes Relics","StSLib","Stuff the Spire","SuperFastMode","Td1madao Mod","The Animator","The Blackbeard","The Bug Knight","The Clintock","The Construct","The Cursed","The Death Knight","The Disciple","The Dragon Tamer","The Exalted","The Factory","The Forsaken","The Gatherer","The Hayseed","The Hierophant","The Judge","The Jungle","The Kombatant","The Necromancer","The Problem Sleuth","The Runesmith","The Sage","The Showman","The Trickster","The Valiant","The Vixen","The Wild Card","TheFirefly","Transform Curses","Wandering Minibosses","[IsaacMod]????","thorton","vexMod"],"gold_per_floor":[115,115,115,44,56,56,84,97,97,97,132,132,165,183,183,282,282,299,311,311,322,333,349,366,400,400,427,459,490,500,530,530,671,671,698,245,245,245,300,340,364,386,386,386,406,406,421,449,449,449,449],"floor_reached":52,"playtime":4342,"items_purged":["Decay"],"score":625,"play_id":"dbc062cb-2619-4b5c-9a6f-1b80c49d42c9","local_time":"20210108145642","is_ascension_mode":false,"campfire_choices":[{"data":"MadScienceMod:JunkLaser","floor":6,"key":"SMITH"},{"floor":12,"key":"REST"},{"floor":15,"key":"REST"},{"floor":32,"key":"REST"},{"data":"MadScienceMod:Assemble","floor":44,"key":"SMITH"},{"floor":49,"key":"REST"}],"circlet_count":0,"master_deck":["MadScienceMod:Strike_MadScience","MadScienceMod:Strike_MadScience","MadScienceMod:Strike_MadScience","MadScienceMod:Strike_MadScience+1","MadScienceMod:Defend_MadScience","MadScienceMod:Defend_MadScience","MadScienceMod:Defend_MadScience","MadScienceMod:PoweredStrike","MadScienceMod:HideBehindJunk","MadScienceMod:AutoStrike","MadScienceMod:JunkLaser+1","MadScienceMod:Sprocket","MadScienceMod:Poke","MadScienceMod:AutoStrike","MadScienceMod:Strafe","hubris:NaturalOne","MadScienceMod:CloneVats","MadScienceMod:MechanicalClaw","MadScienceMod:Assemble+1","MadScienceMod:Sprocket+1","MadScienceMod:Virus+1","MadScienceMod:RadioactiveSword+1","MadScienceMod:Virus+1","MadScienceMod:Redesign+1","MadScienceMod:Bombardment+1","MadScienceMod:Browse+1","MadScienceMod:ExtractOil","MadScienceMod:MechanicalClaw","MadScienceMod:SelfDestruct","MadScienceMod:NowOrNever","MadScienceMod:RecyclingStation","MadScienceMod:Liquify","MadScienceMod:FragmentationGrenade","MadScienceMod:GatherParts","MadScienceMod:GatherParts","MadScienceMod:MinatureWeapons","MadScienceMod:BoxOfScraps","MadScienceMod:SoftenUp+1","MadScienceMod:Sprocket","MadScienceMod:MinatureWeapons","MadScienceMod:EnergyBarrier+1","hubris:Fate","MadScienceMod:ClockworkAssistant","MadScienceMod:BoxOfScraps"],"relics":["MadScienceMod:FuelTank","HushsDoor","Blue Doll","MoneyPower","LetterFromLob","hubris:Icosahedron","StuffTheSpire:Nightcore","StuffTheSpire:SapphireSignet","Gaze_r","hubris:FunFungus","DemoMod:BlueGuonStone","vexMod:MysteryBossChallenge","DemoMod:ElasticCartridgeClip","TheBean","vexMod:ConsolationPrize","BloodDonationMachine","Bromod:ArcaneBarrier","Chemical X","SnailShell","Whetstone","LugNut","D6","sagemod:The_Guidebook_Guide"],"acts_visited":["Hallownest:Greenpath","TheCity","TheCity"],"potions_floor_usage":[7,7,16,25,30,33,39],"damage_taken":[{"damage":1,"enemies":"2_ Uuma","floor":1,"turns":6},{"damage":5,"enemies":"Hallownest:monsterHuskWarrior","floor":5,"turns":3},{"damage":18,"enemies":"Hallownest:eliteVengeflyKing","floor":7,"turns":7},{"damage":12,"enemies":"Hallownest:2_MossCreeps","floor":8,"turns":4},{"damage":7,"enemies":"Hallownest:MossCreep_and_Mosskin","floor":10,"turns":4},{"damage":15,"enemies":"Hallownest:eliteCrystalGuardian","floor":11,"turns":5},{"damage":18,"enemies":"Hallownest:eliteCrystalGuardian","floor":13,"turns":5},{"damage":0,"enemies":"Hallownest:MossCreep_and_Mosskin","floor":14,"turns":4},{"damage":45,"enemies":"Hallownest:BossBrokenVessel","floor":16,"turns":14},{"damage":7,"enemies":"2 Thieves","floor":18,"turns":4},{"damage":2,"enemies":"Chosen","floor":19,"turns":5},{"damage":18,"enemies":"Snake Plant","floor":21,"turns":5},{"damage":12,"enemies":"3 Cultists","floor":22,"turns":6},{"damage":5,"enemies":"Centurion and Healer","floor":23,"turns":5},{"damage":15,"enemies":"Snake Plant","floor":24,"turns":3},{"damage":8,"enemies":"theDuelist:KaibaA2","floor":25,"turns":3},{"damage":16,"enemies":"conspire:HollyBat","floor":27,"turns":7},{"damage":16,"enemies":"Shelled Parasite and Fungi","floor":28,"turns":5},{"damage":16,"enemies":"3 Cultists","floor":29,"turns":5},{"damage":0,"enemies":"Chosen and Byrds","floor":30,"turns":4},{"damage":4,"enemies":"HollowMod:Nosk","floor":31,"turns":6},{"damage":40,"enemies":"Champ","floor":33,"turns":8},{"damage":14,"enemies":"theFactory:2_Experiment_Personnel","floor":35,"turns":3},{"damage":14,"enemies":"conspire:MimicChest","floor":39,"turns":6},{"damage":10,"enemies":"theFactory:SmogElemental","floor":40,"turns":5},{"damage":4,"enemies":"theFactory:4_Mini-Bots","floor":41,"turns":4},{"damage":3,"enemies":"theFactory:DecayingSentinel","floor":42,"turns":5},{"damage":1,"enemies":"theFactory:Sentry and Guards","floor":45,"turns":3},{"damage":2,"enemies":"theFactory:Sentries_and_Big_Bot","floor":47,"turns":3},{"damage":17,"enemies":"theFactory:ShrapnelTosser","floor":48,"turns":2},{"damage":0,"enemies":"theFactory:SPIDER","floor":50,"turns":3}],"seed_played":"-6117863158309136986","potions_obtained":[{"floor":1,"key":"LiquidBronze"},{"floor":5,"key":"Explosive Potion"},{"floor":14,"key":"MadScienceMod:FuelPotion"},{"floor":16,"key":"DemoMod:LeadSkinPotion"},{"floor":19,"key":"LiquidBronze"},{"floor":20,"key":"Languid Potion"},{"floor":21,"key":"Block Potion"},{"floor":25,"key":"Strength Potion"},{"floor":33,"key":"jedi:StrikingPotion"},{"floor":39,"key":"Elixir"},{"floor":41,"key":"GamblersBrew"},{"floor":48,"key":"jedi:StrikingPotion"}],"is_trial":false,"path_per_floor":["M","?","?","$","M","R","E","M","T","M","?","R","E","M","R","B",null,"M","M","?","M","M","M","M","E","T","M","M","M","M","E","R","B",null,"M","$","?","?","?","E","M","M","T","R","M","AVR","M","M","R","B",null,null],"character_chosen":"MAD_SCIENTIST","items_purchased":["MadScienceMod:JunkLaser","Chemical X","SnailShell","MadScienceMod:GatherParts","MadScienceMod:MinatureWeapons"],"campfire_rested":4,"item_purchase_floors":[4,36,36,36,36],"current_hp_per_floor":[74,74,74,74,69,69,51,39,39,32,17,39,21,21,43,8,75,68,75,75,63,64,64,51,43,43,39,27,14,16,17,39,6,75,61,61,61,61,49,39,37,35,35,35,36,36,39,22,44,44,44],"gold":449,"neow_bonus":"RANDOM_COMMON_RELIC","is_daily":false,"chose_seed":false,"campfire_upgraded":2,"win_rate":0.0,"timestamp":1610135802,"path_taken":["M","?","?","$","M","R","E","M","T","M","?","R","E","M","R","BOSS","M","M","?","M","M","M","M","E","T","M","M","M","?","E","R","BOSS","M","$","?","?","?","E","M","M","T","R","?","AVR","M","?","R","BOSS"],"items_purchased_type":["Card","Relic","Relic","Card","Card"],"build_version":"2020-12-22","purchased_purges":1,"victory":true,"max_hp_per_floor":[75,75,75,75,75,75,75,75,75,75,75,75,75,75,75,75,75,75,75,75,75,75,75,75,75,75,75,75,75,75,75,75,75,75,75,75,75,75,75,75,75,75,75,75,75,75,75,75,75,75,75],"card_choices":[{"not_picked":[],"picked":"ChaosCard","floor":0},{"not_picked":["MadScienceMod:FlammableWall","MadScienceMod:AntimatterBomb"],"picked":"MadScienceMod:AutoStrike","floor":1},{"not_picked":["MadScienceMod:MinatureWeapons","MadScienceMod:ShrinkRay"],"picked":"MadScienceMod:Sprocket","floor":5},{"not_picked":["MadScienceMod:Strafe","MadScienceMod:Bombardment"],"picked":"MadScienceMod:Poke","floor":7},{"not_picked":["MadScienceMod:Refuel","MadScienceMod:AntimatterBomb"],"picked":"MadScienceMod:AutoStrike","floor":8},{"not_picked":["MadScienceMod:FumeBlast","MadScienceMod:LightOnFire"],"picked":"MadScienceMod:Strafe","floor":11},{"not_picked":["MadScienceMod:NowOrNever","MadScienceMod:ShrinkRay"],"picked":"MadScienceMod:CloneVats","floor":13},{"not_picked":["MadScienceMod:LightOnFire","MadScienceMod:Refuel"],"picked":"MadScienceMod:MechanicalClaw","floor":14},{"not_picked":["MadScienceMod:Generator","MadScienceMod:LabAccident"],"picked":"MadScienceMod:Assemble","floor":16},{"not_picked":["MadScienceMod:Refuel","MadScienceMod:FlexibleSpear"],"picked":"MadScienceMod:Sprocket+1","floor":18},{"not_picked":["MadScienceMod:Mechanize","MadScienceMod:GattlingGun+1"],"picked":"MadScienceMod:Virus","floor":19},{"not_picked":["MadScienceMod:FumeBlast","MadScienceMod:Bayonet"],"picked":"MadScienceMod:RadioactiveSword+1","floor":21},{"not_picked":["MadScienceMod:ShrinkRay+1","MadScienceMod:ParticleBeam"],"picked":"MadScienceMod:Virus+1","floor":22},{"not_picked":["MadScienceMod:EnergyBarrier","MadScienceMod:ParticleBeam"],"picked":"MadScienceMod:Redesign+1","floor":23},{"not_picked":["MadScienceMod:FumeBlast+1","MadScienceMod:Sprocket"],"picked":"MadScienceMod:Bombardment+1","floor":24},{"not_picked":["MadScienceMod:TimeDilationField+1","MadScienceMod:MinatureWeapons"],"picked":"MadScienceMod:Browse+1","floor":25},{"not_picked":["MadScienceMod:AcidSpray","MadScienceMod:LightOnFire+1"],"picked":"MadScienceMod:ExtractOil","floor":27},{"not_picked":["MadScienceMod:EnergyBarrier","MadScienceMod:Automate"],"picked":"MadScienceMod:MechanicalClaw","floor":28},{"not_picked":["MadScienceMod:Refuel+1","MadScienceMod:EnergyBarrier"],"picked":"MadScienceMod:SelfDestruct","floor":29},{"not_picked":["MadScienceMod:ShrinkRay","MadScienceMod:Sprocket"],"picked":"MadScienceMod:NowOrNever","floor":30},{"not_picked":["MadScienceMod:AutoStrike","MadScienceMod:Poke"],"picked":"MadScienceMod:RecyclingStation","floor":31},{"not_picked":["MadScienceMod:ArtilleryShot","MadScienceMod:Automate"],"picked":"MadScienceMod:Liquify","floor":33},{"not_picked":["MadScienceMod:EnergyBarrier","MadScienceMod:MechanicalClaw"],"picked":"MadScienceMod:FragmentationGrenade","floor":35},{"not_picked":["MadScienceMod:Sprocket+1","MadScienceMod:ImposingConstruct+1"],"picked":"MadScienceMod:BoxOfScraps","floor":39},{"not_picked":["MadScienceMod:FlameCannon","MadScienceMod:Detonate+1"],"picked":"MadScienceMod:SoftenUp+1","floor":40},{"not_picked":["MadScienceMod:RecyclingStation","MadScienceMod:AcidSpray"],"picked":"MadScienceMod:Sprocket","floor":41},{"not_picked":["MadScienceMod:ShrinkRay","MadScienceMod:FlameThrower"],"picked":"MadScienceMod:MinatureWeapons","floor":42},{"not_picked":["MadScienceMod:TimeDilationField","MadScienceMod:Refuel"],"picked":"MadScienceMod:EnergyBarrier+1","floor":45},{"not_picked":["MadScienceMod:OilDrum","MadScienceMod:NowOrNever+1"],"picked":"MadScienceMod:ClockworkAssistant","floor":47},{"not_picked":["MadScienceMod:FlameCannon+1","MadScienceMod:FlexibleSpear"],"picked":"MadScienceMod:BoxOfScraps","floor":48}],"player_experience":222577,"relics_obtained":[{"floor":1,"key":"LetterFromLob"},{"floor":7,"key":"StuffTheSpire:Nightcore"},{"floor":9,"key":"StuffTheSpire:SapphireSignet"},{"floor":11,"key":"hubris:FunFungus"},{"floor":13,"key":"DemoMod:BlueGuonStone"},{"floor":25,"key":"TheBean"},{"floor":26,"key":"vexMod:ConsolationPrize"},{"floor":31,"key":"BloodDonationMachine"},{"floor":39,"key":"Whetstone"},{"floor":40,"key":"LugNut"},{"floor":43,"key":"D6"}],"event_choices":[{"damage_healed":0,"gold_gain":0,"player_choice":"Leave","damage_taken":0,"max_hp_gain":0,"max_hp_loss":0,"event_name":"conspire:Investor","floor":2,"gold_loss":0}],"is_beta":false,"boss_relics":[{"not_picked":["vexMod:NewClearReactor","beaked:SacredDeck"],"picked":"vexMod:MysteryBossChallenge"},{"not_picked":[]},{"not_picked":["hubris:ScarierMask","aspiration:WatcherSkillbook"],"picked":"Bromod:ArcaneBarrier"},{"not_picked":[]}],"items_purged_floors":[36],"is_endless":false,"potions_floor_spawned":[1,5,14,16,19,21,23,25,28,29,33,39,41,42,45,48,50],"ascension_level":0}}