{"host":"msa0wxqjs3jv1k3j","time":1610114594,"event":{"mods":["BaseMod","BetterRewards","Colored Map","Highlight Path","KOR Keyword Fix","Keyboard Shortcuts","Minty Spire (QoL Compilation)","Quick Restart","SuperFastMode","everything is the same but u backflip on backflip"],"gold_per_floor":[119,137,149,324,46,72,82,114,163,163,177,195,195,195,195,298,348,331,331,348,202,127,127,145,158,240,240,252,252,267,267,267,372,372,385,435,435,166,219,219,233,17,17,17,17,31,31,56,56,56],"floor_reached":51,"playtime":2156,"items_purged":["Doubt","Defend_B"],"score":705,"play_id":"79d2540a-c98e-4294-b4d7-a5615e041492","local_time":"20210108230314","is_ascension_mode":false,"campfire_choices":[{"floor":13,"key":"REST"},{"floor":15,"key":"REST"},{"data":"Hello World","floor":23,"key":"SMITH"},{"data":"Loop","floor":27,"key":"SMITH"},{"data":"Amplify","floor":29,"key":"SMITH"},{"data":"Fusion","floor":32,"key":"SMITH"},{"data":"Redo","floor":40,"key":"SMITH"},{"data":"Good Instincts","floor":44,"key":"SMITH"},{"data":"Zap","floor":47,"key":"SMITH"},{"data":"Barrage","floor":49,"key":"SMITH"}],"circlet_count":0,"master_deck":["Strike_B","Defend_B+1","Defend_B+1","Zap+1","Dualcast","Storm","Skim","Leap","Barrage+1","Hello World+1","Redo+1","Beam Cell","Conserve Battery","Ball Lightning","Go for the Eyes+1","Core Surge","Rainbow","Stack","Self Repair+1","Barrage+1","Defragment","Compile Driver","Loop+1","Amplify+1","Fusion+1","Undo","Meteor Strike","Core Surge+1","Steam+1","Redo+1","Hello World+1","Good Instincts+1","Capacitor","Conserve Battery+1","Redo+1","Self Repair","Double Energy+1"],"relics":["Cracked Core","Lizard Tail","Mummified Hand","Calipers","Membership Card","Dream Catcher","Eternal Feather","Meat on the Bone","MealTicket","Bottled Tornado","Tiny House","Toy Ornithopter","Nunchaku","Mercury Hourglass","Astrolabe","Peace Pipe","Toxic Egg 2","Bag of Preparation","Gambling Chip","Bag of Marbles","Kunai","Gremlin Horn","Lantern"],"acts_visited":["Exordium","TheCity","TheBeyond"],"potions_floor_usage":[8,8,16,18,33,33,39,50,50],"damage_taken":[{"damage":5,"enemies":"Cultist","floor":1,"turns":4},{"damage":11,"enemies":"2 Louse","floor":2,"turns":3},{"damage":2,"enemies":"Jaw Worm","floor":3,"turns":3},{"damage":29,"enemies":"3 Sentries","floor":6,"turns":8},{"damage":7,"enemies":"Large Slime","floor":7,"turns":4},{"damage":10,"enemies":"Lagavulin","floor":8,"turns":7},{"damage":8,"enemies":"Looter","floor":11,"turns":3},{"damage":3,"enemies":"Blue Slaver","floor":12,"turns":3},{"damage":28,"enemies":"Slime Boss","floor":16,"turns":6},{"damage":39,"enemies":"2 Thieves","floor":18,"turns":4},{"damage":12,"enemies":"Shell Parasite","floor":20,"turns":5},{"damage":13,"enemies":"Sentry and Sphere","floor":24,"turns":4},{"damage":17,"enemies":"Snecko","floor":25,"turns":4},{"damage":13,"enemies":"Snake Plant","floor":28,"turns":3},{"damage":0,"enemies":"Sentry and Sphere","floor":30,"turns":3},{"damage":41,"enemies":"Automaton","floor":33,"turns":8},{"damage":37,"enemies":"3 Shapes","floor":35,"turns":3},{"damage":0,"enemies":"Mind Bloom Boss Battle","floor":36,"turns":5},{"damage":38,"enemies":"2 Orb Walkers","floor":39,"turns":5},{"damage":4,"enemies":"Orb Walker","floor":41,"turns":3},{"damage":48,"enemies":"Writhing Mass","floor":46,"turns":5},{"damage":87,"enemies":"Donu and Deca","floor":50,"turns":10}],"seed_played":"6931207341915378047","potions_obtained":[{"floor":2,"key":"Block Potion"},{"floor":3,"key":"DistilledChaos"},{"floor":8,"key":"EssenceOfDarkness"},{"floor":11,"key":"Regen Potion"},{"floor":17,"key":"Regen Potion"},{"floor":24,"key":"SneckoOil"},{"floor":30,"key":"FocusPotion"},{"floor":35,"key":"FocusPotion"},{"floor":36,"key":"PotionOfCapacity"}],"is_trial":false,"path_per_floor":["M","M","M","?","$","E","M","E","T","T","M","M","R","?","R","B",null,"M","?","M","$","?","R","M","M","T","R","M","R","M","?","R","B",null,"M","?","?","$","?","R","M","$","T","R","?","M","R","T","R","B",null],"character_chosen":"DEFECT","items_purchased":["Storm","Mummified Hand","Calipers","Membership Card","Hello World","Redo","Dream Catcher","Defragment","Nunchaku","Toxic Egg 2","Capacitor","Bag of Preparation","Bag of Marbles","Kunai","Self Repair"],"campfire_rested":2,"item_purchase_floors":[0,0,0,5,5,5,5,21,21,38,38,38,42,42,42],"current_hp_per_floor":[70,59,57,57,57,28,21,11,11,11,15,24,58,43,75,56,80,50,50,60,75,75,80,77,70,70,80,77,80,80,80,80,59,80,43,53,53,68,57,75,80,80,80,80,76,57,76,76,76,60],"gold":56,"neow_bonus":"","is_daily":false,"chose_seed":false,"campfire_upgraded":8,"win_rate":0.0,"timestamp":1610114594,"path_taken":["M","M","?","?","$","E","M","E","T","?","M","M","R","?","R","BOSS","M","?","M","$","?","R","M","M","T","R","?","R","M","?","R","BOSS","M","?","?","$","?","R","M","?","T","R","?","M","R","?","R","BOSS"],"items_purchased_type":["Card","Relic","Relic","Relic","Card","Card","Relic","Card","Relic","Relic","Card","Relic","Relic","Relic","Card"],"build_version":"2020-12-22","purchased_purges":2,"victory":true,"max_hp_per_floor":[75,75,75,75,75,75,75,75,75,75,75,75,75,75,75,75,80,80,80,80,80,80,80,80,80,80,80,80,80,80,80,80,80,80,80,80,80,80,80,80,80,80,80,80,76,76,76,76,76,76],"card_choices":[{"not_picked":["Tempest","Double Energy"],"picked":"Skim","floor":1},{"not_picked":["Rip and Tear","Redo"],"picked":"Leap","floor":2},{"not_picked":["Consume","Sweeping Beam"],"picked":"Barrage","floor":3},{"not_picked":["Fission","Leap"],"picked":"Beam Cell","floor":6},{"not_picked":["Sweeping Beam","Rebound"],"picked":"Conserve Battery","floor":7},{"not_picked":["Steam Power","Conserve Battery"],"picked":"Ball Lightning","floor":8},{"not_picked":["Double Energy","Gash"],"picked":"Go for the Eyes","floor":11},{"not_picked":["Ball Lightning","Streamline","Conserve Battery"],"picked":"SKIP","floor":12},{"not_picked":["Reinforced Body","Beam Cell"],"picked":"Core Surge","floor":15},{"not_picked":["Multi-Cast","Fission"],"picked":"Rainbow","floor":16},{"not_picked":["Redo","Reprogram"],"picked":"Stack","floor":17},{"not_picked":["Go for the Eyes+1","Leap+1"],"picked":"Self Repair+1","floor":18},{"not_picked":["Ball Lightning+1","Rip and Tear"],"picked":"Barrage+1","floor":20},{"not_picked":["Melter","Leap"],"picked":"Compile Driver","floor":24},{"not_picked":["Sweeping Beam","Turbo"],"picked":"Loop","floor":25},{"not_picked":["Streamline","Cold Snap"],"picked":"Amplify","floor":28},{"not_picked":["Coolheaded","Steam Power"],"picked":"Fusion","floor":30},{"not_picked":["Reboot","Fission"],"picked":"Meteor Strike","floor":33},{"not_picked":["Go for the Eyes","Barrage+1","Ball Lightning"],"picked":"SKIP","floor":35},{"not_picked":["Darkness","Streamline+1"],"picked":"Hello World+1","floor":36},{"not_picked":["Madness","Discovery"],"picked":"Good Instincts","floor":37},{"not_picked":["Ball Lightning","Turbo+1"],"picked":"Conserve Battery+1","floor":39},{"not_picked":["Steam+1","Rip and Tear+1"],"picked":"Redo+1","floor":41},{"not_picked":["Compile Driver+1","Ball Lightning"],"picked":"Double Energy+1","floor":46}],"player_experience":35244,"relics_obtained":[{"floor":6,"key":"Eternal Feather"},{"floor":8,"key":"Meat on the Bone"},{"floor":9,"key":"MealTicket"},{"floor":10,"key":"Bottled Tornado"},{"floor":26,"key":"Mercury Hourglass"},{"floor":36,"key":"Peace Pipe"},{"floor":39,"key":"Gambling Chip"},{"floor":43,"key":"Gremlin Horn"},{"floor":48,"key":"Lantern"}],"event_choices":[{"damage_healed":0,"gold_gain":175,"player_choice":"AGREE","damage_taken":0,"max_hp_gain":0,"max_hp_loss":0,"event_name":"Liars Game","floor":4,"gold_loss":0,"cards_obtained":["Doubt"]},{"damage_healed":0,"gold_gain":0,"player_choice":"Entered Light","damage_taken":15,"max_hp_gain":0,"max_hp_loss":0,"event_name":"Shining Light","floor":14,"gold_loss":0,"cards_upgraded":["Defend_B","Defend_B"]},{"damage_healed":0,"gold_gain":0,"player_choice":"Opened","damage_taken":0,"relics_obtained":["Toy Ornithopter"],"max_hp_gain":0,"max_hp_loss":0,"event_name":"The Mausoleum","floor":19,"gold_loss":0},{"cards_removed":["Strike_B"],"damage_healed":0,"gold_gain":0,"player_choice":"Gave Gold","damage_taken":0,"max_hp_gain":0,"max_hp_loss":0,"event_name":"Beggar","floor":22,"gold_loss":75},{"damage_healed":0,"gold_gain":0,"player_choice":"Read","damage_taken":0,"max_hp_gain":0,"max_hp_loss":0,"event_name":"The Library","floor":31,"gold_loss":0,"cards_obtained":["Undo"]},{"damage_healed":0,"gold_gain":0,"player_choice":"Fight","damage_taken":0,"max_hp_gain":0,"max_hp_loss":0,"event_name":"MindBloom","floor":36,"gold_loss":0},{"damage_healed":0,"gold_gain":0,"player_choice":"Memory 1","damage_taken":0,"max_hp_gain":0,"max_hp_loss":0,"event_name":"SensoryStone","floor":37,"gold_loss":0},{"damage_healed":0,"gold_gain":0,"player_choice":"Fight","damage_taken":0,"max_hp_gain":0,"max_hp_loss":0,"event_name":"Mysterious Sphere","floor":39,"gold_loss":0},{"damage_healed":0,"gold_gain":0,"player_choice":"Max HP","damage_taken":0,"max_hp_gain":0,"max_hp_loss":4,"event_name":"Winding Halls","floor":45,"gold_loss":0}],"is_beta":false,"boss_relics":[{"not_picked":["Snecko Eye","FrozenCore"],"picked":"Tiny House"},{"not_picked":["Calling Bell","Coffee Dripper"],"picked":"Astrolabe"}],"items_purged_floors":[21,38],"is_endless":false,"potions_floor_spawned":[2,3,8,11,24,30,35,36],"ascension_level":0}}