{"host":"97bfbul5vt0mksxl","time":1610064890,"event":{"mods":["BaseMod","Colored Powertips","Highlight Path","Infinite Spire","Minty Spire (QoL Compilation)","Replay The Spire","Shop Mod","StSLib","SuperFastMode"],"gold_per_floor":[116,116,116,116,127,152,169,179,179,192,247,264,218,247,247,343,343,354,367,378,378,378,378,378],"floor_reached":23,"playtime":1128,"items_purged":[],"score":203,"play_id":"7c5534ad-eacc-451e-9fc0-8451f3d9c96a","local_time":"20210107211450","is_ascension_mode":false,"campfire_choices":[{"floor":15,"key":"REST"}],"circlet_count":0,"master_deck":["Strike_P","Strike_P","Strike_P+1","Strike_P","Defend_P","Defend_P","Defend_P","Defend_P","Eruption","Vigilance","TalkToTheHand","Consecrate","FlurryOfBlows","LikeWater","MentalFortress","Replay:Cycle","CutThroughFate","WindmillStrike","DevaForm","PathToVictory","PathToVictory+1","PathToVictory","Writhe","Looming Evil","Clumsy","infinitespire:DeathsTouch"],"relics":["HolyWater","Replay:Mystery Machine","Replay:WaspNest","Ornamental Fan","Pantograph","infinitespire:WardingShard","Mirror"],"acts_visited":["Exordium","TheCity"],"potions_floor_usage":[11,11,14,16],"damage_taken":[{"damage":2,"enemies":"Small Slimes","floor":1,"turns":5},{"damage":3,"enemies":"Cultist","floor":5,"turns":3},{"damage":22,"enemies":"Lagavulin","floor":6,"turns":6},{"damage":6,"enemies":"Jaw Worm","floor":7,"turns":3},{"damage":8,"enemies":"3 Louse","floor":8,"turns":2},{"damage":5,"enemies":"Exordium Wildlife","floor":10,"turns":3},{"damage":5,"enemies":"Gremlin Nob","floor":11,"turns":5},{"damage":3,"enemies":"Large Slime","floor":12,"turns":4},{"damage":7,"enemies":"3 Sentries","floor":14,"turns":6},{"damage":38,"enemies":"The Guardian","floor":16,"turns":8},{"damage":25,"enemies":"Spheric Guardian","floor":18,"turns":6},{"damage":19,"enemies":"2 Thieves","floor":19,"turns":4},{"damage":21,"enemies":"Snecko","floor":20,"turns":6},{"damage":18,"enemies":"Book of Stabbing","floor":23,"turns":3}],"seed_played":"-5568294893219048898","potions_obtained":[{"floor":6,"key":"EssenceOfSteel"},{"floor":7,"key":"infinitespire:BlackPotion"},{"floor":11,"key":"Block Potion"},{"floor":12,"key":"Weak Potion"}],"is_trial":false,"path_per_floor":["M","?","T","$","M","E","M","M","T","M","?","M","?","E","R","B",null,"M","M","M","?","?","E"],"character_chosen":"WATCHER","items_purchased":[],"campfire_rested":1,"item_purchase_floors":[],"current_hp_per_floor":[77,77,77,77,74,52,46,38,38,33,28,25,25,18,41,28,79,54,35,14,14,14,0,0],"gold":378,"neow_bonus":"TEN_PERCENT_HP_BONUS","is_daily":false,"chose_seed":false,"campfire_upgraded":0,"win_rate":0.0,"timestamp":1610064890,"path_taken":["M","?","?","$","M","E","M","M","T","M","?","M","?","E","R","BOSS","M","M","M","?","?","E"],"items_purchased_type":[],"build_version":"2020-12-22","purchased_purges":0,"victory":false,"max_hp_per_floor":[79,79,79,79,79,79,79,79,79,79,79,79,79,79,79,79,79,79,79,79,79,79,79,79],"card_choices":[{"not_picked":["EmptyBody","Prostrate"],"picked":"TalkToTheHand","floor":1},{"not_picked":["Swivel","DeceiveReality"],"picked":"Consecrate","floor":5},{"not_picked":["Replay:BluntJabs","InnerPeace","Wireheading"],"picked":"SKIP","floor":6},{"not_picked":["Meditate","EmptyBody"],"picked":"FlurryOfBlows","floor":7},{"not_picked":["SashWhip","Vengeance"],"picked":"LikeWater","floor":8},{"not_picked":["Protect","Evaluate"],"picked":"MentalFortress","floor":10},{"not_picked":["Crescendo","BattleHymn"],"picked":"Replay:Cycle","floor":11},{"not_picked":["Weave","ForeignInfluence"],"picked":"CutThroughFate","floor":12},{"not_picked":["Study","EmptyBody"],"picked":"WindmillStrike","floor":14},{"not_picked":["Replay:LoomingThreat","MasterReality"],"picked":"DevaForm","floor":16},{"not_picked":["Prostrate","Replay:AtTheReady"],"picked":"PathToVictory","floor":18},{"not_picked":["Weave","Crescendo+1"],"picked":"PathToVictory+1","floor":19},{"not_picked":["JustLucky","Prostrate"],"picked":"PathToVictory","floor":20},{"not_picked":["infinitespire:SevenWalls","infinitespire:Oblivion"],"picked":"infinitespire:DeathsTouch","floor":22}],"player_experience":166673,"relics_obtained":[{"floor":3,"key":"Replay:Mystery Machine"},{"floor":6,"key":"Replay:WaspNest"},{"floor":9,"key":"Ornamental Fan"},{"floor":11,"key":"Pantograph"},{"floor":14,"key":"infinitespire:WardingShard"}],"event_choices":[{"damage_healed":0,"gold_gain":0,"player_choice":"Searched \u00272\u0027 times","damage_taken":0,"max_hp_gain":0,"max_hp_loss":0,"event_name":"Dead Adventurer","floor":11,"gold_loss":0},{"damage_healed":0,"gold_gain":0,"player_choice":"Left Gold","damage_taken":0,"max_hp_gain":0,"max_hp_loss":0,"event_name":"World of Goop","floor":13,"gold_loss":46},{"damage_healed":0,"gold_gain":0,"player_choice":"Opened","damage_taken":0,"relics_obtained":["Mirror"],"max_hp_gain":0,"max_hp_loss":0,"event_name":"The Mausoleum","floor":21,"gold_loss":0,"cards_obtained":["Writhe"]}],"is_beta":false,"boss_relics":[{"not_picked":["Replay:Bronze Core","Empty Cage"],"picked":"HolyWater"}],"items_purged_floors":[],"is_endless":false,"potions_floor_spawned":[6,7,11,12],"killed_by":"Book of Stabbing","ascension_level":0}}