{"host":"ylxam20yo7j5dy26","time":1610112492,"event":{"mods":["ATMod(°¢èªMod)","Act Like it!","BaseMod","Conspire","Defuse TimeMaze Blight","Downfall","Gensokyo","Hallownest","Hubris","Infinite Spire","Lobotomy","Minty Spire (QoL Compilation)","Quick Restart","Replay The Spire","Spicy Shops","StSLib","The Cursed","UnlockEverythingMod","vexMod","¡¾ÒÅÎï¿¨ÅÆ¡¿REMEMod"],"gold_per_floor":[99,99,99,99,199,214,214,249,25,88,73,128,578,645,689,812,812,812,877,913,913,913],"floor_reached":21,"playtime":1774,"items_purged":[],"score":212,"play_id":"af282e53-19dd-442b-aecb-c49cfad03e31","local_time":"20210108212812","is_ascension_mode":false,"campfire_choices":[{"floor":18,"key":"RECALL"}],"circlet_count":0,"master_deck":["sneckomod:Strike","sneckomod:Strike","sneckomod:Strike","sneckomod:Defend","sneckomod:Defend","sneckomod:Defend","sneckomod:TailWhip","sneckomod:SnekBite","sneckomod:Unknown","sneckomod:Unknown","AT_FamilyPortrait","expansioncontent:StudyTheSpire","sneckomod:UnknownCommonSkill","sneckomod:SoulRoll","sneckomod:DiceCrush","sneckomod:SoulDraw","sneckomod:UnknownVulnerable","sneckomod:SnakeSap","sneckomod:UnknownClassShop Special+1","sneckomod:UnknownClassINFINITE_BLACK","sneckomod:UnknownBlock","sneckomod:UnknownClassGUARDIAN","Slimebound:Icky","Slimebound:Icky","Slimebound:Icky","sneckomod:Unknown3Cost","sneckomod:UnknownClassRED","sneckomod:UnknownRareSkill","sneckomod:WideSting","sneckomod:UnknownBlock+1"],"relics":["sneckomod:SneckoSoul","AT_ATBox","REME_ComplimentaryCards","downfall:HeartsMalice","Bag of Preparation","hubris:CrystalStatue","hubris:ToyBattleship","AT_MibuBalloonWealth","Onion Ring","Black Star"],"acts_visited":["Exordium","TheCity"],"potions_floor_usage":[8,11,14,16,19],"damage_taken":[{"damage":0,"enemies":"2 Louse","floor":2,"turns":1},{"damage":0,"enemies":"Small Slimes","floor":3,"turns":1},{"damage":0,"enemies":"Cultist","floor":4,"turns":1},{"damage":0,"enemies":"Blue Slaver","floor":6,"turns":5},{"damage":15,"enemies":"3 Sentries","floor":8,"turns":8},{"damage":5,"enemies":"downfall:FleeingMerchant","floor":9,"turns":4},{"damage":8,"enemies":"Exordium Wildlife","floor":10,"turns":2},{"damage":10,"enemies":"downfall:FleeingMerchant","floor":11,"turns":4},{"damage":21,"enemies":"Gremlin Nob","floor":12,"turns":4},{"damage":4,"enemies":"2 Fungi Beasts","floor":14,"turns":2},{"damage":0,"enemies":"Large Slime","floor":15,"turns":3},{"damage":29,"enemies":"downfall:Silent","floor":16,"turns":8},{"damage":21,"enemies":"conspire:FuzzyDice","floor":19,"turns":5},{"damage":22,"enemies":"Chosen","floor":20,"turns":6},{"damage":0,"enemies":"3 Cultists","floor":21,"turns":2}],"seed_played":"-5080524275765884615","potions_obtained":[{"floor":6,"key":"EssenceOfSteel"},{"floor":8,"key":"AttackPotion"},{"floor":10,"key":"SkillPotion"},{"floor":12,"key":"Block Potion"},{"floor":14,"key":"Weak Potion"},{"floor":16,"key":"Guardian:BlockOnCardUsePotion"}],"is_trial":false,"path_per_floor":["R","M","M","M","?","M","T","E","$","M","$","E","?","M","M","B",null,"R","M","M","M"],"character_chosen":"THE_SNECKO","items_purchased":["AT_MibuBalloonWealth","sneckomod:UnknownClassShop Special+1"],"campfire_rested":0,"item_purchase_floors":[9,9],"current_hp_per_floor":[87,88,88,88,88,88,88,74,74,68,59,39,39,36,37,27,102,102,81,60,60,60],"gold":913,"neow_bonus":"THREE_ENEMY_KILL","is_daily":false,"chose_seed":false,"campfire_upgraded":0,"win_rate":0.0,"timestamp":1610112492,"path_taken":["R","M","M","M","?","?","T","E","$","M","$","E","?","M","M","BOSS","R","M","M","M"],"items_purchased_type":["Relic","Card"],"build_version":"2020-12-22","purchased_purges":0,"victory":false,"max_hp_per_floor":[90,91,91,91,91,91,91,92,93,95,96,97,97,98,99,102,102,102,102,103,103,103],"card_choices":[{"not_picked":["sneckomod:UnknownClassPURPLE","sneckomod:RainOfDice"],"picked":"sneckomod:UnknownCommonSkill","floor":2},{"not_picked":["sneckomod:UnknownClassTHE_CHAMP_GRAY","sneckomod:UnknownVulnerable"],"picked":"sneckomod:SoulRoll","floor":3},{"not_picked":["sneckomod:RainOfDice","sneckomod:IronFang"],"picked":"sneckomod:DiceCrush","floor":4},{"not_picked":["sneckomod:DiceCrush","sneckomod:SerpentIdol"],"picked":"sneckomod:SoulDraw","floor":6},{"not_picked":["sneckomod:UnknownClassUrban Legend","sneckomod:Mudshield"],"picked":"sneckomod:UnknownVulnerable","floor":8},{"not_picked":["sneckomod:UnknownRareSkill","sneckomod:SoulCleanse"],"picked":"sneckomod:SnakeSap","floor":9},{"not_picked":["sneckomod:UnknownX","sneckomod:UnknownCommonSkill"],"picked":"sneckomod:UnknownClassINFINITE_BLACK","floor":10},{"not_picked":["sneckomod:SoulExchange","sneckomod:UnknownStrike"],"picked":"sneckomod:UnknownBlock","floor":11},{"not_picked":["sneckomod:WideSting","sneckomod:Nope"],"picked":"sneckomod:UnknownClassGUARDIAN","floor":12},{"not_picked":["sneckomod:UnknownVulnerable","sneckomod:UnknownClassGREEN"],"picked":"sneckomod:Unknown3Cost","floor":14},{"not_picked":["sneckomod:SnekBeam","sneckomod:UnknownCommonAttack"],"picked":"sneckomod:UnknownClassRED","floor":15},{"not_picked":["sneckomod:SoulExchange","sneckomod:DangerNoodle"],"picked":"sneckomod:UnknownRareSkill","floor":16},{"not_picked":["sneckomod:SnakeSap","sneckomod:SerpentIdol"],"picked":"sneckomod:WideSting","floor":19},{"not_picked":["sneckomod:DiceCrush","sneckomod:UnknownUncommonAttack"],"picked":"sneckomod:UnknownBlock+1","floor":20}],"player_experience":102018,"relics_obtained":[{"floor":7,"key":"hubris:CrystalStatue"},{"floor":8,"key":"hubris:ToyBattleship"},{"floor":12,"key":"Onion Ring"}],"event_choices":[{"damage_healed":0,"gold_gain":0,"player_choice":"Success","damage_taken":3,"relics_obtained":["Bag of Preparation"],"max_hp_gain":0,"max_hp_loss":0,"event_name":"Scrap Ooze","floor":1,"gold_loss":0}],"is_beta":false,"boss_relics":[{"not_picked":["Fusion Hammer","Replay:Bronze Core"],"picked":"Black Star"}],"items_purged_floors":[],"is_endless":false,"potions_floor_spawned":[6,8,10,12,14,16],"killed_by":"3 Cultists","ascension_level":0}}