{"host":"milnbpnt8q6cnpmr","time":1610075912,"event":{"mods":["BaseMod","Marisa????????","Minty Spire (QoL Compilation)"],"gold_per_floor":[114,264,103,119,119,119,144,144,214,245,265,265,285,302,302,379,379,393,410,425,40,59,59,87,87,87,119,119,144,163,180,180,254,254,273,285,14,14,14,14,49,49,49,82,0,13,13,41,41,41,41],"floor_reached":50,"playtime":2659,"items_purged":["Doubt","Strike_B"],"score":1346,"play_id":"e79b5089-3665-4c0d-bdec-577f28dd6dd0","local_time":"20210107191832","is_ascension_mode":true,"campfire_choices":[{"data":"Zap","floor":6,"key":"SMITH"},{"data":"Dualcast","floor":8,"key":"SMITH"},{"data":"Beam Cell","floor":15,"key":"SMITH"},{"data":"Self Repair","floor":23,"key":"SMITH"},{"floor":25,"key":"REST"},{"data":"Glacier","floor":32,"key":"SMITH"},{"data":"Seek","floor":40,"key":"SMITH"},{"data":"Skim","floor":47,"key":"SMITH"},{"floor":49,"key":"REST"}],"circlet_count":0,"master_deck":["AscendersBane","Strike_B","Strike_B","Defend_B","Defend_B","Defend_B","Defend_B","Dualcast+1","Self Repair+1","Gash","Conserve Battery","Beam Cell+1","Gash","Gash+1","Conserve Battery","Core Surge+1","Gash+1","Gash+1","Glacier+1","BootSequence","Seek+1","Skim+1"],"relics":["Cracked Core","NeowsBlessing","Mango","White Beast Statue","HornCleat","Molten Egg 2","SacredBark","Lee\u0027s Waffle","Bag of Preparation","Mercury Hourglass","Bottled Flame","Letter Opener","Pen Nib","Busted Crown","Ancient Tea Set","Bottled Tornado","Question Card","Strawberry","Red Mask","Darkstone Periapt"],"acts_visited":["Exordium","TheCity","TheBeyond"],"potions_floor_usage":[10,16,16,16,18,19,19,22,24,24,29,30,31,33,35,41,44,44,46,50],"damage_taken":[{"damage":0,"enemies":"Jaw Worm","floor":1,"turns":1},{"damage":0,"enemies":"2 Louse","floor":4,"turns":1},{"damage":0,"enemies":"Gremlin Nob","floor":7,"turns":1},{"damage":27,"enemies":"Lagavulin","floor":10,"turns":6},{"damage":2,"enemies":"Small Slimes","floor":11,"turns":3},{"damage":4,"enemies":"Red Slaver","floor":13,"turns":3},{"damage":12,"enemies":"Lots of Slimes","floor":14,"turns":4},{"damage":25,"enemies":"Hexaghost","floor":16,"turns":8},{"damage":44,"enemies":"Shell Parasite","floor":18,"turns":6},{"damage":13,"enemies":"3 Byrds","floor":19,"turns":5},{"damage":19,"enemies":"Snake Plant","floor":20,"turns":5},{"damage":21,"enemies":"Sentry and Sphere","floor":22,"turns":6},{"damage":49,"enemies":"Slavers","floor":24,"turns":7},{"damage":19,"enemies":"Gremlin Leader","floor":27,"turns":7},{"damage":19,"enemies":"Slavers","floor":29,"turns":5},{"damage":8,"enemies":"Cultist and Chosen","floor":30,"turns":6},{"damage":0,"enemies":"Snecko","floor":31,"turns":3},{"damage":46,"enemies":"Collector","floor":33,"turns":6},{"damage":7,"enemies":"3 Darklings","floor":35,"turns":4},{"damage":3,"enemies":"Orb Walker","floor":36,"turns":3},{"damage":17,"enemies":"Nemesis","floor":41,"turns":9},{"damage":0,"enemies":"Reptomancer","floor":44,"turns":5},{"damage":23,"enemies":"Jaw Worm Horde","floor":46,"turns":5},{"damage":60,"enemies":"Giant Head","floor":48,"turns":7},{"damage":64,"enemies":"Time Eater","floor":50,"turns":6}],"seed_played":"-1760909254266114644","potions_obtained":[{"floor":1,"key":"FearPotion"},{"floor":10,"key":"PowerPotion"},{"floor":11,"key":"FearPotion"},{"floor":13,"key":"EntropicBrew"},{"floor":16,"key":"PowerPotion"},{"floor":18,"key":"Swift Potion"},{"floor":19,"key":"GamblersBrew"},{"floor":20,"key":"LiquidMemories"},{"floor":22,"key":"Dexterity Potion"},{"floor":24,"key":"BlessingOfTheForge"},{"floor":27,"key":"CultistPotion"},{"floor":29,"key":"GamblersBrew"},{"floor":30,"key":"ColorlessPotion"},{"floor":31,"key":"FocusPotion"},{"floor":33,"key":"Swift Potion"},{"floor":35,"key":"Swift Potion"},{"floor":41,"key":"AttackPotion"},{"floor":44,"key":"EssenceOfSteel"},{"floor":46,"key":"Fruit Juice"},{"floor":48,"key":"SmokeBomb"}],"is_trial":false,"path_per_floor":["M","?","$","M","?","R","E","R","T","E","M","?","M","M","R","B",null,"M","M","M","$","M","R","E","R","T","E","T","E","M","M","R","B",null,"M","M","$","?","?","R","E","$","T","E","?","M","R","E","R","B"],"character_chosen":"DEFECT","items_purchased":["Gash","Conserve Battery","Lee\u0027s Waffle","Gash+1","Bag of Preparation","Ancient Tea Set"],"campfire_rested":2,"item_purchase_floors":[3,3,21,21,21,37],"current_hp_per_floor":[64,64,64,71,50,50,50,50,50,30,35,35,38,33,33,15,68,31,25,13,92,78,78,39,66,66,57,57,48,50,60,60,24,75,78,75,75,75,75,75,68,68,68,85,85,82,82,32,63,0,0],"gold":41,"neow_bonus":"THREE_ENEMY_KILL","is_daily":false,"chose_seed":false,"campfire_upgraded":7,"win_rate":0.0,"timestamp":1610075912,"path_taken":["M","?","$","M","?","R","E","R","T","E","M","?","M","?","R","BOSS","M","?","M","$","M","R","E","R","T","E","?","E","M","?","R","BOSS","M","M","$","?","?","R","E","$","T","E","?","M","R","E","R","BOSS"],"items_purchased_type":["Card","Card","Relic","Card","Relic","Relic"],"build_version":"2020-12-22","purchased_purges":2,"victory":false,"max_hp_per_floor":[71,71,71,71,85,85,85,85,85,85,85,85,85,85,85,85,85,85,85,85,92,92,92,92,92,92,92,92,92,92,92,92,92,92,92,92,92,87,87,87,87,87,87,94,94,104,104,104,104,104,104],"card_choices":[{"not_picked":["Heatsinks","Rip and Tear"],"picked":"Self Repair","floor":1},{"not_picked":["Steam","Stack"],"picked":"Beam Cell","floor":4},{"not_picked":["White Noise","Beam Cell"],"picked":"Gash","floor":7},{"not_picked":["Capacitor","Leap"],"picked":"Gash+1","floor":10},{"not_picked":["Redo","White Noise","Sweeping Beam+1"],"picked":"SKIP","floor":11},{"not_picked":["Capacitor","Rip and Tear+1","Steam"],"picked":"SKIP","floor":13},{"not_picked":["Loop","Streamline+1"],"picked":"Conserve Battery","floor":14},{"not_picked":["Buffer","Multi-Cast"],"picked":"Core Surge+1","floor":16},{"not_picked":["Tempest","Storm","Beam Cell+1"],"picked":"SKIP","floor":18},{"not_picked":["Heatsinks","Stack","Cold Snap+1"],"picked":"SKIP","floor":19},{"not_picked":["Ball Lightning+1","Compile Driver+1"],"picked":"Gash+1","floor":20},{"not_picked":["Self Repair","Stack"],"picked":"Glacier","floor":22},{"not_picked":["Leap","Go for the Eyes+1"],"picked":"BootSequence","floor":24},{"not_picked":["Reprogram","Stack","Fusion+1"],"picked":"SKIP","floor":27},{"not_picked":["Meteor Strike+1","Darkness+1","BootSequence+1"],"picked":"SKIP","floor":29},{"not_picked":["Stack","Compile Driver+1","Rebound+1"],"picked":"SKIP","floor":30},{"not_picked":["Chaos","Coolheaded","Beam Cell+1"],"picked":"SKIP","floor":31},{"not_picked":["Reboot","Core Surge+1"],"picked":"Seek","floor":33},{"not_picked":[],"picked":"Skim","floor":35},{"not_picked":["Stack"],"picked":"SKIP","floor":36},{"not_picked":["Force Field"],"picked":"SKIP","floor":41},{"not_picked":["Go for the Eyes+1","Sweeping Beam+1"],"picked":"SKIP","floor":44},{"not_picked":["Rebound+1","Cold Snap+1"],"picked":"SKIP","floor":46},{"not_picked":["Coolheaded","Hologram"],"picked":"SKIP","floor":48}],"player_experience":1160866,"relics_obtained":[{"floor":7,"key":"White Beast Statue"},{"floor":9,"key":"HornCleat"},{"floor":10,"key":"Molten Egg 2"},{"floor":24,"key":"Mercury Hourglass"},{"floor":26,"key":"Bottled Flame"},{"floor":27,"key":"Letter Opener"},{"floor":29,"key":"Pen Nib"},{"floor":41,"key":"Bottled Tornado"},{"floor":43,"key":"Question Card"},{"floor":44,"key":"Strawberry"},{"floor":48,"key":"Darkstone Periapt"}],"event_choices":[{"damage_healed":0,"gold_gain":150,"player_choice":"AGREE","damage_taken":0,"max_hp_gain":0,"max_hp_loss":0,"event_name":"Liars Game","floor":2,"gold_loss":0,"cards_obtained":["Doubt"]},{"damage_healed":0,"gold_gain":0,"player_choice":"Success","damage_taken":35,"relics_obtained":["Mango"],"max_hp_gain":0,"max_hp_loss":0,"event_name":"Scrap Ooze","floor":5,"gold_loss":0},{"cards_removed":["Strike_B"],"damage_healed":0,"gold_gain":0,"player_choice":"Offered Basic","damage_taken":0,"max_hp_gain":0,"max_hp_loss":0,"event_name":"Bonfire Elementals","floor":12,"gold_loss":0},{"damage_healed":0,"gold_gain":0,"player_choice":"Max HP","damage_taken":0,"max_hp_gain":0,"max_hp_loss":5,"event_name":"Winding Halls","floor":38,"gold_loss":0},{"cards_removed":["Zap"],"damage_healed":0,"gold_gain":0,"player_choice":"Removed Skill","damage_taken":0,"max_hp_gain":0,"max_hp_loss":0,"event_name":"Falling","floor":39,"gold_loss":0},{"damage_healed":0,"gold_gain":0,"player_choice":"Paid","damage_taken":0,"relics_obtained":["Red Mask"],"max_hp_gain":0,"max_hp_loss":0,"event_name":"Tomb of Lord Red Mask","floor":45,"gold_loss":82}],"is_beta":false,"boss_relics":[{"not_picked":["Calling Bell","Velvet Choker"],"picked":"SacredBark"},{"not_picked":["SlaversCollar","Coffee Dripper"],"picked":"Busted Crown"}],"items_purged_floors":[3,37],"is_endless":false,"potions_floor_spawned":[1,10,11,13,14,16,18,19,20,22,24,27,29,30,31,33,35,36,41,44,46,48],"killed_by":"Time Eater","ascension_level":20}}