{"host":"oiw60b5ins9fyx34","time":1610112377,"event":{"mods":["BaseMod","Colored Powertips","Minty Spire (QoL Compilation)","Permanent Neow","Quick Restart","Relic Stats","StSLib"],"gold_per_floor":[113,113,113,113,21,48,123,123,176,193,220,64,89,108,108,108,108],"floor_reached":16,"playtime":654,"items_purged":["Defend_P"],"score":116,"play_id":"d7626fa9-7fb4-4506-969e-19ed120d2a81","local_time":"20210108222617","is_ascension_mode":false,"campfire_choices":[{"floor":8,"key":"REST"},{"floor":15,"key":"REST"}],"circlet_count":0,"master_deck":["Strike_P","Strike_P","Strike_P","Defend_P","Defend_P","Defend_P","Eruption","Vigilance","ThirdEye","Tantrum","BowlingBash","Wish","MentalFortress","SashWhip","Tantrum","Conclude","Protect+1"],"relics":["PureWater","Nunchaku","Bronze Scales","Centennial Puzzle","Potion Belt","Toxic Egg 2"],"acts_visited":["Exordium"],"potions_floor_usage":[],"damage_taken":[{"damage":3,"enemies":"Jaw Worm","floor":1,"turns":2},{"damage":32,"enemies":"Gremlin Nob","floor":6,"turns":4},{"damage":0,"enemies":"Small Slimes","floor":10,"turns":4},{"damage":6,"enemies":"Lagavulin","floor":11,"turns":4},{"damage":24,"enemies":"Gremlin Nob","floor":13,"turns":3},{"damage":0,"enemies":"Cultist","floor":14,"turns":2},{"damage":24,"enemies":"Hexaghost","floor":16,"turns":9}],"seed_played":"-8183236779441767802","potions_obtained":[{"floor":6,"key":"Ancient Potion"},{"floor":10,"key":"Energy Potion"}],"is_trial":false,"path_per_floor":["M","$","?","?","$","E","?","R","T","M","E","$","E","M","R","B"],"character_chosen":"WATCHER","items_purchased":["Tantrum","BowlingBash","Tantrum"],"campfire_rested":2,"item_purchase_floors":[5,5,12],"current_hp_per_floor":[69,69,69,62,62,30,19,40,40,40,34,34,10,10,31,7,7],"gold":108,"neow_bonus":"RANDOM_COMMON_RELIC","is_daily":false,"chose_seed":false,"campfire_upgraded":0,"win_rate":0.0,"timestamp":1610112377,"path_taken":["M","$","?","?","$","E","?","R","T","M","E","$","E","M","R","BOSS"],"items_purchased_type":["Card","Card","Card"],"build_version":"2020-12-22","purchased_purges":1,"victory":false,"max_hp_per_floor":[72,72,72,72,72,72,72,72,72,72,72,72,72,72,72,72,72],"relic_stats":{"Nunchaku":[4],"Centennial Puzzle":[9],"counters":[7,28],"Bronze Scales":[54],"obtain_stats":[{"Potion Belt":11,"Nunchaku":0,"Centennial Puzzle":9,"Bronze Scales":6,"PureWater":0,"Toxic Egg 2":13},{"Potion Belt":4,"Nunchaku":0,"Centennial Puzzle":2,"Bronze Scales":2,"PureWater":0,"Toxic Egg 2":5},{"Potion Belt":14,"Nunchaku":0,"Centennial Puzzle":6,"Bronze Scales":6,"PureWater":0,"Toxic Egg 2":17}]},"card_choices":[{"not_picked":["Halt","Protect"],"picked":"ThirdEye","floor":1},{"not_picked":["FlyingSleeves","DeceiveReality"],"picked":"Wish","floor":6},{"not_picked":["Halt","Worship"],"picked":"MentalFortress","floor":10},{"not_picked":["Study","Prostrate"],"picked":"SashWhip","floor":11},{"not_picked":["DeceiveReality+1","WindmillStrike"],"picked":"Conclude","floor":13},{"not_picked":["CrushJoints","Pray+1"],"picked":"Protect+1","floor":14}],"player_experience":566960,"relics_obtained":[{"floor":6,"key":"Bronze Scales"},{"floor":9,"key":"Centennial Puzzle"},{"floor":11,"key":"Potion Belt"},{"floor":13,"key":"Toxic Egg 2"}],"event_choices":[{"damage_healed":0,"gold_gain":0,"player_choice":"Ignored","damage_taken":0,"max_hp_gain":0,"max_hp_loss":0,"event_name":"Golden Idol","floor":3,"gold_loss":0},{"cards_removed":["Strike_P"],"damage_healed":0,"gold_gain":0,"player_choice":"Card Removal","damage_taken":7,"max_hp_gain":0,"max_hp_loss":0,"event_name":"Golden Wing","floor":4,"gold_loss":0},{"damage_healed":0,"gold_gain":75,"player_choice":"Gather Gold","damage_taken":11,"max_hp_gain":0,"max_hp_loss":0,"event_name":"World of Goop","floor":7,"gold_loss":0}],"is_beta":false,"boss_relics":[],"items_purged_floors":[12],"is_endless":false,"potions_floor_spawned":[6,10],"killed_by":"Hexaghost","ascension_level":0}}