{"host":"fworv1gvvajf3x0f","time":1610108897,"event":{"mods":["AchievementEnabler","Aspiration","BaseMod","Colored Map","Colored Powertips","Highlight Path","Minty Spire (QoL Compilation)","Replay The Spire","StSLib"],"gold_per_floor":[119,119,135,66,66,92,92,109,109,119,138,125,125,125,125,125,125],"floor_reached":16,"playtime":889,"items_purged":[],"score":146,"play_id":"aa54b36e-a84f-4857-8545-f7b441bdba36","local_time":"20210108202817","is_ascension_mode":true,"campfire_choices":[{"data":"Burst","floor":7,"key":"SMITH"},{"data":"Reflex","floor":13,"key":"SMITH"},{"floor":15,"key":"REST"}],"circlet_count":0,"master_deck":["Strike_G","Strike_G","Strike_G","Strike_G","Strike_G","Defend_G+1","Defend_G","Defend_G","Defend_G","Survivor+1","Neutralize","Draining Mist+1","Well Laid Plans","Burst+1","Backflip","ReplayTheSpireMod:The Works","Reflex+1"],"relics":["Ring of the Snake","NeowsBlessing","Calipers","Blue Candle"],"acts_visited":["Exordium"],"potions_floor_usage":[11,12,12],"damage_taken":[{"damage":0,"enemies":"Jaw Worm","floor":1,"turns":1},{"damage":0,"enemies":"Cultist","floor":3,"turns":1},{"damage":0,"enemies":"Replay:BlueRogue","floor":6,"turns":1},{"damage":0,"enemies":"2 Louse","floor":8,"turns":3},{"damage":2,"enemies":"2 Fungi Beasts","floor":10,"turns":4},{"damage":7,"enemies":"Lots of Slimes","floor":11,"turns":6},{"damage":21,"enemies":"Exordium Thugs","floor":12,"turns":4},{"damage":0,"enemies":"Slime Boss","floor":16,"turns":3}],"seed_played":"5980928551558493273","potions_obtained":[{"floor":1,"key":"FearPotion"},{"floor":3,"key":"EssenceOfSteel"},{"floor":11,"key":"PowerPotion"}],"is_trial":false,"path_per_floor":["M","?","M","$","?","E","R","M","T","M","M","M","R","?","R","B"],"character_chosen":"THE_SILENT","items_purchased":["Well Laid Plans"],"campfire_rested":1,"item_purchase_floors":[4],"current_hp_per_floor":[70,70,70,70,56,56,56,56,56,54,47,26,26,26,47,47,47],"gold":125,"neow_bonus":"THREE_ENEMY_KILL","is_daily":false,"chose_seed":false,"campfire_upgraded":2,"win_rate":0.0,"timestamp":1610108897,"path_taken":["M","?","?","$","?","E","R","M","T","M","M","M","R","?","R","BOSS"],"items_purchased_type":["Card"],"build_version":"2020-12-22","purchased_purges":0,"victory":false,"max_hp_per_floor":[70,70,70,70,70,70,70,70,70,70,70,70,70,70,70,70,70],"card_choices":[{"not_picked":["Choke","Underhanded Strike"],"picked":"Draining Mist","floor":1},{"not_picked":["Toxin Wave","Dodge and Roll","PiercingWail"],"picked":"SKIP","floor":3},{"not_picked":["Distraction","PiercingWail"],"picked":"Burst","floor":6},{"not_picked":["Hidden Blade","ReplayTheSpireMod:Speed Training","Dodge and Roll"],"picked":"SKIP","floor":8},{"not_picked":["Caltrops","PiercingWail"],"picked":"Backflip","floor":10},{"not_picked":["Reflex","Blur"],"picked":"ReplayTheSpireMod:The Works","floor":11},{"not_picked":["Outmaneuver","Accuracy"],"picked":"Reflex","floor":12}],"player_experience":183326,"relics_obtained":[{"floor":6,"key":"Calipers"},{"floor":9,"key":"Blue Candle"}],"event_choices":[{"damage_healed":0,"gold_gain":0,"player_choice":"Upgraded","damage_taken":0,"max_hp_gain":0,"max_hp_loss":0,"event_name":"Upgrade Shrine","floor":2,"gold_loss":0,"cards_upgraded":["Draining Mist"]},{"damage_healed":0,"gold_gain":0,"player_choice":"Entered Light","damage_taken":14,"max_hp_gain":0,"max_hp_loss":0,"event_name":"Shining Light","floor":5,"gold_loss":0,"cards_upgraded":["Survivor","Defend_G"]},{"cards_removed":["Defend_G"],"damage_healed":0,"gold_gain":0,"player_choice":"Offered Basic","damage_taken":0,"max_hp_gain":0,"max_hp_loss":0,"event_name":"Bonfire Elementals","floor":14,"gold_loss":0}],"is_beta":false,"boss_relics":[],"items_purged_floors":[],"is_endless":false,"potions_floor_spawned":[1,3,11],"killed_by":"Slime Boss","ascension_level":3}}