{"host":"2brg86hfzr3u5cix","time":1610123616,"event":{"mods":["AchievementEnabler","Ascension Unlocker","BaseMod","CapriCore","DeckTracker","Highlight Path","Keyboard Shortcuts","Minty Spire (QoL Compilation)","Permanent Neow","Relic Stats","StSLib","The Cursed","Twitch Utils","Uncapped","UnlockEverythingMod"],"gold_per_floor":[109,120,36,36,36,36,36,36],"floor_reached":7,"playtime":186,"items_purged":[],"score":78,"play_id":"6a883a24-ecdc-429e-8cff-e862ce2a4d40","local_time":"20210109013336","is_ascension_mode":true,"campfire_choices":[{"data":"Eruption","floor":6,"key":"SMITH"}],"circlet_count":0,"master_deck":["AscendersBane","Strike_P","Strike_P","Strike_P","Strike_P","Defend_P","Defend_P","Defend_P","Defend_P","Eruption+1","Vigilance","Forethought","Evaluate","Tantrum+1","LessonLearned"],"relics":["PureWater","Happy Flower"],"acts_visited":["Exordium"],"potions_floor_usage":[],"damage_taken":[{"damage":4,"enemies":"2 Louse","floor":1,"turns":3},{"damage":1,"enemies":"Jaw Worm","floor":2,"turns":5},{"damage":50,"enemies":"3 Sentries","floor":7,"turns":5}],"seed_played":"1659103635723616093","potions_obtained":[{"floor":2,"key":"Energy Potion"}],"is_trial":false,"path_per_floor":["M","M","$","?","?","R","E"],"character_chosen":"WATCHER","items_purchased":["LessonLearned"],"campfire_rested":0,"item_purchase_floors":[3],"current_hp_per_floor":[57,56,56,61,43,43,0,0],"gold":36,"neow_bonus":"RANDOM_COLORLESS","is_daily":false,"chose_seed":false,"campfire_upgraded":1,"win_rate":0.0,"timestamp":1610123616,"path_taken":["M","M","$","?","?","R","E"],"items_purchased_type":["Card"],"build_version":"2020-12-22","purchased_purges":0,"victory":false,"max_hp_per_floor":[68,68,68,73,73,73,73,73],"relic_stats":{"Happy Flower":[1],"counters":[3,13],"obtain_stats":[{"Happy Flower":5,"PureWater":0},{"Happy Flower":2,"PureWater":0},{"Happy Flower":8,"PureWater":0}]},"card_choices":[{"not_picked":["Impatience","Finesse"],"picked":"Forethought","floor":0},{"not_picked":["FlurryOfBlows","ThirdEye"],"picked":"Evaluate","floor":1},{"not_picked":["Consecrate","Weave"],"picked":"Tantrum","floor":2}],"player_experience":333804,"relics_obtained":[],"event_choices":[{"damage_healed":0,"gold_gain":0,"player_choice":"Donut","damage_taken":0,"max_hp_gain":5,"max_hp_loss":0,"event_name":"Big Fish","floor":4,"gold_loss":0},{"damage_healed":0,"gold_gain":0,"player_choice":"Success","damage_taken":18,"relics_obtained":["Happy Flower"],"max_hp_gain":0,"max_hp_loss":0,"event_name":"Scrap Ooze","floor":5,"gold_loss":0}],"is_beta":false,"boss_relics":[],"items_purged_floors":[],"is_endless":false,"potions_floor_spawned":[2],"killed_by":"3 Sentries","ascension_level":20}}