{"host":"19r1ww88x2tc73i0","time":1610139133,"event":{"mods":["BaseMod","BetterRewards","Colored Map","Minty Spire (QoL Compilation)","Relic Stats","StSLib","SuperFastMode","slay the spire mod where everything is the same but ironclad has a cowboy hat"],"gold_per_floor":[119,131,131,145,145,145,164,199,225,237,72,84,84,84,84,162,162,178,228,128,53,72,72,107,107,107,107,123,123,136,154,154,154,154],"floor_reached":33,"playtime":851,"items_purged":["Strike_B","Strike_B"],"score":534,"play_id":"4c2ae0cb-6320-45cb-bef1-1af61319ee29","local_time":"25640109035213","is_ascension_mode":true,"campfire_choices":[{"data":"Skim","floor":6,"key":"SMITH"},{"floor":15,"key":"REST"},{"data":"Reinforced Body","floor":23,"key":"SMITH"},{"floor":27,"key":"REST"},{"data":"Buffer","floor":29,"key":"SMITH"},{"floor":32,"key":"REST"}],"circlet_count":0,"master_deck":["AscendersBane","Strike_B","Strike_B","Defend_B","Defend_B","Defend_B","Defend_B","Dualcast","Beam Cell+1","Melter+1","Skim+1","White Noise+1","Conserve Battery","Compile Driver+1","Core Surge+1","Reinforced Body+1","Rip and Tear+1","Streamline+1","Buffer+1","Go for the Eyes+1","Rip and Tear+1"],"relics":["Cracked Core","Molten Egg 2","Happy Flower","Omamori","Calling Bell","Centennial Puzzle","StrikeDummy","CaptainsWheel","Bag of Preparation","Gremlin Horn"],"acts_visited":["Exordium","TheCity"],"potions_floor_usage":[10],"damage_taken":[{"damage":0,"enemies":"2 Louse","floor":1,"turns":2},{"damage":2,"enemies":"Jaw Worm","floor":2,"turns":3},{"damage":3,"enemies":"Small Slimes","floor":4,"turns":3},{"damage":0,"enemies":"3 Louse","floor":7,"turns":2},{"damage":23,"enemies":"Lagavulin","floor":8,"turns":6},{"damage":14,"enemies":"Exordium Wildlife","floor":10,"turns":3},{"damage":15,"enemies":"Large Slime","floor":12,"turns":3},{"damage":21,"enemies":"The Guardian","floor":16,"turns":8},{"damage":18,"enemies":"2 Thieves","floor":18,"turns":3},{"damage":6,"enemies":"3 Byrds","floor":22,"turns":4},{"damage":28,"enemies":"Book of Stabbing","floor":24,"turns":5},{"damage":0,"enemies":"Centurion and Healer","floor":28,"turns":4},{"damage":10,"enemies":"Shelled Parasite and Fungi","floor":30,"turns":3},{"damage":4,"enemies":"Cultist and Chosen","floor":31,"turns":5},{"damage":36,"enemies":"Champ","floor":33,"turns":8}],"seed_played":"-4526982610712011013","potions_obtained":[{"floor":1,"key":"AttackPotion"},{"floor":8,"key":"Energy Potion"},{"floor":16,"key":"SteroidPotion"}],"is_trial":false,"path_per_floor":["M","M","$","M","?","R","M","E","T","M","$","M","?","$","R","B",null,"M","?","$","?","M","R","E","?","T","R","M","R","M","M","R","B"],"character_chosen":"DEFECT","items_purchased":["Molten Egg 2","Beam Cell+1","Melter+1","Skim","Rip and Tear+1"],"campfire_rested":3,"item_purchase_floors":[0,0,0,0,11],"current_hp_per_floor":[64,62,62,59,59,59,59,36,36,22,22,7,7,7,28,7,55,37,37,37,37,31,31,3,3,3,24,24,24,14,10,31,0,0],"gold":154,"neow_bonus":"","is_daily":false,"chose_seed":false,"campfire_upgraded":3,"win_rate":0.0,"timestamp":1610139133,"path_taken":["M","M","$","M","?","R","M","E","T","M","$","M","?","$","R","BOSS","M","?","$","?","M","R","E","?","T","R","M","R","M","M","R","BOSS"],"items_purchased_type":["Relic","Card","Card","Card","Card"],"build_version":"2020-12-22","purchased_purges":2,"victory":false,"max_hp_per_floor":[71,71,71,71,71,71,71,71,71,71,71,71,71,71,71,71,71,71,71,71,71,71,71,71,71,71,71,71,71,71,71,71,71,71],"relic_stats":{"Centennial Puzzle":[18],"Happy Flower":[15],"Gremlin Horn":[3,3],"counters":[145,645],"Bag of Preparation":[8],"obtain_stats":[{"Ice Cream":0,"Calipers":25,"Gremlin Horn":48,"CeramicFish":0,"Vajra":46,"Runic Capacitor":0,"Ginger":0,"Boot":9,"FrozenCore":34,"Blood Vial":12,"Centennial Puzzle":17,"HornCleat":11,"Strawberry":8,"Prayer Wheel":45,"Fusion Hammer":17,"HandDrill":0,"Toxic Egg 2":0,"Runic Cube":17,"Happy Flower":28,"Dead Branch":0,"Blue Candle":9,"Pen Nib":9,"War Paint":9,"Akabeko":0,"OrangePellets":0,"Shuriken":8,"Bronze Scales":43,"Bird Faced Urn":0,"Molten Egg 2":45,"Black Star":17,"Symbiotic Virus":6,"StrikeDummy":17,"Meat on the Bone":12,"Darkstone Periapt":26,"Lantern":13,"Torii":0,"StoneCalendar":47,"Mango":0,"Juzu Bracelet":0,"Incense Burner":0,"Bag of Preparation":31,"Cursed Key":17,"Smiling Mask":24,"Ancient Tea Set":28,"Empty Cage":17,"Burning Blood":0,"ClockworkSouvenir":45,"Dream Catcher":26,"Matryoshka":0,"Shovel":10,"Mummified Hand":0,"Pantograph":9,"Tiny Chest":0,"WingedGreaves":0,"Red Mask":21,"Chemical X":0,"Cracked Core":0,"Paper Frog":4,"Runic Pyramid":34,"Potion Belt":13,"Self Forming Clay":3,"Golden Idol":3,"PreservedInsect":0,"The Courier":10,"Omamori":26,"Odd Mushroom":10,"Frozen Egg 2":20,"MawBank":23,"Peace Pipe":14,"Calling Bell":17,"DataDisk":26,"CaptainsWheel":17,"Busted Crown":17,"Ornamental Fan":6,"Turnip":0,"Bag of Marbles":0,"Art of War":0,"Membership Card":0,"TungstenRod":0,"Toy Ornithopter":9,"FossilizedHelix":0},{"Ice Cream":63,"Calipers":25,"Gremlin Horn":35,"CeramicFish":0,"Vajra":34,"Runic Capacitor":45,"Ginger":11,"Boot":100,"FrozenCore":112,"Blood Vial":4,"Centennial Puzzle":138,"HornCleat":18,"Strawberry":3,"Prayer Wheel":33,"Fusion Hammer":104,"HandDrill":49,"Toxic Egg 2":78,"Runic Cube":7,"Happy Flower":26,"Dead Branch":56,"Blue Candle":83,"Pen Nib":62,"War Paint":16,"Akabeko":0,"OrangePellets":0,"Shuriken":16,"Bronze Scales":33,"Bird Faced Urn":56,"Molten Egg 2":33,"Black Star":95,"Symbiotic Virus":61,"StrikeDummy":138,"Meat on the Bone":101,"Darkstone Periapt":10,"Lantern":43,"Torii":11,"StoneCalendar":35,"Mango":37,"Juzu Bracelet":0,"Incense Burner":0,"Bag of Preparation":28,"Cursed Key":20,"Smiling Mask":25,"Ancient Tea Set":26,"Empty Cage":73,"Burning Blood":0,"ClockworkSouvenir":33,"Dream Catcher":77,"Matryoshka":45,"Shovel":92,"Mummified Hand":86,"Pantograph":3,"Tiny Chest":11,"WingedGreaves":63,"Red Mask":24,"Chemical X":56,"Cracked Core":0,"Paper Frog":1,"Runic Pyramid":29,"Potion Belt":71,"Self Forming Clay":1,"Golden Idol":38,"PreservedInsect":0,"The Courier":84,"Omamori":25,"Odd Mushroom":17,"Frozen Egg 2":74,"MawBank":10,"Peace Pipe":6,"Calling Bell":138,"DataDisk":107,"CaptainsWheel":138,"Busted Crown":122,"Ornamental Fan":2,"Turnip":78,"Bag of Marbles":0,"Art of War":0,"Membership Card":11,"TungstenRod":11,"Toy Ornithopter":67,"FossilizedHelix":86},{"Ice Cream":271,"Calipers":112,"Gremlin Horn":146,"CeramicFish":0,"Vajra":143,"Runic Capacitor":202,"Ginger":62,"Boot":423,"FrozenCore":492,"Blood Vial":15,"Centennial Puzzle":613,"HornCleat":87,"Strawberry":12,"Prayer Wheel":140,"Fusion Hammer":444,"HandDrill":216,"Toxic Egg 2":328,"Runic Cube":36,"Happy Flower":116,"Dead Branch":248,"Blue Candle":350,"Pen Nib":268,"War Paint":79,"Akabeko":0,"OrangePellets":0,"Shuriken":79,"Bronze Scales":140,"Bird Faced Urn":248,"Molten Egg 2":140,"Black Star":396,"Symbiotic Virus":265,"StrikeDummy":613,"Meat on the Bone":427,"Darkstone Periapt":57,"Lantern":194,"Torii":62,"StoneCalendar":146,"Mango":159,"Juzu Bracelet":0,"Incense Burner":0,"Bag of Preparation":124,"Cursed Key":96,"Smiling Mask":112,"Ancient Tea Set":116,"Empty Cage":309,"Burning Blood":0,"ClockworkSouvenir":140,"Dream Catcher":326,"Matryoshka":202,"Shovel":381,"Mummified Hand":360,"Pantograph":12,"Tiny Chest":62,"WingedGreaves":271,"Red Mask":109,"Chemical X":248,"Cracked Core":0,"Paper Frog":2,"Runic Pyramid":129,"Potion Belt":298,"Self Forming Clay":2,"Golden Idol":164,"PreservedInsect":0,"The Courier":354,"Omamori":112,"Odd Mushroom":83,"Frozen Egg 2":312,"MawBank":57,"Peace Pipe":23,"Calling Bell":613,"DataDisk":460,"CaptainsWheel":613,"Busted Crown":547,"Ornamental Fan":7,"Turnip":328,"Bag of Marbles":0,"Art of War":0,"Membership Card":62,"TungstenRod":62,"Toy Ornithopter":283,"FossilizedHelix":360}]},"card_choices":[{"not_picked":["Coolheaded","Redo"],"picked":"White Noise","floor":1},{"not_picked":["Leap","Skim"],"picked":"Conserve Battery","floor":2},{"not_picked":["Stack","Defragment"],"picked":"Compile Driver+1","floor":4},{"not_picked":["Coolheaded","Recycle","Steam Power"],"picked":"SKIP","floor":7},{"not_picked":["Tempest","All For One+1"],"picked":"Core Surge+1","floor":8},{"not_picked":["BootSequence","Heatsinks"],"picked":"Reinforced Body","floor":10},{"not_picked":["Leap","FTL+1"],"picked":"Streamline+1","floor":12},{"not_picked":["Reboot","Thunder Strike+1"],"picked":"Buffer","floor":16},{"not_picked":["Aggregate","Coolheaded"],"picked":"Go for the Eyes+1","floor":18},{"not_picked":["Force Field","Loop"],"picked":"Rip and Tear+1","floor":22},{"not_picked":["Aggregate","Chaos","Coolheaded"],"picked":"SKIP","floor":24},{"not_picked":["Compile Driver+1","Turbo","Chill"],"picked":"SKIP","floor":28},{"not_picked":["Steam","Stack","Redo"],"picked":"SKIP","floor":30},{"not_picked":["Streamline+1","Cold Snap+1","Redo"],"picked":"SKIP","floor":31}],"player_experience":882472,"relics_obtained":[{"floor":8,"key":"Happy Flower"},{"floor":9,"key":"Omamori"},{"floor":17,"key":"Centennial Puzzle"},{"floor":17,"key":"StrikeDummy"},{"floor":17,"key":"CaptainsWheel"},{"floor":24,"key":"Bag of Preparation"},{"floor":26,"key":"Gremlin Horn"}],"event_choices":[{"damage_healed":0,"gold_gain":0,"player_choice":"Grow","damage_taken":0,"max_hp_gain":0,"max_hp_loss":0,"event_name":"Living Wall","floor":5,"gold_loss":0,"cards_upgraded":["White Noise"]},{"damage_healed":0,"gold_gain":0,"player_choice":"Ignored","damage_taken":0,"max_hp_gain":0,"max_hp_loss":0,"event_name":"Shining Light","floor":13,"gold_loss":0},{"damage_healed":0,"gold_gain":50,"player_choice":"Stole From Cult","damage_taken":0,"max_hp_gain":0,"max_hp_loss":0,"event_name":"Nest","floor":19,"gold_loss":0},{"cards_removed":["Zap"],"damage_healed":0,"gold_gain":0,"player_choice":"Gave Gold","damage_taken":0,"max_hp_gain":0,"max_hp_loss":0,"event_name":"Beggar","floor":21,"gold_loss":75},{"damage_healed":0,"gold_gain":0,"player_choice":"Ignored","damage_taken":0,"max_hp_gain":0,"max_hp_loss":0,"event_name":"Cursed Tome","floor":25,"gold_loss":0}],"is_beta":false,"boss_relics":[{"not_picked":["Sozu","Astrolabe"],"picked":"Calling Bell"}],"items_purged_floors":[11,20],"is_endless":false,"potions_floor_spawned":[1,8,16,18,30],"killed_by":"Champ","ascension_level":20}}