{"host":"d42v9a78iaxjks5w","time":1610133530,"event":{"mods":["BaseMod","Colored Map","Colored Powertips","Downfall","Hermit","Minty Spire (QoL Compilation)","StSLib","The Cursed","The Hierophant","The Servant 0.9.4"],"gold_per_floor":[110,121,132,144,191,191,191,191,215,235,258,279,295,295,295,415,415,430,430,430,449,449,449,467,246,246,259,297,297,322,347,347,347,347],"floor_reached":33,"playtime":1965,"items_purged":[],"score":263,"play_id":"f6798806-0107-4b94-ba56-89d1ae78e458","local_time":"20210108131850","is_ascension_mode":false,"campfire_choices":[{"data":"TheCursedMod:Torture","floor":6,"key":"SMITH"},{"data":"TheCursedMod:CursedWand","floor":8,"key":"SMITH"},{"floor":15,"key":"REST"},{"data":"TheCursedMod:CircleOfCorruption","floor":23,"key":"SMITH"},{"data":"TheCursedMod:Hemoplague","floor":32,"key":"SMITH"}],"circlet_count":0,"master_deck":["TheCursedMod:Strike_TheCursed+1","TheCursedMod:Strike_TheCursed+1","TheCursedMod:Strike_TheCursed","TheCursedMod:Strike_TheCursed","TheCursedMod:Defend_TheCursed","TheCursedMod:Defend_TheCursed","TheCursedMod:Defend_TheCursed","TheCursedMod:Defend_TheCursed","TheCursedMod:CursedWand+1","TheCursedMod:CleanUpWorkshop","TheCursedMod:VitalStrike","TheCursedMod:CursedAmulet","TheCursedMod:CursedBlade","TheCursedMod:Torture+1","TheCursedMod:VitalStrike","TheCursedMod:RapidMovement","TheCursedMod:CursedShiv","TheCursedMod:FleshFromBone","CurseOfTheBell","TheCursedMod:WearCloak+1","TheCursedMod:CircleOfCorruption+1","TheCursedMod:Wield","TheCursedMod:Hemoplague+1","TheCursedMod:Stigma","TheCursedMod:CircleOfFlame","TheCursedMod:ReleasedKnowledge+1"],"relics":["TheCursedMod:BlackMagic101","NeowsBlessing","Toy Ornithopter","Golden Idol","Whetstone","Mercury Hourglass","Calling Bell","Oddly Smooth Stone","Ornamental Fan","Torii","CultistMask","PreservedInsect","HornCleat","Boot","Shovel"],"acts_visited":["Exordium","TheCity"],"potions_floor_usage":[16,16,28,31,31],"damage_taken":[{"damage":0,"enemies":"Cultist","floor":1,"turns":1},{"damage":0,"enemies":"Jaw Worm","floor":2,"turns":1},{"damage":0,"enemies":"2 Louse","floor":3,"turns":1},{"damage":1,"enemies":"Gremlin Gang","floor":4,"turns":5},{"damage":2,"enemies":"Exordium Wildlife","floor":10,"turns":2},{"damage":4,"enemies":"3 Louse","floor":11,"turns":2},{"damage":13,"enemies":"2 Fungi Beasts","floor":12,"turns":3},{"damage":12,"enemies":"Exordium Thugs","floor":13,"turns":5},{"damage":11,"enemies":"The Guardian","floor":16,"turns":11},{"damage":10,"enemies":"Spheric Guardian","floor":18,"turns":5},{"damage":8,"enemies":"Shell Parasite","floor":21,"turns":6},{"damage":7,"enemies":"3 Cultists","floor":24,"turns":5},{"damage":8,"enemies":"Centurion and Healer","floor":27,"turns":8},{"damage":10,"enemies":"Gremlin Leader","floor":28,"turns":6},{"damage":0,"enemies":"Snake Plant","floor":30,"turns":4},{"damage":0,"enemies":"Cultist and Chosen","floor":31,"turns":4},{"damage":52,"enemies":"Champ","floor":33,"turns":11}],"seed_played":"4383036093213820512","potions_obtained":[{"floor":4,"key":"Fire Potion"},{"floor":10,"key":"SkillPotion"},{"floor":16,"key":"sneckomod:MuddlingPotion"},{"floor":24,"key":"BlessingOfTheForge"},{"floor":27,"key":"SmokeBomb"},{"floor":28,"key":"Slimebound:ThreeZeroPotion"}],"is_trial":false,"path_per_floor":["M","M","M","M","T","R","?","R","T","M","M","M","M","T","R","B",null,"M","?","?","M","?","R","M","$","T","M","E","T","M","M","R","B"],"character_chosen":"THE_CURSED","items_purchased":["TheCursedMod:Hemoplague","PreservedInsect"],"campfire_rested":1,"item_purchase_floors":[25,25],"current_hp_per_floor":[75,75,75,74,74,74,56,56,56,54,50,37,25,25,47,46,75,65,65,65,57,57,57,50,50,50,42,37,37,37,47,47,0,0],"gold":347,"neow_bonus":"THREE_ENEMY_KILL","is_daily":false,"chose_seed":false,"campfire_upgraded":4,"win_rate":0.0,"timestamp":1610133530,"path_taken":["M","M","?","M","?","R","?","R","T","M","M","M","M","?","R","BOSS","M","?","?","?","?","R","?","$","T","M","E","?","M","M","R","BOSS"],"items_purchased_type":["Card","Relic"],"build_version":"2020-12-22","purchased_purges":0,"victory":false,"max_hp_per_floor":[75,75,75,75,75,75,75,75,75,75,75,75,75,75,75,75,75,75,75,75,75,75,75,75,75,75,75,75,75,75,75,75,75,75],"card_choices":[{"not_picked":["TheCursedMod:RavingStaff","TheCursedMod:RapidMovement"],"picked":"TheCursedMod:VitalStrike","floor":1},{"not_picked":["TheCursedMod:RapidMovement","TheCursedMod:HellfireBreathing"],"picked":"TheCursedMod:CursedAmulet","floor":2},{"not_picked":["TheCursedMod:SpitefulStrike","TheCursedMod:Wield"],"picked":"TheCursedMod:CursedBlade","floor":3},{"not_picked":["TheCursedMod:DemonicPact","TheCursedMod:StingEye"],"picked":"TheCursedMod:Torture","floor":4},{"not_picked":["TheCursedMod:CursedBlade","TheCursedMod:RavingStaff"],"picked":"TheCursedMod:VitalStrike","floor":10},{"not_picked":["TheCursedMod:SoulReap","TheCursedMod:SoulCrush"],"picked":"TheCursedMod:RapidMovement","floor":11},{"not_picked":["TheCursedMod:Stretching","TheCursedMod:CursedAmulet"],"picked":"TheCursedMod:CursedShiv","floor":12},{"not_picked":["TheCursedMod:CircleOfFlame","TheCursedMod:CursedShiv"],"picked":"TheCursedMod:FleshFromBone","floor":13},{"not_picked":["TheCursedMod:CursedShiv","TheCursedMod:VitalStrike"],"picked":"TheCursedMod:WearCloak+1","floor":18},{"not_picked":["TheCursedMod:VitalStrike","TheCursedMod:SoulCrush+1","TheCursedMod:CursedBlade"],"picked":"SKIP","floor":21},{"not_picked":["TheCursedMod:CursedBlade","TheCursedMod:CursedBoomerang"],"picked":"TheCursedMod:Wield","floor":24},{"not_picked":["TheCursedMod:CursedShiv","TheCursedMod:BloodBarrier"],"picked":"TheCursedMod:Stigma","floor":27},{"not_picked":["TheCursedMod:UltimatePain","TheCursedMod:VitalStrike"],"picked":"TheCursedMod:CircleOfFlame","floor":28},{"not_picked":["TheCursedMod:CursedArmor","TheCursedMod:RavingStaff+1"],"picked":"TheCursedMod:ReleasedKnowledge+1","floor":30},{"not_picked":["TheCursedMod:SpitefulPray","TheCursedMod:VitalStrike","TheCursedMod:TacticalStrike+1"],"picked":"SKIP","floor":31}],"player_experience":85172,"relics_obtained":[{"floor":5,"key":"Toy Ornithopter"},{"floor":9,"key":"Whetstone"},{"floor":14,"key":"Mercury Hourglass"},{"floor":17,"key":"Oddly Smooth Stone"},{"floor":17,"key":"Ornamental Fan"},{"floor":17,"key":"Torii"},{"floor":26,"key":"HornCleat"},{"floor":28,"key":"Boot"},{"floor":29,"key":"Shovel"}],"event_choices":[{"damage_healed":0,"gold_gain":0,"player_choice":"Take Damage","damage_taken":18,"relics_obtained":["Golden Idol"],"max_hp_gain":0,"max_hp_loss":0,"event_name":"Golden Idol","floor":7,"gold_loss":0},{"damage_healed":0,"gold_gain":0,"player_choice":"Read","damage_taken":0,"max_hp_gain":0,"max_hp_loss":0,"event_name":"The Library","floor":19,"gold_loss":0,"cards_obtained":["TheCursedMod:CircleOfCorruption"]},{"cards_removed":["TheCursedMod:Dregs"],"damage_healed":0,"gold_gain":0,"player_choice":"Removed Curses","damage_taken":0,"max_hp_gain":0,"max_hp_loss":0,"event_name":"Fountain of Cleansing","floor":20,"gold_loss":0},{"damage_healed":0,"gold_gain":0,"player_choice":"Trade","damage_taken":0,"relics_obtained":["CultistMask"],"max_hp_gain":0,"max_hp_loss":0,"event_name":"FaceTrader","floor":22,"gold_loss":0}],"is_beta":false,"boss_relics":[{"not_picked":["SlaversCollar","Snecko Eye"],"picked":"Calling Bell"}],"items_purged_floors":[],"is_endless":false,"potions_floor_spawned":[4,10,16,24,27,28],"killed_by":"Champ","ascension_level":0}}