{"host":"36mulxq349byzoa2","time":1610120002,"event":{"mods":["AchievementEnabler","BaseMod","Better Match","Block Reminder","Colored Map","Colored Powertips","Minty Spire (QoL Compilation)","Rare Cards Sparkle","StSLib","SuperFastMode"],"gold_per_floor":[99,99,99,99,99,99,99,99,99,99,99,99,39,39,39,39,39,39,39,39,39,39,39,39,39,39],"floor_reached":25,"playtime":870,"items_purged":[],"score":454,"play_id":"d4266898-a864-4eb0-a4ab-52dd75e059b9","local_time":"20210108103322","is_ascension_mode":true,"campfire_choices":[{"floor":15,"key":"REST"},{"floor":24,"key":"REST"}],"circlet_count":0,"master_deck":["AscendersBane","Strike_G","Strike_G","Strike_G","Strike_G","Defend_G","Defend_G","Defend_G","Defend_G","Survivor","Neutralize","Cloak And Dagger","Quick Slash","Noxious Fumes","PiercingWail","Caltrops","Footwork","Dodge and Roll","After Image","Backflip+1","Caltrops","Decay","Deflect"],"relics":["Ectoplasm","Matryoshka","Old Coin","Blood Vial","HornCleat","Sozu","Thread and Needle"],"acts_visited":["Exordium","TheCity"],"potions_floor_usage":[6,6,11,11,16,16,23],"damage_taken":[{"damage":8,"enemies":"Jaw Worm","floor":1,"turns":5},{"damage":10,"enemies":"Small Slimes","floor":2,"turns":5},{"damage":0,"enemies":"2 Louse","floor":5,"turns":3},{"damage":11,"enemies":"Lagavulin","floor":6,"turns":7},{"damage":27,"enemies":"3 Sentries","floor":8,"turns":9},{"damage":0,"enemies":"Lots of Slimes","floor":11,"turns":4},{"damage":1,"enemies":"Blue Slaver","floor":12,"turns":4},{"damage":0,"enemies":"Looter","floor":13,"turns":4},{"damage":3,"enemies":"The Guardian","floor":16,"turns":15},{"damage":0,"enemies":"3 Byrds","floor":18,"turns":5},{"damage":6,"enemies":"Spheric Guardian","floor":19,"turns":7},{"damage":32,"enemies":"Cultist and Chosen","floor":21,"turns":8},{"damage":18,"enemies":"Book of Stabbing","floor":23,"turns":6},{"damage":46,"enemies":"Gremlin Leader","floor":25,"turns":4}],"seed_played":"5649155690210780592","potions_obtained":[{"floor":2,"key":"Fire Potion"},{"floor":5,"key":"Poison Potion"},{"floor":10,"key":"Strength Potion"},{"floor":10,"key":"Strength Potion"},{"floor":12,"key":"Explosive Potion"},{"floor":13,"key":"Fire Potion"},{"floor":16,"key":"BlessingOfTheForge"}],"is_trial":false,"path_per_floor":["M","M","?","?","M","E","?","E","T","?","M","M","M","?","R","B",null,"M","M","?","M","?","E","R","E"],"character_chosen":"THE_SILENT","items_purchased":[],"campfire_rested":2,"item_purchase_floors":[],"current_hp_per_floor":[51,41,41,63,63,52,45,18,18,18,20,21,23,23,42,41,60,62,58,58,28,28,12,31,0,0],"gold":39,"neow_bonus":"BOSS_RELIC","is_daily":false,"chose_seed":false,"campfire_upgraded":0,"win_rate":0.0,"timestamp":1610120002,"path_taken":["M","M","?","?","M","E","?","E","T","?","M","?","M","?","R","BOSS","M","M","?","M","?","E","R","E"],"items_purchased_type":[],"build_version":"2020-12-22","purchased_purges":0,"victory":false,"max_hp_per_floor":[66,66,66,66,66,66,66,66,66,66,66,66,66,66,66,66,66,66,66,66,66,66,66,66,66,66],"card_choices":[{"not_picked":["Blur","PiercingWail"],"picked":"Cloak And Dagger","floor":1},{"not_picked":["Masterful Stab","Tactician"],"picked":"Quick Slash","floor":2},{"not_picked":["Outmaneuver","Cloak And Dagger"],"picked":"Noxious Fumes","floor":5},{"not_picked":["Backstab","Poisoned Stab"],"picked":"PiercingWail","floor":6},{"not_picked":["Outmaneuver","Calculated Gamble"],"picked":"Caltrops","floor":8},{"not_picked":["Acrobatics","Expertise"],"picked":"Footwork","floor":11},{"not_picked":["Calculated Gamble","Flying Knee"],"picked":"Dodge and Roll","floor":12},{"not_picked":["Tools of the Trade","Prepared","Dagger Spray"],"picked":"SKIP","floor":13},{"not_picked":["Doppelganger","Storm of Steel"],"picked":"After Image","floor":16},{"not_picked":["Tactician","Finisher"],"picked":"Backflip+1","floor":18},{"not_picked":["Prepared","Outmaneuver"],"picked":"Caltrops","floor":19},{"not_picked":["Bane","Acrobatics","Quick Slash"],"picked":"SKIP","floor":21},{"not_picked":["Backstab","Flying Knee"],"picked":"Deflect","floor":23}],"player_experience":1021260,"relics_obtained":[{"floor":6,"key":"Matryoshka"},{"floor":8,"key":"Old Coin"},{"floor":9,"key":"Blood Vial"},{"floor":9,"key":"HornCleat"},{"floor":23,"key":"Thread and Needle"}],"event_choices":[{"cards_removed":["Defend_G"],"damage_healed":0,"gold_gain":0,"player_choice":"Forget","damage_taken":0,"max_hp_gain":0,"max_hp_loss":0,"event_name":"Living Wall","floor":3,"gold_loss":0},{"damage_healed":22,"gold_gain":0,"player_choice":"Banana","damage_taken":0,"max_hp_gain":0,"max_hp_loss":0,"event_name":"Big Fish","floor":4,"gold_loss":0},{"cards_removed":["Strike_G"],"damage_healed":0,"gold_gain":0,"player_choice":"Card Removal","damage_taken":7,"max_hp_gain":0,"max_hp_loss":0,"event_name":"Golden Wing","floor":7,"gold_loss":0},{"damage_healed":0,"gold_gain":0,"player_choice":"Got Potions","damage_taken":0,"max_hp_gain":0,"max_hp_loss":0,"event_name":"Lab","floor":10,"gold_loss":0},{"damage_healed":0,"gold_gain":0,"player_choice":"Ignored","damage_taken":0,"max_hp_gain":0,"max_hp_loss":0,"event_name":"Shining Light","floor":14,"gold_loss":0},{"damage_healed":0,"gold_gain":0,"player_choice":"Ignored","damage_taken":0,"max_hp_gain":0,"max_hp_loss":0,"event_name":"Ghosts","floor":20,"gold_loss":0},{"damage_healed":0,"gold_gain":0,"player_choice":"Smashed Altar","damage_taken":0,"max_hp_gain":0,"max_hp_loss":0,"event_name":"Forgotten Altar","floor":22,"gold_loss":0,"cards_obtained":["Decay"]}],"is_beta":false,"boss_relics":[{"not_picked":["Black Star","SlaversCollar"],"picked":"Sozu"}],"items_purged_floors":[],"is_endless":false,"potions_floor_spawned":[2,5,12,13,16,19,21],"killed_by":"Gremlin Leader","ascension_level":19}}