{"host":"zjc1tzo4ovig5lll","time":1610121411,"event":{"mods":["AchievementEnabler","Aspiration","BaseMod","Beaked The Cultist","Better Altar","Better Match","Better Note","Better Sensory Stone","Colored Map","Colored Powertips","Conspire","Energized Spire","Friendly Minions","GifTheSpireLib","Halation","Hermit","Hubris","Minty Spire (QoL Compilation)","Rare Cards Sparkle","Replay The Spire","StSLib","The Blue Laboratory","The Bug Knight","The Construct","The Jungle","everything is the same but u backflip on backflip","vexMod"],"gold_per_floor":[117,131,148,161,161,161,161,161,211,243,256,269,269,269],"floor_reached":13,"playtime":874,"items_purged":[],"score":122,"play_id":"5f136e42-ca4f-4575-a8fc-a8228a4531cf","local_time":"20210108175651","is_ascension_mode":true,"campfire_choices":[{"data":"construct:Autoturret","floor":6,"key":"SMITH"},{"data":"construct:Autoturret+1","floor":8,"key":"SMITH"}],"circlet_count":0,"master_deck":["construct:Strike_Gold+1","construct:Strike_Gold","construct:Strike_Gold","construct:Strike_Gold","construct:Strike_Gold","construct:Defend_Gold","construct:Defend_Gold+1","construct:Defend_Gold","construct:Defend_Gold","construct:Defend_Gold","construct:AttackMode","construct:DefenseMode","construct:Autoturret+2","construct:Reinforce"],"relics":["construct:ClockworkPhoenix","aspiration:Nostalgia","Burning Blood","Simple Rune","Anchor"],"acts_visited":["Exordium"],"potions_floor_usage":[],"damage_taken":[{"damage":6,"enemies":"Cultist","floor":1,"turns":5},{"damage":5,"enemies":"2 Louse","floor":2,"turns":3},{"damage":9,"enemies":"Jaw Worm","floor":3,"turns":7},{"damage":17,"enemies":"Looter","floor":4,"turns":3},{"damage":35,"enemies":"HollowMod:MossKnight","floor":10,"turns":64},{"damage":12,"enemies":"Lots of Slimes","floor":11,"turns":7},{"damage":9,"enemies":"Exordium Thugs","floor":12,"turns":8},{"damage":0,"enemies":"Gremlin Nob","floor":13,"turns":1}],"seed_played":"-751125918516685708","potions_obtained":[],"is_trial":false,"path_per_floor":["M","M","M","M","$","R","$","R","T","E","M","M","E"],"character_chosen":"THE_CONSTRUCT_MOD","items_purchased":[],"campfire_rested":0,"item_purchase_floors":[],"current_hp_per_floor":[77,78,75,64,64,64,64,64,64,35,29,26,26,26],"gold":269,"neow_bonus":"NOSTALGIA","is_daily":false,"chose_seed":false,"campfire_upgraded":2,"win_rate":0.0,"timestamp":1610121411,"path_taken":["M","?","M","M","$","R","$","R","T","E","M","M","E"],"items_purchased_type":[],"build_version":"2020-12-22","purchased_purges":0,"victory":false,"max_hp_per_floor":[85,85,85,85,85,85,85,85,85,85,85,85,85,85],"card_choices":[{"not_picked":["construct:VentSteam","construct:Backfire","construct:ClusterMines"],"picked":"SKIP","floor":1},{"not_picked":["construct:Analyze","construct:ElectricArmor"],"picked":"construct:Autoturret","floor":2},{"not_picked":["construct:SiegeForm","construct:FierceBash","construct:ModeShift"],"picked":"SKIP","floor":3},{"not_picked":["construct:SaveState","construct:MetalShell","construct:ScrapCannon"],"picked":"SKIP","floor":4},{"not_picked":["construct:ClusterMines","construct:BatteryAcid","construct:ShiftStrike"],"picked":"SKIP","floor":10},{"not_picked":["construct:Impenetrable","construct:Antimatter","construct:SweepLaser"],"picked":"SKIP","floor":11},{"not_picked":["construct:SuppressiveFire","construct:Disrupt"],"picked":"construct:Reinforce","floor":12}],"player_experience":633975,"relics_obtained":[{"floor":9,"key":"Simple Rune"},{"floor":10,"key":"Anchor"}],"event_choices":[],"is_beta":false,"boss_relics":[],"items_purged_floors":[],"is_endless":false,"potions_floor_spawned":[3,4,11],"killed_by":"Gremlin Nob","ascension_level":8}}