{"host":"ynimr9ugvc6f046i","time":1610118591,"event":{"mods":["2.2 Compatiblity","BaseMod","Colored Map","DeckTracker","Highlight Path","Keyboard Shortcuts","Minty Spire (QoL Compilation)","Permanent Neow","Quick Restart","StSLib","SuperFastMode"],"gold_per_floor":[110,121,139,139,139,139,159,194,220,220,220,236,236,77,77,171,171,186,186,199,220,260,303,303,343,343,243,243,259,272,147,147,237,237,255,30,51,384,384,384,398,431,431,466,466,466,466,486,486,486,486,486,486,144,178,178],"floor_reached":57,"playtime":2164,"items_purged":["Strike_G","Defend_G","Strike_G","Defend_G","Dash+1"],"score":3321,"play_id":"ad1e7abf-50e4-4a9b-95e5-03b2c790fb23","local_time":"20210109000951","is_ascension_mode":true,"campfire_choices":[{"data":"Bouncing Flask","floor":6.0,"key":"SMITH"},{"data":"Calculated Gamble","floor":10.0,"key":"SMITH"},{"floor":15.0,"key":"REST"},{"data":"Tactician","floor":28.0,"key":"SMITH"},{"data":"Prepared","floor":32.0,"key":"SMITH"},{"data":"Reflex","floor":40.0,"key":"SMITH"},{"data":"Reflex","floor":45.0,"key":"SMITH"},{"data":"Prepared","floor":49.0,"key":"SMITH"},{"floor":53.0,"key":"REST"}],"circlet_count":0,"master_deck":["AscendersBane","Survivor+1","Neutralize+1","Calculated Gamble+1","Reflex+1","Bouncing Flask+1","Eviscerate+1","Tactician+1","Adrenaline+1","PiercingWail+1","Flechettes+1","Eviscerate+1","Reflex+1","Prepared+1","Acrobatics+1","Wraith Form v2+1","Backflip+1","Well Laid Plans+1","Burst+1","Prepared+1","After Image"],"relics":["Ring of the Snake","Bronze Scales","Bag of Preparation","HoveringKite","Red Mask","MealTicket","White Beast Statue","Matryoshka","Philosopher\u0027s Stone","Letter Opener","Akabeko","Juzu Bracelet","Mark of the Bloom","ClockworkSouvenir","Oddly Smooth Stone"],"acts_visited":["Exordium","TheCity","TheBeyond","TheEnding"],"potions_floor_usage":[56],"damage_taken":[{"damage":0.0,"enemies":"Small Slimes","floor":1.0,"turns":5.0},{"damage":6.0,"enemies":"Jaw Worm","floor":2.0,"turns":7.0},{"damage":1.0,"enemies":"2 Louse","floor":3.0,"turns":3.0},{"damage":7.0,"enemies":"Exordium Thugs","floor":7.0,"turns":5.0},{"damage":7.0,"enemies":"Lagavulin","floor":8.0,"turns":5.0},{"damage":12.0,"enemies":"Large Slime","floor":12.0,"turns":6.0},{"damage":9.0,"enemies":"Hexaghost","floor":16.0,"turns":9.0},{"damage":0.0,"enemies":"Chosen","floor":18.0,"turns":2.0},{"damage":0.0,"enemies":"2 Thieves","floor":20.0,"turns":3.0},{"damage":4.0,"enemies":"Shelled Parasite and Fungi","floor":21.0,"turns":4.0},{"damage":0.0,"enemies":"Masked Bandits","floor":22.0,"turns":2.0},{"damage":10.0,"enemies":"Book of Stabbing","floor":23.0,"turns":4.0},{"damage":0.0,"enemies":"Gremlin Leader","floor":25.0,"turns":5.0},{"damage":0.0,"enemies":"Centurion and Healer","floor":29.0,"turns":3.0},{"damage":8.0,"enemies":"Snecko","floor":30.0,"turns":5.0},{"damage":0.0,"enemies":"Collector","floor":33.0,"turns":2.0},{"damage":0.0,"enemies":"Orb Walker","floor":35.0,"turns":1.0},{"damage":0.0,"enemies":"3 Shapes","floor":37.0,"turns":1.0},{"damage":0.0,"enemies":"Transient","floor":41.0,"turns":4.0},{"damage":0.0,"enemies":"Nemesis","floor":42.0,"turns":1.0},{"damage":1.0,"enemies":"Giant Head","floor":44.0,"turns":3.0},{"damage":0.0,"enemies":"Spire Growth","floor":48.0,"turns":1.0},{"damage":0.0,"enemies":"Donu and Deca","floor":50.0,"turns":1.0},{"damage":0.0,"enemies":"Awakened One","floor":51.0,"turns":2.0},{"damage":0.0,"enemies":"Shield and Spear","floor":55.0,"turns":1.0},{"damage":0,"enemies":"The Heart","floor":56,"turns":3}],"seed_played":"5867223835821242660","potions_obtained":[{"floor":1.0,"key":"Weak Potion"},{"floor":2.0,"key":"Poison Potion"},{"floor":8.0,"key":"Fire Potion"},{"floor":11.0,"key":"Fire Potion"},{"floor":16.0,"key":"EntropicBrew"},{"floor":21.0,"key":"SteroidPotion"},{"floor":22.0,"key":"Fruit Juice"},{"floor":23.0,"key":"DistilledChaos"},{"floor":25.0,"key":"SpeedPotion"},{"floor":30.0,"key":"Weak Potion"},{"floor":33.0,"key":"Swift Potion"},{"floor":41.0,"key":"LiquidMemories"}],"is_trial":false,"path_per_floor":["M","M","M","?","?","R","M","E","T","R","?","M","?","$","R","B",null,"M","?","M","M","?","E","?","E","T","$","R","M","M","$","R","B",null,"M","$","M","?","?","R","M","E","T","E","R","?","?","M","R","B","B",null,"R","$","E","B",null],"character_chosen":"THE_SILENT","items_purchased":["Tactician","Well Laid Plans","ClockworkSouvenir"],"campfire_rested":2,"item_purchase_floors":[14,36,54],"current_hp_per_floor":[59,53,52,52,52,52,45,38,38,38,38,26,5,5,23,14,49,49,49,49,45,45,40,40,40,40,55,55,55,47,62,62,62,64,64,65,65,65,62,62,62,62,62,61,61,61,61,61,61,61,61,61,61,61,61,61],"gold":178,"neow_bonus":"REMOVE_TWO","is_daily":false,"chose_seed":false,"campfire_upgraded":7,"win_rate":0.0,"timestamp":1610118591,"path_taken":["M","M","M","?","?","R","M","E","T","R","?","?","?","$","R","BOSS","M","?","M","M","?","E","?","E","T","$","R","?","M","$","R","BOSS","M","$","M","?","?","R","M","E","T","E","R","?","?","M","R","BOSS","BOSS","R","$","E","BOSS"],"items_purchased_type":["Card","Card","Relic"],"build_version":"2020-12-22","purchased_purges":5,"victory":true,"max_hp_per_floor":[60,60,60,60,60,60,60,60,60,60,60,60,60,60,60,60,60,60,60,60,60,60,65,65,65,65,65,65,65,65,65,65,65,65,65,65,65,65,62,62,62,62,62,62,62,62,62,62,62,62,62,62,62,62,62,62],"card_choices":[{"not_picked":["Bane","Setup"],"picked":"Calculated Gamble","floor":1.0},{"not_picked":["Skewer","Bane"],"picked":"Reflex","floor":2.0},{"not_picked":["Outmaneuver","Infinite Blades"],"picked":"Bouncing Flask","floor":3.0},{"not_picked":["Accuracy","Bane","PiercingWail"],"picked":"SKIP","floor":7.0},{"not_picked":["Accuracy","Caltrops","All Out Attack"],"picked":"SKIP","floor":8.0},{"not_picked":["Sucker Punch","Eviscerate","Distraction"],"picked":"SKIP","floor":12.0},{"not_picked":["Sucker Punch","Distraction"],"picked":"Eviscerate","floor":12.0},{"not_picked":["Doppelganger","Night Terror"],"picked":"Adrenaline","floor":16.0},{"not_picked":["Flying Knee","Catalyst","All Out Attack"],"picked":"SKIP","floor":18.0},{"not_picked":["Bane","Slice"],"picked":"Eviscerate","floor":20.0},{"not_picked":["Slice","Deflect","PiercingWail"],"picked":"SKIP","floor":21.0},{"not_picked":["Catalyst","Slice+1"],"picked":"Reflex","floor":22.0},{"not_picked":["Dagger Spray+1","Bane"],"picked":"Prepared","floor":23.0},{"not_picked":["Sucker Punch","Prepared","Slice"],"picked":"SKIP","floor":25.0},{"not_picked":["Sucker Punch+1","Outmaneuver","Deflect"],"picked":"SKIP","floor":29.0},{"not_picked":["Blur","Bullet Time"],"picked":"Acrobatics","floor":30.0},{"not_picked":["Envenom","Doppelganger"],"picked":"Wraith Form v2","floor":33.0},{"not_picked":["Deadly Poison","Sucker Punch"],"picked":"Backflip+1","floor":35.0},{"not_picked":["PiercingWail","Distraction+1","Setup"],"picked":"SKIP","floor":37.0},{"not_picked":["Flying Knee","Backflip","Catalyst"],"picked":"SKIP","floor":41.0},{"not_picked":["Burst","Dagger Spray","Heel Hook+1"],"picked":"SKIP","floor":42.0},{"not_picked":["Dagger Spray","Heel Hook+1"],"picked":"Burst","floor":42.0},{"not_picked":["Outmaneuver","Predator+1","Skewer+1"],"picked":"SKIP","floor":44.0},{"not_picked":["Masterful Stab+1","Flying Knee"],"picked":"Prepared","floor":48.0},{"not_picked":["Phantasmal Killer","Dodge and Roll"],"picked":"After Image","floor":55.0}],"player_experience":370269,"relics_obtained":[{"floor":8.0,"key":"Bronze Scales"},{"floor":9.0,"key":"Bag of Preparation"},{"floor":22.0,"key":"Red Mask"},{"floor":23.0,"key":"MealTicket"},{"floor":25.0,"key":"White Beast Statue"},{"floor":26.0,"key":"Matryoshka"},{"floor":42.0,"key":"Letter Opener"},{"floor":43.0,"key":"Akabeko"},{"floor":44.0,"key":"Juzu Bracelet"},{"floor":55.0,"key":"Oddly Smooth Stone"}],"event_choices":[{"damage_healed":0.0,"max_hp_gain":0.0,"max_hp_loss":0.0,"gold_gain":0.0,"cards_transformed":["Strike_G"],"event_name":"Living Wall","player_choice":"Change","floor":4.0,"gold_loss":0.0,"damage_taken":0.0,"cards_obtained":["Dash"]},{"damage_healed":0.0,"max_hp_gain":0.0,"max_hp_loss":0.0,"gold_gain":0.0,"event_name":"Liars Game","player_choice":"Ignored","floor":5.0,"gold_loss":0.0,"damage_taken":0.0},{"damage_healed":0.0,"max_hp_gain":0.0,"max_hp_loss":0.0,"gold_gain":0.0,"event_name":"Lab","player_choice":"Got Potions","floor":11.0,"gold_loss":0.0,"damage_taken":0.0},{"damage_healed":0.0,"max_hp_gain":0.0,"max_hp_loss":0.0,"gold_gain":0.0,"event_name":"Golden Idol","player_choice":"Take Damage","floor":13.0,"gold_loss":0.0,"damage_taken":21.0,"relics_obtained":["Golden Idol"]},{"damage_healed":0.0,"max_hp_gain":0.0,"max_hp_loss":0.0,"gold_gain":0.0,"cards_transformed":["Defend_G","Defend_G"],"event_name":"Drug Dealer","player_choice":"Became Test Subject","floor":19.0,"gold_loss":0.0,"damage_taken":0.0,"cards_obtained":["PiercingWail","Flechettes"]},{"damage_healed":0.0,"max_hp_gain":0.0,"max_hp_loss":0.0,"gold_gain":0.0,"event_name":"Masked Bandits","player_choice":"Fought Bandits","floor":22.0,"gold_loss":0.0,"damage_taken":0.0},{"cards_removed":["Strike_G"],"damage_healed":0.0,"max_hp_gain":0.0,"max_hp_loss":0.0,"gold_gain":0.0,"event_name":"Purifier","player_choice":"Purged","floor":24.0,"gold_loss":0.0,"damage_taken":0.0},{"damage_healed":0.0,"max_hp_gain":0.0,"max_hp_loss":0.0,"gold_gain":333.0,"event_name":"The Moai Head","player_choice":"Gave Idol","floor":38.0,"relics_lost":["Golden Idol"],"gold_loss":0.0,"damage_taken":0.0},{"damage_healed":0.0,"max_hp_gain":0.0,"max_hp_loss":3.0,"gold_gain":0.0,"event_name":"Winding Halls","player_choice":"Max HP","floor":39.0,"gold_loss":0.0,"damage_taken":0.0},{"damage_healed":0.0,"max_hp_gain":0.0,"max_hp_loss":0.0,"gold_gain":0.0,"event_name":"MindBloom","player_choice":"Upgrade","floor":46.0,"gold_loss":0.0,"damage_taken":0.0,"cards_upgraded":["Survivor","Neutralize","Dash","Eviscerate","Adrenaline","PiercingWail","Flechettes","Eviscerate","Acrobatics","Wraith Form v2","Well Laid Plans","Burst"],"relics_obtained":["Mark of the Bloom"]},{"damage_healed":0.0,"max_hp_gain":0.0,"max_hp_loss":0.0,"gold_gain":0.0,"event_name":"SecretPortal","player_choice":"Ignored","floor":47.0,"gold_loss":0.0,"damage_taken":0.0}],"is_beta":false,"boss_relics":[{"not_picked":["Ectoplasm","SlaversCollar"],"picked":"HoveringKite"},{"not_picked":["Cursed Key","Tiny House"],"picked":"Philosopher\u0027s Stone"}],"items_purged_floors":[14,27,31,36,54],"is_endless":false,"potions_floor_spawned":[1,2,8,16,21,22,23,25,29,30,33,35,37,41,42,44,48,55],"ascension_level":20}}