{"host":"zksvs3x2ysy9npnz","time":1610080623,"event":{"mods":["Aspiration","BaseMod","Beaked The Cultist","BetterRewards","Clockwork Mod","Colored Map","Conspire","Downfall","Duelist Mod","Ekko","Halation","Highlight Path","Hubris","Hunter ??","Infinite Spire","Jedi Mod","JesterMod","Minty Spire (QoL Compilation)","Permanent Neow","Quick Restart","Relic Stats","Replay The Spire","Retaliation","Shade Mod","Shop Mod","StSLib"],"gold_per_floor":[99,117,23,23,23,23,50,111,111,126,51,69,96,110,129,201,201,126,136,147,147,147,162,188,188,201,86,100,100,39,64,81,158,158,158,170,204,222,234,265,314,341,341,341,341,370,385,433,452,452],"floor_reached":51,"playtime":4128,"items_purged":["Doubt","Regret"],"score":1422,"play_id":"110ade7c-9d76-4a02-9d7d-7d6b12ae5f62","local_time":"20210108053703","is_ascension_mode":true,"campfire_choices":[{"data":"Slimebound:CorrosiveSpit","floor":1.0,"key":"SMITH"},{"floor":11.0,"key":"DIG"},{"floor":18.0,"key":"DIG"},{"floor":25.0,"key":"DIG"},{"floor":29.0,"key":"DIG"},{"floor":35.0,"key":"DIG"},{"floor":44,"key":"DIG"}],"circlet_count":0,"master_deck":["AscendersBane","Slimebound:Strike_Slimebound","Slimebound:Strike_Slimebound","Slimebound:Strike_Slimebound+1","Slimebound:Tackle","Slimebound:Defend_Slimebound","Slimebound:Defend_Slimebound","Slimebound:Defend_Slimebound","Slimebound:Defend_Slimebound","Slimebound:Split+1","Slimebound:CorrosiveSpit+1","Slimebound:SplitMire+1","Slimebound:FormOfPuddle","Slimebound:GrowthPunch","Slimebound:SplitMire","Slimebound:RallyTheTroops","Slimebound:AcidTongue+1","RitualDagger+1","Slimebound:SlimeSpikes","Slimebound:LevelUp+1","Slimebound:LeadByExample","infinitespire:Collect","Slimebound:LeadByExample"],"relics":["Slimebound:AbsorbEndCombat","aspiration:ChemicalBlood","ReplayTheSpireMod:CursedCoin","Replay:Baseball","conspire:InfiniteJournal","Shovel","downfall:HeartBlessingBlue","Torii","Replay:Bottled Steam","conspire:SpecialSausage","downfall:HeartBlessingGreen","hubris:DeckOfHolding","aspiration:RitualStick","Juzu Bracelet","jedi:heavyjacket","Dream Catcher","Pet Ghost","Runic Pyramid","Peace Pipe","Slimebound:SlimedSkullRelic","Slimebound:AggressiveSlimeRelic","halation:PrussianBluePaint","Regal Pillow","halation:PinkSoulGem","infinitespire:Satchel","hubris:Icosahedron","Bag of Preparation","hubris:FunFungus"],"acts_visited":["Exordium","TheCity","TheBeyond"],"potions_floor_usage":[42,46,46,48,48,50,50],"damage_taken":[{"damage":21.0,"enemies":"Small Slimes","floor":2.0,"turns":4.0},{"damage":11.0,"enemies":"downfall:FleeingMerchant","floor":3.0,"turns":4.0},{"damage":36.0,"enemies":"Lagavulin Event","floor":8.0,"turns":5.0},{"damage":14.0,"enemies":"Jaw Worm","floor":10.0,"turns":3.0},{"damage":10.0,"enemies":"2 Louse","floor":12.0,"turns":3.0},{"damage":45.0,"enemies":"Gremlin Nob","floor":13.0,"turns":5.0},{"damage":31.0,"enemies":"Gremlin Gang","floor":14.0,"turns":3.0},{"damage":21.0,"enemies":"Large Slime","floor":15.0,"turns":6.0},{"damage":55.0,"enemies":"downfall:Ironclad","floor":16.0,"turns":7.0},{"damage":14.0,"enemies":"Chosen","floor":19.0,"turns":4.0},{"damage":15.0,"enemies":"Shell Parasite","floor":20.0,"turns":6.0},{"damage":17.0,"enemies":"Cultist and Chosen","floor":23.0,"turns":3.0},{"damage":29.0,"enemies":"Sentry and Sphere","floor":26.0,"turns":5.0},{"damage":17.0,"enemies":"downfall:FleeingMerchant","floor":27.0,"turns":4.0},{"damage":31.0,"enemies":"Shelled Parasite and Fungi","floor":28.0,"turns":4.0},{"damage":16.0,"enemies":"downfall:FleeingMerchant","floor":30.0,"turns":4.0},{"damage":27.0,"enemies":"Gremlin Leader","floor":31.0,"turns":8.0},{"damage":19.0,"enemies":"Cultist and Chosen","floor":32.0,"turns":4.0},{"damage":35.0,"enemies":"downfall:Silent","floor":33.0,"turns":8.0},{"damage":12.0,"enemies":"Orb Walker","floor":36.0,"turns":4.0},{"damage":23.0,"enemies":"conspire:MimicChest","floor":37.0,"turns":7.0},{"damage":16.0,"enemies":"3 Darklings","floor":38.0,"turns":5.0},{"damage":28.0,"enemies":"4 Shapes","floor":39.0,"turns":5.0},{"damage":57.0,"enemies":"Nightmare","floor":40.0,"turns":8.0},{"damage":34,"enemies":"Reptomancer","floor":42,"turns":6},{"damage":16,"enemies":"Nemesis","floor":46,"turns":7},{"damage":16,"enemies":"Writhing Mass","floor":47,"turns":5},{"damage":19,"enemies":"2 Orb Walkers","floor":48,"turns":3},{"damage":16,"enemies":"Transient","floor":49,"turns":5},{"damage":20,"enemies":"downfall:Watcher","floor":50,"turns":5}],"seed_played":"-3417980266549980683","potions_obtained":[{"floor":2.0,"key":"Ancient Potion"},{"floor":3.0,"key":"LifebloodPotion"},{"floor":8.0,"key":"Reflective Coating"},{"floor":8.0,"key":"LifebloodPotion"},{"floor":10.0,"key":"Block Potion"},{"floor":13.0,"key":"CultistPotion"},{"floor":14.0,"key":"PowerPotion"},{"floor":14.0,"key":"Dexterity Potion"},{"floor":15.0,"key":"hexamod:EctoCoolerPotion"},{"floor":16.0,"key":"AttackPotion"},{"floor":16.0,"key":"Elixir"},{"floor":23.0,"key":"Explosive Potion"},{"floor":23.0,"key":"jedi:StrikingPotion"},{"floor":26.0,"key":"Venom Potion"},{"floor":26.0,"key":"jedi:StrikingPotion"},{"floor":28.0,"key":"BlessingOfTheForge"},{"floor":28.0,"key":"Fire Potion"},{"floor":30.0,"key":"Adrenaline Potion"},{"floor":31.0,"key":"Reflective Coating"},{"floor":32.0,"key":"PowerPotion"},{"floor":33.0,"key":"Languid Potion"},{"floor":33.0,"key":"SkillPotion"},{"floor":33.0,"key":"sneckomod:MuddlingPotion"},{"floor":37.0,"key":"Elixir"},{"floor":37.0,"key":"jedi:hoardpotion"},{"floor":38.0,"key":"hexamod:EctoCoolerPotion"},{"floor":39.0,"key":"Fire Potion"},{"floor":40.0,"key":"FairyPotion"},{"floor":42,"key":"Block Potion"},{"floor":42,"key":"Block Potion"},{"floor":47,"key":"jedi:hoardpotion"},{"floor":48,"key":"Block Potion"},{"floor":50,"key":"DuplicationPotion"},{"floor":50,"key":"Dexterity Potion"}],"is_trial":false,"path_per_floor":["R_BF","M","$","?","?","?","T","?","T","M","R","M","E","M","M","B",null,"R_BF","M","M","?","?","M","T","R","M","$","M","R","$","E","M","B",null,"R_BF","M","?","M","M","NM","T","E","?","R","?","E","M","?","M","B",null],"character_chosen":"SLIMEBOUND","items_purchased":["ReplayTheSpireMod:CursedCoin","Replay:Baseball","Slimebound:SlimeSpikes"],"campfire_rested":0,"item_purchase_floors":[3,3,30],"current_hp_per_floor":[49,44,54,54,54,59,59,51,51,57,67,69,50,47,62,57,66,66,69,69,69,55,69,69,69,64,69,59,59,69,69,69,68,69,69,69,65,69,69,44,44,42,42,42,42,46,54,69,69,69],"gold":452,"neow_bonus":"RANDOM_COMMON_RELIC","is_daily":false,"chose_seed":false,"campfire_upgraded":1,"win_rate":0.0,"timestamp":1610080623,"path_taken":["R_BF","M","$","?","?","?","T","?","?","?","R","M","E","M","M","BOSS","R_BF","M","?","?","?","M","T","R","M","$","M","R","$","E","M","BOSS","R_BF","M","?","M","M","NM","T","E","?","R","?","E","M","?","M","BOSS"],"items_purchased_type":["Relic","Relic","Card"],"build_version":"2020-12-22","purchased_purges":2,"victory":true,"max_hp_per_floor":[54,54,54,54,54,59,59,59,59,59,69,69,69,69,69,69,69,69,69,69,69,69,69,69,69,69,69,69,69,69,69,69,69,69,69,69,69,69,69,69,69,69,69,69,69,69,69,69,69,69],"relic_stats":{"Peace Pipe":0,"Dream Catcher":0,"Regal Pillow":0,"Shovel":6,"Torii":36,"counters":[30,149],"Juzu Bracelet":1,"Bag of Preparation":[8],"obtain_stats":[{"Regal Pillow":42,"Torii":11,"conspire:SpecialSausage":17,"downfall:HeartBlessingGreen":18,"Juzu Bracelet":24,"Bag of Preparation":46,"aspiration:RitualStick":22,"Pet Ghost":31,"conspire:InfiniteJournal":8,"Dream Catcher":29,"Shovel":9,"hubris:Icosahedron":45,"downfall:HeartBlessingBlue":11,"halation:PrussianBluePaint":41,"hubris:DeckOfHolding":18,"hubris:FunFungus":48,"aspiration:ChemicalBlood":0,"Replay:Bottled Steam":13,"Runic Pyramid":34,"Slimebound:AggressiveSlimeRelic":40,"ReplayTheSpireMod:CursedCoin":3,"Peace Pipe":35,"jedi:heavyjacket":25,"Replay:Baseball":3,"infinitespire:Satchel":44,"Slimebound:AbsorbEndCombat":0,"halation:PinkSoulGem":43,"Slimebound:SlimedSkullRelic":37},{"Regal Pillow":25,"Torii":4,"conspire:SpecialSausage":9,"downfall:HeartBlessingGreen":9,"Juzu Bracelet":12,"Bag of Preparation":26,"aspiration:RitualStick":11,"Pet Ghost":17,"conspire:InfiniteJournal":2,"Dream Catcher":15,"Shovel":3,"hubris:Icosahedron":25,"downfall:HeartBlessingBlue":4,"halation:PrussianBluePaint":24,"hubris:DeckOfHolding":9,"hubris:FunFungus":28,"aspiration:ChemicalBlood":0,"Replay:Bottled Steam":6,"Runic Pyramid":19,"Slimebound:AggressiveSlimeRelic":24,"ReplayTheSpireMod:CursedCoin":2,"Peace Pipe":19,"jedi:heavyjacket":12,"Replay:Baseball":2,"infinitespire:Satchel":25,"Slimebound:AbsorbEndCombat":0,"halation:PinkSoulGem":25,"Slimebound:SlimedSkullRelic":21},{"Regal Pillow":124,"Torii":16,"conspire:SpecialSausage":40,"downfall:HeartBlessingGreen":40,"Juzu Bracelet":53,"Bag of Preparation":131,"aspiration:RitualStick":50,"Pet Ghost":78,"conspire:InfiniteJournal":8,"Dream Catcher":66,"Shovel":13,"hubris:Icosahedron":124,"downfall:HeartBlessingBlue":16,"halation:PrussianBluePaint":118,"hubris:DeckOfHolding":40,"hubris:FunFungus":139,"aspiration:ChemicalBlood":0,"Replay:Bottled Steam":24,"Runic Pyramid":90,"Slimebound:AggressiveSlimeRelic":118,"ReplayTheSpireMod:CursedCoin":8,"Peace Pipe":90,"jedi:heavyjacket":53,"Replay:Baseball":8,"infinitespire:Satchel":124,"Slimebound:AbsorbEndCombat":0,"halation:PinkSoulGem":124,"Slimebound:SlimedSkullRelic":101}],"aspiration:RitualStick":[7]},"card_choices":[{"not_picked":["Slimebound:Grow","Slimebound:ViciousTackle"],"picked":"Slimebound:SplitMire","floor":2.0},{"not_picked":["Slimebound:SamplingLick","Slimebound:Chomp"],"picked":"Slimebound:FormOfPuddle","floor":3.0},{"not_picked":["Slimebound:LeechingTouch","Slimebound:LevelUp"],"picked":"Slimebound:GrowthPunch","floor":10.0},{"not_picked":["Slimebound:SpikyOuterGoop","Slimebound:ViciousTackle","Slimebound:Chomp"],"picked":"SKIP","floor":12.0},{"not_picked":["Slimebound:ForwardTackle","Slimebound:SamplingLick"],"picked":"Slimebound:SplitMire","floor":13.0},{"not_picked":["Slimebound:FirmFortitude","Slimebound:DuplicatedForm","Slimebound:SlimeTap"],"picked":"SKIP","floor":14.0},{"not_picked":["Slimebound:Schlurp","Slimebound:LeechEnergy","Slimebound:SplitLeeching"],"picked":"SKIP","floor":15.0},{"not_picked":["Slimebound:SlimeSlap","Slimebound:LeechLife"],"picked":"Slimebound:RallyTheTroops","floor":16.0},{"not_picked":["Slimebound:GoopSpray","Slimebound:RainOfGoop"],"picked":"Slimebound:AcidTongue+1","floor":19.0},{"not_picked":["Slimebound:SplitLeeching","Slimebound:SplitAcid","Slimebound:GrowthPunch"],"picked":"SKIP","floor":20.0},{"not_picked":["Slimebound:ViciousTackle","Slimebound:SamplingLick","Slimebound:SlimeSlap"],"picked":"SKIP","floor":23.0},{"not_picked":["Slimebound:TongueLash","Slimebound:SlimeBrawl","Slimebound:Nibble"],"picked":"SKIP","floor":26.0},{"not_picked":["Slimebound:MassRepurpose","Slimebound:SlimeBrawl","Slimebound:PressTheAttack+1"],"picked":"SKIP","floor":27.0},{"not_picked":["Slimebound:SplitAcid","Slimebound:LeechEnergy","Slimebound:ComboTackle"],"picked":"SKIP","floor":28.0},{"not_picked":["Slimebound:SplitBruiser","Slimebound:ProtectTheBoss","Slimebound:ItLooksTasty"],"picked":"SKIP","floor":30.0},{"not_picked":["Slimebound:LeadByExample","Slimebound:Schlurp+1","Slimebound:FlameTackle+1"],"picked":"SKIP","floor":31.0},{"not_picked":["Slimebound:RainOfGoop","Slimebound:FlameTackle"],"picked":"Slimebound:LevelUp+1","floor":32.0},{"not_picked":["Slimebound:ComboTackle","Slimebound:PressTheAttack","Slimebound:GrowthPunch"],"picked":"SKIP","floor":36.0},{"not_picked":["Slimebound:GrowthPunch","Slimebound:ViciousTackle","Slimebound:Schlurp"],"picked":"SKIP","floor":38.0},{"not_picked":["Slimebound:FinishingTackle","Slimebound:SplitMire"],"picked":"Slimebound:LeadByExample","floor":39.0},{"not_picked":["infinitespire:SevenWalls","infinitespire:FinalStrike"],"picked":"infinitespire:Collect","floor":40.0},{"not_picked":["Slimebound:WasteNot","Slimebound:PressTheAttack"],"picked":"Slimebound:LeadByExample","floor":40.0},{"not_picked":["Slimebound:GrowthPunch","Slimebound:ForwardTackle+1","Slimebound:HauntingLick"],"picked":"SKIP","floor":42},{"not_picked":["Slimebound:SplitLeeching","Slimebound:RallyTheTroops","Slimebound:GoopSpray+1"],"picked":"SKIP","floor":46},{"not_picked":["Slimebound:RollThrough","Slimebound:SplitLeeching","Slimebound:GoopSpray"],"picked":"SKIP","floor":47},{"not_picked":["Slimebound:RainOfGoop","Slimebound:PrepareCrush","Slimebound:ProtectTheBoss"],"picked":"SKIP","floor":49}],"player_experience":1839964,"relics_obtained":[{"floor":9.0,"key":"Shovel"},{"floor":11.0,"key":"Torii"},{"floor":13.0,"key":"Replay:Bottled Steam"},{"floor":18.0,"key":"hubris:DeckOfHolding"},{"floor":24.0,"key":"Juzu Bracelet"},{"floor":25.0,"key":"jedi:heavyjacket"},{"floor":29.0,"key":"Dream Catcher"},{"floor":31.0,"key":"Pet Ghost"},{"floor":35.0,"key":"Peace Pipe"},{"floor":37.0,"key":"Slimebound:SlimedSkullRelic"},{"floor":40.0,"key":"Slimebound:AggressiveSlimeRelic"},{"floor":41.0,"key":"halation:PrussianBluePaint"},{"floor":42,"key":"Regal Pillow"},{"floor":44,"key":"infinitespire:Satchel"},{"floor":46,"key":"Bag of Preparation"},{"floor":48,"key":"hubris:FunFungus"}],"event_choices":[{"damage_healed":0.0,"max_hp_gain":5.0,"max_hp_loss":0.0,"gold_gain":0.0,"event_name":"Big Fish","player_choice":"Donut","floor":6.0,"gold_loss":0.0,"damage_taken":0.0},{"damage_healed":0,"gold_gain":0,"player_choice":"Fight","damage_taken":0,"max_hp_gain":0,"max_hp_loss":0,"event_name":"Mysterious Sphere","floor":48,"gold_loss":0}],"is_beta":false,"boss_relics":[{"not_picked":["beaked:MawFillet","jedi:battlestandard"],"picked":"conspire:SpecialSausage"},{"not_picked":["aspiration:SecretTechniqueScroll","Replay:Ancient Bell"],"picked":"Runic Pyramid"}],"items_purged_floors":[3,27],"is_endless":false,"potions_floor_spawned":[2,8,10,13,23,28,32,33,36,38,39,47,48,49],"ascension_level":14}}