{"host":"i9h64q9gphvrup4n","time":1610080085,"event":{"mods":["2.2 Compatiblity","AchievementEnabler","Aspiration","Astrologer","Bard","BaseMod","Beaked The Cultist","BetterRewards","Colored Powertips","Conspire","Downfall","Gremlin Mod","Hermit","Hubris","Infinite Spire","Jorbs\u0027s Wanderer Trilogy","Minty Spire (QoL Compilation)","Replay The Spire","Shop Mod","StSLib","SuperFastMode","The Blackbeard","The Bladedancer","The Bug Knight","The Construct","The Cursed","The Disciple","The Hierophant","The Jungle","The Necromancer","The Runesmith","The Wild Card","slay the spire mod where everything is the same but ironclad has a cowboy hat","vexMod"],"gold_per_floor":[119,131,150,2,17,50,50,66,66,66,66,66,83,95,95,198,198,214,214,229,239,239,270,283,300,300,300,319,337,414,444,444,556,556,581,611,611,645,667,715,757,757,757,757,757,757,787,838,838,850,850,850,53,88,94],"floor_reached":56,"playtime":2252,"items_purged":[],"score":1328,"play_id":"f36331e0-f82e-4673-8d9d-f740a79873e3","local_time":"20210107222805","is_ascension_mode":false,"campfire_choices":[{"floor":7,"key":"REST"},{"floor":11,"key":"REST"},{"floor":15,"key":"RECALL"},{"data":"Summon_Death_Knight","floor":27,"key":"SMITH"},{"data":"Summon_Vampire_Lady","floor":32,"key":"SMITH"},{"data":"Summon_Undead","floor":42,"key":"SMITH"},{"data":"Negative_Energy_Arrows","floor":45,"key":"SMITH"},{"data":"Toxic_Smoke_Screen","floor":49,"key":"SMITH"},{"data":"Finger_Of_Death","floor":52,"key":"SMITH"}],"circlet_count":0,"master_deck":["Strike_W","Strike_W","Strike_W","Strike_W","Defend_W+1","Defend_W","Defend_W","Defend_W+1","Negative_Energy_Arrows+1","Bone_Wall","Death_March_Dance+1","Negative_Energy_Burst+1","Death_Coil","Consume_Illness+1","Summon_Death_Knight+1","Death_Coil","infinitespire:Punishment+1","Summon_Undead+1","Grasp_Heart+1","Toxic_Smoke_Screen+1","Summon_Undead_Army+1","Finger_Of_Death+1","Bone_Bullets+1","Consume_Illness","Negative_Energy_Sphere+1","Summon_Undead+1","Summon_Vampire_Lady+1","Summon_Vampire_Lady+1","Epidemic+1","Negative_Energy_Shield+1","Looming Evil","Finger_Of_Death+1","Strike_from_Beyond","Shackles_Of_Pain+1","Negative_Energy_Burst+1","Negative_Energy_Shield+1"],"relics":["Vampire_Amulet","NeowsBlessing","Strange Spoon","vexMod:ScavengeHelm","construct:WeddingRing","beaked:MawFillet","aspiration:SeaSaltIceCream","Burning Blood","Incense Burner","infinitespire:WardingShard","The Courier","Replay:Bandana","vexMod:ImprovementManual","Ring of Fury","Ring of Peace","infinitespire:Magic Flask","conspire:Flyswatter","War Paint","infinitespire:ShieldingShard","Lizard Tail","Bronze Scales","CaptainsWheel","hubris:Metronome"],"acts_visited":["Exordium","TheCity","TheBeyond","TheEnding"],"potions_floor_usage":[39,40,50,50,55],"damage_taken":[{"damage":0,"enemies":"Cultist","floor":1,"turns":1},{"damage":0,"enemies":"Jaw Worm","floor":2,"turns":1},{"damage":0,"enemies":"Small Slimes","floor":3,"turns":2},{"damage":1,"enemies":"Blue Slaver","floor":5,"turns":6},{"damage":59,"enemies":"Lagavulin","floor":6,"turns":11},{"damage":11,"enemies":"Lots of Slimes","floor":8,"turns":5},{"damage":6,"enemies":"Exordium Wildlife","floor":13,"turns":5},{"damage":8,"enemies":"Gremlin Gang","floor":14,"turns":6},{"damage":14,"enemies":"Hexaghost","floor":16,"turns":11},{"damage":10,"enemies":"Spheric Guardian","floor":18,"turns":3},{"damage":2,"enemies":"3 Byrds","floor":20,"turns":3},{"damage":9,"enemies":"Snecko","floor":21,"turns":4},{"damage":11,"enemies":"Slavers","floor":23,"turns":5},{"damage":0,"enemies":"Centurion and Healer","floor":24,"turns":4},{"damage":9,"enemies":"Snake Plant","floor":25,"turns":2},{"damage":4,"enemies":"Cultist and Chosen","floor":28,"turns":4},{"damage":1,"enemies":"conspire:HollyBat","floor":29,"turns":8},{"damage":0,"enemies":"conspire:Head Lice","floor":31,"turns":3},{"damage":65,"enemies":"Automaton","floor":33,"turns":10},{"damage":0,"enemies":"3 Shapes","floor":35,"turns":2},{"damage":0,"enemies":"Orb Walker","floor":36,"turns":4},{"damage":21,"enemies":"Sphere and 2 Shapes","floor":38,"turns":5},{"damage":21,"enemies":"Writhing Mass","floor":39,"turns":6},{"damage":32,"enemies":"Reptomancer","floor":40,"turns":6},{"damage":0,"enemies":"R_Hoarder","floor":41,"turns":7},{"damage":0,"enemies":"Maw","floor":47,"turns":6},{"damage":27,"enemies":"Time Eater","floor":50,"turns":11},{"damage":26,"enemies":"Shield and Spear","floor":54,"turns":5},{"damage":66,"enemies":"The Heart","floor":55,"turns":10}],"seed_played":"-8248142603457370200","potions_obtained":[{"floor":2,"key":"construct:ShiftPotion"},{"floor":5,"key":"SneckoOil"},{"floor":8,"key":"Dexterity Potion"},{"floor":24,"key":"Fire Potion"},{"floor":25,"key":"Languid Potion"},{"floor":39,"key":"Energy Potion"},{"floor":41,"key":"LifebloodPotion"}],"is_trial":false,"path_per_floor":["M","M","M","$","M","E","R","M","T","?","R","?","M","M","R","B",null,"M","?","M","M","AVR","E","M","M","T","R","M","M","T","E","R","B",null,"M","M","?","M","M","E","E","R","T","?","R","?","M","T","R","B",null,"R","$","E","B",null],"character_chosen":"NECROMANCER","items_purchased":["Strange Spoon","infinitespire:ShieldingShard","Lizard Tail","Bronze Scales","CaptainsWheel"],"campfire_rested":2,"item_purchase_floors":[4,53,53,53,53],"current_hp_per_floor":[75,75,75,75,75,21,43,45,45,30,52,35,39,60,60,48,75,67,67,71,64,64,65,75,74,74,74,75,75,75,75,75,41,75,75,75,75,75,75,75,75,75,75,75,75,75,75,75,75,75,75,75,75,71,54],"gold":94,"neow_bonus":"THREE_ENEMY_KILL","is_daily":false,"chose_seed":false,"campfire_upgraded":6,"win_rate":0.0,"timestamp":1610080085,"path_taken":["M","M","M","$","M","E","R","?","T","?","R","?","M","M","R","BOSS","M","?","M","M","AVR","E","?","M","T","R","M","?","?","E","R","BOSS","M","?","?","M","M","E","E","R","T","?","R","?","M","?","R","BOSS","R","$","E","BOSS"],"items_purchased_type":["Relic","Relic","Relic","Relic","Relic"],"build_version":"2020-12-22","purchased_purges":0,"victory":true,"max_hp_per_floor":[75,75,75,75,75,75,75,75,75,75,75,75,75,75,75,75,75,75,75,75,75,75,75,75,75,75,75,75,75,75,75,75,75,75,75,75,75,75,75,75,75,75,75,75,75,75,75,75,75,75,75,75,75,75,75],"card_choices":[{"not_picked":["Scare","Violent_Necrosis"],"picked":"Death_March_Dance","floor":1},{"not_picked":["Spectral_Walk","Scare"],"picked":"Negative_Energy_Burst","floor":2},{"not_picked":["Blood_Whip","Bones_to_Steel"],"picked":"Death_Coil","floor":3},{"not_picked":["Whirlwind_of_Bones","Shackles_Of_Pain"],"picked":"Consume_Illness","floor":5},{"not_picked":["Summon_Undead_Army","Negative_Energy_Shield"],"picked":"Summon_Death_Knight","floor":6},{"not_picked":["Bone_Armor","Chill_Blood"],"picked":"Death_Coil","floor":8},{"not_picked":["ReplayTheSpireMod:Book of Names","infinitespire:TheBestDefense"],"picked":"infinitespire:Punishment","floor":12},{"not_picked":["Toxic_Smoke_Screen","Chill_Blood"],"picked":"Summon_Undead","floor":13},{"not_picked":["Death_Coil","Bone_Shift"],"picked":"Toxic_Smoke_Screen","floor":14},{"not_picked":["Cloudkill","Hellfire"],"picked":"Grasp_Heart","floor":16},{"not_picked":["Finger_Of_Death+1","Negative_Energy_Shield"],"picked":"Toxic_Smoke_Screen","floor":18},{"not_picked":["Corrupt+1","Chill_Blood"],"picked":"Finger_Of_Death","floor":20},{"not_picked":["Death_Coil","Shackles_Of_Pain+1"],"picked":"Bone_Bullets+1","floor":21},{"not_picked":["Violent_Necrosis","Bone_Armor+1"],"picked":"Consume_Illness","floor":23},{"not_picked":["Bones_to_Steel","Blood_Curse","Vampiric_Strike"],"picked":"SKIP","floor":24},{"not_picked":["Death_Coil","Toxic_Smoke_Screen"],"picked":"Negative_Energy_Sphere+1","floor":25},{"not_picked":["Shade_Step","Epidemic","Violent_Necrosis"],"picked":"SKIP","floor":28},{"not_picked":["Negative_Energy_Javelin","Bone_Armory"],"picked":"Summon_Undead","floor":29},{"not_picked":["Consume_Illness+1","Blood_Curse"],"picked":"Summon_Vampire_Lady","floor":31},{"not_picked":["Blood_Magic","Negative_Energy_Bomb"],"picked":"Summon_Vampire_Lady","floor":33},{"not_picked":["Death_March_Dance","Blood_Curse+1"],"picked":"Epidemic+1","floor":35},{"not_picked":["Consume_Illness+1","Shackles_Of_Pain+1"],"picked":"Negative_Energy_Shield+1","floor":36},{"not_picked":["Negative_Energy_Mist+1","Blood_Whip"],"picked":"Finger_Of_Death+1","floor":38},{"not_picked":["Bone_Bullets","Necromantic_Selection","Spectral_Armor"],"picked":"SKIP","floor":39},{"not_picked":["Necrotic_Claws","Blood_Curse+1"],"picked":"Strike_from_Beyond","floor":40},{"not_picked":["Death_Coil","Requiem"],"picked":"Shackles_Of_Pain+1","floor":41},{"not_picked":["Chill_Blood","Scare+1"],"picked":"Negative_Energy_Burst+1","floor":47},{"not_picked":["Blood_Whip","Bones_to_Steel"],"picked":"Negative_Energy_Shield+1","floor":54}],"player_experience":695213,"relics_obtained":[{"floor":9,"key":"vexMod:ScavengeHelm"},{"floor":23,"key":"Incense Burner"},{"floor":26,"key":"infinitespire:WardingShard"},{"floor":30,"key":"The Courier"},{"floor":31,"key":"Replay:Bandana"},{"floor":37,"key":"Ring of Fury"},{"floor":37,"key":"Ring of Peace"},{"floor":40,"key":"infinitespire:Magic Flask"},{"floor":41,"key":"conspire:Flyswatter"},{"floor":48,"key":"War Paint"},{"floor":54,"key":"hubris:Metronome"}],"event_choices":[{"damage_healed":0,"gold_gain":0,"player_choice":"Entered Light","damage_taken":15,"max_hp_gain":0,"max_hp_loss":0,"event_name":"Shining Light","floor":10,"gold_loss":0,"cards_upgraded":["Death_March_Dance","Defend_W"]},{"damage_healed":0,"gold_gain":0,"player_choice":"Read","damage_taken":0,"max_hp_gain":0,"max_hp_loss":0,"event_name":"The Library","floor":19,"gold_loss":0,"cards_obtained":["Summon_Undead_Army"]},{"cards_removed":["Toxic_Smoke_Screen"],"damage_healed":0,"gold_gain":0,"player_choice":"Removed Skill","damage_taken":0,"max_hp_gain":0,"max_hp_loss":0,"event_name":"Falling","floor":46,"gold_loss":0}],"is_beta":false,"boss_relics":[{"not_picked":["Pandora\u0027s Box","Kintsugi"],"picked":"construct:WeddingRing"},{"not_picked":["Replay:Drink Me","hubris:RunicObelisk"],"picked":"vexMod:ImprovementManual"}],"items_purged_floors":[],"is_endless":false,"potions_floor_spawned":[2,5,8,24,25,31,33,38,39,41],"ascension_level":0}}