{"host":"7mhyj3osjecvpzx6","time":1610078818,"event":{"mods":["Act Like it!","Astrologer","BaseMod","ChefMod","Colored Powertips","Displayed Cursed Tome","Elementarium","Gensokyo","Menagerie","Minty Spire (QoL Compilation)","Pale of the Ancients","Permanent Neow","StSLib"],"gold_per_floor":[118,118,138,138,29,29,40,40,66,66,101,116,116,135,135,231,231,248,248,248,259,339,339,88,98,124,124,124,124,153,167,167,264,314,328,328,328,120,120,120,139,164,187,217,217,252,252,328,328,328],"floor_reached":51,"playtime":2597,"items_purged":["Pain","astrologer:Strike","Doubt"],"score":1361,"play_id":"2b8091f2-d788-44d6-a5a1-4283526ec464","local_time":"20210107230658","is_ascension_mode":true,"campfire_choices":[{"data":"Menagerie:BeastSpirit","floor":6.0,"key":"SMITH"},{"data":"astrologer:Prestidigitation","floor":8.0,"key":"SMITH"},{"data":"astrologer:Eclipse","floor":13.0,"key":"SMITH"},{"data":"astrologer:Quincunx","floor":15.0,"key":"SMITH"},{"data":"astrologer:DarkMatter","floor":23.0,"key":"SMITH"},{"data":"Elementarium:VoidblessedBlade","floor":27.0,"key":"SMITH"},{"data":"Elementarium:WindblessedBlade","floor":29.0,"key":"SMITH"},{"data":"Elementarium:EarthblessedBlade","floor":32.0,"key":"SMITH"},{"data":"Elementarium:FireblessedBlade","floor":40.0,"key":"SMITH"},{"data":"Ghostly","floor":45.0,"key":"SMITH"},{"data":"astrologer:LonelyStar","floor":47.0,"key":"SMITH"},{"data":"Elementarium:IceblessedBlade","floor":49.0,"key":"SMITH"}],"circlet_count":0,"master_deck":["AscendersBane","astrologer:Strike","astrologer:Defend","astrologer:Defend","astrologer:Defend","astrologer:NorthStar+1","astrologer:TheFool","astrologer:Sunrise","astrologer:Prestidigitation+1","Menagerie:BeastSpirit+1","astrologer:Radiance","astrologer:Fireball","astrologer:MeteorShower","Menagerie:LoxodonWarhammer","astrologer:Eclipse+1","astrologer:Novile+1","astrologer:Quincunx+1","astrologer:DarkMatter+1","astrologer:Confirmation","Ghostly+1","Elementarium:FireblessedBlade+1","Elementarium:WindblessedBlade+1","Elementarium:EarthblessedBlade+1","Elementarium:IceblessedBlade+1","Elementarium:VoidblessedBlade+1","astrologer:Moonlight","astrologer:TheChariot","Gensokyo:GreaterSplit","Finesse+1","astrologer:LonelyStar+1"],"relics":["astrologer:SkyMirror","WarpedTongs","Bronze Scales","Bottled Lightning","Sozu","Centennial Puzzle","Toy Ornithopter","Anchor","Elementarium:ElementariumTrophy","Tiny House","Gensokyo:DualWield","Potion Belt","Ancient Tea Set","War Paint","Bag of Preparation","Mummified Hand"],"acts_visited":["Menagerie:Menagerie","Elementarium:Elementarium","Gensokyo:Gensokyoest"],"potions_floor_usage":[],"damage_taken":[{"damage":4.0,"enemies":"Menagerie:StygianBoar","floor":1.0,"turns":4.0},{"damage":1.0,"enemies":"Menagerie:MonstrousExperiment","floor":3.0,"turns":5.0},{"damage":0.0,"enemies":"Menagerie:2_RABBITS","floor":7.0,"turns":3.0},{"damage":0.0,"enemies":"Menagerie:Hydra","floor":11.0,"turns":4.0},{"damage":0.0,"enemies":"Menagerie:DREAD_MOTH_AND_GRAFTED_WORMS","floor":12.0,"turns":3.0},{"damage":3.0,"enemies":"Menagerie:EntropyWarlock","floor":14.0,"turns":2.0},{"damage":8.0,"enemies":"Menagerie:Chimera","floor":16.0,"turns":7.0},{"damage":6.0,"enemies":"Elementarium:MUD_AND_TAR_GOLEMS","floor":18.0,"turns":3.0},{"damage":0.0,"enemies":"Elementarium:VoidCorruption","floor":21.0,"turns":3.0},{"damage":6.0,"enemies":"Elementarium:Hydrostalker","floor":25.0,"turns":4.0},{"damage":4.0,"enemies":"Elementarium:ElementalPortal","floor":30.0,"turns":5.0},{"damage":1.0,"enemies":"Elementarium:CYCLONE_AND_ORB_OF_FIRE","floor":31.0,"turns":4.0},{"damage":12.0,"enemies":"Elementarium:PHOENIXES","floor":33.0,"turns":7.0},{"damage":0.0,"enemies":"Gensokyo:3_Bats","floor":35.0,"turns":4.0},{"damage":0.0,"enemies":"Gensokyo:3_Boulders","floor":41.0,"turns":3.0},{"damage":0.0,"enemies":"Gensokyo:Doremy","floor":42.0,"turns":6.0},{"damage":0.0,"enemies":"Gensokyo:Marisa","floor":44.0,"turns":6.0},{"damage":27.0,"enemies":"Gensokyo:Kasen","floor":46.0,"turns":5.0},{"damage":0,"enemies":"Gensokyo:Yuyuko","floor":50,"turns":1}],"seed_played":"-4508888510879516301","potions_obtained":[{"floor":1.0,"key":"Fire Potion"},{"floor":3.0,"key":"Block Potion"},{"floor":7.0,"key":"SpeedPotion"},{"floor":14.0,"key":"AttackPotion"}],"is_trial":false,"path_per_floor":["M","?","M","?","$","R","M","R","T","?","E","M","R","M","R","B",null,"M","?","?","M","?","R","$","M","T","R","?","R","E","M","R","B",null,"M","?","?","$","?","R","M","E","T","E","R","E","R","T","R","B",null],"character_chosen":"ASTROLOGER","items_purchased":["astrologer:Fireball","Centennial Puzzle","Finesse"],"campfire_rested":0,"item_purchase_floors":[5,24,38],"current_hp_per_floor":[59,59,58,58,58,58,58,58,58,58,62,62,62,59,59,55,64,60,59,36,36,36,36,36,30,30,30,30,30,31,34,34,26,39,41,41,41,41,41,41,41,41,41,41,41,20,20,20,20,20],"gold":328,"neow_bonus":"TRANSFORM_CARD","is_daily":false,"chose_seed":false,"campfire_upgraded":12,"win_rate":0.0,"timestamp":1610078818,"path_taken":["M","?","M","?","$","R","M","R","T","?","E","M","R","M","R","BOSS","M","?","?","M","?","R","$","?","T","R","?","R","E","M","R","BOSS","M","?","?","$","?","R","M","E","T","E","R","E","R","?","R","BOSS"],"items_purchased_type":["Card","Relic","Card"],"build_version":"2020-12-22","purchased_purges":3,"victory":true,"max_hp_per_floor":[70,67,67,67,67,67,67,67,67,67,67,67,67,67,67,67,67,67,59,36,36,36,36,36,36,36,36,36,36,36,36,36,36,41,41,41,41,41,41,41,41,41,41,41,41,41,41,41,41,41],"card_choices":[{"not_picked":["astrologer:Moonlight","astrologer:TheEmpress"],"picked":"astrologer:Prestidigitation","floor":1.0},{"not_picked":["astrologer:TheHangedMan","astrologer:Observe"],"picked":"astrologer:Radiance","floor":3.0},{"not_picked":["astrologer:Stardust","astrologer:Temperance"],"picked":"astrologer:MeteorShower","floor":7.0},{"not_picked":["Menagerie:RelicOfProgenitus","Menagerie:LightningBolt"],"picked":"Menagerie:LoxodonWarhammer","floor":10.0},{"not_picked":["astrologer:Radiance","astrologer:TheHangedMan"],"picked":"astrologer:Eclipse","floor":11.0},{"not_picked":["astrologer:StarOfChange","astrologer:Judgement"],"picked":"astrologer:Novile","floor":12.0},{"not_picked":["astrologer:StarOfCourage","astrologer:RejectReality"],"picked":"astrologer:Quincunx","floor":14.0},{"not_picked":["astrologer:Death","astrologer:HeatDeath"],"picked":"astrologer:DarkMatter","floor":16.0},{"not_picked":["astrologer:Justice+1","astrologer:TheHierophant"],"picked":"astrologer:Confirmation","floor":18.0},{"not_picked":["astrologer:TheTower+1","astrologer:Stardust+1","astrologer:Eclipse+1"],"picked":"SKIP","floor":21.0},{"not_picked":["astrologer:Stardust","astrologer:Opposition","astrologer:ReadTheStars"],"picked":"SKIP","floor":25.0},{"not_picked":["astrologer:Fate","astrologer:SolarFlare"],"picked":"astrologer:Moonlight","floor":30.0},{"not_picked":["astrologer:NeutronStar","astrologer:Still","astrologer:SolarFlare"],"picked":"SKIP","floor":31.0},{"not_picked":["astrologer:TheMagician","astrologer:RejectReality"],"picked":"astrologer:TheChariot","floor":33.0},{"not_picked":["astrologer:MeteorShower","astrologer:Novile+1","astrologer:Cataclysm+1"],"picked":"SKIP","floor":35.0},{"not_picked":["astrologer:Confirmation+1","astrologer:TheEmperor","astrologer:Opposition+1"],"picked":"SKIP","floor":41.0},{"not_picked":["astrologer:Opposition+1","astrologer:SolarFlare+1","astrologer:Glimpse+1"],"picked":"SKIP","floor":42.0},{"not_picked":["astrologer:ReadTheStars","astrologer:SpaceDust+1","astrologer:FrozenStar"],"picked":"SKIP","floor":44.0},{"not_picked":["astrologer:ShootingStar+1","astrologer:Opposition+1"],"picked":"astrologer:LonelyStar","floor":46.0}],"player_experience":526057,"relics_obtained":[{"floor":9.0,"key":"Bronze Scales"},{"floor":11.0,"key":"Bottled Lightning"},{"floor":26.0,"key":"Toy Ornithopter"},{"floor":30.0,"key":"Anchor"},{"floor":42.0,"key":"Potion Belt"},{"floor":43.0,"key":"Ancient Tea Set"},{"floor":44.0,"key":"War Paint"},{"floor":46.0,"key":"Bag of Preparation"},{"floor":48.0,"key":"Mummified Hand"}],"event_choices":[{"damage_healed":0.0,"max_hp_gain":0.0,"max_hp_loss":3.0,"gold_gain":0.0,"event_name":"Menagerie:BeastSpiritShrine","player_choice":"Knelt","floor":2.0,"gold_loss":0.0,"damage_taken":0.0,"cards_obtained":["Menagerie:BeastSpirit"]},{"damage_healed":0.0,"max_hp_gain":0.0,"max_hp_loss":0.0,"gold_gain":0.0,"event_name":"Accursed Blacksmith","player_choice":"Rummage","floor":4.0,"gold_loss":0.0,"damage_taken":0.0,"relics_obtained":["WarpedTongs"],"cards_obtained":["Pain"]},{"damage_healed":0.0,"max_hp_gain":0.0,"max_hp_loss":0.0,"gold_gain":0.0,"event_name":"Menagerie:OvergrownLibrary","player_choice":"Peek","floor":10.0,"gold_loss":0.0,"damage_taken":0.0},{"damage_healed":0.0,"max_hp_gain":0.0,"max_hp_loss":8.0,"gold_gain":0.0,"event_name":"Elementarium:HeartOfTheVoid","player_choice":"Touch","floor":19.0,"gold_loss":0.0,"damage_taken":0.0,"cards_obtained":["Ghostly"]},{"damage_healed":0.0,"max_hp_gain":0.0,"max_hp_loss":23.0,"gold_gain":0.0,"event_name":"Elementarium:ElementalBlades","player_choice":"Touch","floor":20.0,"gold_loss":0.0,"damage_taken":0.0,"cards_obtained":["Elementarium:FireblessedBlade","Elementarium:WindblessedBlade","Elementarium:EarthblessedBlade","Elementarium:IceblessedBlade","Elementarium:VoidblessedBlade"]},{"damage_healed":0.0,"max_hp_gain":0.0,"max_hp_loss":0.0,"gold_gain":80.0,"event_name":"Elementarium:BladeSeller","player_choice":"Punish","floor":22.0,"gold_loss":0.0,"damage_taken":0.0},{"cards_removed":["astrologer:Strike"],"damage_healed":0.0,"max_hp_gain":0.0,"max_hp_loss":0.0,"gold_gain":0.0,"event_name":"Elementarium:LostScrolls","player_choice":"Burn","floor":28.0,"gold_loss":0.0,"damage_taken":0.0}],"is_beta":false,"boss_relics":[{"not_picked":["Cursed Key","Runic Dome"],"picked":"Sozu"},{"not_picked":["Black Star","Snecko Eye"],"picked":"Tiny House"}],"items_purged_floors":[5,24,38],"is_endless":false,"potions_floor_spawned":[1,3,7,14,18,31,33,35,41,42,44],"ascension_level":10}}