{"host":"i9h64q9gphvrup4n","time":1610077237,"event":{"mods":["2.2 Compatiblity","AchievementEnabler","Aspiration","Astrologer","Bard","BaseMod","Beaked The Cultist","BetterRewards","Colored Powertips","Conspire","Downfall","Gremlin Mod","Hermit","Hubris","Infinite Spire","Jorbs\u0027s Wanderer Trilogy","Minty Spire (QoL Compilation)","Replay The Spire","Shop Mod","StSLib","SuperFastMode","The Blackbeard","The Bladedancer","The Bug Knight","The Construct","The Cursed","The Disciple","The Hierophant","The Jungle","The Necromancer","The Runesmith","The Wild Card","slay the spire mod where everything is the same but ironclad has a cowboy hat","vexMod"],"gold_per_floor":[115,90,90,102,120,152,152,177,177,177,207,207,219,236,236,310,310,321,333,333,333,333,333],"floor_reached":22,"playtime":774,"items_purged":[],"score":337,"play_id":"2be60f94-b0e1-4676-bbcc-aa114d7754de","local_time":"20210107214037","is_ascension_mode":true,"campfire_choices":[{"floor":7,"key":"REST"},{"floor":10,"key":"REST"}],"circlet_count":0,"master_deck":["AscendersBane","Strike_W","Strike_W","Strike_W","Defend_W","Defend_W","Defend_W","Defend_W","Negative_Energy_Arrows","Bone_Wall","Summon_Undead_Army","Summon_Lich","Negative_Energy_Javelin","Negative_Energy_Mist","Summon_Undead_Army+1","Bone_Armory","Bones_to_Steel","Negative_Energy_Mist","Negative_Energy_Javelin","Summon_Death_Knight","Chill_Blood","Decay"],"relics":["Vampire_Amulet","aspiration:Nostalgia","Gremlin:GremlinKnob","Bronze Scales","hubris:Metronome","infinitespire:Lucky Rock","Regal Pillow","conspire:SeveredTorchhead","Nilry\u0027s Codex"],"acts_visited":["Exordium","TheCity"],"potions_floor_usage":[13],"damage_taken":[{"damage":1,"enemies":"Jaw Worm","floor":1,"turns":5},{"damage":0,"enemies":"2 Louse","floor":4,"turns":3},{"damage":1,"enemies":"Cultist","floor":5,"turns":3},{"damage":34,"enemies":"Lagavulin","floor":6,"turns":8},{"damage":37,"enemies":"3 Sentries","floor":8,"turns":6},{"damage":31,"enemies":"Lagavulin","floor":11,"turns":6},{"damage":2,"enemies":"3 Louse","floor":13,"turns":4},{"damage":3,"enemies":"Blue Slaver","floor":14,"turns":4},{"damage":17,"enemies":"Hexaghost","floor":16,"turns":9},{"damage":0,"enemies":"3 Byrds","floor":18,"turns":3},{"damage":39,"enemies":"Snecko","floor":19,"turns":5},{"damage":34,"enemies":"Cultist and Chosen","floor":22,"turns":5}],"seed_played":"-5817124628863271002","potions_obtained":[{"floor":4,"key":"Guardian:BlockOnCardUsePotion"},{"floor":5,"key":"Dexterity Potion"}],"is_trial":false,"path_per_floor":["M","?","?","M","M","E","R","E","T","R","E","?","M","M","R","B",null,"M","M","?","?","M"],"character_chosen":"NECROMANCER","items_purchased":[],"campfire_rested":2,"item_purchase_floors":[],"current_hp_per_floor":[69,69,69,73,74,42,64,33,33,55,26,26,30,29,66,51,69,75,38,22,22,0,0],"gold":333,"neow_bonus":"NOSTALGIA","is_daily":false,"chose_seed":false,"campfire_upgraded":0,"win_rate":0.0,"timestamp":1610077237,"path_taken":["M","?","?","M","M","E","R","E","T","R","E","?","?","M","R","BOSS","M","M","?","?","M"],"items_purchased_type":[],"build_version":"2020-12-22","purchased_purges":0,"victory":false,"max_hp_per_floor":[75,75,75,75,75,75,75,75,75,75,75,75,75,75,75,75,75,75,75,75,75,75,75],"card_choices":[{"not_picked":["Deaths_Shadow","Negative_Energy_Shield"],"picked":"Summon_Undead_Army","floor":1},{"not_picked":["Bones_to_Steel","Bone_Bullets"],"picked":"Negative_Energy_Javelin","floor":4},{"not_picked":["Violent_Necrosis","Bone_Spikes"],"picked":"Negative_Energy_Mist","floor":5},{"not_picked":["Life_Drain","Hellfire"],"picked":"Summon_Undead_Army","floor":6},{"not_picked":["Bones_to_Steel","Corrupt"],"picked":"Bone_Armory","floor":8},{"not_picked":["Spectral_Walk","Bone_Shift"],"picked":"Bones_to_Steel","floor":11},{"not_picked":["Blood_for_Blood","Necrotic_Claws"],"picked":"Negative_Energy_Mist","floor":13},{"not_picked":["Finger_Of_Death","Shade_Step"],"picked":"Negative_Energy_Javelin","floor":14},{"not_picked":["Cloudkill","Negative_Energy_Bomb"],"picked":"Summon_Death_Knight","floor":16},{"not_picked":["Life_Drain","Consume_Illness"],"picked":"Chill_Blood","floor":18},{"not_picked":["Thousand_Bone_Knives","Acid_Javelin","Scare+1"],"picked":"SKIP","floor":19}],"player_experience":693900,"relics_obtained":[{"floor":6,"key":"Bronze Scales"},{"floor":8,"key":"hubris:Metronome"},{"floor":9,"key":"infinitespire:Lucky Rock"},{"floor":11,"key":"Regal Pillow"},{"floor":20,"key":"Nilry\u0027s Codex"}],"event_choices":[{"cards_removed":["Strike_W"],"damage_healed":0,"gold_gain":0,"player_choice":"Purged","damage_taken":0,"max_hp_gain":0,"max_hp_loss":0,"event_name":"Purifier","floor":12,"gold_loss":0},{"damage_healed":0,"gold_gain":0,"player_choice":"Obtained Book","damage_taken":16,"max_hp_gain":0,"max_hp_loss":0,"event_name":"Cursed Tome","floor":20,"gold_loss":0},{"damage_healed":0,"gold_gain":0,"player_choice":"Smashed Altar","damage_taken":0,"max_hp_gain":0,"max_hp_loss":0,"event_name":"Forgotten Altar","floor":21,"gold_loss":0,"cards_obtained":["Decay"]}],"is_beta":false,"boss_relics":[{"not_picked":["Replay:Grab Bag","Snecko Eye"],"picked":"conspire:SeveredTorchhead"}],"items_purged_floors":[],"is_endless":false,"potions_floor_spawned":[4,5,11],"killed_by":"Cultist and Chosen","ascension_level":13}}