{"host":"3ykswgue17e1ycc2","time":1610125140,"event":{"mods":["BaseMod","Colored Powertips","Dark Map","Minty Spire (QoL Compilation)","Quick Restart","Rare Cards Sparkle","StSLib"],"gold_per_floor":[115,129,143,143,158,193,193,223,292,292,320,335,410,410,410,507,507,523,542,457,469,489,489,489],"floor_reached":23,"playtime":961,"items_purged":[],"score":329,"play_id":"baa48657-3733-4d70-8aac-37c834416d77","local_time":"20210108235900","is_ascension_mode":true,"campfire_choices":[{"floor":7,"key":"REST"},{"data":"Omniscience","floor":10,"key":"SMITH"},{"floor":15,"key":"REST"}],"circlet_count":0,"master_deck":["Strike_P","Strike_P","Strike_P","Strike_P","Defend_P","Defend_P","Defend_P","Defend_P","Eruption+1","Vigilance","Omniscience+1","Consecrate","Conclude","ClearTheMind","EmptyFist","Wireheading","FlyingSleeves","FlurryOfBlows","Ragnarok","Wallop","ThirdEye","FollowUp","CutThroughFate"],"relics":["PureWater","Ornamental Fan","CloakClasp","Yang","Strawberry","Cursed Key","Kunai"],"acts_visited":["Exordium","TheCity"],"potions_floor_usage":[8,11,16,23],"damage_taken":[{"damage":16,"enemies":"Small Slimes","floor":1,"turns":3},{"damage":0,"enemies":"2 Louse","floor":2,"turns":3},{"damage":13,"enemies":"Jaw Worm","floor":3,"turns":4},{"damage":14,"enemies":"Exordium Thugs","floor":5,"turns":5},{"damage":27,"enemies":"Lagavulin","floor":6,"turns":6},{"damage":0,"enemies":"Gremlin Nob","floor":8,"turns":2},{"damage":0,"enemies":"Lagavulin","floor":11,"turns":3},{"damage":0,"enemies":"Lots of Slimes","floor":12,"turns":1},{"damage":31,"enemies":"The Guardian","floor":16,"turns":12},{"damage":0,"enemies":"3 Byrds","floor":18,"turns":3},{"damage":0,"enemies":"Spheric Guardian","floor":19,"turns":1},{"damage":1,"enemies":"Chosen and Byrds","floor":21,"turns":5},{"damage":5,"enemies":"Centurion and Healer","floor":22,"turns":6},{"damage":77,"enemies":"Gremlin Leader","floor":23,"turns":6}],"seed_played":"4160634372786326077","potions_obtained":[{"floor":1,"key":"ColorlessPotion"},{"floor":2,"key":"Ancient Potion"},{"floor":6,"key":"SteroidPotion"},{"floor":12,"key":"Regen Potion"},{"floor":21,"key":"SteroidPotion"},{"floor":22,"key":"ColorlessPotion"}],"is_trial":false,"path_per_floor":["M","M","M","?","M","E","R","E","T","R","E","M","?","?","R","B",null,"M","M","?","M","M","E"],"character_chosen":"WATCHER","items_purchased":[],"campfire_rested":2,"item_purchase_floors":[],"current_hp_per_floor":[56,56,43,43,29,2,23,23,23,23,30,30,19,19,42,26,66,66,66,66,65,60,0,0],"gold":489,"neow_bonus":"ONE_RANDOM_RARE_CARD","is_daily":false,"chose_seed":false,"campfire_upgraded":1,"win_rate":0.0,"timestamp":1610125140,"path_taken":["M","M","M","?","M","E","R","E","T","R","E","M","?","?","R","BOSS","M","M","?","M","M","E"],"items_purchased_type":[],"build_version":"2020-12-22","purchased_purges":0,"victory":false,"max_hp_per_floor":[72,72,72,72,72,72,72,72,72,72,79,79,79,79,79,79,79,79,79,79,79,79,79,79],"card_choices":[{"not_picked":["Collect","Crescendo","Halt"],"picked":"SKIP","floor":1},{"not_picked":["Vengeance","PathToVictory"],"picked":"Consecrate","floor":2},{"not_picked":["Halt","WreathOfFlame"],"picked":"Conclude","floor":3},{"not_picked":["EmptyFist","Judgement"],"picked":"ClearTheMind","floor":5},{"not_picked":["FollowUp","FlurryOfBlows"],"picked":"EmptyFist","floor":6},{"not_picked":["Evaluate","FollowUp"],"picked":"Wireheading","floor":8},{"not_picked":["SandsOfTime","DeceiveReality"],"picked":"FlyingSleeves","floor":11},{"not_picked":["Halt","Protect"],"picked":"FlurryOfBlows","floor":12},{"not_picked":["Omniscience","Blasphemy"],"picked":"Ragnarok","floor":16},{"not_picked":["Indignation","Protect"],"picked":"Wallop","floor":18},{"not_picked":["Crescendo","SignatureMove"],"picked":"ThirdEye","floor":19},{"not_picked":["Swivel","BowlingBash"],"picked":"FollowUp","floor":21},{"not_picked":["ThirdEye","BowlingBash"],"picked":"CutThroughFate","floor":22}],"player_experience":322183,"relics_obtained":[{"floor":6,"key":"Ornamental Fan"},{"floor":8,"key":"CloakClasp"},{"floor":9,"key":"Yang"},{"floor":11,"key":"Strawberry"}],"event_choices":[{"damage_healed":0,"gold_gain":0,"player_choice":"Grow","damage_taken":0,"max_hp_gain":0,"max_hp_loss":0,"event_name":"Living Wall","floor":4,"gold_loss":0,"cards_upgraded":["Eruption"]},{"damage_healed":0,"gold_gain":75,"player_choice":"Gather Gold","damage_taken":11,"max_hp_gain":0,"max_hp_loss":0,"event_name":"World of Goop","floor":13,"gold_loss":0},{"damage_healed":0,"gold_gain":0,"player_choice":"Ignored","damage_taken":0,"max_hp_gain":0,"max_hp_loss":0,"event_name":"Liars Game","floor":14,"gold_loss":0},{"damage_healed":0,"gold_gain":0,"player_choice":"Obtained Relic","damage_taken":0,"relics_obtained":["Kunai"],"max_hp_gain":0,"max_hp_loss":0,"event_name":"Addict","floor":20,"gold_loss":85}],"is_beta":false,"boss_relics":[{"not_picked":["SacredBark","Fusion Hammer"],"picked":"Cursed Key"}],"items_purged_floors":[],"is_endless":false,"potions_floor_spawned":[1,2,6,12,21,22],"killed_by":"Gremlin Leader","ascension_level":5}}