{"host":"l84l8xigz5v5foa2","time":1610126542,"event":{"mods":["2.2 Compatiblity","AchievementEnabler","BaseMod","Better Note","Better Vampires","Card Filter","Colored Map","DeckTracker","Downfall","Gremlin Skip","Highlight Path","Keyboard Shortcuts","Minty Spire (QoL Compilation)","Permanent Neow","Quick Restart","Relic Filter","Relic Stats","StSLib","SuperFastMode","Transform Curses","Unknown Chances"],"gold_per_floor":[99,113,113,113,125,141,193,205,235,235,251,251,279,136,146,218,218,218,233,249,50,66,66,66,81,91,91,91,103,119,151,171,245,245,20,30,49,74,121,137,137,168,398,415,426,446,446,172,189,189,189,223,17,17,17],"floor_reached":56,"playtime":5039,"items_purged":["hexamod:Strike","hexamod:Defend+1","hexamod:Sear+1","hexamod:Strike+1"],"score":2189,"play_id":"b99943e6-ce3f-4ae0-b1ce-3319c25ad671","local_time":"20210109022222","is_ascension_mode":true,"campfire_choices":[{"data":"hexamod:Float","floor":1.0,"key":"SMITH"},{"data":"hexamod:Incineration","floor":12.0,"key":"SMITH"},{"floor":18.0,"key":"RECALL"},{"floor":23.0,"key":"REST"},{"floor":35.0,"key":"REST"},{"floor":54.0,"key":"REST"}],"circlet_count":0,"master_deck":["AscendersBane","hexamod:Defend+1","hexamod:Defend+1","hexamod:Defend+1","hexamod:Float+1","hexamod:SixthSeal","hexamod:FirstSeal","hexamod:SwordOfDarkness+1","hexamod:GhostShield+1","hexamod:Incineration+1","hexamod:AdvancingGuard+1","hexamod:WildfireWeapon+1","hexamod:FastForward+1","hexamod:HauntingEcho+1","hexamod:HexaLevel+1","hexamod:SpectersWail+1","hexamod:RecurringNightmare+1","Blind+1","hexamod:HeatMetal+1","hexamod:NightmareGuise+1","hexamod:ThirdSeal","hexamod:Haunt+1","hexamod:RecurringNightmare+1","hexamod:InspiringFlames+1","hexamod:TimeOfNeed+1","hexamod:NecessarySacrifice+1","hexamod:Haunt+1","hexamod:Hexaguard+1","hexamod:StepThrough+1","hexamod:GiftsFromTheDead+1"],"relics":["hexamod:SpiritBrand","Guardian:PocketSentry","Odd Mushroom","Kunai","Fusion Hammer","Oddly Smooth Stone","expansioncontent:StudyCardRelic","downfall:HeartBlessingRed","downfall:HeartBlessingGreen","downfall:HeartBlessingBlue","Du-Vu Doll","Ginger","CaptainsWheel","Guardian:GemstoneGun","Letter Opener"],"acts_visited":["Exordium","TheCity","TheBeyond","TheEnding"],"potions_floor_usage":[55,55],"damage_taken":[{"damage":1.0,"enemies":"Small Slimes","floor":2.0,"turns":4.0},{"damage":2.0,"enemies":"Jaw Worm","floor":5.0,"turns":5.0},{"damage":0.0,"enemies":"2 Louse","floor":6.0,"turns":4.0},{"damage":11.0,"enemies":"Exordium Thugs","floor":8.0,"turns":5.0},{"damage":22.0,"enemies":"The Mushroom Lair","floor":9.0,"turns":4.0},{"damage":5.0,"enemies":"2 Fungi Beasts","floor":11.0,"turns":4.0},{"damage":18.0,"enemies":"3 Sentries","floor":13.0,"turns":4.0},{"damage":0.0,"enemies":"downfall:FleeingMerchant","floor":14.0,"turns":4.0},{"damage":2.0,"enemies":"Red Slaver","floor":15.0,"turns":4.0},{"damage":9.0,"enemies":"downfall:Ironclad","floor":16.0,"turns":8.0},{"damage":13.0,"enemies":"Chosen","floor":19.0,"turns":5.0},{"damage":0.0,"enemies":"3 Byrds","floor":20.0,"turns":6.0},{"damage":0.0,"enemies":"downfall:FleeingMerchant","floor":21.0,"turns":4.0},{"damage":12.0,"enemies":"Centurion and Healer","floor":22.0,"turns":5.0},{"damage":5.0,"enemies":"Cultist and Chosen","floor":25.0,"turns":6.0},{"damage":6.0,"enemies":"Snecko","floor":26.0,"turns":4.0},{"damage":7.0,"enemies":"Sentry and Sphere","floor":29.0,"turns":5.0},{"damage":6.0,"enemies":"Chosen and Byrds","floor":30.0,"turns":6.0},{"damage":8.0,"enemies":"Slavers","floor":31.0,"turns":5.0},{"damage":1.0,"enemies":"Centurion and Healer","floor":32.0,"turns":6.0},{"damage":29.0,"enemies":"downfall:Watcher","floor":33.0,"turns":9.0},{"damage":16.0,"enemies":"3 Shapes","floor":36.0,"turns":6.0},{"damage":21.0,"enemies":"Orb Walker","floor":37.0,"turns":4.0},{"damage":0.0,"enemies":"Mind Bloom Boss Battle","floor":38.0,"turns":4.0},{"damage":17.0,"enemies":"2 Orb Walkers","floor":39.0,"turns":4.0},{"damage":0.0,"enemies":"Sphere and 2 Shapes","floor":40.0,"turns":4.0},{"damage":3.0,"enemies":"Giant Head","floor":42.0,"turns":6.0},{"damage":0.0,"enemies":"downfall:FleeingMerchant","floor":43.0,"turns":4.0},{"damage":0.0,"enemies":"Writhing Mass","floor":44.0,"turns":5.0},{"damage":0.0,"enemies":"Maw","floor":45.0,"turns":4.0},{"damage":0.0,"enemies":"Spire Growth","floor":46.0,"turns":4.0},{"damage":0.0,"enemies":"3 Darklings","floor":49.0,"turns":1.0},{"damage":5.0,"enemies":"downfall:Defect","floor":50.0,"turns":7.0},{"damage":0.0,"enemies":"downfall:CharBossMerchant","floor":52.0,"turns":7.0},{"damage":14,"enemies":"downfall:NeowBoss","floor":55,"turns":22}],"seed_played":"6323940802200090846","potions_obtained":[{"floor":5.0,"key":"AttackPotion"},{"floor":6.0,"key":"Strength Potion"},{"floor":11.0,"key":"Strength Potion"},{"floor":25.0,"key":"Swift Potion"},{"floor":30.0,"key":"SneckoOil"},{"floor":31.0,"key":"AttackPotion"},{"floor":32.0,"key":"BlessingOfTheForge"},{"floor":37.0,"key":"Energy Potion"},{"floor":40.0,"key":"Ancient Potion"},{"floor":46.0,"key":"hexamod:EctoCoolerPotion"}],"is_trial":false,"path_per_floor":["R","M","?","?","M","M","T","M","?","?","M","R","E","$","M","B",null,"R","M","M","$","M","R","T","M","M","?","?","M","M","E","M","B",null,"R","M","M","?","?","M","T","E","$","M","M","M","?","$","M","B",null,"E","$","R","B",null],"character_chosen":"THE_SPIRIT","items_purchased":["hexamod:HauntingEcho","hexamod:RecurringNightmare","Blind","hexamod:GiftsFromTheDead","SpeedPotion"],"campfire_rested":3,"item_purchase_floors":[14,21,21,48,53],"current_hp_per_floor":[57,56,56,61,62,62,62,58,43,43,45,45,34,41,46,37,56,56,50,57,62,57,62,62,62,56,56,56,56,57,56,62,40,57,72,63,49,56,46,53,53,57,64,71,72,72,60,60,67,69,71,72,72,72,65],"gold":17,"neow_bonus":"THREE_RARE_CARDS","is_daily":false,"chose_seed":false,"campfire_upgraded":2,"win_rate":0.0,"timestamp":1610126542,"path_taken":["R","M","?","?","M","M","T","M","?","?","M","R","E","$","M","BOSS","R","M","M","$","M","R","T","M","M","?","?","?","M","E","M","BOSS","R","M","M","?","?","M","T","E","$","M","M","M","?","$","M","BOSS","E","$","R","BOSS"],"items_purchased_type":["Card","Card","Card","Card","Potion"],"build_version":"2020-12-22","purchased_purges":4,"victory":true,"max_hp_per_floor":[57,57,57,62,62,62,62,62,62,62,62,62,62,62,62,62,62,62,62,62,62,62,62,62,62,62,62,62,62,62,62,62,62,62,72,72,72,72,72,72,72,72,72,72,72,72,72,72,72,72,72,72,72,72,72],"relic_stats":{"counters":[35,187],"Kunai":[20],"Ginger":[15],"Letter Opener":[70],"obtain_stats":[{"downfall:HeartBlessingRed":35,"Guardian:GemstoneGun":42,"Oddly Smooth Stone":31,"downfall:HeartBlessingGreen":35,"Guardian:PocketSentry":7,"expansioncontent:StudyCardRelic":34,"Ginger":39,"Letter Opener":52,"Odd Mushroom":9,"Du-Vu Doll":38,"CaptainsWheel":41,"downfall:HeartBlessingBlue":35,"Fusion Hammer":17,"Kunai":13,"hexamod:SpiritBrand":0},{"downfall:HeartBlessingRed":21,"Guardian:GemstoneGun":27,"Oddly Smooth Stone":19,"downfall:HeartBlessingGreen":21,"Guardian:PocketSentry":3,"expansioncontent:StudyCardRelic":21,"Ginger":25,"Letter Opener":34,"Odd Mushroom":5,"Du-Vu Doll":24,"CaptainsWheel":26,"downfall:HeartBlessingBlue":21,"Fusion Hammer":10,"Kunai":7,"hexamod:SpiritBrand":0},{"downfall:HeartBlessingRed":106,"Guardian:GemstoneGun":133,"Oddly Smooth Stone":91,"downfall:HeartBlessingGreen":106,"Guardian:PocketSentry":13,"expansioncontent:StudyCardRelic":106,"Ginger":123,"Letter Opener":165,"Odd Mushroom":22,"Du-Vu Doll":119,"CaptainsWheel":127,"downfall:HeartBlessingBlue":106,"Fusion Hammer":46,"Kunai":30,"hexamod:SpiritBrand":0}]},"card_choices":[{"not_picked":["hexamod:VolcanoVisage","hexamod:Toasty"],"picked":"hexamod:SixthSeal","floor":0.0},{"not_picked":["hexamod:FastForward","hexamod:EtherealExpedition"],"picked":"hexamod:FirstSeal","floor":2.0},{"not_picked":["hexamod:SuperheatedStrike","hexamod:NightmareStrike"],"picked":"hexamod:SwordOfDarkness","floor":5.0},{"not_picked":["hexamod:GhostLash","hexamod:NightmareGuise"],"picked":"hexamod:GhostShield","floor":6.0},{"not_picked":["hexamod:PhantomFireball","hexamod:GhostLash"],"picked":"hexamod:Incineration","floor":8.0},{"not_picked":["hexamod:FastForward","hexamod:GhostLash"],"picked":"hexamod:AdvancingGuard","floor":11.0},{"not_picked":["hexamod:HeatCrush","hexamod:GhostOfSpirePresent"],"picked":"hexamod:WildfireWeapon","floor":13.0},{"not_picked":["hexamod:PhantomCloak","hexamod:VolcanoVisage"],"picked":"hexamod:FastForward","floor":14.0},{"not_picked":["hexamod:GhostShield","hexamod:FastForward","hexamod:SwordOfDarkness"],"picked":"SKIP","floor":15.0},{"not_picked":["hexamod:GhostflameInferno","hexamod:GiftsFromTheDead"],"picked":"hexamod:HexaLevel","floor":16.0},{"not_picked":["hexamod:SwordOfDarkness","hexamod:NightmareStrike","hexamod:FlamesFromBeyond"],"picked":"SKIP","floor":19.0},{"not_picked":["hexamod:FirstSeal","hexamod:FastForward"],"picked":"hexamod:SpectersWail","floor":20.0},{"not_picked":["hexamod:HauntingEcho","hexamod:NightmareStrike","hexamod:BurningTouch"],"picked":"SKIP","floor":21.0},{"not_picked":["hexamod:NightmareStrike","hexamod:RadiantFlame"],"picked":"hexamod:HeatMetal","floor":22.0},{"not_picked":["hexamod:Toasty","hexamod:ExtraCrispy"],"picked":"hexamod:NightmareGuise","floor":25.0},{"not_picked":["hexamod:GhostShield+1","hexamod:SwordOfDarkness"],"picked":"hexamod:ThirdSeal","floor":26.0},{"not_picked":["hexamod:DynamicBlow","hexamod:GhostShield","hexamod:BurningTouch"],"picked":"SKIP","floor":29.0},{"not_picked":["hexamod:NecessarySacrifice","hexamod:SpectersWail","hexamod:RecurringNightmare"],"picked":"SKIP","floor":29.0},{"not_picked":["hexamod:DynamicBlow","hexamod:GhostShield","hexamod:BurningTouch"],"picked":"SKIP","floor":29.0},{"not_picked":["hexamod:NecessarySacrifice","hexamod:SpectersWail","hexamod:RecurringNightmare"],"picked":"SKIP","floor":29.0},{"not_picked":["hexamod:DynamicBlow","hexamod:GhostShield","hexamod:BurningTouch"],"picked":"SKIP","floor":29.0},{"not_picked":["hexamod:NecessarySacrifice","hexamod:SpectersWail","hexamod:RecurringNightmare"],"picked":"SKIP","floor":29.0},{"not_picked":["hexamod:BacktrackSmack","hexamod:Again"],"picked":"hexamod:Haunt+1","floor":30.0},{"not_picked":["hexamod:PowerFromBeyond","hexamod:HeatMetal"],"picked":"hexamod:RecurringNightmare+1","floor":30.0},{"not_picked":["hexamod:NightmareStrike","hexamod:SpectralAdrenaline"],"picked":"hexamod:InspiringFlames","floor":31.0},{"not_picked":["hexamod:NightmareGuise","hexamod:ExtraCrispy","hexamod:HauntingEcho"],"picked":"SKIP","floor":31.0},{"not_picked":["hexamod:FastForward+1","hexamod:NightmareGuise","hexamod:ChargedBarrage"],"picked":"SKIP","floor":32.0},{"not_picked":["hexamod:EmpoweringStance","hexamod:EtherealExpedition","hexamod:AdvancingGuard"],"picked":"SKIP","floor":32.0},{"not_picked":["hexamod:Toasty","hexamod:WildfireWeapon"],"picked":"hexamod:TimeOfNeed","floor":33.0},{"not_picked":["hexamod:Again","hexamod:FastForward"],"picked":"hexamod:NecessarySacrifice","floor":36.0},{"not_picked":["hexamod:AdvancingGuard","hexamod:GhostLash"],"picked":"hexamod:Haunt","floor":36.0},{"not_picked":["hexamod:ShieldOfDarkness","hexamod:SwordOfDarkness","hexamod:NightmareStrike"],"picked":"SKIP","floor":37.0},{"not_picked":["hexamod:SpectersWail","hexamod:BurningTouch","hexamod:ThermalTransfer"],"picked":"SKIP","floor":37.0},{"not_picked":["hexamod:SpectersWail+1","hexamod:FastForward"],"picked":"hexamod:Hexaguard","floor":38.0},{"not_picked":["hexamod:SwordOfDarkness","hexamod:TimeOfNeed","hexamod:HauntingEcho"],"picked":"SKIP","floor":40.0},{"not_picked":["hexamod:GhostLash","hexamod:SpectersWail","hexamod:SkipABeat"],"picked":"SKIP","floor":40.0},{"not_picked":["hexamod:ShieldOfDarkness","hexamod:BurningTouch","hexamod:GhostShield"],"picked":"SKIP","floor":42.0},{"not_picked":["hexamod:RainOfEmbers","hexamod:GhostLash","hexamod:FastForward"],"picked":"SKIP","floor":42.0},{"not_picked":["hexamod:ShieldOfDarkness","hexamod:BurningTouch","hexamod:BacktrackSmack"],"picked":"SKIP","floor":43.0},{"not_picked":["hexamod:GhostLash","hexamod:RetreatToShadows+1","hexamod:ThirdSeal"],"picked":"SKIP","floor":44.0},{"not_picked":["hexamod:SuperheatedStrike+1","hexamod:RainOfEmbers","hexamod:Firestarter"],"picked":"SKIP","floor":44.0},{"not_picked":["hexamod:PowerFromBeyond","hexamod:ParanormalForm","hexamod:FastForward"],"picked":"SKIP","floor":45.0},{"not_picked":["hexamod:Firestarter+1","hexamod:GhostOfSpirePresent","hexamod:Hexaguard"],"picked":"SKIP","floor":45.0},{"not_picked":["hexamod:Haunt","hexamod:Firestarter"],"picked":"hexamod:StepThrough","floor":46.0},{"not_picked":["hexamod:FourthSeal","hexamod:Firestarter+1","hexamod:FastForward"],"picked":"SKIP","floor":46.0},{"not_picked":["hexamod:RainOfEmbers","hexamod:ThermalTransfer","hexamod:CatchUp"],"picked":"SKIP","floor":49.0},{"not_picked":["hexamod:ThermalTransfer","hexamod:NightmareGuise+1","hexamod:Hexaguard+1"],"picked":"SKIP","floor":49.0},{"not_picked":["hexamod:AdvancingGuard+1","hexamod:BacktrackSmack+1","hexamod:NightmareStrike+1"],"picked":"SKIP","floor":52.0},{"not_picked":["hexamod:SecondSeal","hexamod:ShieldOfDarkness","hexamod:TimeOfNeed"],"picked":"SKIP","floor":52.0}],"player_experience":2999970,"relics_obtained":[{"floor":7.0,"key":"Guardian:PocketSentry"},{"floor":9.0,"key":"Odd Mushroom"},{"floor":13.0,"key":"Kunai"},{"floor":31.0,"key":"Oddly Smooth Stone"},{"floor":38.0,"key":"Du-Vu Doll"},{"floor":39.0,"key":"Ginger"},{"floor":41.0,"key":"CaptainsWheel"},{"floor":42.0,"key":"Guardian:GemstoneGun"},{"floor":52.0,"key":"Letter Opener"}],"event_choices":[{"damage_healed":0.0,"max_hp_gain":5.0,"max_hp_loss":0.0,"gold_gain":0.0,"event_name":"Big Fish","player_choice":"Donut","floor":4.0,"gold_loss":0.0,"damage_taken":0.0},{"damage_healed":0.0,"max_hp_gain":0.0,"max_hp_loss":0.0,"gold_gain":0.0,"event_name":"Mushrooms","player_choice":"Fought Mushrooms","floor":9.0,"gold_loss":0.0,"damage_taken":0.0},{"cards_removed":["hexamod:Strike"],"damage_healed":0.0,"max_hp_gain":0.0,"max_hp_loss":0.0,"gold_gain":0.0,"event_name":"The Cleric","player_choice":"Card Removal","floor":10.0,"gold_loss":0.0,"damage_taken":0.0},{"damage_healed":0.0,"max_hp_gain":0.0,"max_hp_loss":0.0,"gold_gain":0.0,"event_name":"Vampires","player_choice":"Ignored","floor":27.0,"gold_loss":0.0,"damage_taken":0.0},{"damage_healed":0.0,"max_hp_gain":0.0,"max_hp_loss":0.0,"gold_gain":0.0,"event_name":"Mysterious Sphere","player_choice":"Fight","floor":39.0,"gold_loss":0.0,"damage_taken":0.0}],"is_beta":false,"boss_relics":[{"not_picked":["Astrolabe","Philosopher\u0027s Stone"],"picked":"Fusion Hammer"},{"not_picked":["Coffee Dripper","hexamod:IceCube"],"picked":"expansioncontent:StudyCardRelic"}],"items_purged_floors":[14,43,48,53],"is_endless":false,"potions_floor_spawned":[5,6,11,25,30,31,32,37,40,44,45,46],"ascension_level":20}}