{"host":"ueaobptuyu87ouwy","time":1610106274,"event":{"mods":["Aspiration","Bard","BaseMod","Better Altar","Better Match","Better Note","Better Sensory Stone","Better Skull","Better Third Choice","BetterRewards","CCEM","Colored Map","Conspire","Downfall","GifTheSpireLib","GungeonMod","Halation","Hermit","Highlight Path","Hubris","Infinite Spire","Jedi Mod","Jorbs\u0027s Wanderer Trilogy","Marisa????????","Marked Mod","Mimic Mod","Minty Spire (QoL Compilation)","Permanent Neow","Replay The Spire","Shop Mod","Small Relic Pack","StSLib","Stuff the Spire","The Runesmith","Unceasing Turn Reminder","everything is the same but u backflip on backflip","slay the spire mod where everything is the same but ironclad has a cowboy hat"],"gold_per_floor":[118,118,118,130,55,85,100,130,130,130,130,130,92,126,126,230,230,241,254,270,280,86,129,229,247,247,247,41,41,41,41,41],"floor_reached":31,"playtime":5409,"items_purged":["Strike_R","Defend_R","Strike_R"],"score":285,"play_id":"bbcb52b5-ff38-492d-9513-23742eba1c99","local_time":"20210108194434","is_ascension_mode":true,"campfire_choices":[{"data":"jedi:collectorstrike","floor":10,"key":"SMITH"},{"data":"Bash","floor":12,"key":"SMITH"},{"floor":15,"key":"DIG"},{"data":"hubris:DuctTapeCard","floor":27,"key":"SMITH"}],"circlet_count":0,"master_deck":["Strike_R","Strike_R","Defend_R","Bash+1","StuffTheSpire:Incineration","Flex","conspire:Purge","Rampage+1","Combust","StuffTheSpire:FreeRealEstate","Flex","Shrug It Off","hubris:DuctTapeCard+2","Battle Trance","infinitespire:Execution"],"relics":["Burning Blood","hubris:Icosahedron","Replay:Kaleidoscope","Replay:PocketPolymizer","StoneCalendar","jedi:heavyjacket","hubris:DeckOfHolding","DemoMod:WeirdEgg","hubris:ScarierMask","BargainBundle","hubris:Metronome","hubris:DuctTape","PrismaticShard"],"acts_visited":["Exordium","TheCity"],"potions_floor_usage":[6,16],"damage_taken":[{"damage":0,"enemies":"2 Louse","floor":1,"turns":3},{"damage":1,"enemies":"Cultist","floor":4,"turns":3},{"damage":21,"enemies":"Lagavulin","floor":6,"turns":5},{"damage":0,"enemies":"conspire:RoseBush","floor":7,"turns":3},{"damage":25,"enemies":"Gremlin Nob","floor":8,"turns":4},{"damage":35,"enemies":"3 Sentries","floor":14,"turns":7},{"damage":26,"enemies":"Slime Boss","floor":16,"turns":7},{"damage":6,"enemies":"Chosen","floor":18,"turns":4},{"damage":10,"enemies":"Shell Parasite","floor":19,"turns":3},{"damage":4,"enemies":"Chosen and Byrds","floor":20,"turns":3},{"damage":16,"enemies":"Shelled Parasite and Fungi","floor":21,"turns":4},{"damage":4,"enemies":"Slavers","floor":23,"turns":4},{"damage":14,"enemies":"Snake Plant","floor":25,"turns":3},{"damage":7,"enemies":"Book of Stabbing","floor":31,"turns":2}],"seed_played":"3574752345166616442","potions_obtained":[{"floor":4,"key":"AttackPotion"},{"floor":7,"key":"Regen Potion"},{"floor":8,"key":"Regen Potion"},{"floor":16,"key":"Elixir"},{"floor":18,"key":"Adrenaline Potion"}],"is_trial":false,"path_per_floor":["M","?","?","M","$","E","M","E","T","R","?","R","$","E","R_BF","B",null,"M","M","M","M","$","E","?","M","T","R","$","?","AVR","E"],"character_chosen":"IRONCLAD","items_purchased":["hubris:SharpeningStone","BargainBundle","Rampage+1","Combust","StuffTheSpire:FreeRealEstate","Flex","Shrug It Off","AttackPotion","Battle Trance"],"campfire_rested":0,"item_purchase_floors":[13,22,22,22,22,22,22,22,28],"current_hp_per_floor":[88,88,88,88,88,73,79,60,60,60,60,60,60,31,31,25,88,88,84,86,76,76,78,78,70,70,70,70,70,70,63,63],"gold":41,"neow_bonus":"TEN_PERCENT_HP_BONUS","is_daily":false,"chose_seed":false,"campfire_upgraded":3,"win_rate":0.0,"timestamp":1610106274,"path_taken":["M","?","?","?","$","E","M","E","T","R","?","R","$","E","R_BF","BOSS","M","M","M","?","?","E","?","?","T","R","$","?","AVR","E"],"items_purchased_type":["Card","Relic","Card","Card","Card","Card","Card","Potion","Card"],"build_version":"2020-12-13","purchased_purges":3,"victory":false,"max_hp_per_floor":[88,88,88,88,88,88,88,88,88,88,88,88,88,88,88,88,88,88,88,88,88,88,88,88,88,88,88,88,88,88,88,88],"card_choices":[{"not_picked":["ReplayTheSpireMod:LeadingStrike","Defy Death"],"picked":"StuffTheSpire:Incineration","floor":1},{"not_picked":["Rampage","StuffTheSpire:Slingshot","ReplayTheSpireMod:Strike From Hell"],"picked":"SKIP","floor":4},{"not_picked":["Clash","Inflame"],"picked":"jedi:collectorstrike","floor":6},{"not_picked":["Heavy Blade","Body Slam","Run Through"],"picked":"SKIP","floor":7},{"not_picked":["Pommel Strike","Rage"],"picked":"jedi:collectorstrike","floor":8},{"not_picked":["Iron Wave","Headbutt"],"picked":"jedi:collectorstrike+1","floor":14},{"not_picked":["jedi:unlimitedpower","Immolate"],"picked":"jedi:collectorstrike+1","floor":16},{"not_picked":["Thunderclap","Havoc"],"picked":"jedi:collectorstrike+1","floor":18},{"not_picked":["hubris:ReadiedAction","Armaments"],"picked":"jedi:collectorstrike+1","floor":19},{"not_picked":["Wild Strike","Iron Wave"],"picked":"jedi:collectorstrike+1","floor":20},{"not_picked":["jedi:hate","hubris:SharpeningStone"],"picked":"jedi:collectorstrike+1","floor":21},{"not_picked":["Dropkick","Fiend Fire"],"picked":"jedi:collectorstrike+1","floor":23},{"not_picked":["Replay:Undeath\u0027s Touch+1","Massacre"],"picked":"jedi:collectorstrike+1","floor":25}],"player_experience":70627,"relics_obtained":[{"floor":6,"key":"Replay:Kaleidoscope"},{"floor":8,"key":"Replay:PocketPolymizer"},{"floor":9,"key":"StoneCalendar"},{"floor":11,"key":"jedi:heavyjacket"},{"floor":14,"key":"hubris:DeckOfHolding"},{"floor":15,"key":"DemoMod:WeirdEgg"},{"floor":23,"key":"hubris:Metronome"},{"floor":26,"key":"hubris:DuctTape"}],"event_choices":[{"cards_removed":["Strike_R"],"damage_healed":0,"gold_gain":0,"player_choice":"Give","damage_taken":0,"max_hp_gain":0,"max_hp_loss":0,"event_name":"betterNote:BetterNote","floor":3,"gold_loss":0,"cards_obtained":["None"]},{"damage_healed":0,"gold_gain":0,"player_choice":"Relic","damage_taken":0,"max_hp_gain":0,"max_hp_loss":0,"event_name":"Wheel of Change","floor":11,"gold_loss":0},{"damage_healed":0,"gold_gain":100,"player_choice":"Pray","damage_taken":0,"max_hp_gain":0,"max_hp_loss":0,"event_name":"Golden Shrine","floor":24,"gold_loss":0}],"is_beta":false,"boss_relics":[{"not_picked":["hubris:VirtuousBlindfold","hubris:GrandSneckoEye"],"picked":"hubris:ScarierMask"}],"items_purged_floors":[5,22,28],"is_endless":false,"potions_floor_spawned":[4,7,8,16,18,21,25],"killed_by":"Book of Stabbing","ascension_level":1}}