{"host":"w5ovz9boloi14a0g","time":1610080636,"event":{"mods":["BaseMod","Downfall","Googly Eyes","Minty Spire (QoL Compilation)","StSLib","SuperFastMode"],"gold_per_floor":[99,112,129,129,229,249,303,318,331,346,380,393,475,485,496,496,496,496],"floor_reached":16,"playtime":537,"items_purged":[],"score":183,"play_id":"02bec9ae-8222-42e6-b90e-8f0b4c00134d","local_time":"20210107223716","is_ascension_mode":false,"campfire_choices":[{"data":"Slimebound:CorrosiveSpit","floor":1,"key":"SMITH"}],"circlet_count":0,"master_deck":["Slimebound:Strike_Slimebound","Slimebound:Strike_Slimebound","Slimebound:Tackle","Slimebound:Defend_Slimebound","Slimebound:Defend_Slimebound","Slimebound:Defend_Slimebound+1","Slimebound:Defend_Slimebound","Slimebound:Split+1","Slimebound:CorrosiveSpit+1","Slimebound:MassFeed","Slimebound:Grow","Slimebound:Schlurp","Slimebound:GoopSpray","Slimebound:SlimeSpikes","Slimebound:RainOfGoop+1"],"relics":["Slimebound:AbsorbEndCombat","War Paint","Bag of Marbles","Toxic Egg 2"],"acts_visited":["Exordium"],"potions_floor_usage":[10],"damage_taken":[{"damage":9,"enemies":"Small Slimes","floor":2,"turns":3},{"damage":0,"enemies":"2 Louse","floor":3,"turns":1},{"damage":13,"enemies":"Cultist","floor":6,"turns":4},{"damage":21,"enemies":"Exordium Thugs","floor":8,"turns":4},{"damage":21,"enemies":"Lots of Slimes","floor":9,"turns":3},{"damage":14,"enemies":"3 Louse","floor":10,"turns":2},{"damage":8,"enemies":"Lagavulin","floor":11,"turns":7},{"damage":10,"enemies":"Blue Slaver","floor":12,"turns":4},{"damage":20,"enemies":"2 Fungi Beasts","floor":14,"turns":2},{"damage":23,"enemies":"Exordium Thugs","floor":15,"turns":4},{"damage":74,"enemies":"downfall:Silent","floor":16,"turns":9}],"seed_played":"2317166123652367990","potions_obtained":[{"floor":2,"key":"BlessingOfTheForge"},{"floor":6,"key":"Weak Potion"},{"floor":10,"key":"Fruit Juice"},{"floor":11,"key":"AttackPotion"}],"is_trial":false,"path_per_floor":["R","M","M","?","?","M","T","M","M","M","E","M","T","M","M","B"],"character_chosen":"SLIMEBOUND","items_purchased":[],"campfire_rested":0,"item_purchase_floors":[],"current_hp_per_floor":[60,58,66,66,66,64,64,65,71,74,80,83,83,78,67,0,0,0],"gold":496,"neow_bonus":"ONE_RANDOM_RARE_CARD","is_daily":false,"chose_seed":false,"campfire_upgraded":1,"win_rate":0.0,"timestamp":1610080636,"path_taken":["R","M","M","?","?","M","T","M","M","M","E","?","?","?","M","BOSS"],"items_purchased_type":[],"build_version":"2020-12-22","purchased_purges":0,"victory":false,"max_hp_per_floor":[60,63,69,69,69,72,72,78,93,104,104,107,107,110,110,110,110,110],"card_choices":[{"not_picked":["Slimebound:Schlurp","Slimebound:SlimeTap"],"picked":"Slimebound:Grow","floor":2},{"not_picked":["Slimebound:RollThrough","Slimebound:PressTheAttack","Slimebound:SplitMire"],"picked":"SKIP","floor":3},{"not_picked":["Slimebound:LeadByExample","Slimebound:Schlurp","Slimebound:DivideAndConquer"],"picked":"SKIP","floor":6},{"not_picked":["Slimebound:LeadByExample","Slimebound:DivideAndConquer"],"picked":"Slimebound:Schlurp","floor":6},{"not_picked":["Slimebound:Teamwork","Slimebound:ServeAndProtect"],"picked":"Slimebound:GoopSpray","floor":8},{"not_picked":["Slimebound:HauntingLick","Slimebound:DisruptingSlam","Slimebound:SamplingLick"],"picked":"SKIP","floor":9},{"not_picked":["Slimebound:FinishingTackle","Slimebound:Equalize"],"picked":"Slimebound:SlimeSpikes","floor":10},{"not_picked":["Slimebound:SlimeTap","Slimebound:LeechingTouch","Slimebound:ViciousTackle"],"picked":"SKIP","floor":11},{"not_picked":["Slimebound:Overexert","Slimebound:LeechingTouch","Slimebound:SplitMire"],"picked":"SKIP","floor":12},{"not_picked":["Slimebound:Replication+1","Slimebound:GrowthPunch","Slimebound:SplitMire+1"],"picked":"SKIP","floor":14},{"not_picked":["Slimebound:Grow","Slimebound:LeadByExample"],"picked":"Slimebound:RainOfGoop+1","floor":15}],"player_experience":70593,"relics_obtained":[{"floor":7,"key":"War Paint"},{"floor":11,"key":"Bag of Marbles"},{"floor":13,"key":"Toxic Egg 2"}],"event_choices":[],"is_beta":false,"boss_relics":[],"items_purged_floors":[],"is_endless":false,"potions_floor_spawned":[2,6,10,11,12],"killed_by":"downfall:Silent","ascension_level":0}}