{"host":"h5golg54dem4i27y","time":1610080174,"event":{"mods":["BaseMod","Colored Map","Colored Powertips","Minty Spire (QoL Compilation)","Replay The Spire","StSLib","SuperFastMode","The Hierophant"],"gold_per_floor":[113,38,38,51,64,84,84,159,159,59,77,77,77,95,95,199,199,211,60,76,171,182,182,182],"floor_reached":23,"playtime":1593,"items_purged":["Defend_G","Strike_G"],"score":293,"play_id":"1252c7da-2ccb-4786-8925-ee29aa793fff","local_time":"20210108132934","is_ascension_mode":true,"campfire_choices":[{"data":"Riddle With Holes","floor":12.0,"key":"SMITH"}],"circlet_count":0,"master_deck":["AscendersBane","Strike_G","Strike_G","Strike_G","Defend_G","Defend_G","Defend_G","Defend_G","Backflip","Tactician+1","Riddle With Holes+1","Dagger Spray","Leap","Beam Cell","Predator","Quick Slash","Blade Dance+1"],"relics":["Ring of the Snake","Gremlin Horn","ReplayTheSpireMod:DimensionalGlitch"],"acts_visited":["Exordium","TheCity"],"potions_floor_usage":[23],"damage_taken":[{"damage":6.0,"enemies":"Cultist","floor":1.0,"turns":6.0},{"damage":0.0,"enemies":"2 Louse","floor":4.0,"turns":3.0},{"damage":4.0,"enemies":"Small Slimes","floor":5.0,"turns":4.0},{"damage":9.0,"enemies":"3 Louse","floor":6.0,"turns":5.0},{"damage":2.0,"enemies":"Exordium Wildlife","floor":11.0,"turns":4.0},{"damage":0.0,"enemies":"Gremlin Gang","floor":14.0,"turns":2.0},{"damage":64.0,"enemies":"Fading Forest","floor":16.0,"turns":11.0},{"damage":5.0,"enemies":"3 Byrds","floor":18.0,"turns":5.0},{"damage":6.0,"enemies":"Spheric Guardian","floor":20.0,"turns":3.0},{"damage":20,"enemies":"Shelled Parasite and Fungi","floor":22,"turns":4},{"damage":12,"enemies":"Replay:Snechameleon","floor":23,"turns":6}],"seed_played":"-5687373133936349055","potions_obtained":[{"floor":5.0,"key":"FearPotion"},{"floor":11.0,"key":"Energy Potion"},{"floor":16.0,"key":"AttackPotion"},{"floor":22,"key":"Block Potion"}],"is_trial":false,"path_per_floor":["M","$","?","M","M","M","?","?","T","$","M","R","?","M","R_BF","B",null,"M","$","M","?","M","E"],"character_chosen":"THE_SILENT","items_purchased":["Quick Slash","Fruit Juice"],"campfire_rested":0,"item_purchase_floors":[19,19],"current_hp_per_floor":[57,57,57,57,53,44,44,33,33,33,31,31,31,31,52,10,55,50,50,47,29,9,0,0],"gold":182,"neow_bonus":"THREE_CARDS","is_daily":false,"chose_seed":false,"campfire_upgraded":1,"win_rate":0.0,"timestamp":1610080174,"path_taken":["M","$","?","M","M","M","?","?","T","$","M","R","?","M","R_BF","BOSS","M","$","M","?","M","E"],"items_purchased_type":["Card","Potion"],"build_version":"2020-12-22","purchased_purges":2,"victory":false,"max_hp_per_floor":[70,70,70,70,70,70,70,70,70,70,70,70,70,70,70,70,70,70,70,75,75,75,75,75],"card_choices":[{"not_picked":["Bane","Quick Slash"],"picked":"Backflip","floor":0.0},{"not_picked":["PiercingWail","Deflect","Dodge and Roll"],"picked":"SKIP","floor":1.0},{"not_picked":["Dagger Throw","Dodge and Roll"],"picked":"Tactician","floor":4.0},{"not_picked":["Quick Slash","Heel Hook"],"picked":"Riddle With Holes","floor":5.0},{"not_picked":["Riddle With Holes","Poisoned Stab"],"picked":"Dagger Spray","floor":6.0},{"not_picked":["Choke","Slice","Dodge and Roll"],"picked":"SKIP","floor":11.0},{"not_picked":["Deadly Poison","Deflect","Riddle With Holes"],"picked":"SKIP","floor":14.0},{"not_picked":["Bane","Sucker Punch"],"picked":"Predator","floor":18.0},{"not_picked":["Deadly Poison","Flying Knee"],"picked":"Blade Dance+1","floor":20.0},{"not_picked":["Deadly Poison","Concentrate","PiercingWail"],"picked":"SKIP","floor":22}],"player_experience":638784,"relics_obtained":[{"floor":9.0,"key":"Gremlin Horn"}],"event_choices":[{"damage_healed":0.0,"max_hp_gain":0.0,"max_hp_loss":0.0,"gold_gain":0.0,"event_name":"Liars Game","player_choice":"Ignored","floor":3.0,"gold_loss":0.0,"damage_taken":0.0},{"damage_healed":0.0,"max_hp_gain":0.0,"max_hp_loss":0.0,"gold_gain":75.0,"event_name":"World of Goop","player_choice":"Gather Gold","floor":8.0,"gold_loss":0.0,"damage_taken":11.0},{"cards_removed":["Strike_G"],"damage_healed":0.0,"max_hp_gain":0.0,"max_hp_loss":0.0,"gold_gain":0.0,"event_name":"Purifier","player_choice":"Purged","floor":13.0,"gold_loss":0.0,"damage_taken":0.0}],"is_beta":false,"boss_relics":[{"not_picked":["Painkiller Herb","SacredBark"],"picked":"ReplayTheSpireMod:DimensionalGlitch"}],"items_purged_floors":[2,10],"is_endless":false,"potions_floor_spawned":[5,11,16,22],"killed_by":"Replay:Snechameleon","ascension_level":12}}