{"host":"ymw71f7rc9ndansy","time":1610073775,"event":{"mods":["ATMod(阿瑾Mod)","Act Like it!","Aspiration","BaseMod","DeckTracker","Hubris","Library of Ruina","Library of Ruina Extra","Lobotomy","LobotomyExtend","Minty Spire (QoL Compilation)","MostiFishMod","Remove Card Discount Mod","Replay The Spire","StSLib","TestMod","【功能Mod】精心准备","【遗物卡牌】REMEMod"],"gold_per_floor":[112,96,116,136,156,187,202,202,202,220,220,220,254,304,304,383,383,402,231,281,297,297,324,337,365,365,94,122,30,162,197,197,269,269,289,62,79,92,314,314,340,454,454,479,317,337,337,357,357,357,357,357,357,357,82,108,108],"floor_reached":58,"playtime":1647,"items_purged":["LightDefense","Dodge","LightDefense","LightDefense","FocusedStrikes","MostiFishMod:Neptune","MostiFishMod:TheEndOfMoonlight","MostiFishMod:NightSea","BackAttack+1","GuidanceOfTheGears+1","Injury","MostiFishMod:KnuckleDown","TrashDisposal","Faith+1"],"score":3785,"play_id":"5db28d11-7ef4-42b4-8caf-4fe77e6399bc","local_time":"20210108104255","is_ascension_mode":true,"campfire_choices":[{"data":"FocusSpirit","floor":15.0,"key":"SMITH"},{"floor":32.0,"key":"RECALL"},{"data":"Charge","floor":40.0,"key":"SMITH"},{"data":"LevelSlash","floor":47.0,"key":"SMITH"},{"floor":49.0,"key":"DIG"},{"data":"MostiFishMod:FantasySummer","floor":54,"key":"SMITH"}],"circlet_count":0,"master_deck":["AscendersBane","UpstandingSlash","Spear_LOR","LevelSlash+1","FocusSpirit+1","Charge+1","AT_LightSaberMaster+1","MostiFishMod:SparklingWater+1","MostiFishMod:FantasySummer+1","Clone+1","Commandeering+1","Reload+1","Reload+1","SavageMode"],"relics":["PageOfLibrarian","testmod-TestBox","DaveBox","REME_ComplimentaryCards","AT_ATBox","MoonlightInvasionPlan","testmod-CrystalShield","SynthV:TestCard","Toxic Egg 2","PageOfPinocchio","hubris:Icosahedron","SynthV:C4","testmod-Prudence","Technique","MutagenicStrength","Replay:Ringing Soul","AT_TimeSand","PageOfAlriune","DianDianMeat","aspiration:ChemicalBlood","Red Mask","PageOfBlackSwan","PageOfSingingMachine","LetterFromLob","hubris:TenFootPole","HornCleat","PageOfTodaysShyLook","Letter Opener","hubris:Reverence"],"acts_visited":["Exordium","TheCity","TheBeyond","TheEnding"],"potions_floor_usage":[57,57],"damage_taken":[{"damage":0.0,"enemies":"Jaw Worm","floor":1.0,"turns":1.0},{"damage":0.0,"enemies":"Small Slimes","floor":3.0,"turns":1.0},{"damage":0.0,"enemies":"Cultist","floor":4.0,"turns":1.0},{"damage":0.0,"enemies":"2 Fungi Beasts","floor":5.0,"turns":1.0},{"damage":0.0,"enemies":"Gremlin Nob","floor":6.0,"turns":1.0},{"damage":0.0,"enemies":"Looter","floor":7.0,"turns":1.0},{"damage":0.0,"enemies":"3 Louse","floor":10.0,"turns":1.0},{"damage":0.0,"enemies":"Lagavulin","floor":13.0,"turns":3.0},{"damage":0.0,"enemies":"Slime Boss","floor":16.0,"turns":4.0},{"damage":0.0,"enemies":"2 Thieves","floor":18.0,"turns":3.0},{"damage":0.0,"enemies":"Chosen","floor":21.0,"turns":1.0},{"damage":5.0,"enemies":"Book of Stabbing","floor":23.0,"turns":1.0},{"damage":0.0,"enemies":"Snecko","floor":24.0,"turns":2.0},{"damage":5.0,"enemies":"Gremlin Leader","floor":25.0,"turns":2.0},{"damage":5.0,"enemies":"Replay:Snechameleon","floor":28.0,"turns":1.0},{"damage":0.0,"enemies":"Book of Stabbing","floor":30.0,"turns":1.0},{"damage":0.0,"enemies":"Masked Bandits","floor":31.0,"turns":1.0},{"damage":14.0,"enemies":"RedHoodMercenary","floor":33.0,"turns":4.0},{"damage":0.0,"enemies":"Orb Walker","floor":35.0,"turns":1.0},{"damage":0.0,"enemies":"3 Darklings","floor":37.0,"turns":2.0},{"damage":5.0,"enemies":"Maw","floor":38.0,"turns":1.0},{"damage":0.0,"enemies":"R_Hoarder","floor":41.0,"turns":4.0},{"damage":0.0,"enemies":"Sphere and 2 Shapes","floor":42.0,"turns":1.0},{"damage":5.0,"enemies":"Giant Head","floor":44.0,"turns":1.0},{"damage":5.0,"enemies":"Jaw Worm Horde","floor":46.0,"turns":1.0},{"damage":5.0,"enemies":"Spire Growth","floor":48.0,"turns":1.0},{"damage":5.0,"enemies":"Donu and Deca","floor":50.0,"turns":2.0},{"damage":5.0,"enemies":"hubris:GrandSnecko","floor":51.0,"turns":4.0},{"damage":0,"enemies":"Shield and Spear","floor":56,"turns":4},{"damage":22,"enemies":"The Heart","floor":57,"turns":5}],"seed_played":"4205872301036775539","potions_obtained":[{"floor":7.0,"key":"SteroidPotion"},{"floor":10.0,"key":"Weak Potion"},{"floor":16.0,"key":"Adrenaline Potion"},{"floor":24.0,"key":"DuplicationPotion"},{"floor":38.0,"key":"PowerPotion"}],"is_trial":false,"path_per_floor":["M","$","M","M","M","E","M","?","T","M","?","?","E","?","R","B",null,"M","$","?","M","?","E","M","E","T","$","E","$","E","?","R","B",null,"M","$","M","M","?","R","E","M","T","E","$","M","R","M","R","B","B",null,null,"R","$","E","B",null],"character_chosen":"Librarian","items_purchased":["Technique","PageOfAlriune","GuidanceOfTheGears+1","BackAttack+1","PageOfSingingMachine","Reload+1","PageOfTodaysShyLook","hubris:Reverence"],"campfire_rested":0,"item_purchase_floors":[19,27,29,29,36,36,45,55],"current_hp_per_floor":[54,54,54,54,54,54,58,58,58,58,58,58,66,66,66,76,88,92,92,92,92,92,94,98,93,93,93,96,104,104,104,104,90,105,105,112,112,107,107,107,117,117,117,112,112,107,107,102,102,97,92,92,117,117,117,117,95],"gold":108,"neow_bonus":"","is_daily":false,"chose_seed":false,"campfire_upgraded":4,"win_rate":0.0,"timestamp":1610073775,"path_taken":["M","$","M","M","M","E","M","?","T","M","?","?","E","?","R","BOSS","M","?","?","M","?","E","M","E","T","$","E","$","E","?","R","BOSS","M","$","M","M","?","R","E","M","T","E","$","M","R","M","R","BOSS","BOSS","R","$","E","BOSS"],"items_purchased_type":["Relic","Relic","Card","Card","Relic","Card","Relic","Relic"],"build_version":"2020-12-22","purchased_purges":14,"victory":true,"max_hp_per_floor":[92,92,92,92,92,92,92,92,92,92,92,92,92,92,92,92,92,92,92,92,92,92,95,98,98,98,98,102,110,110,110,110,110,110,110,117,117,117,117,117,125,125,125,125,125,125,125,125,125,125,125,125,125,125,125,125,125],"card_choices":[{"not_picked":["NightInTheBackstreets","Eject","SunsetBlade","DestructiveImpact","Mutilate","HiddenBlade","SweepTheBackstreets","SinglePointStab","Quickness","BindingArms"],"picked":"TrashDisposal","floor":4.0},{"not_picked":["Rewind+1","Gigigig+1","DesperateStruggle","StrongStrike","TasteMyFlamingBat","Outburst","Leap_lor","EndlessBattle","AGoldenOpportunity+1","ToWhereThePrescriptPoints+1"],"picked":"Clone+1","floor":18.0},{"not_picked":["BindingArms","Ripple+1","Rampage_lor","EnergyCycle","AssaultOrder","StructuralAnalysis+1","BladeWhirl","EnergyStrike","PinpointShot","TendonChords","Leap_lor"],"picked":"SKIP","floor":21.0},{"not_picked":["BindingArms","MultiBlock+1","Endure+1","FervidEmotions+1","DefenseOrder+1","Decapitation","Diversion","PinpointShot","SmokingPipe+1","BiteOff"],"picked":"Commandeering+1","floor":23.0},{"not_picked":["TendonChords","Standoff","Parry","PinpointShot","EnergyCycle","DaringDecision","Outburst","PreemptiveStrike","LawAndOrder","HandlingWork+1"],"picked":"Faith+1","floor":24.0},{"not_picked":["GutHarvesting","TrimTheIngredients","ICanCookAnything","WildCard+1","DaringDecision","SuppressingShot","Pound","BindingArms","DimensionalRift","FlyingSword","MindCrush"],"picked":"SKIP","floor":25.0},{"not_picked":["Struggle+1","Gigigig","Bvapour","SinglePointStab","WillOfThePrescript+1","LoosenUp","Cruelty","FierceCharge+1","AlloutWar+1","RipSpace"],"picked":"Reload+1","floor":28.0},{"not_picked":["MindWhip","UnavoidableGaze+1","ButterflySlash+1","Decapitation","MultiBlock+1","IngredientHunt","QuickAttack","TheArtOfRapidSteps+1","ConcentratedFire","Rewind+1","ClassAndRespect"],"picked":"SKIP","floor":30.0},{"not_picked":["SharpSwipe","EndlessBattle+1","LawAndOrder","Rewind+1","Thirst","QuickSuppression+1","EnergyStrike","Faith+1","StructuralAnalysis+1","DevastatingThrash","Overpower+1"],"picked":"SKIP","floor":35.0},{"not_picked":["Parry+1","HandleRequest","Suppress","Diversion","Multislash","InkOver","HighKick","BattleCommand+1","Clone+1","LoosenUp+1"],"picked":"SavageMode","floor":41.0},{"not_picked":["QuickSuppression","Parry+1","MultiHit","NonstopAssault","HighKick","DesperateStruggle","RatsGuideToSurvival+1","Juggling+1","StructuralAnalysis+1","ClassAndRespect+1","QuickAttack"],"picked":"SKIP","floor":42.0},{"not_picked":["NightInTheBackstreets","PreemptiveStrike","Unlock1","Outburst","StrongStrike","Multislash","GoinFirst","BizarreAttack+1","EnergyStrike+1","FeatherShield+1","SpearedSweep"],"picked":"SKIP","floor":44.0},{"not_picked":["BiteOff+1","SparkingSpear","EndlessBattle","BackAttack+1","IngredientHunt+1","DesperateStruggle","Pound","Reload+1","FrontalAssault+1","ElectricShock","SinglePointStab+1"],"picked":"SKIP","floor":46.0},{"not_picked":["NightInTheBackstreets","MindWhip","YouOnlyLiveOnce","Diversion","SuppressingShot+1","Struggle+1","SharpSwipe","TrashDisposal","ICanCookAnything","QuickSuppression","EnergyCycle"],"picked":"SKIP","floor":48.0},{"not_picked":["FeatherShield+1","CutIn","StrongStrike","Standoff","Unlock1","HighSpeedStabbing","SkyClearingCut","Outburst+1","Mutilate","LeRegole+1","EnergyCycle"],"picked":"SKIP","floor":56}],"player_experience":1092379,"relics_obtained":[{"floor":1.0,"key":"SynthV:TestCard"},{"floor":9.0,"key":"PageOfPinocchio"},{"floor":13.0,"key":"SynthV:C4"},{"floor":23.0,"key":"Replay:Ringing Soul"},{"floor":26.0,"key":"AT_TimeSand"},{"floor":28.0,"key":"DianDianMeat"},{"floor":30.0,"key":"aspiration:ChemicalBlood"},{"floor":31.0,"key":"Red Mask"},{"floor":37.0,"key":"LetterFromLob"},{"floor":41.0,"key":"hubris:TenFootPole"},{"floor":44.0,"key":"HornCleat"},{"floor":49.0,"key":"Letter Opener"}],"event_choices":[{"damage_healed":0.0,"max_hp_gain":0.0,"max_hp_loss":0.0,"gold_gain":0.0,"event_name":"Liars Game","player_choice":"Ignored","floor":12.0,"gold_loss":0.0,"damage_taken":0.0},{"damage_healed":0.0,"max_hp_gain":0.0,"max_hp_loss":0.0,"gold_gain":50.0,"event_name":"Golden Shrine","player_choice":"Pray","floor":14.0,"gold_loss":0.0,"damage_taken":0.0},{"damage_healed":0.0,"max_hp_gain":0.0,"max_hp_loss":0.0,"gold_gain":50.0,"event_name":"Nest","player_choice":"Stole From Cult","floor":20.0,"gold_loss":0.0,"damage_taken":0.0},{"damage_healed":0.0,"max_hp_gain":0.0,"max_hp_loss":0.0,"gold_gain":0.0,"event_name":"Drug Dealer","player_choice":"Inject Mutagens","floor":22.0,"gold_loss":0.0,"damage_taken":0.0,"relics_obtained":["MutagenicStrength"]},{"damage_healed":0.0,"max_hp_gain":0.0,"max_hp_loss":0.0,"gold_gain":0.0,"event_name":"Masked Bandits","player_choice":"Fought Bandits","floor":31.0,"gold_loss":0.0,"damage_taken":0.0},{"damage_healed":0.0,"max_hp_gain":0.0,"max_hp_loss":0.0,"gold_gain":222.0,"event_name":"Tomb of Lord Red Mask","player_choice":"Wore Mask","floor":39.0,"gold_loss":0.0,"damage_taken":0.0}],"is_beta":false,"boss_relics":[{"not_picked":["hubris:RunicObelisk","testmod-EnergyCheck"],"picked":"testmod-Prudence"},{"not_picked":["testmod-IncinerationGenerator","aspiration:FutureDiary"],"picked":"PageOfBlackSwan"}],"items_purged_floors":[2,2,2,2,2,2,2,2,29,29,29,29,29,36],"is_endless":false,"potions_floor_spawned":[7,10,13,16,24,30,31,33,38,42,46,56],"ascension_level":20}}