{"host":"dtm4abeon6jfxj1d","time":1610084786,"event":{"mods":["BaseMod","Downfall","Minty Spire (QoL Compilation)","Rare Cards Sparkle","StSLib"],"gold_per_floor":[112,65,83,95,111,141,64,64,118,142,142,67,84,84,84,218,218,236,245,245,285,285,329,350,364,388,388,412,162,162,187,187,325,325,349,70,88,112,334,368,431,469,469,504,504,504,111,129,129,129],"floor_reached":51,"playtime":2434,"items_purged":["Strike_P","Strike_P+1","Strike_P+1"],"score":1443,"play_id":"3abfa9ed-e66c-4d74-a29b-135a327c21cb","local_time":"20210108004626","is_ascension_mode":true,"campfire_choices":[{"data":"SandsOfTime","floor":8,"key":"SMITH"},{"data":"Protect","floor":15,"key":"SMITH"},{"floor":27,"key":"REST"},{"floor":30,"key":"REST"},{"data":"Ragnarok","floor":32,"key":"SMITH"},{"floor":45,"key":"REST"},{"floor":49,"key":"REST"}],"circlet_count":0,"master_deck":["AscendersBane","Defend_P+1","Defend_P+1","Defend_P+1","Eruption","Vigilance","Protect","SandsOfTime+1","Worship","Wallop+1","Protect+1","Ragnarok+1","Necronomicurse","Wallop","Ragnarok","Brilliance+1"],"relics":["Snecko Eye","Sundial","CeramicFish","Golden Idol","Busted Crown","Necronomicon","Red Mask","Boot","Ancient Tea Set","Damaru","Fusion Hammer","Lantern","Bronze Scales","Lizard Tail","Anchor","Molten Egg 2","Blood Vial","Shuriken"],"acts_visited":["Exordium","TheCity","TheBeyond"],"potions_floor_usage":[6,21,50],"damage_taken":[{"damage":0,"enemies":"Cultist","floor":1,"turns":1},{"damage":0,"enemies":"2 Louse","floor":3,"turns":5},{"damage":0,"enemies":"Small Slimes","floor":4,"turns":2},{"damage":3,"enemies":"Looter","floor":5,"turns":2},{"damage":13,"enemies":"Gremlin Nob","floor":6,"turns":4},{"damage":0,"enemies":"Large Slime","floor":10,"turns":2},{"damage":0,"enemies":"2 Fungi Beasts","floor":13,"turns":2},{"damage":2,"enemies":"The Guardian","floor":16,"turns":8},{"damage":0,"enemies":"Chosen","floor":18,"turns":3},{"damage":33,"enemies":"Masked Bandits","floor":21,"turns":4},{"damage":0,"enemies":"Gremlin Leader","floor":23,"turns":3},{"damage":0,"enemies":"2 Thieves","floor":24,"turns":2},{"damage":2,"enemies":"Snake Plant","floor":25,"turns":2},{"damage":0,"enemies":"Cultist and Chosen","floor":28,"turns":3},{"damage":0,"enemies":"Centurion and Healer","floor":31,"turns":2},{"damage":0,"enemies":"Champ","floor":33,"turns":5},{"damage":0,"enemies":"3 Shapes","floor":35,"turns":3},{"damage":0,"enemies":"3 Darklings","floor":37,"turns":2},{"damage":6,"enemies":"Maw","floor":38,"turns":5},{"damage":13,"enemies":"Reptomancer","floor":40,"turns":3},{"damage":0,"enemies":"Mind Bloom Boss Battle","floor":41,"turns":4},{"damage":0,"enemies":"Nemesis","floor":42,"turns":4},{"damage":31,"enemies":"Reptomancer","floor":44,"turns":3},{"damage":17,"enemies":"Writhing Mass","floor":48,"turns":4},{"damage":0,"enemies":"Awakened One","floor":50,"turns":7}],"seed_played":"-3179580383472560467","potions_obtained":[{"floor":1,"key":"BottledMiracle"},{"floor":5,"key":"Explosive Potion"},{"floor":6,"key":"FairyPotion"},{"floor":23,"key":"Strength Potion"},{"floor":48,"key":"DistilledChaos"}],"is_trial":false,"path_per_floor":["M","$","M","M","M","E","$","R","T","M","?","$","M","?","R","B",null,"M","?","?","?","?","E","M","M","T","R","M","$","R","M","R","B",null,"M","$","M","M","?","E","?","E","T","E","R","?","$","M","R","B",null],"character_chosen":"WATCHER","items_purchased":["Protect","Wallop","Damaru","Lantern","Brilliance+1","Shuriken"],"campfire_rested":4,"item_purchase_floors":[2,7,29,36,47,47],"current_hp_per_floor":[65,65,65,65,62,49,49,49,49,49,49,49,49,49,49,47,62,62,46,46,13,13,13,13,11,11,31,31,31,51,51,51,51,63,63,63,63,57,57,44,44,44,44,13,33,33,33,18,38,40],"gold":129,"neow_bonus":"BOSS_RELIC","is_daily":false,"chose_seed":false,"campfire_upgraded":3,"win_rate":0.0,"timestamp":1610084786,"path_taken":["M","$","M","M","?","E","$","R","T","M","?","?","M","?","R","BOSS","M","?","?","?","?","E","M","M","T","R","M","$","R","M","R","BOSS","M","$","M","?","?","E","?","E","T","E","R","?","$","M","R","BOSS"],"items_purchased_type":["Card","Card","Relic","Relic","Card","Relic"],"build_version":"2020-12-22","purchased_purges":3,"victory":true,"max_hp_per_floor":[72,72,72,72,72,72,72,72,72,72,72,72,72,67,67,67,67,67,67,67,67,67,67,67,67,67,67,67,67,67,67,67,67,67,67,67,67,67,67,67,67,67,67,67,67,67,67,67,67,67],"card_choices":[{"not_picked":["CarveReality","EmptyBody","CrushJoints"],"picked":"SKIP","floor":1},{"not_picked":["Nirvana","PathToVictory"],"picked":"SandsOfTime","floor":3},{"not_picked":["FlyingSleeves","MentalFortress","ForeignInfluence"],"picked":"SKIP","floor":4},{"not_picked":["Prostrate","SashWhip"],"picked":"Worship","floor":5},{"not_picked":["Meditate","Prostrate","Tantrum"],"picked":"SKIP","floor":6},{"not_picked":["Meditate","Prostrate","Tantrum"],"picked":"SKIP","floor":6},{"not_picked":["Consecrate","Evaluate"],"picked":"Protect","floor":10},{"not_picked":["Tantrum","Protect","Weave"],"picked":"SKIP","floor":13},{"not_picked":["LessonLearned","DevaForm"],"picked":"Ragnarok","floor":16},{"not_picked":["EmptyFist"],"picked":"SKIP","floor":18},{"not_picked":[],"picked":"Wallop","floor":23},{"not_picked":["CutThroughFate"],"picked":"SKIP","floor":24},{"not_picked":["FlyingSleeves"],"picked":"SKIP","floor":25},{"not_picked":["EmptyFist"],"picked":"SKIP","floor":28},{"not_picked":["WindmillStrike"],"picked":"SKIP","floor":31},{"not_picked":[],"picked":"Ragnarok","floor":33},{"not_picked":["Meditate"],"picked":"SKIP","floor":35},{"not_picked":["Evaluate"],"picked":"SKIP","floor":37},{"not_picked":["ClearTheMind+1"],"picked":"SKIP","floor":38},{"not_picked":["ReachHeaven+1"],"picked":"SKIP","floor":40},{"not_picked":["ReachHeaven+1"],"picked":"SKIP","floor":40},{"not_picked":["ThirdEye+1"],"picked":"SKIP","floor":42},{"not_picked":["Conclude+1"],"picked":"SKIP","floor":44},{"not_picked":["Sanctity"],"picked":"SKIP","floor":48}],"player_experience":185155,"relics_obtained":[{"floor":6,"key":"Sundial"},{"floor":9,"key":"CeramicFish"},{"floor":19,"key":"Necronomicon"},{"floor":21,"key":"Red Mask"},{"floor":23,"key":"Boot"},{"floor":26,"key":"Ancient Tea Set"},{"floor":40,"key":"Bronze Scales"},{"floor":41,"key":"Lizard Tail"},{"floor":42,"key":"Anchor"},{"floor":43,"key":"Molten Egg 2"},{"floor":44,"key":"Blood Vial"}],"event_choices":[{"damage_healed":0,"gold_gain":0,"player_choice":"Upgraded","damage_taken":0,"max_hp_gain":0,"max_hp_loss":0,"event_name":"Upgrade Shrine","floor":11,"gold_loss":0,"cards_upgraded":["Wallop"]},{"damage_healed":0,"gold_gain":0,"player_choice":"Lose Max HP","damage_taken":0,"relics_obtained":["Golden Idol"],"max_hp_gain":0,"max_hp_loss":5,"event_name":"Golden Idol","floor":14,"gold_loss":0},{"damage_healed":0,"gold_gain":0,"player_choice":"Obtained Book","damage_taken":16,"max_hp_gain":0,"max_hp_loss":0,"event_name":"Cursed Tome","floor":19,"gold_loss":0},{"damage_healed":0,"gold_gain":0,"player_choice":"Simplicity","damage_taken":0,"max_hp_gain":0,"max_hp_loss":0,"event_name":"Back to Basics","floor":20,"gold_loss":0,"cards_upgraded":["Strike_P","Strike_P","Strike_P","Defend_P","Defend_P","Defend_P","Defend_P"]},{"damage_healed":0,"gold_gain":0,"player_choice":"Fought Bandits","damage_taken":0,"max_hp_gain":0,"max_hp_loss":0,"event_name":"Masked Bandits","floor":21,"gold_loss":0},{"cards_removed":["Strike_P"],"damage_healed":0,"gold_gain":0,"player_choice":"Purged","damage_taken":0,"max_hp_gain":0,"max_hp_loss":0,"event_name":"Purifier","floor":22,"gold_loss":0},{"damage_healed":0,"gold_gain":222,"player_choice":"Wore Mask","damage_taken":0,"max_hp_gain":0,"max_hp_loss":0,"event_name":"Tomb of Lord Red Mask","floor":39,"gold_loss":0},{"damage_healed":0,"gold_gain":0,"player_choice":"Fight","damage_taken":0,"max_hp_gain":0,"max_hp_loss":0,"event_name":"MindBloom","floor":41,"gold_loss":0},{"cards_removed":["Defend_P"],"damage_healed":0,"gold_gain":0,"player_choice":"Removed Skill","damage_taken":0,"max_hp_gain":0,"max_hp_loss":0,"event_name":"Falling","floor":46,"gold_loss":0}],"is_beta":false,"boss_relics":[{"not_picked":["Black Star","Ectoplasm"],"picked":"Busted Crown"},{"not_picked":["Velvet Choker","Runic Dome"],"picked":"Fusion Hammer"}],"items_purged_floors":[12,29,36],"is_endless":false,"potions_floor_spawned":[1,5,6,13,23,25,28,40,41,48],"ascension_level":12}}