{"host":"eydwxg59205c3vtl","time":1610122404,"event":{"mods":["2.2 Compatiblity","BaseMod","Colored Map","Colored Powertips","Hubris","Minty Spire (QoL Compilation)","StSLib","The Jungle","The Necromancer"],"gold_per_floor":[117,117,42,117,20,20,34,34,34,34,62,82,113,128,128,206,206,224,224,224,10,10,135,135,162,162,193,193,159,159,174,174,252,252,263,263,263,288,307,340,359,391,466,466,248,248,248,258,258,258],"floor_reached":51,"playtime":3440,"items_purged":["Blood_for_Blood","hubris:Wrath"],"score":1566,"play_id":"806ee2d0-8a2f-479b-b423-02735c341bd1","local_time":"20210108111324","is_ascension_mode":true,"campfire_choices":[{"data":"Negative_Energy_Burst","floor":6.0,"key":"SMITH"},{"data":"Negative_Energy_Sphere","floor":8.0,"key":"SMITH"},{"floor":15.0,"key":"REST"},{"data":"Siphon_Strength","floor":24.0,"key":"SMITH"},{"data":"Siphon_Strength","floor":28.0,"key":"SMITH"},{"data":"Bone_Prison","floor":30.0,"key":"SMITH"},{"floor":32.0,"key":"REST"},{"data":"Magnetism","floor":44,"key":"SMITH"},{"data":"Grasp_Heart","floor":47,"key":"SMITH"},{"data":"Shade_Step","floor":49,"key":"SMITH"}],"circlet_count":0,"master_deck":["AscendersBane","Negative_Energy_Arrows+1","Bone_Wall","Spectral_Armor","Negative_Energy_Burst+1","Negative_Energy_Sphere+1","Negative_Energy_Javelin","Bone_Prison+1","Shade_Step+1","Grasp_Heart+1","Siphon_Strength+1","Siphon_Strength+1","Plague_Bolt","Bone_Bullets","Acid_Javelin","Spectral_Armor","Summon_Vampire_Lady","Magnetism+1","Scare+1","Plague_Bolt+1","Spectral_Armor"],"relics":["SacredBark","hubris:Towel","White Beast Statue","Smiling Mask","TungstenRod","Pandora\u0027s Box","MutagenicStrength","Juzu Bracelet","hubris:Icosahedron","Bottled Flame","Nunchaku","hubris:MysteriousPyramids","Bag of Preparation","Cursed Key","FossilizedHelix","Incense Burner","CaptainsWheel","Mummified Hand","ClockworkSouvenir"],"acts_visited":["Exordium","TheCity","TheBeyond"],"potions_floor_usage":[40,42],"damage_taken":[{"damage":2.0,"enemies":"Jaw Worm","floor":1.0,"turns":5.0},{"damage":2.0,"enemies":"Small Slimes","floor":7.0,"turns":4.0},{"damage":30.0,"enemies":"Lagavulin","floor":11.0,"turns":11.0},{"damage":0.0,"enemies":"2 Louse","floor":12.0,"turns":1.0},{"damage":8.0,"enemies":"3 Sentries","floor":13.0,"turns":4.0},{"damage":2.0,"enemies":"Blue Slaver","floor":14.0,"turns":4.0},{"damage":1.0,"enemies":"Slime Boss","floor":16.0,"turns":9.0},{"damage":1.0,"enemies":"Shell Parasite","floor":18.0,"turns":6.0},{"damage":0.0,"enemies":"Slavers","floor":23.0,"turns":2.0},{"damage":1.0,"enemies":"Book of Stabbing","floor":25.0,"turns":5.0},{"damage":12.0,"enemies":"Slavers","floor":27.0,"turns":8.0},{"damage":3.0,"enemies":"2 Thieves","floor":29.0,"turns":2.0},{"damage":0.0,"enemies":"Chosen and Byrds","floor":31.0,"turns":3.0},{"damage":15.0,"enemies":"Collector","floor":33.0,"turns":9.0},{"damage":0,"enemies":"Orb Walker","floor":35,"turns":2},{"damage":0,"enemies":"Mind Bloom Boss Battle","floor":38,"turns":5},{"damage":0,"enemies":"3 Shapes","floor":39,"turns":3},{"damage":0,"enemies":"Nemesis","floor":40,"turns":5},{"damage":9,"enemies":"Jaw Worm Horde","floor":41,"turns":4},{"damage":0,"enemies":"Giant Head","floor":42,"turns":6},{"damage":0,"enemies":"Spire Growth","floor":48,"turns":3},{"damage":0,"enemies":"Donu and Deca","floor":50,"turns":7}],"seed_played":"51155909684417517","potions_obtained":[{"floor":1.0,"key":"Fruit Juice"},{"floor":11.0,"key":"ColorlessPotion"},{"floor":12.0,"key":"SpeedPotion"},{"floor":14.0,"key":"Strength Potion"},{"floor":16.0,"key":"Block Potion"},{"floor":18.0,"key":"PowerPotion"},{"floor":23.0,"key":"SteroidPotion"},{"floor":25.0,"key":"GamblersBrew"},{"floor":29.0,"key":"Strength Potion"},{"floor":33.0,"key":"Regen Potion"},{"floor":35,"key":"DuplicationPotion"},{"floor":40,"key":"Fruit Juice"},{"floor":41,"key":"Ancient Potion"},{"floor":42,"key":"Energy Potion"}],"is_trial":false,"path_per_floor":["M","?","?","?","$","R","M","R","T","?","E","M","E","M","R","B",null,"M","?","?","$","?","E","R","E","T","E","R","M","R","M","R","B",null,"M","?","?","?","M","E","M","E","T","R","$","?","R","M","R","B",null],"character_chosen":"NECROMANCER","items_purchased":["Negative_Energy_Burst","Negative_Energy_Shield","Juzu Bracelet","ClockworkSouvenir"],"campfire_rested":2,"item_purchase_floors":[5,5,21,45],"current_hp_per_floor":[72,72,72,61,61,61,59,59,59,59,29,29,21,19,43,42,71,70,70,70,70,70,70,70,69,69,57,57,54,54,54,78,63,77,77,77,77,81,81,91,91,91,91,91,91,91,91,91,91,91],"gold":258,"neow_bonus":"BOSS_RELIC","is_daily":false,"chose_seed":false,"campfire_upgraded":8,"win_rate":0.0,"timestamp":1610122404,"path_taken":["M","?","?","?","?","R","M","R","T","?","E","M","E","M","R","BOSS","M","?","?","$","?","E","R","E","T","E","R","M","R","M","R","BOSS","M","?","?","?","M","E","M","E","T","R","$","?","R","M","R","BOSS"],"items_purchased_type":["Card","Card","Relic","Relic"],"build_version":"2020-12-22","purchased_purges":2,"victory":true,"max_hp_per_floor":[81,81,81,81,81,81,81,81,81,81,81,81,81,81,81,81,81,81,81,81,81,81,81,81,81,81,81,81,81,81,81,81,81,81,81,81,81,81,81,91,91,91,91,91,91,91,91,91,91,91],"card_choices":[{"not_picked":["Flesh_Made_Foul","Blood_Curse"],"picked":"Spectral_Armor","floor":1.0},{"not_picked":["Stop_Heart","Chill_Blood"],"picked":"Negative_Energy_Sphere","floor":7.0},{"not_picked":["Summon_Undead_Army","Detonate_Bones"],"picked":"Negative_Energy_Javelin","floor":11.0},{"not_picked":["Scare","Blood_Is_Power"],"picked":"Bone_Prison","floor":12.0},{"not_picked":["Bone_Bullets","Toxic_Smoke_Screen","Negative_Energy_Sphere"],"picked":"SKIP","floor":13.0},{"not_picked":["Shackles_Of_Pain","Finger_Of_Death"],"picked":"Shade_Step","floor":14.0},{"not_picked":["Summon_Undead_Army","Flesh_Made_Foul","Epidemic+1"],"picked":"SKIP","floor":18.0},{"not_picked":["Toxic_Smoke_Screen","Requiem","Chill_Blood"],"picked":"SKIP","floor":23.0},{"not_picked":["Blood_for_Blood","Bone_Armor","Whirlwind_of_Bones"],"picked":"SKIP","floor":25.0},{"not_picked":["Death_March_Dance","Death_Knell","Negative_Energy_Shield"],"picked":"SKIP","floor":27.0},{"not_picked":["Bone_Armor","Uncharnel+1","Finger_Of_Death"],"picked":"SKIP","floor":29.0},{"not_picked":["Plague_Bolt","Summon_Undead_Army","Bone_Spikes"],"picked":"SKIP","floor":31.0},{"not_picked":["Reap_The_Weak","Skeleton_Dragon"],"picked":"Summon_Vampire_Lady","floor":33.0},{"not_picked":["Exploit","Scare","Death_March_Dance+1"],"picked":"SKIP","floor":35},{"not_picked":["PanicButton","Transmutation"],"picked":"Magnetism","floor":37},{"not_picked":["Uncharnel","Vampiric_Strike"],"picked":"Scare+1","floor":38},{"not_picked":["Bones_to_Steel","Life_Tap+1","Bone_Shift"],"picked":"SKIP","floor":39},{"not_picked":["Bone_Shift","Death_March_Dance","Plague_Bolt"],"picked":"SKIP","floor":40},{"not_picked":["Pandemic","Life_Drain+1","Acid_Javelin"],"picked":"SKIP","floor":41},{"not_picked":["Violent_Necrosis","Bone_Armory"],"picked":"Plague_Bolt+1","floor":42},{"not_picked":["Toxic_Smoke_Screen","Negative_Energy_Sphere"],"picked":"Spectral_Armor","floor":48}],"player_experience":601041,"relics_obtained":[{"floor":9.0,"key":"White Beast Statue"},{"floor":11.0,"key":"Smiling Mask"},{"floor":13.0,"key":"TungstenRod"},{"floor":23.0,"key":"Bottled Flame"},{"floor":25.0,"key":"Nunchaku"},{"floor":26.0,"key":"hubris:MysteriousPyramids"},{"floor":27.0,"key":"Bag of Preparation"},{"floor":38,"key":"FossilizedHelix"},{"floor":40,"key":"Incense Burner"},{"floor":42,"key":"CaptainsWheel"},{"floor":43,"key":"Mummified Hand"}],"event_choices":[{"cards_removed":["Strike_W"],"damage_healed":0.0,"max_hp_gain":0.0,"max_hp_loss":0.0,"gold_gain":0.0,"event_name":"The Cleric","player_choice":"Card Removal","floor":3.0,"gold_loss":75.0,"damage_taken":0.0},{"damage_healed":0.0,"max_hp_gain":0.0,"max_hp_loss":0.0,"gold_gain":75.0,"event_name":"World of Goop","player_choice":"Gather Gold","floor":4.0,"gold_loss":0.0,"damage_taken":11.0},{"damage_healed":0.0,"max_hp_gain":0.0,"max_hp_loss":0.0,"gold_gain":0.0,"event_name":"Living Wall","player_choice":"Grow","floor":10.0,"gold_loss":0.0,"damage_taken":0.0,"cards_upgraded":["Negative_Energy_Arrows"]},{"damage_healed":0.0,"max_hp_gain":0.0,"max_hp_loss":0.0,"gold_gain":0.0,"event_name":"Drug Dealer","player_choice":"Inject Mutagens","floor":19.0,"gold_loss":0.0,"damage_taken":0.0,"relics_obtained":["MutagenicStrength"]},{"damage_healed":0.0,"max_hp_gain":0.0,"max_hp_loss":0.0,"gold_gain":0.0,"event_name":"The Library","player_choice":"Read","floor":20.0,"gold_loss":0.0,"damage_taken":0.0,"cards_obtained":["Spectral_Armor"]},{"damage_healed":0,"gold_gain":0,"player_choice":"Memory 1","damage_taken":0,"max_hp_gain":0,"max_hp_loss":0,"event_name":"SensoryStone","floor":37,"gold_loss":0},{"damage_healed":0,"gold_gain":0,"player_choice":"Fight","damage_taken":0,"max_hp_gain":0,"max_hp_loss":0,"event_name":"MindBloom","floor":38,"gold_loss":0},{"cards_removed":["Negative_Energy_Shield"],"damage_healed":0,"gold_gain":0,"player_choice":"Removed Skill","damage_taken":0,"max_hp_gain":0,"max_hp_loss":0,"event_name":"Falling","floor":46,"gold_loss":0}],"is_beta":false,"boss_relics":[{"not_picked":["SlaversCollar","Coffee Dripper"],"picked":"Pandora\u0027s Box"},{"not_picked":["hubris:GrandSneckoEye","hubris:CrackedHourglass"],"picked":"Cursed Key"}],"items_purged_floors":[21,45],"is_endless":false,"potions_floor_spawned":[1,11,12,13,14,16,18,23,25,27,29,31,33,35,38,39,40,41,42,48],"ascension_level":16}}