{"host":"6gnv7me3tk2udb7q","time":1610128847,"event":{"mods":["BaseMod","Bestiary","Colored Map","Minty Spire (QoL Compilation)"],"gold_per_floor":[113,113,131,206,206,239,250,266,266,266,284,315,315,330,330,330,330],"floor_reached":16,"playtime":608,"items_purged":[],"score":199,"play_id":"2cdbcf39-1cdf-415f-9cd9-e6dca6aee651","local_time":"20210108130047","is_ascension_mode":true,"campfire_choices":[{"floor":13,"key":"REST"},{"data":"Sunder","floor":15,"key":"SMITH"}],"circlet_count":0,"master_deck":["Strike_B","Strike_B","Strike_B","Strike_B","Defend_B","Defend_B","Defend_B","Zap","Dualcast","Gash","Creative AI","Sunder+1","Recycle","Streamline","Fusion"],"relics":["Cracked Core","NeowsBlessing","Tiny Chest","Mercury Hourglass","Pen Nib","Pantograph","Shuriken"],"acts_visited":["Exordium"],"potions_floor_usage":[8,12,12,16],"damage_taken":[{"damage":0,"enemies":"Jaw Worm","floor":1,"turns":1},{"damage":0,"enemies":"Small Slimes","floor":3,"turns":1},{"damage":0,"enemies":"Lagavulin","floor":6,"turns":1},{"damage":1,"enemies":"2 Louse","floor":7,"turns":2},{"damage":0,"enemies":"Exordium Wildlife","floor":8,"turns":2},{"damage":5,"enemies":"Gremlin Gang","floor":11,"turns":3},{"damage":20,"enemies":"3 Sentries","floor":12,"turns":3},{"damage":1,"enemies":"2 Fungi Beasts","floor":14,"turns":2},{"damage":69,"enemies":"Hexaghost","floor":16,"turns":8}],"seed_played":"1840050432579499196","potions_obtained":[{"floor":6,"key":"Explosive Potion"},{"floor":7,"key":"FearPotion"},{"floor":11,"key":"SteroidPotion"},{"floor":14,"key":"EssenceOfSteel"}],"is_trial":false,"path_per_floor":["M","?","M","?","?","E","M","M","T","T","M","E","R","M","R","B"],"character_chosen":"DEFECT","items_purchased":[],"campfire_rested":1,"item_purchase_floors":[],"current_hp_per_floor":[68,61,61,50,43,43,42,42,42,42,37,17,39,38,38,0,0],"gold":330,"neow_bonus":"THREE_ENEMY_KILL","is_daily":false,"chose_seed":false,"campfire_upgraded":1,"win_rate":0.0,"timestamp":1610128847,"path_taken":["M","?","M","?","?","E","?","M","T","?","M","E","R","M","R","BOSS"],"items_purchased_type":[],"build_version":"2020-12-22","purchased_purges":0,"victory":false,"max_hp_per_floor":[75,75,75,75,75,75,75,75,75,75,75,75,75,75,75,75,75],"card_choices":[{"not_picked":["Cold Snap","Turbo"],"picked":"Gash","floor":1},{"not_picked":["Loop","Compile Driver"],"picked":"Creative AI","floor":3},{"not_picked":["Turbo","Thunder Strike","Redo"],"picked":"SKIP","floor":6},{"not_picked":["Sweeping Beam","Compile Driver"],"picked":"Sunder","floor":7},{"not_picked":["Loop","Cold Snap","Barrage"],"picked":"SKIP","floor":8},{"not_picked":["Redo","Chaos"],"picked":"Recycle","floor":11},{"not_picked":["Biased Cognition","Reprogram"],"picked":"Streamline","floor":12},{"not_picked":["Redo","Static Discharge"],"picked":"Fusion","floor":14}],"player_experience":625137,"relics_obtained":[{"floor":6,"key":"Mercury Hourglass"},{"floor":9,"key":"Pen Nib"},{"floor":10,"key":"Pantograph"},{"floor":12,"key":"Shuriken"}],"event_choices":[{"damage_healed":0,"gold_gain":0,"player_choice":"Success","damage_taken":7,"relics_obtained":["Tiny Chest"],"max_hp_gain":0,"max_hp_loss":0,"event_name":"Scrap Ooze","floor":2,"gold_loss":0},{"damage_healed":0,"gold_gain":75,"player_choice":"Gather Gold","damage_taken":11,"max_hp_gain":0,"max_hp_loss":0,"event_name":"World of Goop","floor":4,"gold_loss":0},{"cards_removed":["Defend_B"],"damage_healed":0,"gold_gain":0,"player_choice":"Card Removal","damage_taken":7,"max_hp_gain":0,"max_hp_loss":0,"event_name":"Golden Wing","floor":5,"gold_loss":0}],"is_beta":false,"boss_relics":[],"items_purged_floors":[],"is_endless":false,"potions_floor_spawned":[6,7,11,14],"killed_by":"Hexaghost","ascension_level":9}}