{"host":"ig7tc0uedzltt2sr","time":1610073814,"event":{"mods":["BaseMod","Better Twitch Integration","Block Reminder","Colored Map","Colored Powertips","Communication Mod","Current Relic Mod","GifTheSpireLib","HexUI Lib","Minty Spire (QoL Compilation)","Quick Restart","Random Character Button","Rare Cards Sparkle","Relic Sorter","Relic Stats","Slay the Relics Exporter","StSLib","SuperFastMode","Synergy Search","Twitch Decklist","Twitch Utils","everything is the same but u backflip on backflip","slay the spire mod where everything is the same but ironclad has a cowboy hat"],"gold_per_floor":[112,112,123,140,159,185,185,185,185,203,276,276,276],"floor_reached":12,"playtime":74,"items_purged":[],"score":80,"play_id":"df546a01-59ee-4f0b-8060-c9455b249b74","local_time":"20210107184334","is_ascension_mode":false,"campfire_choices":[{"data":"Defend_R","floor":7,"key":"SMITH"}],"circlet_count":0,"master_deck":["Strike_R+1","Strike_R","Strike_R","Strike_R","Strike_R","Defend_R+1","Defend_R","Defend_R+1","Defend_R","Bash","Sever Soul","Reaper","Rupture+1","Wild Strike","Pummel"],"relics":["Burning Blood","NeowsBlessing","Ancient Tea Set"],"acts_visited":["Exordium"],"potions_floor_usage":[],"damage_taken":[{"damage":0,"enemies":"Jaw Worm","floor":1,"turns":1},{"damage":0,"enemies":"2 Louse","floor":3,"turns":2},{"damage":0,"enemies":"Small Slimes","floor":4,"turns":2},{"damage":30,"enemies":"Red Slaver","floor":5,"turns":9},{"damage":70,"enemies":"Lagavulin","floor":6,"turns":10},{"damage":11,"enemies":"Blue Slaver","floor":10,"turns":5},{"damage":18,"enemies":"Gremlin Nob","floor":12,"turns":3}],"seed_played":"704475590669243805","potions_obtained":[{"floor":4,"key":"FairyPotion"},{"floor":5,"key":"LiquidMemories"},{"floor":10,"key":"Dexterity Potion"}],"is_trial":false,"path_per_floor":["M","?","M","M","M","E","R","?","T","M","?","E"],"character_chosen":"IRONCLAD","items_purchased":[],"campfire_rested":0,"item_purchase_floors":[],"current_hp_per_floor":[80,80,80,80,56,30,30,14,14,13,13,0,0],"gold":276,"neow_bonus":"THREE_ENEMY_KILL","is_daily":false,"chose_seed":false,"campfire_upgraded":1,"win_rate":0.0,"timestamp":1610073814,"path_taken":["M","?","M","M","M","E","R","?","T","M","?","E"],"items_purchased_type":[],"build_version":"2020-12-22","purchased_purges":0,"victory":false,"max_hp_per_floor":[80,80,80,80,80,80,80,80,80,80,80,80,80],"relic_stats":{"counters":[7,32],"obtain_stats":[{"NeowsBlessing":0,"Ancient Tea Set":6,"Burning Blood":0},{"NeowsBlessing":0,"Ancient Tea Set":5,"Burning Blood":0},{"NeowsBlessing":0,"Ancient Tea Set":24,"Burning Blood":0}],"Burning Blood":18},"card_choices":[{"not_picked":["Headbutt","Sword Boomerang"],"picked":"Sever Soul","floor":1},{"not_picked":["Shrug It Off","Thunderclap"],"picked":"Reaper","floor":3},{"not_picked":["Pommel Strike","Ghostly Armor"],"picked":"Rupture","floor":4},{"not_picked":["Cleave","Flex"],"picked":"Wild Strike","floor":5},{"not_picked":["Warcry","Headbutt","True Grit"],"picked":"SKIP","floor":6},{"not_picked":["Warcry","Dark Embrace"],"picked":"Pummel","floor":10}],"player_experience":1470084,"relics_obtained":[{"floor":6,"key":"Ancient Tea Set"}],"event_choices":[{"damage_healed":0,"gold_gain":0,"player_choice":"Grow","damage_taken":0,"max_hp_gain":0,"max_hp_loss":0,"event_name":"Living Wall","floor":2,"gold_loss":0,"cards_upgraded":["Strike_R"]},{"damage_healed":0,"gold_gain":0,"player_choice":"Entered Light","damage_taken":16,"max_hp_gain":0,"max_hp_loss":0,"event_name":"Shining Light","floor":8,"gold_loss":0,"cards_upgraded":["Rupture","Defend_R"]},{"damage_healed":0,"gold_gain":73,"player_choice":"Gained Gold","damage_taken":0,"max_hp_gain":0,"max_hp_loss":0,"event_name":"Golden Wing","floor":11,"gold_loss":0}],"is_beta":false,"boss_relics":[],"items_purged_floors":[],"is_endless":false,"potions_floor_spawned":[4,5,10],"killed_by":"Gremlin Nob","ascension_level":0}}