{"host":"q9718omregw4er46","time":1610129230,"event":{"mods":["BaseMod","Bestiary","Colored Powertips","Minty Spire (QoL Compilation)","Quick Restart","Relic Stats"],"gold_per_floor":[114,114,138,162,186,186,186],"floor_reached":6,"playtime":252,"items_purged":[],"score":76,"play_id":"3eff78fb-7bee-48a2-a31e-6cf7e54363d2","local_time":"20210108230710","is_ascension_mode":true,"campfire_choices":[],"circlet_count":0,"master_deck":["AscendersBane","Strike_R","Strike_R","Strike_R","Strike_R","Strike_R","Defend_R","Defend_R","Defend_R","Defend_R","Bash","Carnage","Burning Pact","Rampage"],"relics":["Runic Pyramid","Golden Idol"],"acts_visited":["Exordium"],"potions_floor_usage":[5],"damage_taken":[{"damage":9.0,"enemies":"Jaw Worm","floor":1.0,"turns":5.0},{"damage":1.0,"enemies":"Cultist","floor":3.0,"turns":3.0},{"damage":0.0,"enemies":"2 Louse","floor":4.0,"turns":2.0},{"damage":57,"enemies":"Gremlin Gang","floor":5,"turns":9},{"damage":5,"enemies":"Lagavulin","floor":6,"turns":3}],"seed_played":"-730729694808721281","potions_obtained":[{"floor":1.0,"key":"Swift Potion"},{"floor":4.0,"key":"Swift Potion"}],"is_trial":false,"path_per_floor":["M","?","M","M","M","E"],"character_chosen":"IRONCLAD","items_purchased":[],"campfire_rested":0,"item_purchase_floors":[],"current_hp_per_floor":[59,59,58,58,1,0,0],"gold":186,"neow_bonus":"BOSS_RELIC","is_daily":false,"chose_seed":false,"campfire_upgraded":0,"win_rate":0.0,"timestamp":1610129230,"path_taken":["M","?","M","M","M","E"],"items_purchased_type":[],"build_version":"2020-12-22","purchased_purges":0,"victory":false,"max_hp_per_floor":[75,68,68,68,68,68,68],"relic_stats":{"counters":[5,22],"Golden Idol":15,"obtain_stats":[{"Golden Idol":2,"Burning Blood":0,"Runic Pyramid":0},{"Golden Idol":1,"Burning Blood":0,"Runic Pyramid":0},{"Golden Idol":5,"Burning Blood":0,"Runic Pyramid":0}]},"card_choices":[{"not_picked":["Pummel","Clothesline"],"picked":"Carnage","floor":1.0},{"not_picked":["Perfected Strike","Thunderclap","Carnage"],"picked":"SKIP","floor":3.0},{"not_picked":["Wild Strike","Seeing Red"],"picked":"Burning Pact","floor":4.0},{"not_picked":["Thunderclap","Clash"],"picked":"Rampage","floor":5}],"player_experience":1193795,"relics_obtained":[],"event_choices":[{"damage_healed":0.0,"max_hp_gain":0.0,"max_hp_loss":7.0,"gold_gain":0.0,"event_name":"Golden Idol","player_choice":"Lose Max HP","floor":2.0,"gold_loss":0.0,"damage_taken":0.0,"relics_obtained":["Golden Idol"]}],"is_beta":false,"boss_relics":[],"items_purged_floors":[],"is_endless":false,"potions_floor_spawned":[1,4],"killed_by":"Lagavulin","ascension_level":20}}