{"host":"8i4doyxqctgl5qb0","time":1610134377,"event":{"mods":["AchievementEnabler","BaseMod","Block Reminder","Colored Powertips","Downfall","Minty Spire (QoL Compilation)","Permanent Neow","Potion Indicator Mod","Rare Cards Sparkle","StSLib","SuperFastMode"],"gold_per_floor":[99,99,99,274,274,274,297,146,178,198,212,229,244,269,286,386,386,161,261,278,278,295,330,354,354,364,393,393,405,423,423,441,540,540,540,559,559,576,595,605,605,624,637,637,665,665,713,713,713,713],"floor_reached":51,"playtime":2384,"items_purged":["Doubt"],"score":786,"play_id":"1d055091-1e52-4514-b998-673246df58e8","local_time":"20210109033257","is_ascension_mode":false,"campfire_choices":[{"data":"Slimebound:CorrosiveSpit","floor":1.0,"key":"SMITH"},{"floor":6.0,"key":"RECALL"},{"data":"Slimebound:Grow","floor":18.0,"key":"SMITH"},{"data":"Slimebound:Equalize","floor":35.0,"key":"SMITH"},{"data":"Slimebound:DouseInSlime","floor":44.0,"key":"SMITH"},{"data":"Slimebound:SpikyOuterGoop","floor":46.0,"key":"SMITH"}],"circlet_count":0,"master_deck":["Slimebound:Strike_Slimebound","Slimebound:Tackle","Slimebound:Defend_Slimebound","Slimebound:Defend_Slimebound","Slimebound:Split","Slimebound:CorrosiveSpit+1","Slimebound:ViciousTackle","Slimebound:Grow+1","Slimebound:GrowthPunch","Slimebound:MegaLick","Slimebound:DisruptingSlam","Slimebound:GoopSpray","Slimebound:PrepareCrush","Slimebound:LeechEnergy","Slimebound:PrepareCrush","Slimebound:AcidTongue+1","Slimebound:ItLooksTasty+1","Slimebound:MegaLick+1","Slimebound:Equalize+1","Slimebound:Replication+1","Slimebound:Prepare","Slimebound:LivingWall+1","Slimebound:Equalize","Slimebound:GrowthPunch","Slimebound:SpikyOuterGoop+1","Slimebound:ProtectTheBoss+1","Slimebound:CheckThePlaybook","Slimebound:LeechingTouch+1","Slimebound:SamplingLick+1","Slimebound:SlimeSpikes","Slimebound:SlimeSpikes+1","Slimebound:DouseInSlime+1","Slimebound:SamplingLick+1","Slimebound:FormOfPuddle","expansioncontent:DecasProtection","expansioncontent:DefensiveStance","Slimebound:MegaLick+1"],"relics":["Slimebound:AbsorbEndCombat","downfall:HeartsMalice","Ginger","Art of War","Ice Cream","Slimebound:AggressiveSlimeRelic","Astrolabe","downfall:HeartBlessingRed","downfall:HeartBlessingGreen","downfall:HeartBlessingBlue","Eternal Feather","Red Mask","Blood Vial","Regal Pillow","MealTicket","Empty Cage","InkBottle","Question Card","Lantern"],"acts_visited":["Exordium","TheCity","TheBeyond"],"potions_floor_usage":[50,50,50],"damage_taken":[{"damage":0.0,"enemies":"Cultist","floor":2.0,"turns":1.0},{"damage":0.0,"enemies":"downfall:FleeingMerchant","floor":8.0,"turns":1.0},{"damage":0.0,"enemies":"Gremlin Nob","floor":9.0,"turns":1.0},{"damage":7.0,"enemies":"Small Slimes","floor":10.0,"turns":3.0},{"damage":4.0,"enemies":"2 Louse","floor":11.0,"turns":3.0},{"damage":7.0,"enemies":"Large Slime","floor":12.0,"turns":4.0},{"damage":18.0,"enemies":"Exordium Thugs","floor":13.0,"turns":4.0},{"damage":10.0,"enemies":"Lagavulin","floor":14.0,"turns":5.0},{"damage":20.0,"enemies":"3 Louse","floor":15.0,"turns":2.0},{"damage":49.0,"enemies":"downfall:Ironclad","floor":16.0,"turns":9.0},{"damage":9.0,"enemies":"Chosen","floor":20.0,"turns":3.0},{"damage":26.0,"enemies":"Centurion and Healer","floor":22.0,"turns":4.0},{"damage":18.0,"enemies":"Masked Bandits","floor":23.0,"turns":4.0},{"damage":31.0,"enemies":"Snecko","floor":26.0,"turns":4.0},{"damage":49.0,"enemies":"Slavers","floor":27.0,"turns":6.0},{"damage":18.0,"enemies":"3 Cultists","floor":29.0,"turns":4.0},{"damage":27.0,"enemies":"Cultist and Chosen","floor":30.0,"turns":6.0},{"damage":8.0,"enemies":"Snake Plant","floor":32.0,"turns":2.0},{"damage":65.0,"enemies":"downfall:Watcher","floor":33.0,"turns":10.0},{"damage":13.0,"enemies":"Orb Walker","floor":36.0,"turns":3.0},{"damage":27.0,"enemies":"3 Darklings","floor":38.0,"turns":7.0},{"damage":32.0,"enemies":"4 Shapes","floor":39.0,"turns":8.0},{"damage":29.0,"enemies":"Sphere and 2 Shapes","floor":40.0,"turns":8.0},{"damage":26.0,"enemies":"Jaw Worm Horde","floor":42.0,"turns":6.0},{"damage":33.0,"enemies":"4 Shapes","floor":43.0,"turns":5.0},{"damage":11.0,"enemies":"Nemesis","floor":45.0,"turns":5.0},{"damage":28.0,"enemies":"3 Darklings","floor":49.0,"turns":8.0},{"damage":61,"enemies":"downfall:Silent","floor":50,"turns":16}],"seed_played":"-6954313629504574687","potions_obtained":[{"floor":9.0,"key":"Weak Potion"},{"floor":10.0,"key":"Explosive Potion"},{"floor":11.0,"key":"Fire Potion"},{"floor":12.0,"key":"DuplicationPotion"},{"floor":27.0,"key":"DuplicationPotion"},{"floor":29.0,"key":"hexamod:EctoCoolerPotion"},{"floor":30.0,"key":"Ancient Potion"},{"floor":33.0,"key":"EssenceOfSteel"},{"floor":42.0,"key":"LiquidBronze"}],"is_trial":false,"path_per_floor":["R","M","T","?","?","R","T","$","E","M","M","M","M","E","M","B",null,"R","?","M","T","M","?","T","?","M","E","?","M","M","?","M","B",null,"R","M","?","M","M","M","T","M","M","R","E","R","T","?","M","B",null],"character_chosen":"SLIMEBOUND","items_purchased":["Slimebound:Grow"],"campfire_rested":0,"item_purchase_floors":[8],"current_hp_per_floor":[60,60,60,60,57,57,57,57,57,58,60,60,50,50,44,19,60,70,70,69,69,60,62,62,62,53,28,28,28,23,46,50,19,70,70,67,67,70,54,47,47,49,46,64,70,70,70,65,67,54],"gold":713,"neow_bonus":"THREE_ENEMY_KILL","is_daily":false,"chose_seed":false,"campfire_upgraded":5,"win_rate":0.0,"timestamp":1610134377,"path_taken":["R","M","?","?","?","R","T","$","E","M","M","M","M","E","M","BOSS","R","?","?","?","M","?","T","?","?","E","?","M","M","?","M","BOSS","R","M","?","M","?","M","T","M","?","R","E","R","?","?","M","BOSS"],"items_purchased_type":["Card"],"build_version":"2020-12-22","purchased_purges":1,"victory":true,"max_hp_per_floor":[60,60,60,60,60,60,60,60,60,60,60,60,60,60,60,60,60,70,70,70,70,70,70,70,70,70,70,70,70,70,70,70,70,70,70,70,70,70,70,70,70,70,70,70,70,70,70,70,70,70],"card_choices":[{"not_picked":["Slimebound:SlimeTap","Slimebound:PressTheAttack"],"picked":"Slimebound:ViciousTackle","floor":2.0},{"not_picked":["Slimebound:LevelUp","Slimebound:ServeAndProtect","Slimebound:SplitMire"],"picked":"SKIP","floor":8.0},{"not_picked":["Slimebound:PressTheAttack","Slimebound:Schlurp"],"picked":"Slimebound:GrowthPunch","floor":9.0},{"not_picked":["Slimebound:SplitLeeching","Slimebound:SlimeBrawl"],"picked":"Slimebound:MegaLick","floor":10.0},{"not_picked":["Slimebound:ViciousTackle","Slimebound:ForwardTackle"],"picked":"Slimebound:DisruptingSlam","floor":11.0},{"not_picked":["Slimebound:ForwardTackle","Slimebound:LeadByExample","Slimebound:SplitMire"],"picked":"SKIP","floor":12.0},{"not_picked":["Slimebound:SlimeBarrage","Slimebound:PressTheAttack"],"picked":"Slimebound:GoopSpray","floor":13.0},{"not_picked":["Slimebound:ComboTackle","Slimebound:DivideAndConquer"],"picked":"Slimebound:PrepareCrush","floor":14.0},{"not_picked":["Slimebound:SlimeTap","Slimebound:FlameTackle"],"picked":"Slimebound:LeechEnergy","floor":15.0},{"not_picked":["Slimebound:OneTwoCombo","Slimebound:TagTeam"],"picked":"Slimebound:PrepareCrush","floor":16.0},{"not_picked":["Slimebound:RejuvenatingLick","Slimebound:SplitMire"],"picked":"Slimebound:Equalize","floor":20.0},{"not_picked":["Slimebound:ServeAndProtect+1","Slimebound:PressTheAttack"],"picked":"Slimebound:Replication+1","floor":22.0},{"not_picked":["Slimebound:SlimeBrawl","Slimebound:LeechEnergy"],"picked":"Slimebound:Prepare","floor":23.0},{"not_picked":["Slimebound:FirmFortitude+1","Slimebound:FormOfPuddle"],"picked":"Slimebound:LivingWall+1","floor":26.0},{"not_picked":["Slimebound:Replication","Slimebound:ItLooksTasty"],"picked":"Slimebound:Equalize","floor":27.0},{"not_picked":["Slimebound:FirmFortitude","Slimebound:DivideAndConquer+1"],"picked":"Slimebound:GrowthPunch","floor":29.0},{"not_picked":["Slimebound:LeechEnergy","Slimebound:SplitLeeching"],"picked":"Slimebound:SpikyOuterGoop","floor":30.0},{"not_picked":["Slimebound:SamplingLick","Slimebound:FinishingTackle+1"],"picked":"Slimebound:ProtectTheBoss+1","floor":32.0},{"not_picked":["Slimebound:MinionMaster","Slimebound:TagTeam"],"picked":"Slimebound:CheckThePlaybook","floor":33.0},{"not_picked":["Slimebound:GrowthPunch","Slimebound:LeadByExample+1"],"picked":"Slimebound:LeechingTouch+1","floor":36.0},{"not_picked":["Slimebound:ViciousTackle","Slimebound:GrowthPunch+1"],"picked":"Slimebound:SamplingLick+1","floor":38.0},{"not_picked":["Slimebound:FlameTackle","Slimebound:SplitBruiser"],"picked":"Slimebound:SlimeSpikes","floor":39.0},{"not_picked":["Slimebound:SamplingLick+1","Slimebound:Nibble"],"picked":"Slimebound:SlimeSpikes+1","floor":40.0},{"not_picked":["Slimebound:Prepare","Slimebound:Replication"],"picked":"Slimebound:DouseInSlime","floor":42.0},{"not_picked":["Slimebound:SplitBruiser+1","Slimebound:SlimeSpikes"],"picked":"Slimebound:SamplingLick+1","floor":43.0},{"not_picked":["Slimebound:FinishingTackle","Slimebound:ForwardTackle+1"],"picked":"Slimebound:FormOfPuddle","floor":45.0},{"not_picked":["expansioncontent:HyperBeam","expansioncontent:ChargeUp","expansioncontent:AwakenDeath"],"picked":"expansioncontent:DecasProtection","floor":48.0},{"not_picked":["expansioncontent:Hexaburn","expansioncontent:TimeRipple","expansioncontent:DarkVoid"],"picked":"expansioncontent:DefensiveStance","floor":48.0},{"not_picked":["Slimebound:ComboTackle+1","Slimebound:ServeAndProtect","Slimebound:Dissolve+1"],"picked":"Slimebound:MegaLick+1","floor":49.0}],"player_experience":129309,"relics_obtained":[{"floor":3.0,"key":"Ginger"},{"floor":9.0,"key":"Ice Cream"},{"floor":14.0,"key":"Slimebound:AggressiveSlimeRelic"},{"floor":21.0,"key":"Eternal Feather"},{"floor":23.0,"key":"Red Mask"},{"floor":24.0,"key":"Blood Vial"},{"floor":27.0,"key":"MealTicket"},{"floor":41.0,"key":"InkBottle"},{"floor":45.0,"key":"Question Card"},{"floor":47.0,"key":"Lantern"}],"event_choices":[{"damage_healed":0.0,"max_hp_gain":0.0,"max_hp_loss":0.0,"gold_gain":0.0,"event_name":"Scrap Ooze","player_choice":"Success","floor":5.0,"gold_loss":0.0,"damage_taken":3.0,"relics_obtained":["Art of War"]},{"damage_healed":0.0,"max_hp_gain":0.0,"max_hp_loss":0.0,"gold_gain":0.0,"event_name":"Masked Bandits","player_choice":"Fought Bandits","floor":23.0,"gold_loss":0.0,"damage_taken":0.0},{"damage_healed":0.0,"max_hp_gain":0.0,"max_hp_loss":0.0,"gold_gain":0.0,"event_name":"Addict","player_choice":"Stole Relic","floor":25.0,"gold_loss":0.0,"damage_taken":0.0,"relics_obtained":["Regal Pillow"],"cards_obtained":["Shame"]},{"damage_healed":0.0,"max_hp_gain":0.0,"max_hp_loss":0.0,"gold_gain":0.0,"event_name":"Ghosts","player_choice":"Ignored","floor":28.0,"gold_loss":0.0,"damage_taken":0.0},{"damage_healed":23.0,"max_hp_gain":0.0,"max_hp_loss":0.0,"gold_gain":0.0,"event_name":"The Library","player_choice":"Heal","floor":31.0,"gold_loss":0.0,"damage_taken":0.0}],"is_beta":false,"boss_relics":[{"not_picked":["Runic Dome","Cursed Key"],"picked":"Astrolabe"},{"not_picked":["Runic Pyramid","Fusion Hammer"],"picked":"Empty Cage"}],"items_purged_floors":[8],"is_endless":false,"potions_floor_spawned":[9,10,11,12,27,29,30,32,33,38,40,42],"ascension_level":0}}