{"host":"0fmi5fguj5lvt8pf","time":1610070911,"event":{"mods":["BaseMod","Colored Map","Curses Come First","Downfall","Minty Spire (QoL Compilation)","Permanent Neow","StSLib","Waifu the Spire"],"gold_per_floor":[116,116,128,142,158,189,200,375,375,375,390,390,402,421,421,516,516,527,538,555,294,294,294,294,294],"floor_reached":24,"playtime":1406,"items_purged":["Doubt"],"score":202,"play_id":"b8ee8af8-50c6-4c91-a5bb-1bf13a4b643c","local_time":"20210107175511","is_ascension_mode":false,"campfire_choices":[{"floor":12,"key":"REST"},{"data":"Establishment","floor":15,"key":"SMITH"},{"floor":23,"key":"RECALL"}],"circlet_count":0,"master_deck":["Strike_P","Strike_P","Strike_P","Defend_P","Defend_P","Defend_P","Eruption","Vigilance","Establishment+1","FlyingSleeves","Vengeance","JustLucky","JustLucky","DevaForm","CutThroughFate","FlyingSleeves","Halt","CutThroughFate","DeusExMachina","CarveReality","expansioncontent:Corrupt"],"relics":["PureWater","White Beast Statue","VioletLotus"],"acts_visited":["Exordium","TheCity"],"potions_floor_usage":[7,11,13,16,16,16,20],"damage_taken":[{"damage":0,"enemies":"2 Louse","floor":1,"turns":4},{"damage":0,"enemies":"Cultist","floor":3,"turns":2},{"damage":5,"enemies":"Jaw Worm","floor":4,"turns":6},{"damage":0,"enemies":"Large Slime","floor":5,"turns":4},{"damage":25,"enemies":"Lagavulin","floor":6,"turns":6},{"damage":2,"enemies":"Gremlin Gang","floor":7,"turns":3},{"damage":3,"enemies":"Lots of Slimes","floor":11,"turns":2},{"damage":1,"enemies":"Large Slime","floor":13,"turns":3},{"damage":7,"enemies":"Looter","floor":14,"turns":4},{"damage":40,"enemies":"The Guardian","floor":16,"turns":12},{"damage":6,"enemies":"3 Byrds","floor":18,"turns":7},{"damage":12,"enemies":"Spheric Guardian","floor":19,"turns":4},{"damage":25,"enemies":"Snecko","floor":20,"turns":6},{"damage":0,"enemies":"Slavers","floor":24,"turns":1}],"seed_played":"679581165164756181","potions_obtained":[{"floor":4,"key":"Regen Potion"},{"floor":6,"key":"champ:CounterPotion"},{"floor":7,"key":"Fire Potion"},{"floor":11,"key":"DistilledChaos"},{"floor":13,"key":"Guardian:BlockOnCardUsePotion"},{"floor":14,"key":"Explosive Potion"},{"floor":16,"key":"GamblersBrew"},{"floor":18,"key":"sneckomod:MuddlingPotion"},{"floor":19,"key":"FearPotion"},{"floor":20,"key":"Guardian:BlockOnCardUsePotion"}],"is_trial":false,"path_per_floor":["M","?","M","M","M","E","M","?","T","?","M","R","M","M","R","B",null,"M","M","M","$","?","R","E"],"character_chosen":"WATCHER","items_purchased":["expansioncontent:Corrupt"],"campfire_rested":1,"item_purchase_floors":[21],"current_hp_per_floor":[51,51,51,46,46,21,19,19,19,19,16,37,36,29,29,4,72,66,54,29,29,29,29,29,29],"gold":294,"neow_bonus":"THREE_RARE_CARDS","is_daily":false,"chose_seed":false,"campfire_upgraded":1,"win_rate":0.0,"timestamp":1610070911,"path_taken":["M","?","M","M","M","E","?","?","T","?","M","R","?","M","R","BOSS","M","?","M","$","?","R","E"],"items_purchased_type":["Card"],"build_version":"2020-12-22","purchased_purges":1,"victory":false,"max_hp_per_floor":[72,72,72,72,72,72,72,72,72,72,72,72,72,72,72,72,72,72,72,72,72,72,72,72,72],"card_choices":[{"not_picked":["Wish","Judgement"],"picked":"Establishment","floor":0},{"not_picked":["Halt","WreathOfFlame"],"picked":"FlyingSleeves","floor":1},{"not_picked":["InnerPeace","ClearTheMind","Crescendo"],"picked":"SKIP","floor":3},{"not_picked":["EmptyBody","Sanctity"],"picked":"Vengeance","floor":4},{"not_picked":["MentalFortress","Swivel"],"picked":"JustLucky","floor":5},{"not_picked":["Evaluate","ThirdEye"],"picked":"JustLucky","floor":6},{"not_picked":["InnerPeace","EmptyMind"],"picked":"DevaForm","floor":7},{"not_picked":["BowlingBash","Consecrate"],"picked":"FlyingSleeves","floor":11},{"not_picked":["LikeWater","ClearTheMind"],"picked":"Halt","floor":13},{"not_picked":["Consecrate","Crescendo"],"picked":"CutThroughFate","floor":14},{"not_picked":["LessonLearned","Establishment"],"picked":"DeusExMachina","floor":16},{"not_picked":["Consecrate","Sanctity","CrushJoints"],"picked":"SKIP","floor":18},{"not_picked":["Prostrate","Tantrum"],"picked":"CarveReality","floor":19},{"not_picked":["Consecrate+1","Evaluate","CrushJoints"],"picked":"SKIP","floor":20}],"player_experience":1307089,"relics_obtained":[{"floor":6,"key":"White Beast Statue"}],"event_choices":[{"cards_removed":["Strike_P"],"damage_healed":0,"gold_gain":0,"player_choice":"Purged","damage_taken":0,"max_hp_gain":0,"max_hp_loss":0,"event_name":"Purifier","floor":2,"gold_loss":0},{"damage_healed":0,"gold_gain":175,"player_choice":"AGREE","damage_taken":0,"max_hp_gain":0,"max_hp_loss":0,"event_name":"Liars Game","floor":8,"gold_loss":0,"cards_obtained":["Doubt"]},{"damage_healed":0,"gold_gain":0,"cards_transformed":["Defend_P"],"player_choice":"Transformed","damage_taken":0,"max_hp_gain":0,"max_hp_loss":0,"event_name":"Transmorgrifier","floor":10,"gold_loss":0,"cards_obtained":["CutThroughFate"]},{"damage_healed":0,"gold_gain":0,"player_choice":"Ignored","damage_taken":0,"max_hp_gain":0,"max_hp_loss":0,"event_name":"Ghosts","floor":22,"gold_loss":0}],"is_beta":false,"boss_relics":[{"not_picked":["SacredBark","Fusion Hammer"],"picked":"VioletLotus"}],"items_purged_floors":[21],"is_endless":false,"potions_floor_spawned":[4,6,7,11,13,14,16,18,19,20],"killed_by":"Slavers","ascension_level":0}}