{"host":"1yemetsqamtkb9ct","time":1610109609,"event":{"mods":["AchievementEnabler","BaseMod","Colored Map","Custom Start","KOR Keyword Fix","Lobotomy","Minty Spire (QoL Compilation)","Quick Restart","Random Character Button","StSLib","SuperFastMode"],"gold_per_floor":[111,111,131,144,155,155,168,168,168,189,189,208,249,95,95,202,202,202,202],"floor_reached":18,"playtime":449,"items_purged":[],"score":237,"play_id":"06108d10-1bbf-4ce2-901e-0557107b0d04","local_time":"20210108214009","is_ascension_mode":false,"campfire_choices":[{"data":"Intimidate","floor":6.0,"key":"SMITH"},{"floor":11.0,"key":"REST"},{"data":"Shrug It Off","floor":15.0,"key":"SMITH"}],"circlet_count":0,"master_deck":["Apo_Pray","Apo_SoulSlash","Apo_Charge","Apo_Charge","Apo_Charge","Apo_Charge","Apo_Beam","Apo_Beam","Apo_Beam","Apo_Execute","Apo_Slash","Apo_Slash","Apo_SoulSlash","Woodsman","BlackSwan","SingingMachine","Shrug It Off+1","Yin"],"relics":["Burning Blood","CogitoBucket","ApostleMask","Frozen Egg 2","Odd Mushroom","CeramicFish","Happy Flower","Velvet Choker"],"acts_visited":["Exordium","TheCity"],"potions_floor_usage":[],"damage_taken":[{"damage":7.0,"enemies":"Small Slimes","floor":1.0,"turns":3.0},{"damage":10.0,"enemies":"2 Louse","floor":3.0,"turns":4.0},{"damage":36.0,"enemies":"Jaw Worm","floor":4.0,"turns":6.0},{"damage":30.0,"enemies":"3 Louse","floor":5.0,"turns":4.0},{"damage":23.0,"enemies":"Red Slaver","floor":7.0,"turns":4.0},{"damage":9.0,"enemies":"The Mushroom Lair","floor":10.0,"turns":2.0},{"damage":6.0,"enemies":"Exordium Wildlife","floor":12.0,"turns":2.0},{"damage":9.0,"enemies":"3 Sentries","floor":13.0,"turns":4.0},{"damage":0.0,"enemies":"Slime Boss","floor":16.0,"turns":4.0},{"damage":6,"enemies":"Chosen","floor":18,"turns":1}],"seed_played":"1674913717138789358","potions_obtained":[{"floor":1.0,"key":"Block Potion"},{"floor":3.0,"key":"BloodPotion"},{"floor":5.0,"key":"Swift Potion"}],"is_trial":false,"path_per_floor":["M","?","M","M","M","R","M","M","T","?","R","M","E","$","R","B",null,"M"],"character_chosen":"IRONCLAD","items_purchased":["Happy Flower"],"campfire_rested":1,"item_purchase_floors":[14],"current_hp_per_floor":[79,79,75,69,57,57,58,29,29,20,20,14,5,5,5,5,5,0,0],"gold":202,"neow_bonus":"","is_daily":false,"chose_seed":false,"campfire_upgraded":2,"win_rate":0.0,"timestamp":1610109609,"path_taken":["M","?","M","M","M","R","M","M","T","?","R","M","E","$","R","BOSS","M"],"items_purchased_type":["Relic"],"build_version":"2020-12-22","purchased_purges":0,"victory":false,"max_hp_per_floor":[80,80,80,80,80,80,80,80,80,80,80,80,80,80,80,80,80,80,80],"card_choices":[{"not_picked":["LittleHelper","GreedKing"],"picked":"MHz","floor":1.0},{"not_picked":["Intimidate","Sword Boomerang","Wild Strike"],"picked":"SKIP","floor":1.0},{"not_picked":["ShyLook","PunishingBird"],"picked":"DreamingCurrent","floor":3.0},{"not_picked":["Uppercut","Sword Boomerang","Iron Wave"],"picked":"SKIP","floor":3.0},{"not_picked":["GalaxyChild","Porccubus"],"picked":"VoidDream","floor":4.0},{"not_picked":["Twin Strike","Cleave"],"picked":"Perfected Strike","floor":4.0},{"not_picked":["FairyFestival","Scorched"],"picked":"SpiderBud","floor":5.0},{"not_picked":["Metallicize","Entrench","Clash"],"picked":"SKIP","floor":5.0},{"not_picked":["FairyFestival","OldLady"],"picked":"PlagueDoctor","floor":7.0},{"not_picked":["Clothesline","Headbutt"],"picked":"Perfected Strike","floor":7.0},{"not_picked":["QueenBee","Scorched"],"picked":"Woodsman","floor":10.0},{"not_picked":["NakedNest","GreedKing"],"picked":"BlackSwan","floor":12.0},{"not_picked":["Twin Strike","Dark Embrace+1","Perfected Strike"],"picked":"SKIP","floor":12.0},{"not_picked":["VoidDream","Murderer"],"picked":"SingingMachine","floor":13.0},{"not_picked":["Twin Strike","Evolve+1"],"picked":"Shrug It Off","floor":13.0},{"not_picked":["VoidDream","BeautyBeast"],"picked":"Yin","floor":16.0}],"player_experience":594187,"relics_obtained":[{"floor":9.0,"key":"Frozen Egg 2"},{"floor":10.0,"key":"Odd Mushroom"},{"floor":13.0,"key":"CeramicFish"}],"event_choices":[{"damage_healed":0.0,"max_hp_gain":0.0,"max_hp_loss":0.0,"gold_gain":0.0,"cards_transformed":["Strike_R"],"event_name":"Living Wall","player_choice":"Change","floor":2.0,"gold_loss":0.0,"damage_taken":0.0,"cards_obtained":["Intimidate"]},{"damage_healed":0.0,"max_hp_gain":0.0,"max_hp_loss":0.0,"gold_gain":0.0,"event_name":"Mushrooms","player_choice":"Fought Mushrooms","floor":10.0,"gold_loss":0.0,"damage_taken":0.0}],"is_beta":false,"boss_relics":[{"not_picked":["Runic Dome","Black Blood"],"picked":"Velvet Choker"}],"items_purged_floors":[],"is_endless":false,"potions_floor_spawned":[1,3,5],"killed_by":"Chosen","ascension_level":0}}