{"host":"vm3f1ccwgbs4oygt","time":1610148223,"event":{"mods":["BaseMod","BetterRewards","Colored Powertips","Energized Spire","Minty Spire (QoL Compilation)","Permanent Neow","Shop Mod","StSLib"],"gold_per_floor":[112,132,147,147,162,162,194,194,194,211,229,259,259,272,272,368,368,384,401,414,448,7,7,25,25,25,40,58,78,109,123,123,123,123],"floor_reached":33,"playtime":53041,"items_purged":[],"score":385,"play_id":"7557288b-467a-4a3f-8d42-0a27f0d0023a","local_time":"20210109002343","is_ascension_mode":false,"campfire_choices":[{"data":"Bash","floor":6,"key":"SMITH"},{"floor":8,"key":"REST"},{"floor":15,"key":"REST"},{"floor":23,"key":"REST"},{"floor":25,"key":"REST"},{"data":"Feed","floor":32,"key":"SMITH"}],"circlet_count":0,"master_deck":["Strike_R","Strike_R","Strike_R","Strike_R","Strike_R","Defend_R","Defend_R","Defend_R","Defend_R","Bash+1","Injury","Sword Boomerang","Blood for Blood+1","Sword Boomerang","Flex","Fiend Fire","Power Through","Armaments+1","Sword Boomerang","Flame Barrier","Feed+1","Metallicize","Heavy Blade","Anger","Perfected Strike","Whirlwind+1","Juggernaut","Sword Boomerang","Dual Wield","Body Slam","Bandage Up","Rage","Searing Blow","Armaments","Bloodletting","Flame Barrier","Bloodletting"],"relics":["Burning Blood","Paper Frog","Pocketwatch","CaptainsWheel","SlaversCollar","Red Mask","Pen Nib","Orrery","Meat on the Bone","Orichalcum"],"acts_visited":["Exordium","TheCity"],"potions_floor_usage":[7,12,16,20,28,28,31,33,33],"damage_taken":[{"damage":1.0,"enemies":"2 Louse","floor":1.0,"turns":4.0},{"damage":6.0,"enemies":"Cultist","floor":2.0,"turns":4.0},{"damage":1.0,"enemies":"Jaw Worm","floor":3.0,"turns":4.0},{"damage":28.0,"enemies":"Large Slime","floor":5.0,"turns":8.0},{"damage":28,"enemies":"3 Sentries","floor":7,"turns":7},{"damage":18,"enemies":"Lots of Slimes","floor":10,"turns":3},{"damage":0,"enemies":"Looter","floor":11,"turns":2},{"damage":18,"enemies":"Lagavulin","floor":12,"turns":3},{"damage":7,"enemies":"Blue Slaver","floor":14,"turns":3},{"damage":42,"enemies":"The Guardian","floor":16,"turns":10},{"damage":15,"enemies":"3 Byrds","floor":18,"turns":3},{"damage":13,"enemies":"Chosen","floor":19,"turns":5},{"damage":25,"enemies":"Centurion and Healer","floor":20,"turns":9},{"damage":25,"enemies":"Masked Bandits","floor":21,"turns":7},{"damage":48,"enemies":"Cultist and Chosen","floor":24,"turns":7},{"damage":7,"enemies":"Sentry and Sphere","floor":27,"turns":7},{"damage":0,"enemies":"Centurion and Healer","floor":28,"turns":6},{"damage":13,"enemies":"Snecko","floor":29,"turns":5},{"damage":24,"enemies":"Book of Stabbing","floor":30,"turns":4},{"damage":6,"enemies":"Snake Plant","floor":31,"turns":4},{"damage":93,"enemies":"Collector","floor":33,"turns":6}],"seed_played":"2718984497466514060","potions_obtained":[{"floor":3.0,"key":"BlessingOfTheForge"},{"floor":10,"key":"SteroidPotion"},{"floor":11,"key":"Regen Potion"},{"floor":18,"key":"SpeedPotion"},{"floor":20,"key":"FearPotion"},{"floor":24,"key":"Energy Potion"},{"floor":28,"key":"DuplicationPotion"},{"floor":31,"key":"Strength Potion"}],"is_trial":false,"path_per_floor":["M","M","M","?","M","R","E","R","T","M","M","E","?","M","R","B",null,"M","M","M","?","$","R","M","R","T","M","M","M","E","M","R","B"],"character_chosen":"IRONCLAD","items_purchased":["Pen Nib","Orrery","Bandage Up","SkillPotion"],"campfire_rested":4,"item_purchase_floors":[22,22,22,22],"current_hp_per_floor":[96,96,96,96,74,74,52,80,80,68,74,62,62,61,89,68,96,87,83,64,48,48,78,43,74,74,80,93,92,74,78,78,0,0],"gold":123,"neow_bonus":"TWENTY_PERCENT_HP_BONUS","is_daily":false,"chose_seed":false,"campfire_upgraded":2,"win_rate":0.0,"timestamp":1610148223,"path_taken":["M","M","M","?","M","R","E","R","T","M","?","E","?","M","R","BOSS","M","M","M","?","$","R","M","R","T","M","M","M","E","M","R","BOSS"],"items_purchased_type":["Relic","Relic","Card","Potion"],"build_version":"2020-12-22","purchased_purges":0,"victory":false,"max_hp_per_floor":[96,96,96,96,96,96,96,96,96,96,96,96,96,96,96,96,96,96,99,99,102,102,102,105,105,105,108,111,111,111,111,111,111,111],"card_choices":[{"not_picked":["True Grit","Clash"],"picked":"Sword Boomerang","floor":1.0},{"not_picked":["Dual Wield","Body Slam"],"picked":"Blood for Blood","floor":2.0},{"not_picked":["Dropkick","Clash"],"picked":"Sword Boomerang","floor":3.0},{"not_picked":["Thunderclap","Heavy Blade"],"picked":"Flex","floor":5},{"not_picked":["True Grit","Wild Strike"],"picked":"Fiend Fire","floor":7},{"not_picked":["Body Slam","Iron Wave"],"picked":"Power Through","floor":10},{"not_picked":["Warcry","Burning Pact"],"picked":"Armaments","floor":11},{"not_picked":["Headbutt","Pommel Strike"],"picked":"Sword Boomerang","floor":12},{"not_picked":["Warcry","Feel No Pain"],"picked":"Flame Barrier","floor":14},{"not_picked":["Berserk","Reaper"],"picked":"Feed","floor":16},{"not_picked":["Warcry","Clothesline+1"],"picked":"Metallicize","floor":18},{"not_picked":["Sword Boomerang","Clash+1"],"picked":"Heavy Blade","floor":19},{"not_picked":["Shrug It Off","Dark Embrace"],"picked":"Anger","floor":20},{"not_picked":["Whirlwind","Body Slam+1"],"picked":"Perfected Strike","floor":21},{"not_picked":["Hemokinesis","Double Tap"],"picked":"Whirlwind+1","floor":22},{"not_picked":["Cleave+1","Burning Pact+1"],"picked":"Juggernaut","floor":22},{"not_picked":["Twin Strike","Power Through"],"picked":"Sword Boomerang","floor":22},{"not_picked":["Double Tap","Thunderclap+1"],"picked":"Dual Wield","floor":22},{"not_picked":["Offering","Heavy Blade"],"picked":"Body Slam","floor":22},{"not_picked":["Dark Embrace","Heavy Blade"],"picked":"Rage","floor":24},{"not_picked":["Reckless Charge","Power Through"],"picked":"Searing Blow","floor":27},{"not_picked":["Twin Strike","Iron Wave"],"picked":"Armaments","floor":28},{"not_picked":["Headbutt","Rampage+1"],"picked":"Bloodletting","floor":29},{"not_picked":["Uppercut","Evolve"],"picked":"Flame Barrier","floor":30},{"not_picked":["Body Slam","Heavy Blade"],"picked":"Bloodletting","floor":31}],"player_experience":83881,"relics_obtained":[{"floor":7,"key":"Paper Frog"},{"floor":9,"key":"Pocketwatch"},{"floor":12,"key":"CaptainsWheel"},{"floor":21,"key":"Red Mask"},{"floor":26,"key":"Meat on the Bone"},{"floor":30,"key":"Orichalcum"}],"event_choices":[{"damage_healed":0.0,"max_hp_gain":0.0,"max_hp_loss":0.0,"gold_gain":0.0,"event_name":"Upgrade Shrine","player_choice":"Upgraded","floor":4.0,"gold_loss":0.0,"damage_taken":0.0,"cards_upgraded":["Blood for Blood"]},{"damage_healed":0,"gold_gain":0,"player_choice":"Grow","damage_taken":0,"max_hp_gain":0,"max_hp_loss":0,"event_name":"Living Wall","floor":13,"gold_loss":0,"cards_upgraded":["Armaments"]},{"damage_healed":0,"gold_gain":0,"player_choice":"Fought Bandits","damage_taken":0,"max_hp_gain":0,"max_hp_loss":0,"event_name":"Masked Bandits","floor":21,"gold_loss":0}],"is_beta":false,"boss_relics":[{"not_picked":["energizedSpire:MagnifyingGlass","energizedSpire:NeverEndingSparkler"],"picked":"SlaversCollar"}],"items_purged_floors":[],"is_endless":false,"potions_floor_spawned":[3,10,11,18,20,24,28,31],"killed_by":"Collector","ascension_level":0}}