{"host":"ha6p5pdchuduffeg","time":1610120046,"event":{"mods":["Act Like it!","BaseMod","Downfall","Gensokyo","KinomotoSakuraMod(ƒæ÷Æ±æ”£)","Koishi","Marisa£®ÏF”Í°°ƒß¿Ì…≥£©","Minty Spire (QoL Compilation)","Reimu£®≤©¿ˆ¡È√Œ£©","Remilia£®¿Ÿ√◊¿Ú—«£©","Replay The Spire","StSLib","The Servant 0.9.4","Youmu£®ªÍ∆«—˝√Œ£©"],"gold_per_floor":[13,0,0,0,19,30,30,30,30,44,44,44,6,37,37,141,141,158,172,172,186,138,138,138,151,151,170,170,170,202,220,220,322,322,335,335,354,367,224,252,252,302,356,356,370,389,399,399,399,399,399],"floor_reached":50,"playtime":2253,"items_purged":[],"score":517,"play_id":"b06dd952-0be7-4b26-b21f-d4517a52ed0d","local_time":"20210108233406","is_ascension_mode":false,"campfire_choices":[{"data":"MagicChant","floor":7.0,"key":"SMITH"},{"data":"FinalSpark","floor":12.0,"key":"SMITH"},{"floor":15.0,"key":"REST"},{"floor":24.0,"key":"REST"},{"floor":28.0,"key":"REST"},{"floor":32.0,"key":"REST"},{"floor":41.0,"key":"REST"},{"floor":44.0,"key":"REST"},{"floor":49,"key":"REST"}],"circlet_count":0,"master_deck":["Strike_MRS","Strike_MRS","Strike_MRS","Strike_MRS","Defend_MRS","Defend_MRS","Defend_MRS","Defend_MRS","MasterSpark","UpSweep","MagicChant+1","LuminesStrike","PowerUp","FinalSpark+1","StarBarrage","MysteriousBeam","FinalSpark","CurseOfTheBell","SprinkleStarSeal","MysteriousBeam","DoubleSpark","DC+1","FinalSpark","NonDirectionalLaser+1","GravityBeat+1","MysteriousBeam+1","Parasite","PowerUp+1"],"relics":["BewitchedHakkero","Letter Opener","TungstenRod","CultistMask","CrazyTorch:ReiMu","Calling Bell","Bag of Preparation","Matryoshka","Incense Burner","Oddly Smooth Stone","HandmadeGrimoire","Darkstone Periapt","Regal Pillow","Torii","PureWhite:ReiMu","MealTicket","Ancient Tea Set","Ring of Chaos","ReplayTheSpireMod:Ring of Addiction","Chameleon Ring","SacredBark"],"acts_visited":["Exordium","TheCity","TheBeyond"],"potions_floor_usage":[50,50],"damage_taken":[{"damage":2.0,"enemies":"Small Slimes","floor":1.0,"turns":3.0},{"damage":1.0,"enemies":"Jaw Worm","floor":5.0,"turns":3.0},{"damage":1.0,"enemies":"Cultist","floor":6.0,"turns":4.0},{"damage":0.0,"enemies":"Large Slime","floor":10.0,"turns":4.0},{"damage":26.0,"enemies":"3 Sentries","floor":14.0,"turns":6.0},{"damage":44.0,"enemies":"Hexaghost","floor":16.0,"turns":7.0},{"damage":23.0,"enemies":"2 Thieves","floor":18.0,"turns":4.0},{"damage":4.0,"enemies":"Chosen","floor":19.0,"turns":4.0},{"damage":23.0,"enemies":"3 Cultists","floor":21.0,"turns":4.0},{"damage":0.0,"enemies":"Snecko","floor":25.0,"turns":2.0},{"damage":0.0,"enemies":"Sentry and Sphere","floor":27.0,"turns":2.0},{"damage":8.0,"enemies":"Book of Stabbing","floor":30.0,"turns":3.0},{"damage":8.0,"enemies":"Chosen and Byrds","floor":31.0,"turns":4.0},{"damage":33.0,"enemies":"Automaton","floor":33.0,"turns":4.0},{"damage":7.0,"enemies":"3 Shapes","floor":35.0,"turns":3.0},{"damage":0.0,"enemies":"3 Darklings","floor":37.0,"turns":1.0},{"damage":0.0,"enemies":"Jaw Worm Horde","floor":38.0,"turns":1.0},{"damage":32.0,"enemies":"Nemesis","floor":40.0,"turns":3.0},{"damage":42.0,"enemies":"Mind Bloom Boss Battle","floor":42.0,"turns":5.0},{"damage":0.0,"enemies":"Spire Growth","floor":45.0,"turns":2.0},{"damage":37,"enemies":"Maw","floor":46,"turns":6},{"damage":0,"enemies":"Writhing Mass","floor":47,"turns":4},{"damage":100,"enemies":"Time Eater","floor":50,"turns":10}],"seed_played":"3468077339183102488","potions_obtained":[{"floor":1.0,"key":"Ancient Potion"},{"floor":5.0,"key":"Dexterity Potion"},{"floor":14.0,"key":"FearPotion"},{"floor":16.0,"key":"Strength Potion"},{"floor":31.0,"key":"BlessingOfTheForge"},{"floor":33.0,"key":"ShroomBrew"},{"floor":46,"key":"LifebloodPotion"},{"floor":48,"key":"Elixir"}],"is_trial":false,"path_per_floor":["M","?","T","$","M","M","R","$","T","M","?","R","$","E","R","B",null,"M","M","?","M","$","?","R","M","T","M","R","$","E","M","R","B",null,"M","?","M","M","$","E","R","?","T","R","M","M","M","?","R","B"],"character_chosen":"MARISA","items_purchased":["StarBarrage","BottledSpark","Regal Pillow"],"campfire_rested":7,"item_purchase_floors":[13,22,39],"current_hp_per_floor":[87,87,87,87,86,85,85,85,85,85,85,85,85,59,85,41,89,66,62,62,39,39,39,65,65,65,65,89,89,81,73,89,56,89,82,82,82,82,82,50,89,47,47,88,88,51,57,57,95,0,0],"gold":399,"neow_bonus":"TWENTY_PERCENT_HP_BONUS","is_daily":false,"chose_seed":false,"campfire_upgraded":2,"win_rate":0.0,"timestamp":1610120046,"path_taken":["M","?","?","?","M","?","R","$","T","M","?","R","?","E","R","BOSS","M","M","?","M","$","?","R","M","T","M","R","?","E","?","R","BOSS","M","?","M","M","$","E","R","?","T","R","M","M","M","?","R","BOSS"],"items_purchased_type":["Card","Potion","Relic"],"build_version":"2020-12-22","purchased_purges":0,"victory":false,"max_hp_per_floor":[89,89,89,89,89,89,89,89,89,89,89,89,89,89,89,89,89,89,89,89,89,89,89,89,89,89,89,89,89,89,89,89,89,89,89,89,89,89,89,89,89,89,89,89,89,89,95,95,95,95,95],"card_choices":[{"not_picked":["DarkMatter","ShootingEcho"],"picked":"MagicChant","floor":1.0},{"not_picked":["MagicAbsorber","Acceleration"],"picked":"LuminesStrike","floor":5.0},{"not_picked":["DC","EnergyFlow"],"picked":"PowerUp","floor":6.0},{"not_picked":["WitchLeyline","LuminesStrike"],"picked":"FinalSpark","floor":10.0},{"not_picked":["IllusionStar","WitchLeyline"],"picked":"MysteriousBeam","floor":14.0},{"not_picked":["BlazingStar","MaximisePower"],"picked":"FinalSpark","floor":16.0},{"not_picked":["BlazeAway","GasGiant"],"picked":"SprinkleStarSeal","floor":18.0},{"not_picked":["GrandCross","EventHorizon","OpenUniverse"],"picked":"SKIP","floor":19.0},{"not_picked":["OrrerysSun+1","DragonMeteor","NonDirectionalLaser"],"picked":"SKIP","floor":21.0},{"not_picked":["MysteriousBeam","BigCrunch","StarlightTyphoon"],"picked":"SKIP","floor":25.0},{"not_picked":["BigCrunch","StarlightTyphoon"],"picked":"MysteriousBeam","floor":25.0},{"not_picked":["Occultation","EnergyRecoil"],"picked":"DoubleSpark","floor":27.0},{"not_picked":["BlazingStar","Acceleration"],"picked":"DC+1","floor":30.0},{"not_picked":["MachineGunSpark","GasGiant","Robbery"],"picked":"SKIP","floor":31.0},{"not_picked":["BlazingStar","BigCrunch"],"picked":"FinalSpark","floor":33.0},{"not_picked":["DragonMeteor+1","WitchOfGreed"],"picked":"NonDirectionalLaser+1","floor":35.0},{"not_picked":["LuminesStrike+1","UnstableBomb"],"picked":"GravityBeat+1","floor":37.0},{"not_picked":["6A+1","WitchLeyline","GasGiant"],"picked":"SKIP","floor":38.0},{"not_picked":["MysteriousBeam","Robbery","WitchLeyline+1"],"picked":"SKIP","floor":40.0},{"not_picked":["DeepEcoloBomb","DragonMeteor"],"picked":"MysteriousBeam+1","floor":42.0},{"not_picked":["Acceleration","OortCloud+1","NonDirectionalLaser"],"picked":"SKIP","floor":45.0},{"not_picked":["GalacticHalo","StarDustReverie","LuminesStrike+1"],"picked":"SKIP","floor":46},{"not_picked":["WitchOfGreed+1","WitchLeyline+1"],"picked":"PowerUp+1","floor":47}],"player_experience":19837,"relics_obtained":[{"floor":3.0,"key":"Letter Opener"},{"floor":9.0,"key":"TungstenRod"},{"floor":14.0,"key":"CrazyTorch:ReiMu"},{"floor":17.0,"key":"Bag of Preparation"},{"floor":17.0,"key":"Matryoshka"},{"floor":17.0,"key":"Incense Burner"},{"floor":26.0,"key":"Oddly Smooth Stone"},{"floor":26.0,"key":"HandmadeGrimoire"},{"floor":30.0,"key":"Darkstone Periapt"},{"floor":40.0,"key":"Torii"},{"floor":42.0,"key":"PureWhite:ReiMu"},{"floor":43.0,"key":"MealTicket"},{"floor":43.0,"key":"Ancient Tea Set"},{"floor":48,"key":"Ring of Chaos"},{"floor":48,"key":"ReplayTheSpireMod:Ring of Addiction"},{"floor":48,"key":"Chameleon Ring"},{"floor":48,"key":"SacredBark"}],"event_choices":[{"damage_healed":0.0,"max_hp_gain":0.0,"max_hp_loss":0.0,"gold_gain":0.0,"event_name":"World of Goop","player_choice":"Left Gold","floor":2.0,"gold_loss":13.0,"damage_taken":0.0},{"damage_healed":0.0,"max_hp_gain":0.0,"max_hp_loss":0.0,"gold_gain":0.0,"event_name":"FaceTrader","player_choice":"Trade","floor":11.0,"gold_loss":0.0,"damage_taken":0.0,"relics_obtained":["CultistMask"]},{"damage_healed":0.0,"max_hp_gain":0.0,"max_hp_loss":0.0,"gold_gain":0.0,"event_name":"Vampires","player_choice":"Ignored","floor":20.0,"gold_loss":0.0,"damage_taken":0.0},{"damage_healed":0.0,"max_hp_gain":0.0,"max_hp_loss":0.0,"gold_gain":0.0,"event_name":"Ghosts","player_choice":"Ignored","floor":23.0,"gold_loss":0.0,"damage_taken":0.0},{"damage_healed":0.0,"max_hp_gain":0.0,"max_hp_loss":0.0,"gold_gain":0.0,"event_name":"Tomb of Lord Red Mask","player_choice":"Ignored","floor":36.0,"gold_loss":0.0,"damage_taken":0.0},{"damage_healed":0.0,"max_hp_gain":0.0,"max_hp_loss":0.0,"gold_gain":0.0,"event_name":"MindBloom","player_choice":"Fight","floor":42.0,"gold_loss":0.0,"damage_taken":0.0}],"is_beta":false,"boss_relics":[{"not_picked":["Runic Pyramid","Velvet Choker"],"picked":"Calling Bell"},{"not_picked":["Runic Dome","Fusion Hammer"],"picked":"BewitchedHakkero"}],"items_purged_floors":[],"is_endless":false,"potions_floor_spawned":[1,5,14,16,19,27,31,33,38,40,46],"killed_by":"Time Eater","ascension_level":0}}