{"host":"wby4rs3xnry3zy6c","time":1610134066,"event":{"mods":["AchievementEnabler","BaseMod","BetterRewards","Colored Map","Colored Powertips","Downfall","Hubris","Infinite Spire","Minty Spire (QoL Compilation)","Replay The Spire","Shop Mod","StSLib","The Cursed","The Necromancer"],"gold_per_floor":[114,124,142,155,165,165,185,28,28,28,47,79,79,90,90,190,190,201,201,221,231,75,75,85,105,129,163,163,163,163,0,0,0,0],"floor_reached":33,"playtime":1952,"items_purged":["Defend_R"],"score":271,"play_id":"26c335fd-91c5-41d5-a8fc-8393673f22f3","local_time":"20210108132746","is_ascension_mode":false,"campfire_choices":[{"data":"Armaments","floor":6,"key":"SMITH"},{"data":"Metallicize","floor":10,"key":"SMITH"},{"floor":13,"key":"REST"},{"data":"Twin Strike","floor":15,"key":"SMITH"},{"data":"Juggernaut","floor":23,"key":"SMITH"},{"data":"Shrug It Off","floor":28,"key":"SMITH"},{"floor":30,"key":"REST"},{"floor":32,"key":"REST"}],"circlet_count":0,"master_deck":["Strike_R","Strike_R","Strike_R","Strike_R","Strike_R","Defend_R","Defend_R","Defend_R","Bash","Flex","Pommel Strike","Shrug It Off","Armaments+1","Iron Wave","Spot Weakness","Metallicize+1","Thunderclap","Shrug It Off+1","Twin Strike+1","Juggernaut+1","ReplayReversal+1","infinitespire:SevenWalls","hubris:ReadiedAction+1","Sentinel","Armaments+1"],"relics":["Black Blood","NeowsBlessing","Paper Frog","Replay:Bottled Snecko","Bag of Preparation","Bronze Scales","Ornamental Fan"],"acts_visited":["Exordium","TheCity"],"potions_floor_usage":[4,5,20,27,33],"damage_taken":[{"damage":0,"enemies":"Cultist","floor":1,"turns":1},{"damage":0,"enemies":"Jaw Worm","floor":2,"turns":1},{"damage":0,"enemies":"Small Slimes","floor":3,"turns":1},{"damage":18,"enemies":"2 Fungi Beasts","floor":4,"turns":4},{"damage":4,"enemies":"Exordium Thugs","floor":5,"turns":7},{"damage":0,"enemies":"Looter","floor":7,"turns":4},{"damage":4,"enemies":"Red Slaver","floor":11,"turns":5},{"damage":75,"enemies":"Gremlin Nob","floor":12,"turns":7},{"damage":5,"enemies":"2 Fungi Beasts","floor":14,"turns":5},{"damage":25,"enemies":"The Guardian","floor":16,"turns":14},{"damage":23,"enemies":"Spheric Guardian","floor":18,"turns":7},{"damage":0,"enemies":"Shell Parasite","floor":20,"turns":6},{"damage":0,"enemies":"Snecko","floor":21,"turns":4},{"damage":4,"enemies":"Centurion and Healer","floor":24,"turns":7},{"damage":32,"enemies":"Shelled Parasite and Fungi","floor":25,"turns":7},{"damage":30,"enemies":"Replay:Snechameleon","floor":27,"turns":6},{"damage":72,"enemies":"Champ","floor":33,"turns":10}],"seed_played":"4365174441810790235","potions_obtained":[{"floor":3,"key":"Weak Potion"},{"floor":4,"key":"EssenceOfSteel"},{"floor":5,"key":"Elixir"},{"floor":11,"key":"Languid Potion"},{"floor":12,"key":"hexamod:EctoCoolerPotion"},{"floor":14,"key":"Adrenaline Potion"},{"floor":20,"key":"Explosive Potion"},{"floor":24,"key":"EssenceOfSteel"}],"is_trial":false,"path_per_floor":["M","M","M","M","M","R","M","$","T","R","M","E","R","M","R_BF","B",null,"M","AVR","M","M","$","R","M","M","T","E","R","?","R","?","R","B"],"character_chosen":"IRONCLAD","items_purchased":["Metallicize","Bag of Preparation"],"campfire_rested":3,"item_purchase_floors":[8,22],"current_hp_per_floor":[80,80,80,68,70,70,76,76,76,76,78,9,33,34,34,15,80,69,69,80,80,80,80,80,60,60,42,42,11,35,35,59,0,0],"gold":0,"neow_bonus":"THREE_ENEMY_KILL","is_daily":false,"chose_seed":false,"campfire_upgraded":5,"win_rate":0.0,"timestamp":1610134066,"path_taken":["M","M","?","?","M","R","M","$","T","R","M","E","R","M","R_BF","BOSS","M","AVR","M","M","$","R","M","M","T","E","R","?","R","?","R","BOSS"],"items_purchased_type":["Card","Relic"],"build_version":"2020-12-22","purchased_purges":1,"victory":false,"max_hp_per_floor":[80,80,80,80,80,80,80,80,80,80,80,80,80,80,80,80,80,80,80,80,80,80,80,80,80,80,80,80,80,80,80,80,80,80],"card_choices":[{"not_picked":["Bloodletting","Hemokinesis"],"picked":"Flex","floor":1},{"not_picked":["Run Through","Entrench"],"picked":"Pommel Strike","floor":2},{"not_picked":["Flex","Combust"],"picked":"Shrug It Off","floor":3},{"not_picked":["Reckless Charge","Combust"],"picked":"Armaments","floor":4},{"not_picked":["Body Slam","Clash"],"picked":"Iron Wave","floor":5},{"not_picked":["Pommel Strike","Impervious"],"picked":"Spot Weakness","floor":7},{"not_picked":["Sword Boomerang","Pummel"],"picked":"Thunderclap","floor":11},{"not_picked":["Second Wind","hubris:SharpeningStone"],"picked":"Shrug It Off","floor":12},{"not_picked":["Clash","ReplayTheSpireMod:Strike From Hell"],"picked":"Twin Strike","floor":14},{"not_picked":["Demonic Infusion","hubris:StunningStrike"],"picked":"Juggernaut","floor":16},{"not_picked":["Battle Trance","Shrug It Off+1"],"picked":"ReplayReversal+1","floor":18},{"not_picked":["Flex+1","Rampage"],"picked":"hubris:ReadiedAction+1","floor":20},{"not_picked":["Warcry","Replay:Undeath\u0027s Touch","Twin Strike"],"picked":"SKIP","floor":21},{"not_picked":["hubris:StunningStrike","Body Slam"],"picked":"Sentinel","floor":24},{"not_picked":["Spot Weakness","Hemokinesis"],"picked":"Armaments+1","floor":25},{"not_picked":["Carnage","Uppercut","Heavy Blade+1"],"picked":"SKIP","floor":27}],"player_experience":98657,"relics_obtained":[{"floor":9,"key":"Paper Frog"},{"floor":12,"key":"Replay:Bottled Snecko"},{"floor":26,"key":"Bronze Scales"},{"floor":27,"key":"Ornamental Fan"}],"event_choices":[{"damage_healed":0,"gold_gain":0,"player_choice":"Paid Fearfully","damage_taken":0,"max_hp_gain":0,"max_hp_loss":0,"event_name":"Masked Bandits","floor":31,"gold_loss":163}],"is_beta":false,"boss_relics":[{"not_picked":["hubris:Stopwatch","Honey Jar"],"picked":"Black Blood"}],"items_purged_floors":[8],"is_endless":false,"potions_floor_spawned":[3,4,5,11,12,14,20,24],"killed_by":"Champ","ascension_level":0}}