{"host":"y3h3n3f7seyagppx","time":1610120284,"event":{"mods":["BaseMod","Colored Map","Colored Powertips","DeckTracker","Minty Spire (QoL Compilation)","Random Character Button","Rare Cards Sparkle","Relic Sorter","Relic Stats","StSLib"],"gold_per_floor":[110,121,132,152,171,201,201,228,228,193,204,229,154,174,174,246,246,258,40,40,55,65,65,65,65,65,65,82,110,124,150,150,225,225,245,77,90,143,143,143,143],"floor_reached":40,"playtime":4653,"items_purged":["Strike_R"],"score":921,"play_id":"5e7d7693-bc12-4227-bc0f-15f860407335","local_time":"20210108103804","is_ascension_mode":true,"campfire_choices":[{"data":"Uppercut","floor":7,"key":"SMITH"},{"data":"Carnage","floor":15,"key":"SMITH"},{"data":"Armaments","floor":23,"key":"SMITH"},{"data":"Combust","floor":25,"key":"SMITH"},{"data":"Offering","floor":27,"key":"SMITH"},{"data":"Impervious","floor":32,"key":"SMITH"}],"circlet_count":0,"master_deck":["AscendersBane","Strike_R","Strike_R","Defend_R","Defend_R","Defend_R","Defend_R","Bash+1","Combust+1","Ghostly Armor","Battle Trance","Uppercut+1","Offering+1","Carnage+1","Ghostly Armor","Impervious+1","Feed","Power Through","Armaments+1","Fire Breathing+1","Feel No Pain","Barricade","Fiend Fire","Second Wind","Feel No Pain","Flex+1"],"relics":["Burning Blood","Thread and Needle","Question Card","Eternal Feather","Darkstone Periapt","Philosopher\u0027s Stone","OrangePellets","Paper Frog","Matryoshka","Blue Candle","Ancient Tea Set","Cursed Key","Bronze Scales","Mango"],"acts_visited":["Exordium","TheCity","TheBeyond"],"potions_floor_usage":[6,8,16,22],"damage_taken":[{"damage":7,"enemies":"Jaw Worm","floor":1,"turns":3},{"damage":9,"enemies":"2 Louse","floor":2,"turns":5},{"damage":6,"enemies":"Cultist","floor":3,"turns":3},{"damage":7,"enemies":"Looter","floor":4,"turns":4},{"damage":12,"enemies":"Lots of Slimes","floor":5,"turns":4},{"damage":23,"enemies":"Gremlin Nob","floor":6,"turns":4},{"damage":9,"enemies":"3 Sentries","floor":8,"turns":7},{"damage":0,"enemies":"Blue Slaver","floor":11,"turns":3},{"damage":9,"enemies":"Lagavulin","floor":12,"turns":5},{"damage":10,"enemies":"Exordium Wildlife","floor":14,"turns":4},{"damage":35,"enemies":"The Guardian","floor":16,"turns":12},{"damage":17,"enemies":"3 Byrds","floor":18,"turns":5},{"damage":4,"enemies":"Chosen","floor":21,"turns":5},{"damage":32,"enemies":"3 Cultists","floor":22,"turns":6},{"damage":9,"enemies":"Snake Plant","floor":28,"turns":4},{"damage":17,"enemies":"Slavers","floor":29,"turns":5},{"damage":18,"enemies":"Cultist and Chosen","floor":30,"turns":5},{"damage":7,"enemies":"Book of Stabbing","floor":31,"turns":5},{"damage":26,"enemies":"Automaton","floor":33,"turns":12},{"damage":15,"enemies":"3 Shapes","floor":35,"turns":5},{"damage":8,"enemies":"Orb Walker","floor":37,"turns":3},{"damage":43,"enemies":"2 Orb Walkers","floor":38,"turns":4},{"damage":49,"enemies":"Giant Head","floor":40,"turns":8}],"seed_played":"20814614474835833","potions_obtained":[{"floor":3,"key":"Ancient Potion"},{"floor":5,"key":"FearPotion"},{"floor":6,"key":"EssenceOfSteel"},{"floor":8,"key":"SteroidPotion"},{"floor":14,"key":"DuplicationPotion"},{"floor":18,"key":"SkillPotion"},{"floor":38,"key":"FearPotion"}],"is_trial":false,"path_per_floor":["M","M","M","M","M","E","R","E","T","?","M","E","$","M","R","B",null,"M","$","?","M","M","R","?","R","T","R","M","E","M","E","R","B",null,"M","$","M","?","?","E"],"character_chosen":"IRONCLAD","items_purchased":["OrangePellets","Armaments","Bronze Scales"],"campfire_rested":0,"item_purchase_floors":[19,19,36],"current_hp_per_floor":[67,64,64,63,57,40,40,37,37,55,61,58,58,54,63,34,65,57,57,57,59,37,49,49,61,61,73,74,63,51,50,62,42,75,69,69,67,44,44,0,0],"gold":143,"neow_bonus":"UPGRADE_CARD","is_daily":false,"chose_seed":false,"campfire_upgraded":6,"win_rate":0.0,"timestamp":1610120284,"path_taken":["M","M","M","M","M","E","R","E","T","?","M","E","$","M","R","BOSS","M","$","?","?","M","R","?","R","T","R","M","E","?","E","R","BOSS","M","$","M","?","?","E"],"items_purchased_type":["Relic","Card","Relic"],"build_version":"2020-12-22","purchased_purges":1,"victory":false,"max_hp_per_floor":[75,75,75,75,75,75,75,75,75,75,75,75,75,75,75,75,75,78,78,78,78,82,82,82,82,82,82,86,86,86,86,86,86,86,89,89,89,103,103,103,103],"relic_stats":{"Darkstone Periapt":0,"OrangePellets":[10],"counters":[23,121],"Blue Candle":[0],"Bronze Scales":[36],"Eternal Feather":57,"Question Card":15,"Cursed Key":0,"obtain_stats":[{"Darkstone Periapt":12,"Blue Candle":29,"Thread and Needle":6,"Eternal Feather":9,"Mango":38,"Question Card":8,"Ancient Tea Set":31,"Cursed Key":34,"Burning Blood":0,"OrangePellets":19,"Matryoshka":26,"Bronze Scales":36,"Philosopher\u0027s Stone":17,"Paper Frog":20},{"Darkstone Periapt":9,"Blue Candle":16,"Thread and Needle":6,"Eternal Feather":7,"Mango":22,"Question Card":7,"Ancient Tea Set":18,"Cursed Key":19,"Burning Blood":0,"OrangePellets":12,"Matryoshka":14,"Bronze Scales":20,"Philosopher\u0027s Stone":11,"Paper Frog":12},{"Darkstone Periapt":38,"Blue Candle":79,"Thread and Needle":23,"Eternal Feather":30,"Mango":113,"Question Card":30,"Ancient Tea Set":89,"Cursed Key":101,"Burning Blood":0,"OrangePellets":59,"Matryoshka":70,"Bronze Scales":106,"Philosopher\u0027s Stone":54,"Paper Frog":59}],"Burning Blood":132},"card_choices":[{"not_picked":["Clothesline","Havoc"],"picked":"Combust","floor":1},{"not_picked":["Fire Breathing","Wild Strike"],"picked":"Ghostly Armor","floor":2},{"not_picked":["Bloodletting","Heavy Blade"],"picked":"Battle Trance","floor":3},{"not_picked":["Sword Boomerang","Thunderclap"],"picked":"Anger","floor":4},{"not_picked":["Flex","Heavy Blade"],"picked":"Uppercut","floor":5},{"not_picked":["Uppercut","Pummel","Anger"],"picked":"SKIP","floor":6},{"not_picked":["Warcry","Second Wind"],"picked":"Offering","floor":8},{"not_picked":["Second Wind","Clothesline","Havoc"],"picked":"Carnage","floor":11},{"not_picked":["Ghostly Armor","Cleave","Warcry","Havoc"],"picked":"SKIP","floor":12},{"not_picked":["Cleave","Warcry","Havoc"],"picked":"Ghostly Armor","floor":12},{"not_picked":["Ghostly Armor","Shrug It Off","Burning Pact"],"picked":"Impervious","floor":14},{"not_picked":["Exhume","Offering","Berserk"],"picked":"Feed","floor":16},{"not_picked":["Sentinel","Bloodletting","Headbutt"],"picked":"Power Through","floor":18},{"not_picked":["Flex","Thunderclap","Heavy Blade","Anger"],"picked":"SKIP","floor":21},{"not_picked":["Sword Boomerang+1","Battle Trance","Shockwave"],"picked":"Fire Breathing+1","floor":22},{"not_picked":["Anger","Clothesline","Armaments","Rage+1"],"picked":"SKIP","floor":28},{"not_picked":["Intimidate","Rampage","Sever Soul","Havoc"],"picked":"SKIP","floor":29},{"not_picked":["Reckless Charge","True Grit","Pommel Strike"],"picked":"Feel No Pain","floor":30},{"not_picked":["Disarm","Battle Trance","Blood for Blood"],"picked":"Barricade","floor":31},{"not_picked":["Juggernaut","Bludgeon","Barricade"],"picked":"Fiend Fire","floor":33},{"not_picked":["Havoc","Cleave+1","Clothesline"],"picked":"Second Wind","floor":35},{"not_picked":["Clash","Shrug It Off","Thunderclap"],"picked":"Feel No Pain","floor":37},{"not_picked":["True Grit+1","Hemokinesis","Sentinel"],"picked":"Flex+1","floor":38}],"player_experience":20466243,"relics_obtained":[{"floor":6,"key":"Thread and Needle"},{"floor":8,"key":"Question Card"},{"floor":9,"key":"Eternal Feather"},{"floor":12,"key":"Darkstone Periapt"},{"floor":26,"key":"Matryoshka"},{"floor":29,"key":"Blue Candle"},{"floor":31,"key":"Ancient Tea Set"},{"floor":38,"key":"Mango"}],"event_choices":[{"damage_healed":18,"gold_gain":0,"player_choice":"Healed","damage_taken":0,"max_hp_gain":0,"max_hp_loss":0,"event_name":"The Cleric","floor":10,"gold_loss":35},{"cards_removed":["Anger"],"damage_healed":0,"gold_gain":0,"player_choice":"Gave Card","damage_taken":0,"relics_obtained":["Paper Frog"],"max_hp_gain":0,"max_hp_loss":0,"event_name":"WeMeetAgain","floor":20,"gold_loss":0},{"cards_removed":["Strike_R"],"damage_healed":0,"gold_gain":0,"player_choice":"Offered Basic","damage_taken":0,"max_hp_gain":0,"max_hp_loss":0,"event_name":"Bonfire Elementals","floor":24,"gold_loss":0},{"damage_healed":0,"gold_gain":0,"player_choice":"Fight","damage_taken":0,"max_hp_gain":0,"max_hp_loss":0,"event_name":"Mysterious Sphere","floor":38,"gold_loss":0},{"cards_removed":["Strike_R"],"damage_healed":0,"gold_gain":0,"player_choice":"Removed Attack","damage_taken":0,"max_hp_gain":0,"max_hp_loss":0,"event_name":"Falling","floor":39,"gold_loss":0}],"is_beta":false,"boss_relics":[{"not_picked":["Runic Cube","Calling Bell"],"picked":"Philosopher\u0027s Stone"},{"not_picked":["Pandora\u0027s Box","Runic Dome"],"picked":"Cursed Key"}],"items_purged_floors":[13],"is_endless":false,"potions_floor_spawned":[3,5,6,8,12,14,18,21,38],"killed_by":"Giant Head","ascension_level":20}}