{"host":"066y5nba5qw19k68","time":1610094935,"event":{"mods":["BaseMod","Colored Powertips","Downfall","Minty Spire (QoL Compilation)","Replay The Spire","Shop Mod","StSLib"],"gold_per_floor":[114,15,28,45,58,58,88,88,88,105,105,105,117,131,131,96,96,198,198,215,196,214,225,225,225],"floor_reached":24,"playtime":1850,"items_purged":["Sickly"],"score":222,"play_id":"54c4f343-67b9-4fb1-a68f-42273cc90ae1","local_time":"20210108163535","is_ascension_mode":true,"campfire_choices":[{"data":"Whirlwind","floor":6.0,"key":"SMITH"},{"data":"Barricade","floor":15.0,"key":"SMITH"},{"data":"Body Slam","floor":17.0,"key":"SMITH"}],"circlet_count":0,"master_deck":["Strike_R","Strike_R","Strike_R","Strike_R","Strike_R+1","Defend_R","Defend_R","Defend_R+1","Defend_R","Bash","True Grit","Sentinel","Ghostly Armor","Body Slam+1","Whirlwind+1","Intimidate","Dark Embrace","Shrug It Off","Second Wind","Ghostly Armor","Barricade+1","Feed","Shrug It Off","Seeing Red"],"relics":["Burning Blood","Prayer Wheel","Happy Flower","Simple Rune","Painkiller Herb"],"acts_visited":["Exordium","TheCity"],"potions_floor_usage":[24],"damage_taken":[{"damage":17.0,"enemies":"Jaw Worm","floor":1.0,"turns":5.0},{"damage":3.0,"enemies":"2 Louse","floor":3.0,"turns":3.0},{"damage":16.0,"enemies":"Cultist","floor":4.0,"turns":4.0},{"damage":45.0,"enemies":"Gremlin Gang","floor":5.0,"turns":10.0},{"damage":18.0,"enemies":"3 Sentries","floor":7.0,"turns":4.0},{"damage":1.0,"enemies":"Large Slime","floor":10.0,"turns":6.0},{"damage":12.0,"enemies":"Exordium Wildlife","floor":13.0,"turns":5.0},{"damage":9.0,"enemies":"2 Fungi Beasts","floor":14.0,"turns":3.0},{"damage":10.0,"enemies":"The Guardian","floor":18.0,"turns":14.0},{"damage":0.0,"enemies":"3 Byrds","floor":20.0,"turns":5.0},{"damage":2.0,"enemies":"2 Thieves","floor":21.0,"turns":4.0},{"damage":57,"enemies":"Cultist and Chosen","floor":22,"turns":9},{"damage":23,"enemies":"Snake Plant","floor":23,"turns":9},{"damage":44,"enemies":"Shelled Parasite and Fungi","floor":24,"turns":6}],"seed_played":"-314047589426575141","potions_obtained":[{"floor":3.0,"key":"SpeedPotion"},{"floor":4.0,"key":"Swift Potion"},{"floor":7.0,"key":"champ:CounterPotion"},{"floor":14.0,"key":"FairyPotion"},{"floor":18.0,"key":"Fire Potion"},{"floor":22,"key":"Fire Potion"}],"is_trial":false,"path_per_floor":["M","$","M","M","M","R","E","?","T","M","PTL","PTL","M","M","R","?","R","B",null,"?","?","?","?","?"],"character_chosen":"IRONCLAD","items_purchased":["True Grit"],"campfire_rested":0,"item_purchase_floors":[2],"current_hp_per_floor":[69,69,72,62,23,23,11,11,11,16,16,16,10,7,7,27,27,23,80,83,83,32,18,0,0],"gold":225,"neow_bonus":"ONE_RARE_RELIC","is_daily":false,"chose_seed":false,"campfire_upgraded":3,"win_rate":0.0,"timestamp":1610094935,"path_taken":["M","$","M","M","M","R","E","?","T","M","PTL","PTL","M","M","R","?","R","BOSS","?","?","?","?","?"],"items_purchased_type":["Card"],"build_version":"2020-12-22","purchased_purges":1,"victory":false,"max_hp_per_floor":[80,80,80,80,80,80,80,80,80,80,80,80,80,80,80,80,80,80,80,83,83,83,86,86,86],"card_choices":[{"not_picked":["Blood for Blood","Sword Boomerang","Defy Death"],"picked":"SKIP","floor":1.0},{"not_picked":["Bloodletting","Defy Death","ReplayTheSpireMod:Limb From Limb"],"picked":"SKIP","floor":1.0},{"not_picked":["Warcry","Twin Strike"],"picked":"Sentinel","floor":3.0},{"not_picked":["ReplayTheSpireMod:Strike From Hell","Uppercut","Clash"],"picked":"SKIP","floor":3.0},{"not_picked":["Flex","Hemokinesis"],"picked":"Ghostly Armor","floor":4.0},{"not_picked":["Rage","Replay:Undeath\u0027s Touch","Run Through"],"picked":"SKIP","floor":4.0},{"not_picked":["Warcry","ReplayTheSpireMod:Strike From Hell"],"picked":"Body Slam","floor":5.0},{"not_picked":["Body Slam","Demon Form"],"picked":"Whirlwind","floor":5.0},{"not_picked":["Wild Strike","Rupture"],"picked":"Intimidate","floor":7.0},{"not_picked":["Flex","Disarm"],"picked":"Dark Embrace","floor":10.0},{"not_picked":["Havoc","Blood for Blood"],"picked":"Shrug It Off","floor":10.0},{"not_picked":["Perfected Strike","Pommel Strike"],"picked":"Second Wind","floor":13.0},{"not_picked":["Flex","Havoc","Combust"],"picked":"SKIP","floor":13.0},{"not_picked":["ReplayTheSpireMod:Strike From Hell","Shrug It Off"],"picked":"Ghostly Armor","floor":14.0},{"not_picked":["Clothesline","Rage"],"picked":"Barricade","floor":14.0},{"not_picked":["Fiend Fire","Limit Break"],"picked":"Feed","floor":18.0},{"not_picked":["Run Through","ReplayTheSpireMod:LeadingStrike"],"picked":"Shrug It Off","floor":20.0},{"not_picked":["Clothesline","Thunderclap","Reckless Charge"],"picked":"SKIP","floor":20.0},{"not_picked":["Dual Wield","Sever Soul","ReplayTheSpireMod:Stacked"],"picked":"SKIP","floor":21.0},{"not_picked":["Thunderclap","ReplayTheSpireMod:Strike From Hell","Anger+1"],"picked":"SKIP","floor":21.0},{"not_picked":["Limit Break","Perfected Strike+1"],"picked":"Seeing Red","floor":22},{"not_picked":["True Grit","Heavy Blade+1","Iron Wave+1"],"picked":"SKIP","floor":22},{"not_picked":["ReplayTheSpireMod:Corrosion Curse","Life Link+1","Whirlwind"],"picked":"SKIP","floor":23},{"not_picked":["Havoc","Abandon","Carnage"],"picked":"SKIP","floor":23}],"player_experience":97742,"relics_obtained":[{"floor":7.0,"key":"Happy Flower"},{"floor":9.0,"key":"Simple Rune"}],"event_choices":[{"damage_healed":0.0,"max_hp_gain":0.0,"max_hp_loss":0.0,"gold_gain":0.0,"event_name":"Dead Adventurer","player_choice":"Searched \u00270\u0027 times","floor":8.0,"gold_loss":0.0,"damage_taken":0.0},{"damage_healed":20.0,"max_hp_gain":0.0,"max_hp_loss":0.0,"gold_gain":0.0,"event_name":"The Cleric","player_choice":"Healed","floor":16.0,"gold_loss":35.0,"damage_taken":0.0}],"is_beta":false,"boss_relics":[{"not_picked":["Replay:Grab Bag","Replay:Wanted Poster"],"picked":"Painkiller Herb"}],"items_purged_floors":[2],"is_endless":false,"potions_floor_spawned":[3,4,7,14,18,22],"killed_by":"Shelled Parasite and Fungi","ascension_level":2}}