{"host":"ayh4nqhr0ddw4ozv","time":1610094340,"event":{"mods":["BaseMod","Minty Spire (QoL Compilation)","Relic Stats","Replay The Spire","Robot Space Explorer","StSLib"],"gold_per_floor":[119,129,172,172,192,192,218,237,237,257,257,286,286,286,286,412,412,428,443,456,456,471,471,502,518,518,535,535,535,171,201,201,299,299,316,266,279,81,81,110,129,162,189,189,189,189,189,189,189,223,223,223,223,223,26,57,57],"floor_reached":58,"playtime":3909,"items_purged":["Strike_B","Strike_B","Writhe","Strike_B"],"score":2052,"play_id":"e907b728-8af3-4e2c-addc-dfd07de14511","local_time":"20210108002540","is_ascension_mode":true,"campfire_choices":[{"data":"Lockon","floor":6,"key":"SMITH"},{"data":"Defragment","floor":11,"key":"SMITH"},{"floor":15,"key":"REST"},{"data":"Aggregate","floor":23,"key":"SMITH"},{"floor":28,"key":"REST"},{"data":"Mirror Shield","floor":32,"key":"SMITH"},{"data":"Zap","floor":32,"key":"SMITH"},{"data":"Defragment","floor":45,"key":"SMITH"},{"data":"Buffer","floor":45,"key":"SMITH"},{"data":"Loop","floor":49,"key":"SMITH"},{"data":"Force Field","floor":49,"key":"SMITH"},{"floor":51,"key":"RECALL"},{"data":"Electrodynamics","floor":54,"key":"SMITH"},{"data":"Thinking Ahead","floor":54,"key":"SMITH"}],"circlet_count":0,"master_deck":["AscendersBane","Strike_B","Defend_B+1","Defend_B+1","Defend_B","Defend_B","Zap+1","Dualcast","Ball Lightning+1","Genetic Algorithm+1","Loop+1","Lockon+1","Defragment+1","Mirror Shield+1","Electrodynamics+1","Chill","Aggregate+1","Force Field+1","Buffer+1","Pain","Turbo+1","Defragment+1","Overencumbered","Genetic Algorithm+1","PanicButton","Thinking Ahead+1","Capacitor+1","Skim+1"],"relics":["Cracked Core","Juzu Bracelet","Blue Candle","GremlinMask","Divine Protection","Solar Panel","Gremlin Food","ReplayTheSpireMod:Ring of Collecting","Ring of Hypnosis","Bloody Idol","Runic Pyramid","Smiling Mask","Ring of Peace","Torii","Ginger","Replay:Arrowhead","Cursed Key","Replay:Baseball","WarpedTongs","Replay:Antivirus Software","Simple Rune","ReplayTheSpireMod:Ring of Addiction","Potion Belt","Toy Ornithopter","Akabeko","Replay:Kaleidoscope"],"acts_visited":["Exordium","TheCity","TheBeyond","TheEnding"],"potions_floor_usage":[12,24,24,25,25,50,52,52,56,57,57,57],"damage_taken":[{"damage":0,"enemies":"Cultist","floor":1,"turns":3},{"damage":7,"enemies":"Jaw Worm","floor":2,"turns":2},{"damage":0,"enemies":"2 Louse","floor":5,"turns":2},{"damage":30,"enemies":"Lagavulin","floor":7,"turns":6},{"damage":0,"enemies":"Red Slaver","floor":8,"turns":3},{"damage":1,"enemies":"Blue Slaver","floor":10,"turns":3},{"damage":0,"enemies":"3 Sentries","floor":12,"turns":7},{"damage":9,"enemies":"Hexaghost","floor":16,"turns":8},{"damage":0,"enemies":"Chosen","floor":18,"turns":4},{"damage":9,"enemies":"Spheric Guardian","floor":19,"turns":5},{"damage":14,"enemies":"Centurion and Healer","floor":20,"turns":7},{"damage":4,"enemies":"Sentry and Sphere","floor":22,"turns":5},{"damage":34,"enemies":"Slavers","floor":24,"turns":8},{"damage":7,"enemies":"Shelled Parasite and Fungi","floor":25,"turns":5},{"damage":9,"enemies":"3 Cultists","floor":27,"turns":5},{"damage":0,"enemies":"Replay:Snechameleon","floor":31,"turns":6},{"damage":52,"enemies":"Champ","floor":33,"turns":13},{"damage":0,"enemies":"3 Shapes","floor":35,"turns":5},{"damage":0,"enemies":"Orb Walker","floor":37,"turns":4},{"damage":0,"enemies":"Giant Head","floor":40,"turns":9},{"damage":0,"enemies":"Maw","floor":41,"turns":8},{"damage":0,"enemies":"Nemesis","floor":42,"turns":9},{"damage":0,"enemies":"R_Hoarder","floor":50,"turns":8},{"damage":0,"enemies":"Awakened One","floor":52,"turns":14},{"damage":0,"enemies":"Shield and Spear","floor":56,"turns":7},{"damage":32,"enemies":"The Heart","floor":57,"turns":10}],"seed_played":"-5540179719309863299","potions_obtained":[{"floor":3,"key":"Cursed Concoction"},{"floor":7,"key":"Ancient Potion"},{"floor":8,"key":"BlessingOfTheForge"},{"floor":16,"key":"FairyPotion"},{"floor":20,"key":"Weak Potion"},{"floor":24,"key":"ColorlessPotion"},{"floor":43,"key":"LifebloodPotion"},{"floor":43,"key":"PowerPotion"},{"floor":43,"key":"Elixir"}],"is_trial":false,"path_per_floor":["M","M","?","?","M","R","E","M","T","M","R","E","?","?","R","B",null,"M","M","M","?","M","R","E","M","T","M","R","?","$","E","R","B",null,"M","$","M","$","?","E","M","E","T","?","R","PTL","PTL","?","R","E","R","B",null,"R","$","E","B",null],"character_chosen":"DEFECT","items_purchased":["Ginger","Replay:Baseball","Block Potion","CultistPotion"],"campfire_rested":2,"item_purchase_floors":[30,38,55,55],"current_hp_per_floor":[68,61,61,61,61,61,31,31,31,36,36,36,36,36,56,51,65,69,66,56,56,59,59,30,30,30,32,52,52,52,61,61,18,56,67,67,69,69,69,69,69,69,69,69,69,69,67,62,62,65,65,65,65,65,65,63,41],"gold":57,"neow_bonus":"RANDOM_COMMON_RELIC","is_daily":false,"chose_seed":false,"campfire_upgraded":11,"win_rate":0.0,"timestamp":1610094340,"path_taken":["M","M","?","?","M","R","E","M","T","M","R","E","?","?","R","BOSS","M","M","M","?","M","R","E","M","T","M","R","?","$","E","R","BOSS","M","$","M","$","?","E","M","E","T","?","R","PTL","PTL","?","R","E","R","BOSS","R","$","E","BOSS"],"items_purchased_type":["Relic","Relic","Potion","Potion"],"build_version":"2020-12-22","purchased_purges":4,"victory":true,"max_hp_per_floor":[75,75,75,75,75,75,75,75,75,75,75,75,75,69,69,69,69,69,69,69,69,69,69,69,69,69,69,69,69,69,69,69,69,69,69,69,69,69,69,69,69,69,69,69,69,69,67,67,67,65,65,65,65,65,65,63,63],"relic_stats":{"Torii":4,"counters":[26,165],"Blue Candle":[20],"Bloody Idol":35,"Juzu Bracelet":3,"Ginger":[57],"Smiling Mask":250,"Cursed Key":1,"obtain_stats":[{"Solar Panel":9,"Divine Protection":7,"Torii":26,"GremlinMask":4,"Juzu Bracelet":0,"Ginger":30,"Smiling Mask":24,"Cursed Key":34,"Ring of Peace":26,"Replay:Antivirus Software":40,"Cracked Core":0,"Runic Pyramid":17,"Gremlin Food":12,"Potion Belt":43,"Ring of Hypnosis":13,"Golden Idol":14,"Blue Candle":3,"ReplayTheSpireMod:Ring of Addiction":43,"Replay:Kaleidoscope":56,"Replay:Arrowhead":31,"Akabeko":50,"WarpedTongs":39,"Replay:Baseball":38,"ReplayTheSpireMod:Ring of Collecting":13,"Bloody Idol":21,"Simple Rune":42,"Toy Ornithopter":43},{"Solar Panel":5,"Divine Protection":4,"Torii":14,"GremlinMask":2,"Juzu Bracelet":0,"Ginger":15,"Smiling Mask":13,"Cursed Key":17,"Ring of Peace":14,"Replay:Antivirus Software":20,"Cracked Core":0,"Runic Pyramid":8,"Gremlin Food":7,"Potion Belt":22,"Ring of Hypnosis":7,"Golden Idol":7,"Blue Candle":2,"ReplayTheSpireMod:Ring of Addiction":22,"Replay:Kaleidoscope":25,"Replay:Arrowhead":16,"Akabeko":23,"WarpedTongs":19,"Replay:Baseball":19,"ReplayTheSpireMod:Ring of Collecting":7,"Bloody Idol":11,"Simple Rune":22,"Toy Ornithopter":22},{"Solar Panel":16,"Divine Protection":13,"Torii":68,"GremlinMask":5,"Juzu Bracelet":0,"Ginger":73,"Smiling Mask":63,"Cursed Key":92,"Ring of Peace":68,"Replay:Antivirus Software":109,"Cracked Core":0,"Runic Pyramid":34,"Gremlin Food":26,"Potion Belt":126,"Ring of Hypnosis":26,"Golden Idol":26,"Blue Candle":5,"ReplayTheSpireMod:Ring of Addiction":126,"Replay:Kaleidoscope":155,"Replay:Arrowhead":79,"Akabeko":134,"WarpedTongs":101,"Replay:Baseball":101,"ReplayTheSpireMod:Ring of Collecting":26,"Bloody Idol":50,"Simple Rune":126,"Toy Ornithopter":126}],"Toy Ornithopter":3,"WarpedTongs":[64]},"card_choices":[{"not_picked":["Sweeping Beam","Cold Snap"],"picked":"Ball Lightning","floor":1},{"not_picked":["Turbo","Crystallizer"],"picked":"Genetic Algorithm","floor":2},{"not_picked":["BootSequence","Beam Cell"],"picked":"Loop","floor":3},{"not_picked":["Compile Driver","Panic Button"],"picked":"Lockon","floor":5},{"not_picked":["Barrage","Hologram"],"picked":"Defragment","floor":7},{"not_picked":["Steam","Turbo","Double Energy"],"picked":"SKIP","floor":8},{"not_picked":["Tempest","Cold Snap"],"picked":"Mirror Shield","floor":10},{"not_picked":["Stack","ReplayTheSpireMod:GoodbyeWorld","Beam Cell"],"picked":"SKIP","floor":12},{"not_picked":["Echo Form","Buffer"],"picked":"Electrodynamics","floor":16},{"not_picked":["Panic Button+1","Steam"],"picked":"Chill","floor":18},{"not_picked":["Beam Cell","Redo"],"picked":"Aggregate","floor":19},{"not_picked":["Cold Snap+1","Redo","Stack"],"picked":"SKIP","floor":20},{"not_picked":["Steam","Crystallizer+1","Barrage"],"picked":"SKIP","floor":22},{"not_picked":["Hello World","Beam Cell"],"picked":"Force Field","floor":24},{"not_picked":["Chaos","Compile Driver","Barrage"],"picked":"SKIP","floor":25},{"not_picked":["ReplaySort+1","Chaos","Turbo"],"picked":"SKIP","floor":27},{"not_picked":["Time Bomb","Conserve Battery+1","ReplayTheSpireMod:Repulse"],"picked":"SKIP","floor":31},{"not_picked":["ReplayTheSpireMod:Omega Cannon","Core Surge"],"picked":"Buffer","floor":33},{"not_picked":["Heatsinks+1","Chaos","ReplayTheSpireMod:Repulse+1"],"picked":"SKIP","floor":35},{"not_picked":["Melter+1","Conserve Battery+1","Reprogram"],"picked":"SKIP","floor":37},{"not_picked":["ReplaySort","Conserve Battery+1","BootSequence+1"],"picked":"SKIP","floor":40},{"not_picked":["ReplaySort","Conserve Battery+1","BootSequence+1"],"picked":"SKIP","floor":40},{"not_picked":["Redo+1","Panic Button+1"],"picked":"Turbo+1","floor":41},{"not_picked":["Buffer","Reinforced Body+1"],"picked":"Defragment","floor":42},{"not_picked":["Bandage Up","Jack Of All Trades"],"picked":"PanicButton","floor":48},{"not_picked":["Impatience","Enlightenment"],"picked":"Thinking Ahead","floor":48},{"not_picked":["Core Surge","Scrape"],"picked":"Capacitor+1","floor":50},{"not_picked":["Reprogram","Scrape+1"],"picked":"Skim+1","floor":56}],"player_experience":304338,"relics_obtained":[{"floor":3,"key":"Blue Candle"},{"floor":7,"key":"Divine Protection"},{"floor":9,"key":"Solar Panel"},{"floor":12,"key":"Gremlin Food"},{"floor":13,"key":"ReplayTheSpireMod:Ring of Collecting"},{"floor":13,"key":"Ring of Hypnosis"},{"floor":24,"key":"Smiling Mask"},{"floor":26,"key":"Ring of Peace"},{"floor":26,"key":"Torii"},{"floor":31,"key":"Replay:Arrowhead"},{"floor":40,"key":"Replay:Antivirus Software"},{"floor":42,"key":"Simple Rune"},{"floor":43,"key":"ReplayTheSpireMod:Ring of Addiction"},{"floor":43,"key":"Potion Belt"},{"floor":43,"key":"Toy Ornithopter"},{"floor":50,"key":"Akabeko"},{"floor":56,"key":"Replay:Kaleidoscope"}],"event_choices":[{"damage_healed":0,"gold_gain":0,"player_choice":"Trade","damage_taken":0,"relics_obtained":["GremlinMask"],"max_hp_gain":0,"max_hp_loss":0,"event_name":"FaceTrader","floor":4,"gold_loss":0},{"damage_healed":0,"gold_gain":0,"player_choice":"Lose Max HP","damage_taken":0,"relics_obtained":["Golden Idol"],"max_hp_gain":0,"max_hp_loss":6,"event_name":"Golden Idol","floor":14,"gold_loss":0},{"damage_healed":0,"gold_gain":0,"player_choice":"Gave Idol","damage_taken":0,"relics_obtained":["Bloody Idol"],"max_hp_gain":0,"max_hp_loss":0,"event_name":"Forgotten Altar","floor":21,"relics_lost":["Golden Idol"],"gold_loss":0},{"damage_healed":0,"gold_gain":0,"player_choice":"Ignored","damage_taken":0,"max_hp_gain":0,"max_hp_loss":0,"event_name":"Cursed Tome","floor":29,"gold_loss":0},{"damage_healed":0,"gold_gain":0,"player_choice":"Rummage","damage_taken":0,"relics_obtained":["WarpedTongs"],"max_hp_gain":0,"max_hp_loss":0,"event_name":"Accursed Blacksmith","floor":39,"gold_loss":0,"cards_obtained":["Pain"]},{"damage_healed":0,"gold_gain":0,"player_choice":"Copied","damage_taken":0,"max_hp_gain":0,"max_hp_loss":0,"event_name":"Duplicator","floor":44,"gold_loss":0,"cards_obtained":["Genetic Algorithm"]},{"damage_healed":0,"gold_gain":0,"player_choice":"Memory 2","damage_taken":5,"max_hp_gain":0,"max_hp_loss":0,"event_name":"SensoryStone","floor":48,"gold_loss":0}],"is_beta":false,"boss_relics":[{"not_picked":["Inserter","Replay:Bronze Core"],"picked":"Runic Pyramid"},{"not_picked":["Velvet Choker","Snecko Heart"],"picked":"Cursed Key"}],"items_purged_floors":[30,36,38,55],"is_endless":false,"potions_floor_spawned":[7,8,16,20,24,25,31,35],"ascension_level":10}}