{"host":"873t0y8ybyo38pfq","time":1610136516,"event":{"mods":["BaseMod","Bestiary","Colored Map","Colored Powertips","Highlight Path","Minty Spire (QoL Compilation)","Quick Restart","RNG Fix","Rare Cards Sparkle","Relic Stats","StSLib"],"gold_per_floor":[118,134,154,4,4,39,54,54,80,113,126,126,157,107,107,227,227,242,242,255,279,295,10,10,10],"floor_reached":24,"playtime":493,"items_purged":[],"score":293,"play_id":"c6934c24-3688-48dd-90b8-c7b5b2985ed8","local_time":"20210108150836","is_ascension_mode":false,"campfire_choices":[{"floor":12,"key":"REST"},{"data":"Defragment","floor":15,"key":"SMITH"}],"circlet_count":0,"master_deck":["Defend_B","Defend_B","Defend_B","Defend_B","Zap","Dualcast","Conserve Battery","Ball Lightning","White Noise","Defragment+1","Darkness","Multi-Cast","Doom and Gloom","Bite","Bite","Bite","Bite","Bite","Hologram","Capacitor","Chill","Self Repair"],"relics":["Cracked Core","NeowsBlessing","Chemical X","Golden Idol","Potion Belt","Orichalcum","Regal Pillow","Unceasing Top","SacredBark","OrangePellets"],"acts_visited":["Exordium","TheCity"],"potions_floor_usage":[13,16,18,22,22,24],"damage_taken":[{"damage":0,"enemies":"Small Slimes","floor":1,"turns":1},{"damage":0,"enemies":"Jaw Worm","floor":2,"turns":1},{"damage":0,"enemies":"Cultist","floor":3,"turns":1},{"damage":19,"enemies":"3 Sentries","floor":6,"turns":8},{"damage":3,"enemies":"3 Louse","floor":7,"turns":2},{"damage":18,"enemies":"Gremlin Nob","floor":10,"turns":4},{"damage":3,"enemies":"Looter","floor":11,"turns":3},{"damage":14,"enemies":"Lagavulin","floor":13,"turns":6},{"damage":0,"enemies":"Slime Boss","floor":16,"turns":5},{"damage":7,"enemies":"Shell Parasite","floor":18,"turns":5},{"damage":4,"enemies":"Chosen","floor":20,"turns":4},{"damage":28,"enemies":"Snake Plant","floor":21,"turns":4},{"damage":19,"enemies":"Centurion and Healer","floor":22,"turns":3},{"damage":13,"enemies":"Slavers","floor":24,"turns":2}],"seed_played":"1043164438047826564","potions_obtained":[{"floor":3,"key":"PowerPotion"},{"floor":10,"key":"Strength Potion"},{"floor":11,"key":"PowerPotion"},{"floor":16,"key":"SkillPotion"},{"floor":18,"key":"BlessingOfTheForge"}],"is_trial":false,"path_per_floor":["M","M","M","$","?","E","M","?","T","E","M","R","E","?","R","B",null,"M","?","M","M","M","$","E"],"character_chosen":"DEFECT","items_purchased":["Chemical X","Self Repair","OrangePellets","Block Potion"],"campfire_rested":1,"item_purchase_floors":[4,23,23,23],"current_hp_per_floor":[75,75,75,75,69,50,47,47,47,29,26,61,47,47,47,47,69,62,48,44,20,5,5,0,0],"gold":10,"neow_bonus":"THREE_ENEMY_KILL","is_daily":false,"chose_seed":false,"campfire_upgraded":1,"win_rate":0.0,"timestamp":1610136516,"path_taken":["M","M","M","$","?","E","M","?","T","E","M","R","E","?","R","BOSS","M","?","M","M","?","$","E"],"items_purchased_type":["Relic","Card","Relic","Potion"],"build_version":"2020-12-22","purchased_purges":0,"victory":false,"max_hp_per_floor":[75,75,75,75,69,69,69,69,69,69,69,69,69,69,69,69,69,69,48,48,48,48,48,48,48],"relic_stats":{"OrangePellets":[0],"Regal Pillow":15,"counters":[14,49],"Golden Idol":64,"Chemical X":[6],"Orichalcum":[90],"obtain_stats":[{"Potion Belt":6,"OrangePellets":23,"Regal Pillow":10,"NeowsBlessing":0,"Golden Idol":5,"SacredBark":17,"Chemical X":4,"Orichalcum":9,"Cracked Core":0,"Unceasing Top":13},{"Potion Belt":4,"OrangePellets":13,"Regal Pillow":6,"NeowsBlessing":0,"Golden Idol":3,"SacredBark":9,"Chemical X":3,"Orichalcum":5,"Cracked Core":0,"Unceasing Top":8},{"Potion Belt":11,"OrangePellets":47,"Regal Pillow":17,"NeowsBlessing":0,"Golden Idol":3,"SacredBark":31,"Chemical X":3,"Orichalcum":13,"Cracked Core":0,"Unceasing Top":26}],"Unceasing Top":[0]},"card_choices":[{"not_picked":["Beam Cell","Turbo"],"picked":"Conserve Battery","floor":1},{"not_picked":["Sweeping Beam","Hologram"],"picked":"Ball Lightning","floor":2},{"not_picked":["Force Field","Streamline","Stack"],"picked":"SKIP","floor":3},{"not_picked":["Double Energy","Turbo","Meteor Strike"],"picked":"SKIP","floor":6},{"not_picked":["Barrage","Sweeping Beam"],"picked":"White Noise","floor":7},{"not_picked":["Sweeping Beam","Fusion"],"picked":"Defragment","floor":10},{"not_picked":["Barrage","Beam Cell","Scrape"],"picked":"SKIP","floor":11},{"not_picked":["Hologram","Conserve Battery"],"picked":"Darkness","floor":13},{"not_picked":["Hyperbeam","Amplify"],"picked":"Multi-Cast","floor":16},{"not_picked":["Cold Snap+1","Skim+1"],"picked":"Doom and Gloom","floor":18},{"not_picked":["Gash","Blizzard+1"],"picked":"Hologram","floor":20},{"not_picked":["Aggregate","Go for the Eyes"],"picked":"Capacitor","floor":21},{"not_picked":["Rebound","Cold Snap"],"picked":"Chill","floor":22}],"player_experience":1560804,"relics_obtained":[{"floor":6,"key":"Potion Belt"},{"floor":9,"key":"Orichalcum"},{"floor":10,"key":"Regal Pillow"},{"floor":13,"key":"Unceasing Top"}],"event_choices":[{"damage_healed":0,"gold_gain":0,"player_choice":"Lose Max HP","damage_taken":0,"relics_obtained":["Golden Idol"],"max_hp_gain":0,"max_hp_loss":6,"event_name":"Golden Idol","floor":5,"gold_loss":0},{"damage_healed":0,"gold_gain":0,"player_choice":"Ignored","damage_taken":0,"max_hp_gain":0,"max_hp_loss":0,"event_name":"Liars Game","floor":8,"gold_loss":0},{"cards_removed":["Strike_B"],"damage_healed":0,"gold_gain":0,"player_choice":"Card Removal","damage_taken":0,"max_hp_gain":0,"max_hp_loss":0,"event_name":"The Cleric","floor":14,"gold_loss":50},{"damage_healed":0,"gold_gain":0,"player_choice":"Became a vampire","damage_taken":0,"max_hp_gain":0,"max_hp_loss":21,"event_name":"Vampires","floor":19,"gold_loss":0,"cards_obtained":["Bite","Bite","Bite","Bite","Bite"]}],"is_beta":false,"boss_relics":[{"not_picked":["Tiny House","Velvet Choker"],"picked":"SacredBark"}],"items_purged_floors":[],"is_endless":false,"potions_floor_spawned":[3,10,11,16,18],"killed_by":"Slavers","ascension_level":0}}