{"host":"92108ef2q9tm8rod","time":1610149734,"event":{"mods":["BaseMod","Defuse TimeMaze Blight","Minty Spire (QoL Compilation)","StSLib","The Jungle"],"gold_per_floor":[109,109,109,124,135,135,135,170,194,223,252,252,252,287,287,384,384,394,394,88,88,88,122,151,178,178,207,241,241,270,315,327,450,462,486,548,580,290,645,677,677,712,712,746,771,711,736,769,769,769],"floor_reached":51,"playtime":2968,"items_purged":["Quick Slash"],"score":1627,"play_id":"14f55809-707b-4f26-a03f-f414a8a28343","local_time":"20210108234854","daily_mods":["SealedDeck","Colorless Cards","Heirloom","Flight","Elite Swarm"],"is_ascension_mode":false,"campfire_choices":[{"data":"Madness","floor":6.0,"key":"SMITH"},{"data":"Madness","floor":7.0,"key":"SMITH"},{"data":"Footwork","floor":12.0,"key":"SMITH"},{"floor":15.0,"key":"REST"},{"data":"Deadly Poison","floor":29.0,"key":"SMITH"},{"data":"Bane","floor":32.0,"key":"SMITH"},{"data":"Noxious Fumes","floor":41.0,"key":"SMITH"},{"floor":49,"key":"DIG"}],"circlet_count":0,"master_deck":["Expertise+1","Madness+1","Bane+1","Deadly Poison+1","Footwork+1","Backflip","Finesse","Deadly Poison+1","Madness+1","Master of Strategy","Adrenaline","Noxious Fumes+1"],"relics":["Ring of the Snake","Shovel","Boot","Happy Flower","Ancient Tea Set","Prayer Wheel","Orichalcum","Black Star","The Specimen","theJungle:BirthdayCakeSlice","Snake Skull","The Courier","Turnip","Unceasing Top","Torii","Singing Bowl","Blue Candle","War Paint","Lizard Tail","Pocketwatch","MawBank","Tough Bandages","Bird Faced Urn","CeramicFish","WristBlade","Thread and Needle","Lee\u0027s Waffle","Omamori","Old Coin","Frozen Egg 2","Akabeko","Girya","StoneCalendar","White Beast Statue","Bronze Scales","Letter Opener","Pear","InkBottle","Oddly Smooth Stone","Shuriken","Bag of Marbles","Nunchaku","Anchor"],"acts_visited":["Exordium","Exordium","TheBeyond"],"potions_floor_usage":[50,50,50],"damage_taken":[{"damage":0.0,"enemies":"Jaw Worm","floor":1.0,"turns":3.0},{"damage":0.0,"enemies":"2 Louse","floor":4.0,"turns":2.0},{"damage":8.0,"enemies":"Small Slimes","floor":5.0,"turns":2.0},{"damage":0.0,"enemies":"Lagavulin","floor":8.0,"turns":3.0},{"damage":5.0,"enemies":"3 Sentries","floor":10.0,"turns":4.0},{"damage":0.0,"enemies":"Gremlin Nob","floor":11.0,"turns":2.0},{"damage":0.0,"enemies":"3 Sentries","floor":14.0,"turns":1.0},{"damage":0.0,"enemies":"Hexaghost","floor":16.0,"turns":4.0},{"damage":0.0,"enemies":"theJungle:Flameango_and_Byrd","floor":18.0,"turns":3.0},{"damage":0.0,"enemies":"theJungle:Cassacara","floor":23.0,"turns":3.0},{"damage":0.0,"enemies":"theJungle:2_Phrogs","floor":24.0,"turns":6.0},{"damage":0.0,"enemies":"theJungle:MamaSnecko","floor":25.0,"turns":3.0},{"damage":0.0,"enemies":"theJungle:Cassacara","floor":27.0,"turns":3.0},{"damage":0.0,"enemies":"theJungle:MamaSnecko","floor":28.0,"turns":2.0},{"damage":0.0,"enemies":"theJungle:2_Phrogs","floor":30.0,"turns":2.0},{"damage":0.0,"enemies":"theJungle:MamaSnecko","floor":31.0,"turns":3.0},{"damage":0.0,"enemies":"theJungle:TotemBoss","floor":33.0,"turns":3.0},{"damage":0.0,"enemies":"3 Shapes","floor":35.0,"turns":2.0},{"damage":0.0,"enemies":"Mind Bloom Boss Battle","floor":36.0,"turns":2.0},{"damage":0.0,"enemies":"3 Darklings","floor":37.0,"turns":2.0},{"damage":2.0,"enemies":"2 Orb Walkers","floor":39.0,"turns":3.0},{"damage":0.0,"enemies":"Giant Head","floor":40.0,"turns":4.0},{"damage":0.0,"enemies":"Nemesis","floor":42.0,"turns":3.0},{"damage":0,"enemies":"Reptomancer","floor":44,"turns":3},{"damage":0,"enemies":"Nemesis","floor":45,"turns":1},{"damage":0,"enemies":"Giant Head","floor":47,"turns":2},{"damage":0,"enemies":"Reptomancer","floor":48,"turns":2},{"damage":26,"enemies":"Time Eater","floor":50,"turns":4}],"seed_played":"7234362811744131048","potions_obtained":[{"floor":5.0,"key":"Ancient Potion"},{"floor":8.0,"key":"Weak Potion"},{"floor":10.0,"key":"Swift Potion"},{"floor":11.0,"key":"Regen Potion"},{"floor":25.0,"key":"LiquidMemories"},{"floor":27.0,"key":"DuplicationPotion"},{"floor":40.0,"key":"CultistPotion"}],"is_trial":true,"path_per_floor":["M","?","?","M","M","R","R","E","T","E","E","R","$","E","R","B",null,"M","?","$","?","$","E","E","E","T","E","E","R","E","E","R","B",null,"M","?","M","$","?","E","R","E","T","E","E","$","E","E","R","B",null],"character_chosen":"THE_SILENT","items_purchased":["The Specimen","Noxious Fumes","Lee\u0027s Waffle","Omamori"],"campfire_rested":1,"item_purchase_floors":[20,38,38,38],"current_hp_per_floor":[70,70,70,70,62,62,62,62,62,57,57,57,57,57,70,70,70,70,70,70,75,75,75,75,75,75,77,79,79,81,83,83,83,83,87,89,93,100,100,104,104,106,106,108,120,120,122,124,124,98],"gold":769,"neow_bonus":"","is_daily":false,"chose_seed":false,"campfire_upgraded":6,"win_rate":0.0,"timestamp":1610149734,"path_taken":["M","?","?","M","M","R","R","E","T","E","E","R","$","E","R","BOSS","M","?","$","?","?","E","E","E","T","E","E","R","E","E","R","BOSS","M","?","M","$","?","E","R","E","T","E","E","$","E","E","R","BOSS"],"items_purchased_type":["Relic","Card","Relic","Relic"],"build_version":"2020-12-22","purchased_purges":1,"victory":true,"max_hp_per_floor":[70,70,70,70,70,70,70,70,70,70,70,70,70,70,70,70,70,70,70,70,75,75,75,75,75,75,77,79,79,81,83,83,83,83,87,89,93,100,102,104,104,106,106,108,120,120,122,124,124,124],"card_choices":[{"not_picked":["Deadly Poison","Poisoned Stab","Dagger Spray"],"picked":"SKIP","floor":1.0},{"not_picked":["Endless Agony","PiercingWail","Sucker Punch"],"picked":"SKIP","floor":4.0},{"not_picked":["Footwork","Tools of the Trade","Cloak And Dagger"],"picked":"SKIP","floor":5.0},{"not_picked":["Wraith Form v2","Secret Technique","Chrysalis"],"picked":"SKIP","floor":8.0},{"not_picked":["Grand Finale","Glass Knife","Die Die Die"],"picked":"SKIP","floor":10.0},{"not_picked":["Grand Finale","Panache"],"picked":"Master of Strategy","floor":11.0},{"not_picked":["Doppelganger","Wraith Form v2","Apotheosis"],"picked":"SKIP","floor":14.0},{"not_picked":["Predator+1","Mind Blast","Backflip"],"picked":"SKIP","floor":18.0},{"not_picked":["Acrobatics","Quick Slash","Concentrate"],"picked":"SKIP","floor":18.0},{"not_picked":["Phantasmal Killer","Burst","Secret Technique"],"picked":"SKIP","floor":23.0},{"not_picked":["Doppelganger","Chrysalis","Unload"],"picked":"SKIP","floor":24.0},{"not_picked":["Phantasmal Killer","Thinking Ahead","Chrysalis"],"picked":"SKIP","floor":25.0},{"not_picked":["Phantasmal Killer","Secret Weapon","The Bomb"],"picked":"Singing Bowl","floor":27.0},{"not_picked":["Secret Technique","Storm of Steel","Violence"],"picked":"Singing Bowl","floor":28.0},{"not_picked":["Violence","Apotheosis","After Image"],"picked":"Singing Bowl","floor":30.0},{"not_picked":["HandOfGreed","Magnetism","Wraith Form v2"],"picked":"Singing Bowl","floor":31.0},{"not_picked":["Apotheosis","Glass Knife"],"picked":"Adrenaline","floor":33.0},{"not_picked":["Underhanded Strike","Flying Knee+1","Dark Shackles+1"],"picked":"Singing Bowl","floor":35.0},{"not_picked":["Dagger Spray+1","Discovery+1","Quick Slash+1"],"picked":"Singing Bowl","floor":35.0},{"not_picked":["Slice","Underhanded Strike","Dagger Throw+1"],"picked":"Singing Bowl","floor":36.0},{"not_picked":["Deflect","Cloak And Dagger+1","Dagger Spray+1"],"picked":"Singing Bowl","floor":37.0},{"not_picked":["Bane","Prepared","Discovery"],"picked":"Singing Bowl","floor":37.0},{"not_picked":["Deflect+1","Skewer","Bouncing Flask"],"picked":"Singing Bowl","floor":39.0},{"not_picked":["Grand Finale","Magnetism+1","Transmutation"],"picked":"Singing Bowl","floor":40.0},{"not_picked":["Secret Weapon","Chrysalis","Mayhem+1"],"picked":"Singing Bowl","floor":42.0},{"not_picked":["Storm of Steel","Panache+1","Malaise"],"picked":"Singing Bowl","floor":44},{"not_picked":["Adrenaline","Doppelganger","The Bomb"],"picked":"Singing Bowl","floor":45},{"not_picked":["A Thousand Cuts+1","Venomology","Glass Knife"],"picked":"Singing Bowl","floor":47},{"not_picked":["Grand Finale","Secret Weapon","Burst"],"picked":"Singing Bowl","floor":48}],"player_experience":3254843,"relics_obtained":[{"floor":8.0,"key":"Boot"},{"floor":9.0,"key":"Happy Flower"},{"floor":10.0,"key":"Ancient Tea Set"},{"floor":11.0,"key":"Prayer Wheel"},{"floor":14.0,"key":"Orichalcum"},{"floor":23.0,"key":"Snake Skull"},{"floor":23.0,"key":"The Courier"},{"floor":24.0,"key":"Turnip"},{"floor":24.0,"key":"Unceasing Top"},{"floor":25.0,"key":"Torii"},{"floor":26.0,"key":"Singing Bowl"},{"floor":27.0,"key":"Blue Candle"},{"floor":27.0,"key":"War Paint"},{"floor":28.0,"key":"Lizard Tail"},{"floor":28.0,"key":"Pocketwatch"},{"floor":30.0,"key":"MawBank"},{"floor":30.0,"key":"Tough Bandages"},{"floor":31.0,"key":"Bird Faced Urn"},{"floor":31.0,"key":"CeramicFish"},{"floor":36.0,"key":"Thread and Needle"},{"floor":39.0,"key":"Old Coin"},{"floor":40.0,"key":"Frozen Egg 2"},{"floor":40.0,"key":"Akabeko"},{"floor":42.0,"key":"Girya"},{"floor":42.0,"key":"StoneCalendar"},{"floor":43.0,"key":"White Beast Statue"},{"floor":44,"key":"Bronze Scales"},{"floor":44,"key":"Letter Opener"},{"floor":45,"key":"Pear"},{"floor":45,"key":"InkBottle"},{"floor":47,"key":"Oddly Smooth Stone"},{"floor":47,"key":"Shuriken"},{"floor":48,"key":"Bag of Marbles"},{"floor":48,"key":"Nunchaku"},{"floor":49,"key":"Anchor"}],"event_choices":[{"damage_healed":0.0,"max_hp_gain":0.0,"max_hp_loss":0.0,"gold_gain":0.0,"event_name":"Golden Wing","player_choice":"Ignored","floor":2.0,"gold_loss":0.0,"damage_taken":0.0},{"damage_healed":0.0,"max_hp_gain":0.0,"max_hp_loss":0.0,"gold_gain":0.0,"event_name":"Scrap Ooze","player_choice":"Fled","floor":3.0,"gold_loss":0.0,"damage_taken":0.0},{"damage_healed":0.0,"max_hp_gain":0.0,"max_hp_loss":0.0,"gold_gain":0.0,"event_name":"MindBloom","player_choice":"Fight","floor":36.0,"gold_loss":0.0,"damage_taken":0.0},{"damage_healed":0.0,"max_hp_gain":0.0,"max_hp_loss":0.0,"gold_gain":0.0,"event_name":"Mysterious Sphere","player_choice":"Fight","floor":39.0,"gold_loss":0.0,"damage_taken":0.0}],"is_beta":false,"boss_relics":[{"not_picked":["Fusion Hammer","Runic Dome"],"picked":"Black Star"},{"not_picked":["Tiny House","Runic Pyramid"],"picked":"WristBlade"}],"items_purged_floors":[46],"is_endless":false,"potions_floor_spawned":[5,8,10,11,25,27,30,31,33,35,40,44,45,47,48],"ascension_level":0}}