{"host":"36ls4ricihodphgx","time":1610143032,"event":{"mods":["AchievementEnabler","BaseMod","Colored Map","Downfall","Hermit","HololiveMod","Jorbs\u0027s Wanderer Trilogy","Koishi","Marisa????????","Minty Spire (QoL Compilation)","Replay The Spire","Shop Mod","StSLib","SuperFastMode","The Animator","The Bug Knight","The Cursed","The Hierophant","The Servant 0.9.4"],"gold_per_floor":[119,119,51,71,146,146,173,173,197,197,217,217,235,264,264,364,364,380,392,411,411,159,159,176,176,257,2,2,2,2,29,29,129,129,147,163,163,163,183,183,209,220,243,243,243,243,243],"floor_reached":46,"playtime":1390,"items_purged":["Strike_R"],"score":521,"play_id":"db1aba5f-ab70-4d1d-b5c8-d82b7e33698a","local_time":"20210108145712","is_ascension_mode":true,"campfire_choices":[{"data":"Double Tap","floor":6,"key":"SMITH"},{"floor":8,"key":"REST"},{"floor":10,"key":"REST"},{"data":"Immolate","floor":15,"key":"SMITH"},{"data":"True Grit","floor":23,"key":"SMITH"},{"floor":25,"key":"REST"},{"data":"Demon Form","floor":30,"key":"SMITH"},{"data":"Fire Breathing","floor":32,"key":"SMITH"},{"data":"Wild Strike","floor":40,"key":"SMITH"}],"circlet_count":0,"master_deck":["Strike_R","Strike_R","Strike_R","Defend_R","Defend_R","Defend_R","Defend_R","Bash","Double Tap+1","ReplayTheSpireMod:Strike From Hell","Evolve","Fire Breathing+1","Immolate+1","Reckless Charge","Shrug It Off","Demon Form+1","Wild Strike+1","Warcry+1","Wild Strike+1","True Grit+1","Second Wind","Reaper","Heavy Blade","Wraith","Reckless Charge+1"],"relics":["Burning Blood","Pet Ghost","Orichalcum","Pen Nib","ChewingGum","Medical Kit","Frozen Egg 2","Kunai","ReplayFunnel","White Beast Statue","Electric Blood","Replay:Baseball","Gambling Chip","Anchor"],"acts_visited":["Exordium","TheCity","TheBeyond"],"potions_floor_usage":[14,33,33,42,42],"damage_taken":[{"damage":10,"enemies":"2 Louse","floor":1,"turns":3},{"damage":11,"enemies":"Cultist","floor":4,"turns":4},{"damage":54,"enemies":"Gremlin Nob","floor":7,"turns":6},{"damage":6,"enemies":"Jaw Worm","floor":11,"turns":2},{"damage":10,"enemies":"2 Fungi Beasts","floor":13,"turns":3},{"damage":6,"enemies":"Lagavulin","floor":14,"turns":5},{"damage":40,"enemies":"Hexaghost","floor":16,"turns":8},{"damage":30,"enemies":"3 Byrds","floor":18,"turns":4},{"damage":8,"enemies":"Shell Parasite","floor":19,"turns":2},{"damage":16,"enemies":"Shelled Parasite and Fungi","floor":20,"turns":3},{"damage":12,"enemies":"Chosen and Byrds","floor":24,"turns":4},{"damage":10,"enemies":"Replay:Snechameleon","floor":31,"turns":5},{"damage":23,"enemies":"Collector","floor":33,"turns":5},{"damage":13,"enemies":"Orb Walker","floor":35,"turns":3},{"damage":9,"enemies":"3 Shapes","floor":36,"turns":2},{"damage":28,"enemies":"Spire Growth","floor":39,"turns":5},{"damage":31,"enemies":"Giant Head","floor":41,"turns":6},{"damage":48,"enemies":"Sphere and 2 Shapes","floor":42,"turns":4},{"damage":17,"enemies":"3 Darklings","floor":46,"turns":2}],"seed_played":"3443518252089883919","potions_obtained":[{"floor":4,"key":"GamblersBrew"},{"floor":7,"key":"HeartOfIron"},{"floor":13,"key":"Dexterity Potion"},{"floor":16,"key":"ElixirPotion"},{"floor":18,"key":"AttackPotion"},{"floor":19,"key":"Energy Potion"},{"floor":31,"key":"Adrenaline Potion"},{"floor":33,"key":"SpeedPotion"},{"floor":35,"key":"LiquidMemories"},{"floor":39,"key":"hexamod:EctoCoolerPotion"},{"floor":42,"key":"Swift Potion"}],"is_trial":false,"path_per_floor":["M","?","$","M","?","R","E","R","T","R","M","?","M","E","R","B",null,"M","M","M","?","$","R","M","R","T","$","?","$","R","E","R","B",null,"M","M","?","?","M","R","E","M","T","?","?","M"],"character_chosen":"IRONCLAD","items_purchased":["Evolve","Medical Kit","True Grit","Kunai"],"campfire_rested":3,"item_purchase_floors":[3,22,22,27],"current_hp_per_floor":[76,76,76,71,60,60,12,36,36,60,60,60,56,56,56,22,80,56,54,44,44,44,44,38,62,62,62,62,62,62,58,58,41,80,73,70,70,70,48,48,39,13,13,13,13,0,0],"gold":243,"neow_bonus":"THREE_RARE_CARDS","is_daily":false,"chose_seed":false,"campfire_upgraded":6,"win_rate":0.0,"timestamp":1610143032,"path_taken":["M","?","$","?","?","R","E","R","T","R","M","?","M","E","R","BOSS","M","?","M","?","$","R","?","R","T","$","?","$","R","E","R","BOSS","M","M","?","?","?","R","E","?","T","?","?","M"],"items_purchased_type":["Card","Relic","Card","Relic"],"build_version":"2020-12-22","purchased_purges":1,"victory":false,"max_hp_per_floor":[80,80,80,80,80,80,80,80,80,80,80,80,80,80,80,80,80,80,80,80,80,80,80,80,80,80,80,80,80,80,80,80,80,80,80,80,80,80,80,80,80,80,80,80,80,80,80],"card_choices":[{"not_picked":["Replay:Many Hands","Berserk"],"picked":"Double Tap","floor":0},{"not_picked":["ReplayTheSpireMod:Corrosion Curse","Headbutt"],"picked":"ReplayTheSpireMod:Strike From Hell","floor":1},{"not_picked":["ReplayTheSpireMod:Corrosion Curse","Body Slam"],"picked":"Fire Breathing","floor":4},{"not_picked":["Armaments","Pommel Strike"],"picked":"Immolate","floor":7},{"not_picked":["Havoc","Life Link","Disarm"],"picked":"SKIP","floor":11},{"not_picked":["Flame Barrier","Abandon"],"picked":"Shrug It Off","floor":13},{"not_picked":["Body Slam","Replay:Undeath\u0027s Touch","ReplayTheSpireMod:Strike From Hell"],"picked":"SKIP","floor":14},{"not_picked":["Barricade","Replay:Many Hands"],"picked":"Demon Form","floor":16},{"not_picked":["True Grit+1","Battle Trance"],"picked":"Wild Strike+1","floor":18},{"not_picked":["Burning Pact","Pommel Strike"],"picked":"Warcry+1","floor":19},{"not_picked":["Carnage+1","Cleave"],"picked":"Wild Strike","floor":20},{"not_picked":["Cleave","Dropkick+1","Pummel+1"],"picked":"SKIP","floor":24},{"not_picked":["ReplayReversal","Double Tap"],"picked":"Second Wind","floor":31},{"not_picked":["Eclipse","Offering"],"picked":"Reaper","floor":33},{"not_picked":["Sever Soul","Clash","Iron Wave"],"picked":"SKIP","floor":35},{"not_picked":["ReplayTheSpireMod:Muscle Training","Twin Strike+1"],"picked":"Heavy Blade","floor":36},{"not_picked":["True Grit+1","Clash","Flame Barrier"],"picked":"SKIP","floor":39},{"not_picked":["Thunderclap","Shrug It Off","Reaper"],"picked":"SKIP","floor":41},{"not_picked":["ReplayTheSpireMod:Strike From Hell+1","Abandon+1"],"picked":"Reckless Charge+1","floor":42}],"player_experience":61329,"relics_obtained":[{"floor":7,"key":"Pet Ghost"},{"floor":9,"key":"Orichalcum"},{"floor":14,"key":"Pen Nib"},{"floor":26,"key":"Frozen Egg 2"},{"floor":31,"key":"White Beast Statue"},{"floor":41,"key":"Gambling Chip"},{"floor":43,"key":"Anchor"}],"event_choices":[{"cards_removed":["Regret"],"damage_healed":0,"gold_gain":0,"player_choice":"Removed Curses","damage_taken":0,"max_hp_gain":0,"max_hp_loss":0,"event_name":"Fountain of Cleansing","floor":2,"gold_loss":0},{"damage_healed":0,"gold_gain":75,"player_choice":"Gather Gold","damage_taken":11,"max_hp_gain":0,"max_hp_loss":0,"event_name":"World of Goop","floor":5,"gold_loss":0},{"damage_healed":0,"gold_gain":0,"cards_transformed":["Strike_R"],"player_choice":"Transformed","damage_taken":0,"max_hp_gain":0,"max_hp_loss":0,"event_name":"Transmorgrifier","floor":12,"gold_loss":0,"cards_obtained":["Reckless Charge"]},{"damage_healed":0,"gold_gain":0,"player_choice":"Ignored","damage_taken":0,"max_hp_gain":0,"max_hp_loss":0,"event_name":"N\u0027loth","floor":21,"gold_loss":0},{"damage_healed":0,"gold_gain":0,"player_choice":"Opened","damage_taken":0,"relics_obtained":["ReplayFunnel"],"max_hp_gain":0,"max_hp_loss":0,"event_name":"The Mausoleum","floor":28,"gold_loss":0},{"damage_healed":0,"gold_gain":0,"player_choice":"Ignored","damage_taken":0,"max_hp_gain":0,"max_hp_loss":0,"event_name":"OrinTheCat","floor":37,"gold_loss":0},{"damage_healed":0,"gold_gain":0,"player_choice":"Gave Potion","damage_taken":0,"relics_obtained":["Replay:Baseball"],"max_hp_gain":0,"max_hp_loss":0,"event_name":"WeMeetAgain","floor":38,"gold_loss":0},{"damage_healed":0,"gold_gain":0,"player_choice":"Ignored","damage_taken":0,"max_hp_gain":0,"max_hp_loss":0,"event_name":"Mysterious Sphere","floor":44,"gold_loss":0}],"is_beta":false,"boss_relics":[{"not_picked":["Replay:Ancient Bell","Hololive_ChaosS"],"picked":"ChewingGum"},{"not_picked":["Calling Bell","Runic Pyramid"],"picked":"Electric Blood"}],"items_purged_floors":[22],"is_endless":false,"potions_floor_spawned":[4,7,13,16,18,19,20,31,33,35,36,39,41,42],"killed_by":"3 Darklings","ascension_level":2}}