{"host":"7sni158j623xchr2","time":1610133222,"event":{"mods":["BaseMod","Colored Map","Highlight Path","Minty Spire (QoL Compilation)","Permanent Neow","Potion Indicator Mod","Rare Cards Sparkle","Relic Sorter","Relic Stats","StSLib","everything is the same but u backflip on backflip"],"gold_per_floor":[114,125,125,141,222,222,249,267,267,267,279,279,279],"floor_reached":12,"playtime":327,"items_purged":[],"score":160,"play_id":"84d03223-53e0-4d55-87d3-1dfa8857d6a6","local_time":"20210108131342","is_ascension_mode":true,"campfire_choices":[{"data":"Neutralize","floor":6,"key":"SMITH"},{"data":"Backstab","floor":10,"key":"SMITH"}],"circlet_count":0,"master_deck":["AscendersBane","Strike_G","Strike_G","Strike_G","Strike_G","Strike_G","Defend_G","Defend_G","Defend_G","Defend_G","Defend_G","Survivor","Neutralize+1","Backstab+1","Slice","Noxious Fumes","Footwork","PiercingWail"],"relics":["Ring of the Snake","Gambling Chip","Letter Opener","Girya","Pantograph"],"acts_visited":["Exordium"],"potions_floor_usage":[],"damage_taken":[{"damage":1,"enemies":"Cultist","floor":1,"turns":5},{"damage":2,"enemies":"Jaw Worm","floor":2,"turns":4},{"damage":0,"enemies":"Small Slimes","floor":4,"turns":3},{"damage":52,"enemies":"Gremlin Nob","floor":7,"turns":5},{"damage":1,"enemies":"3 Louse","floor":8,"turns":4},{"damage":0,"enemies":"Large Slime","floor":11,"turns":6},{"damage":26,"enemies":"Lagavulin","floor":12,"turns":8}],"seed_played":"3556202431255437958","potions_obtained":[{"floor":1,"key":"FairyPotion"},{"floor":11,"key":"Dexterity Potion"}],"is_trial":false,"path_per_floor":["M","M","?","M","T","R","E","M","T","R","M","E"],"character_chosen":"THE_SILENT","items_purchased":[],"campfire_rested":0,"item_purchase_floors":[],"current_hp_per_floor":[43,41,46,46,46,46,21,20,20,20,20,0,0],"gold":279,"neow_bonus":"ONE_RARE_RELIC","is_daily":false,"chose_seed":false,"campfire_upgraded":2,"win_rate":0.0,"timestamp":1610133222,"path_taken":["M","?","?","M","?","R","E","M","T","R","M","E"],"items_purchased_type":[],"build_version":"2020-12-22","purchased_purges":0,"victory":false,"max_hp_per_floor":[66,66,71,71,71,71,71,71,71,71,71,71,71],"relic_stats":{"counters":[7,35],"Gambling Chip":[11],"Pantograph":0,"Letter Opener":[30],"obtain_stats":[{"Girya":7,"Gambling Chip":0,"Pantograph":9,"Letter Opener":5,"Ring of the Snake":0},{"Girya":4,"Gambling Chip":0,"Pantograph":5,"Letter Opener":3,"Ring of the Snake":0},{"Girya":17,"Gambling Chip":0,"Pantograph":21,"Letter Opener":12,"Ring of the Snake":0}],"Ring of the Snake":[14]},"card_choices":[{"not_picked":["Blade Dance","Reflex"],"picked":"Backstab","floor":1},{"not_picked":["Deflect","Acrobatics"],"picked":"Slice","floor":2},{"not_picked":["Underhanded Strike","Bane","Eviscerate"],"picked":"SKIP","floor":4},{"not_picked":["Flechettes","Wraith Form v2"],"picked":"Noxious Fumes","floor":7},{"not_picked":["Well Laid Plans","Acrobatics"],"picked":"Footwork","floor":8},{"not_picked":["Backflip","Deflect"],"picked":"PiercingWail","floor":11}],"player_experience":1606827,"relics_obtained":[{"floor":5,"key":"Letter Opener"},{"floor":7,"key":"Girya"},{"floor":9,"key":"Pantograph"}],"event_choices":[{"damage_healed":0,"gold_gain":0,"player_choice":"Donut","damage_taken":0,"max_hp_gain":5,"max_hp_loss":0,"event_name":"Big Fish","floor":3,"gold_loss":0}],"is_beta":false,"boss_relics":[],"items_purged_floors":[],"is_endless":false,"potions_floor_spawned":[1,11],"killed_by":"Lagavulin","ascension_level":20}}