{"host":"f5gffvlv6a66yqkd","time":1610065098,"event":{"mods":["2.2 Compatiblity","BaseMod","Colored Map","DeckTracker","Keyboard Shortcuts","Minty Spire (QoL Compilation)","Permanent Neow","Quick Restart","Relic Stats","StSLib","SuperFastMode"],"gold_per_floor":[20,20,20,38,58,58,97,97,97,172,172,186,186,210,210,305,305,326,339,339,23,37,37,37,37,90,115,142,142,157,182,182,280,307,331,331,97,137,137,137,173,173,173,205,38,52,97,110,110,110,110,110],"floor_reached":51,"playtime":1541,"items_purged":["Leap"],"score":1414,"play_id":"14026183-4a02-4d9f-a5dc-3a4e21ce7672","local_time":"20210108091818","is_ascension_mode":true,"campfire_choices":[{"floor":6.0,"key":"REST"},{"data":"Dualcast","floor":8.0,"key":"SMITH"},{"data":"Go for the Eyes","floor":13.0,"key":"SMITH"},{"data":"Reinforced Body","floor":15.0,"key":"SMITH"},{"floor":23.0,"key":"REST"},{"data":"Defragment","floor":29.0,"key":"SMITH"},{"data":"Skim","floor":32.0,"key":"SMITH"},{"data":"Seek","floor":40.0,"key":"SMITH"},{"data":"Fission","floor":42.0,"key":"SMITH"},{"floor":49.0,"key":"RECALL"}],"circlet_count":0,"master_deck":["AscendersBane","Zap+1","Dualcast+1","Reinforced Body+1","Turbo","Doom and Gloom","Skim+1","Core Surge","Steam Power","Glacier","White Noise","Compile Driver+1","Defragment+1","Capacitor","White Noise","White Noise","Fission+1","Redo+1","Lockon+1","Machine Learning+1","Skim","Seek+1","Double Energy","Double Energy+1","Skim","Storm","Ball Lightning","Storm"],"relics":["Cracked Core","Golden Idol","Thread and Needle","Pandora\u0027s Box","Enchiridion","Mummified Hand","CeramicFish","Astrolabe","Ginger","Strawberry","StrikeDummy","Mercury Hourglass"],"acts_visited":["Exordium","TheCity","TheBeyond"],"potions_floor_usage":[51],"damage_taken":[{"damage":1.0,"enemies":"Cultist","floor":1.0,"turns":3.0},{"damage":8.0,"enemies":"2 Louse","floor":4.0,"turns":2.0},{"damage":5.0,"enemies":"Small Slimes","floor":5.0,"turns":4.0},{"damage":11.0,"enemies":"Gremlin Nob","floor":7.0,"turns":3.0},{"damage":0.0,"enemies":"Looter","floor":12.0,"turns":2.0},{"damage":7.0,"enemies":"Large Slime","floor":14.0,"turns":6.0},{"damage":2.0,"enemies":"Hexaghost","floor":16.0,"turns":9.0},{"damage":0.0,"enemies":"Shell Parasite","floor":18.0,"turns":6.0},{"damage":2.0,"enemies":"3 Byrds","floor":19.0,"turns":5.0},{"damage":6.0,"enemies":"Centurion and Healer","floor":22.0,"turns":6.0},{"damage":20.0,"enemies":"Snake Plant","floor":27.0,"turns":3.0},{"damage":0.0,"enemies":"Cultist and Chosen","floor":28.0,"turns":5.0},{"damage":0.0,"enemies":"Sentry and Sphere","floor":30.0,"turns":4.0},{"damage":0.0,"enemies":"Snecko","floor":31.0,"turns":4.0},{"damage":15.0,"enemies":"Champ","floor":33.0,"turns":8.0},{"damage":0.0,"enemies":"3 Darklings","floor":35.0,"turns":3.0},{"damage":2.0,"enemies":"Mind Bloom Boss Battle","floor":38.0,"turns":3.0},{"damage":14.0,"enemies":"Reptomancer","floor":41.0,"turns":5.0},{"damage":0.0,"enemies":"Orb Walker","floor":44.0,"turns":2.0},{"damage":2.0,"enemies":"4 Shapes","floor":46.0,"turns":2.0},{"damage":0.0,"enemies":"Nemesis","floor":47.0,"turns":5.0},{"damage":0.0,"enemies":"Maw","floor":48.0,"turns":3.0},{"damage":34.0,"enemies":"Awakened One","floor":50.0,"turns":6.0},{"damage":20,"enemies":"Time Eater","floor":51,"turns":2}],"seed_played":"77425125585022342","potions_obtained":[{"floor":4.0,"key":"FearPotion"},{"floor":12.0,"key":"EssenceOfDarkness"},{"floor":14.0,"key":"ColorlessPotion"},{"floor":16.0,"key":"DistilledChaos"},{"floor":19.0,"key":"FearPotion"},{"floor":22.0,"key":"Fruit Juice"},{"floor":27.0,"key":"Dexterity Potion"},{"floor":35.0,"key":"AttackPotion"},{"floor":41.0,"key":"SpeedPotion"},{"floor":48.0,"key":"DistilledChaos"}],"is_trial":false,"path_per_floor":["M","?","?","M","M","R","E","R","T","?","?","M","R","M","R","B",null,"M","M","?","$","M","R","?","?","T","M","M","R","M","M","R","B",null,"M","?","$","?","?","R","E","R","T","M","$","M","E","M","R","B","B"],"character_chosen":"DEFECT","items_purchased":["Mummified Hand","Defragment","Seek","Skim","Storm","Ball Lightning"],"campfire_rested":2,"item_purchase_floors":[21,21,37,45,45,45],"current_hp_per_floor":[63,39,39,31,26,47,36,36,36,25,18,18,18,11,11,9,56,56,54,33,33,27,48,48,48,48,33,33,33,33,33,33,18,62,62,62,62,60,60,60,53,53,53,53,53,51,51,51,51,17,0,0],"gold":110,"neow_bonus":"REMOVE_TWO","is_daily":false,"chose_seed":false,"campfire_upgraded":7,"win_rate":0.0,"timestamp":1610065098,"path_taken":["M","?","?","M","?","R","E","R","T","?","?","M","R","M","R","BOSS","M","M","?","$","M","R","?","?","T","M","M","R","M","M","R","BOSS","M","?","$","?","?","R","E","R","T","M","?","M","E","M","R","BOSS","BOSS"],"items_purchased_type":["Relic","Card","Card","Card","Card","Card"],"build_version":"2020-12-22","purchased_purges":1,"victory":false,"max_hp_per_floor":[71,71,71,71,71,71,71,71,71,71,71,71,71,71,71,71,71,71,71,71,71,71,71,71,71,71,76,76,76,76,76,76,76,76,76,76,76,76,76,76,83,83,83,83,83,83,83,83,83,83,83,83],"relic_stats":{"counters":[24,100],"Golden Idol":137,"Mummified Hand":[103],"CeramicFish":135,"Astrolabe":["Redo","Lockon","Machine Learning"],"Pandora\u0027s Box":["Steam Power","Scrape","Glacier","Stack","Lockon"],"Ginger":[6],"obtain_stats":[{"Golden Idol":2,"Mummified Hand":21,"CeramicFish":26,"Astrolabe":34,"Strawberry":41,"Enchiridion":20,"Thread and Needle":7,"Pandora\u0027s Box":17,"Ginger":38,"Cracked Core":0,"StrikeDummy":43,"Mercury Hourglass":47},{"Golden Idol":1,"Mummified Hand":9,"CeramicFish":10,"Astrolabe":15,"Strawberry":18,"Enchiridion":9,"Thread and Needle":4,"Pandora\u0027s Box":7,"Ginger":17,"Cracked Core":0,"StrikeDummy":18,"Mercury Hourglass":21},{"Golden Idol":3,"Mummified Hand":40,"CeramicFish":46,"Astrolabe":70,"Strawberry":81,"Enchiridion":40,"Thread and Needle":12,"Pandora\u0027s Box":29,"Ginger":76,"Cracked Core":0,"StrikeDummy":81,"Mercury Hourglass":89}],"Mercury Hourglass":[45]},"card_choices":[{"not_picked":["Rebound","Gash"],"picked":"Reinforced Body","floor":1.0},{"not_picked":["Sweeping Beam","Tempest"],"picked":"Turbo","floor":4.0},{"not_picked":["Recycle","White Noise"],"picked":"Doom and Gloom","floor":5.0},{"not_picked":["Fusion","Sunder"],"picked":"Leap","floor":7.0},{"not_picked":["Reprogram","White Noise"],"picked":"Go for the Eyes","floor":12.0},{"not_picked":["Cold Snap","Melter"],"picked":"Skim","floor":14.0},{"not_picked":["Amplify","Creative AI"],"picked":"Core Surge","floor":16.0},{"not_picked":["Coolheaded","Rebound"],"picked":"White Noise","floor":18.0},{"not_picked":["Barrage","Blizzard"],"picked":"Compile Driver+1","floor":19.0},{"not_picked":["Steam","Hello World","Blizzard"],"picked":"SKIP","floor":22.0},{"not_picked":["Compile Driver","Fusion"],"picked":"Capacitor","floor":27.0},{"not_picked":["Conserve Battery","Leap+1"],"picked":"White Noise","floor":28.0},{"not_picked":["Steam","Turbo","Barrage"],"picked":"SKIP","floor":30.0},{"not_picked":["Turbo","All For One"],"picked":"White Noise","floor":31.0},{"not_picked":["Thunder Strike","Creative AI"],"picked":"Fission","floor":33.0},{"not_picked":["Ball Lightning","Reprogram+1"],"picked":"Skim","floor":35.0},{"not_picked":["Leap+1","Fusion"],"picked":"Double Energy","floor":38.0},{"not_picked":["Redo+1","Go for the Eyes","Steam Power+1"],"picked":"SKIP","floor":41.0},{"not_picked":["Redo+1","Go for the Eyes","Steam Power+1"],"picked":"SKIP","floor":41.0},{"not_picked":["Capacitor","Aggregate"],"picked":"Double Energy+1","floor":44.0},{"not_picked":["Gash+1","Redo+1","Self Repair"],"picked":"SKIP","floor":46.0},{"not_picked":["Seek","Go for the Eyes+1"],"picked":"Storm","floor":47.0},{"not_picked":["Steam","Rebound","Compile Driver"],"picked":"SKIP","floor":48.0},{"not_picked":["Steam","Rebound","Compile Driver"],"picked":"SKIP","floor":48.0}],"player_experience":1524892,"relics_obtained":[{"floor":7.0,"key":"Thread and Needle"},{"floor":20.0,"key":"Enchiridion"},{"floor":26.0,"key":"CeramicFish"},{"floor":38.0,"key":"Ginger"},{"floor":41.0,"key":"Strawberry"},{"floor":43.0,"key":"StrikeDummy"},{"floor":47.0,"key":"Mercury Hourglass"}],"event_choices":[{"damage_healed":0.0,"max_hp_gain":0.0,"max_hp_loss":0.0,"gold_gain":0.0,"event_name":"Golden Idol","player_choice":"Take Damage","floor":2.0,"gold_loss":0.0,"damage_taken":24.0,"relics_obtained":["Golden Idol"]},{"damage_healed":0.0,"max_hp_gain":0.0,"max_hp_loss":0.0,"gold_gain":0.0,"event_name":"Accursed Blacksmith","player_choice":"Forge","floor":3.0,"gold_loss":0.0,"damage_taken":0.0,"cards_upgraded":["Zap"]},{"damage_healed":0.0,"max_hp_gain":0.0,"max_hp_loss":0.0,"gold_gain":75.0,"event_name":"World of Goop","player_choice":"Gather Gold","floor":10.0,"gold_loss":0.0,"damage_taken":11.0},{"cards_removed":["Strike_B"],"damage_healed":0.0,"max_hp_gain":0.0,"max_hp_loss":0.0,"gold_gain":0.0,"event_name":"Golden Wing","player_choice":"Card Removal","floor":11.0,"gold_loss":0.0,"damage_taken":7.0},{"damage_healed":0.0,"max_hp_gain":0.0,"max_hp_loss":0.0,"gold_gain":0.0,"event_name":"Cursed Tome","player_choice":"Obtained Book","floor":20.0,"gold_loss":0.0,"damage_taken":21.0},{"damage_healed":0.0,"max_hp_gain":0.0,"max_hp_loss":0.0,"gold_gain":0.0,"event_name":"The Mausoleum","player_choice":"Ignored","floor":24.0,"gold_loss":0.0,"damage_taken":0.0},{"damage_healed":0.0,"max_hp_gain":0.0,"max_hp_loss":0.0,"gold_gain":0.0,"event_name":"Vampires","player_choice":"Ignored","floor":25.0,"gold_loss":0.0,"damage_taken":0.0},{"damage_healed":0.0,"max_hp_gain":0.0,"max_hp_loss":0.0,"gold_gain":0.0,"event_name":"Tomb of Lord Red Mask","player_choice":"Ignored","floor":36.0,"gold_loss":0.0,"damage_taken":0.0},{"damage_healed":0.0,"max_hp_gain":0.0,"max_hp_loss":0.0,"gold_gain":0.0,"event_name":"MindBloom","player_choice":"Fight","floor":38.0,"gold_loss":0.0,"damage_taken":0.0},{"cards_removed":["Go for the Eyes"],"damage_healed":0.0,"max_hp_gain":0.0,"max_hp_loss":0.0,"gold_gain":0.0,"event_name":"Falling","player_choice":"Removed Attack","floor":39.0,"gold_loss":0.0,"damage_taken":0.0}],"is_beta":false,"boss_relics":[{"not_picked":["Nuclear Battery","Runic Dome"],"picked":"Pandora\u0027s Box"},{"not_picked":["Runic Pyramid","Busted Crown"],"picked":"Astrolabe"}],"items_purged_floors":[37],"is_endless":false,"potions_floor_spawned":[4,12,14,16,19,22,27,28,35,41,47,48],"killed_by":"Time Eater","ascension_level":20}}