{"host":"ox77rn1xcurm2t5a","time":1610147378,"event":{"mods":["2.2 Compatiblity","AchievementEnabler","Act Like it!","Aspiration","BaseMod","Best Route Mod","Better Match","Better Note","Better Sensory Stone","Block Reminder","Colored Map","Colored Powertips","Conjunction","Conspire","Custom Start","Energized Spire","GifTheSpireLib","Gold Saver","Gremlin Skip","Halation","Highlight Path","Hubris","Infinite Spire","Minty Spire (QoL Compilation)","Pale of the Ancients","Quick Restart","Replay The Spire","Reworked Bosses","ShortenTheSpire","Spire Exporter","StSLib","Stuff the Spire","Wandering Minibosses","vexMod"],"gold_per_floor":[460,478,2425,2435,2435,2469,1906,1906,1906,1933,1171,1182,1194,1209,1209,1209,1209],"floor_reached":16,"playtime":433,"items_purged":["Cold Snap","Strike_B","Strike_B"],"score":185,"play_id":"ba5ab730-86c2-48b0-8565-fdb7ac83cdea","local_time":"20210109010938","is_ascension_mode":true,"campfire_choices":[{"data":"Zap","floor":8.0,"key":"SMITH"},{"floor":15,"key":"RECALL"}],"circlet_count":0,"master_deck":["AscendersBane","Strike_B","Strike_B","Defend_B","Defend_B","Defend_B","Defend_B","Zap+1","Dualcast","StuffTheSpire:Synthwave","Amplify+1","Loop","Barrage","Gash"],"relics":["Cracked Core","NeowsBlessing","vexMod:ScavengeHelm","Runic Capacitor","Letter Opener","Lantern","Oddly Smooth Stone","Bottled Lightning","hubris:AstralHammer","ReplayTheSpireMod:Shallot","Replay:Ringing Soul","vexMod:Spyglass"],"acts_visited":["Exordium"],"potions_floor_usage":[13],"damage_taken":[{"damage":0.0,"enemies":"Cultist","floor":1.0,"turns":1.0},{"damage":0.0,"enemies":"2 Louse","floor":2.0,"turns":1.0},{"damage":0.0,"enemies":"Jaw Worm","floor":4.0,"turns":1.0},{"damage":18.0,"enemies":"3 Sentries","floor":6.0,"turns":6.0},{"damage":26.0,"enemies":"Lagavulin","floor":10.0,"turns":6.0},{"damage":10,"enemies":"Blue Slaver","floor":12,"turns":3},{"damage":5,"enemies":"2 Fungi Beasts","floor":13,"turns":3},{"damage":0,"enemies":"Large Slime","floor":14,"turns":4},{"damage":37,"enemies":"Slime Boss","floor":16,"turns":3}],"seed_played":"-3571281476819570719","potions_obtained":[{"floor":4.0,"key":"BlessingOfTheForge"},{"floor":6.0,"key":"LiquidMemories"},{"floor":12,"key":"FocusPotion"},{"floor":14,"key":"SpeedPotion"}],"is_trial":false,"path_per_floor":["M","M","$","M","?","E","$","R","T","E","$","M","M","M","R","B"],"character_chosen":"DEFECT","items_purchased":["vexMod:ScavengeHelm","Runic Capacitor","Letter Opener","StuffTheSpire:Synthwave","Amplify+1","Adrenaline Potion","Oddly Smooth Stone","Loop","Bottled Lightning","ReplayTheSpireMod:Shallot","Replay:Ringing Soul","vexMod:Spyglass"],"campfire_rested":0,"item_purchase_floors":[3,3,3,3,3,3,7,7,7,11,11,11],"current_hp_per_floor":[68,68,68,68,68,50,50,50,50,24,24,17,15,15,15,0,0],"gold":1209,"neow_bonus":"THREE_ENEMY_KILL","is_daily":false,"chose_seed":false,"campfire_upgraded":1,"win_rate":0.0,"timestamp":1610147378,"path_taken":["M","?","$","?","?","E","?","R","T","E","$","M","?","M","R","BOSS"],"items_purchased_type":["Relic","Relic","Relic","Card","Card","Potion","Relic","Card","Relic","Relic","Relic","Relic"],"build_version":"2020-12-22","purchased_purges":3,"victory":false,"max_hp_per_floor":[75,75,75,75,75,75,75,75,75,75,75,78,81,81,81,81,81],"card_choices":[{"not_picked":["Beam Cell","Consume"],"picked":"Cold Snap","floor":1.0},{"not_picked":["Double Energy","Panic Button","StuffTheSpire:Plugnplay"],"picked":"SKIP","floor":2.0},{"not_picked":["Rebound","Turbo","BasicCrystalCard"],"picked":"SKIP","floor":4.0},{"not_picked":["Hologram","Conserve Battery","All For One"],"picked":"SKIP","floor":6.0},{"not_picked":["Turbo","Coolheaded","ReplayTheSpireMod:Fabricate Wheel"],"picked":"SKIP","floor":10.0},{"not_picked":["StuffTheSpire:Plugnplay","StuffTheSpire:LoadUp"],"picked":"Barrage","floor":12},{"not_picked":["ReplayTheSpireMod:Repulse","Conserve Battery"],"picked":"Gash","floor":13},{"not_picked":["Capacitor","Steam","Stack"],"picked":"SKIP","floor":14}],"player_experience":2973990,"relics_obtained":[{"floor":6.0,"key":"Lantern"},{"floor":10.0,"key":"hubris:AstralHammer"}],"event_choices":[],"is_beta":false,"boss_relics":[],"items_purged_floors":[3,7,11],"is_endless":false,"potions_floor_spawned":[4,6,12,14],"killed_by":"Slime Boss","ascension_level":13}}