{"host":"6jrd8fn9k88n08be","time":1610123491,"event":{"mods":["BaseMod","Minty Spire (QoL Compilation)","StSLib"],"gold_per_floor":[118,293,147,161,179,179,193,212,212,238,254,254,254,269,269,390,390,408,408,323,346,361,361,404,404,404,437,437,135,155,30,30,154,154,170,190,133,152,485,516,516,516,516,529,93,93,93],"floor_reached":46,"playtime":4339,"items_purged":["Doubt","Strike_P","Strike_P","Defend_P"],"score":566,"play_id":"02e23cca-3245-45c1-8adb-3daa87c84a5b","local_time":"20210108113131","is_ascension_mode":true,"campfire_choices":[{"data":"Eruption","floor":6.0,"key":"SMITH"},{"data":"Judgement","floor":13.0,"key":"SMITH"},{"data":"Protect","floor":15.0,"key":"SMITH"},{"data":"SignatureMove","floor":23.0,"key":"SMITH"},{"data":"Scrawl","floor":25.0,"key":"SMITH"},{"floor":28.0,"key":"REST"},{"floor":32.0,"key":"RECALL"},{"floor":42,"key":"REST"}],"circlet_count":0,"master_deck":["Defend_P","Defend_P","Eruption+1","Vigilance","SignatureMove+1","FollowUp","Pray","Protect+1","FlyingSleeves","Prostrate","Judgement+1","ClearTheMind","Prostrate","Scrawl+1","Pray","DeceiveReality","Halt","Prostrate+1","LikeWater","Meditate","Evaluate","Ragnarok","Study","ForeignInfluence+1","Perseverance"],"relics":["PureWater","Damaru","Empty Cage","Unceasing Top","Strawberry","Matryoshka","Bottled Flame","Busted Crown","Vajra","Shuriken","Frozen Egg 2","PreservedInsect","Kunai"],"acts_visited":["Exordium","TheCity","TheBeyond"],"potions_floor_usage":[38,40,46,46],"damage_taken":[{"damage":0.0,"enemies":"2 Louse","floor":1.0,"turns":1.0},{"damage":6.0,"enemies":"Jaw Worm","floor":4.0,"turns":3.0},{"damage":7.0,"enemies":"Small Slimes","floor":5.0,"turns":3.0},{"damage":5.0,"enemies":"Looter","floor":7.0,"turns":2.0},{"damage":0.0,"enemies":"Large Slime","floor":8.0,"turns":1.0},{"damage":17.0,"enemies":"3 Sentries","floor":10.0,"turns":5.0},{"damage":0.0,"enemies":"Exordium Wildlife","floor":11.0,"turns":2.0},{"damage":0.0,"enemies":"Gremlin Gang","floor":14.0,"turns":3.0},{"damage":40.0,"enemies":"Hexaghost","floor":16.0,"turns":11.0},{"damage":6.0,"enemies":"Shell Parasite","floor":18.0,"turns":3.0},{"damage":5.0,"enemies":"3 Byrds","floor":21.0,"turns":3.0},{"damage":8.0,"enemies":"Snake Plant","floor":22.0,"turns":2.0},{"damage":17.0,"enemies":"Book of Stabbing","floor":24.0,"turns":3.0},{"damage":15.0,"enemies":"Gremlin Leader","floor":27.0,"turns":5.0},{"damage":9.0,"enemies":"Cultist and Chosen","floor":30.0,"turns":6.0},{"damage":14.0,"enemies":"Automaton","floor":33.0,"turns":8.0},{"damage":1.0,"enemies":"3 Darklings","floor":35.0,"turns":6.0},{"damage":0,"enemies":"Orb Walker","floor":36,"turns":3},{"damage":9,"enemies":"Maw","floor":38,"turns":5},{"damage":83,"enemies":"Giant Head","floor":40,"turns":9},{"damage":4,"enemies":"4 Shapes","floor":44,"turns":6},{"damage":75,"enemies":"Nemesis","floor":46,"turns":11}],"seed_played":"883371043484572120","potions_obtained":[{"floor":5.0,"key":"Regen Potion"},{"floor":7.0,"key":"Block Potion"},{"floor":11.0,"key":"PowerPotion"},{"floor":14.0,"key":"FearPotion"},{"floor":24.0,"key":"SneckoOil"},{"floor":27.0,"key":"EssenceOfSteel"},{"floor":36,"key":"DistilledChaos"},{"floor":40,"key":"Block Potion"},{"floor":44,"key":"Regen Potion"}],"is_trial":false,"path_per_floor":["M","?","$","M","M","R","M","M","T","E","M","?","R","M","R","B",null,"M","?","?","M","M","R","E","R","T","E","R","$","M","$","R","B",null,"M","M","?","M","?","E","?","R","T","M","$","E"],"character_chosen":"WATCHER","items_purchased":["Pray","LikeWater","Meditate","FairyPotion","Kunai","Perseverance"],"campfire_rested":2,"item_purchase_floors":[3,29,29,29,45,45],"current_hp_per_floor":[72,72,72,66,59,59,54,54,54,37,37,37,37,37,37,9,67,61,61,61,56,48,48,38,38,38,23,45,45,36,36,36,22,74,73,73,73,64,64,10,10,32,32,28,28,0,0],"gold":93,"neow_bonus":"TRANSFORM_CARD","is_daily":false,"chose_seed":false,"campfire_upgraded":5,"win_rate":0.0,"timestamp":1610123491,"path_taken":["M","?","$","M","M","R","M","M","T","E","M","?","R","M","R","BOSS","M","?","?","M","M","R","E","R","T","E","R","$","M","$","R","BOSS","M","M","?","?","?","E","?","R","T","M","?","E"],"items_purchased_type":["Card","Card","Card","Potion","Relic","Card"],"build_version":"2020-12-22","purchased_purges":4,"victory":false,"max_hp_per_floor":[72,72,72,72,72,72,72,72,72,72,72,67,67,67,67,67,67,67,67,67,67,67,67,74,74,74,74,74,74,74,74,74,74,74,74,74,74,74,74,74,74,74,74,74,74,74,74],"card_choices":[{"not_picked":["EmptyFist","Prostrate"],"picked":"FollowUp","floor":1.0},{"not_picked":["Consecrate","CarveReality"],"picked":"Protect","floor":4.0},{"not_picked":["Halt","CarveReality"],"picked":"FlyingSleeves","floor":5.0},{"not_picked":["Tantrum","DeceiveReality"],"picked":"Prostrate","floor":7.0},{"not_picked":["Halt","CarveReality"],"picked":"Judgement","floor":8.0},{"not_picked":["FlyingSleeves","Judgement"],"picked":"ClearTheMind","floor":10.0},{"not_picked":["EmptyFist","CutThroughFate","ReachHeaven"],"picked":"SKIP","floor":11.0},{"not_picked":["FlurryOfBlows","TalkToTheHand"],"picked":"Prostrate","floor":14.0},{"not_picked":["ConjureBlade","LessonLearned"],"picked":"Scrawl","floor":16.0},{"not_picked":["BattleHymn","FlyingSleeves+1"],"picked":"Pray","floor":18.0},{"not_picked":["SashWhip","Prostrate+1"],"picked":"DeceiveReality","floor":21.0},{"not_picked":["Halt","TalkToTheHand","Prostrate+1"],"picked":"SKIP","floor":22.0},{"not_picked":["TalkToTheHand","Prostrate+1"],"picked":"Halt","floor":22.0},{"not_picked":["Adaptation","Wallop","Study"],"picked":"SKIP","floor":24.0},{"not_picked":["ThirdEye","Halt"],"picked":"Prostrate+1","floor":27.0},{"not_picked":["WreathOfFlame","FlyingSleeves+1"],"picked":"Evaluate","floor":30.0},{"not_picked":["Blasphemy","Vault"],"picked":"Ragnarok","floor":33.0},{"not_picked":["BowlingBash+1"],"picked":"SKIP","floor":35},{"not_picked":["FlyingSleeves+1"],"picked":"SKIP","floor":36},{"not_picked":[],"picked":"Study","floor":38},{"not_picked":[],"picked":"ForeignInfluence+1","floor":40},{"not_picked":["Nirvana+1"],"picked":"SKIP","floor":44}],"player_experience":42417,"relics_obtained":[{"floor":10.0,"key":"Damaru"},{"floor":24.0,"key":"Strawberry"},{"floor":26.0,"key":"Matryoshka"},{"floor":27.0,"key":"Bottled Flame"},{"floor":40,"key":"Shuriken"},{"floor":43,"key":"Frozen Egg 2"},{"floor":43,"key":"PreservedInsect"}],"event_choices":[{"damage_healed":0.0,"max_hp_gain":0.0,"max_hp_loss":0.0,"gold_gain":175.0,"event_name":"Liars Game","player_choice":"AGREE","floor":2.0,"gold_loss":0.0,"damage_taken":0.0,"cards_obtained":["Doubt"]},{"damage_healed":0.0,"max_hp_gain":0.0,"max_hp_loss":5.0,"gold_gain":0.0,"event_name":"Golden Idol","player_choice":"Lose Max HP","floor":12.0,"gold_loss":0.0,"damage_taken":0.0,"relics_obtained":["Golden Idol"]},{"damage_healed":0.0,"max_hp_gain":0.0,"max_hp_loss":0.0,"gold_gain":0.0,"event_name":"Vampires","player_choice":"Ignored","floor":19.0,"gold_loss":0.0,"damage_taken":0.0},{"damage_healed":0.0,"max_hp_gain":0.0,"max_hp_loss":0.0,"gold_gain":0.0,"event_name":"Addict","player_choice":"Obtained Relic","floor":20.0,"gold_loss":85.0,"damage_taken":0.0,"relics_obtained":["Unceasing Top"]},{"damage_healed":0,"gold_gain":0,"player_choice":"Paid Gold","damage_taken":0,"relics_obtained":["Vajra"],"max_hp_gain":0,"max_hp_loss":0,"event_name":"WeMeetAgain","floor":37,"gold_loss":57},{"damage_healed":0,"gold_gain":333,"player_choice":"Gave Idol","damage_taken":0,"max_hp_gain":0,"max_hp_loss":0,"event_name":"The Moai Head","floor":39,"relics_lost":["Golden Idol"],"gold_loss":0},{"damage_healed":0,"gold_gain":0,"player_choice":"Ignored","damage_taken":0,"max_hp_gain":0,"max_hp_loss":0,"event_name":"Tomb of Lord Red Mask","floor":41,"gold_loss":0}],"is_beta":false,"boss_relics":[{"not_picked":["HolyWater","Tiny House"],"picked":"Empty Cage"},{"not_picked":["Runic Pyramid","Fusion Hammer"],"picked":"Busted Crown"}],"items_purged_floors":[3,29,31,45],"is_endless":false,"potions_floor_spawned":[5,7,11,14,24,27,36,40,44],"killed_by":"Nemesis","ascension_level":1}}