{"host":"i09pxcjttd31eh4q","time":1610081329,"event":{"mods":["AchievementEnabler","BaseMod","Colored Map","Keyboard Shortcuts","Minty Spire (QoL Compilation)","StSLib","SuperFastMode"],"gold_per_floor":[110,35,45,45,65,65,65,96,96,115,126,51,68,68,68,68,68],"floor_reached":16,"playtime":323,"items_purged":["Pain"],"score":204,"play_id":"eb57eb38-aeb6-4544-aed6-a78e5730d0ba","local_time":"20210108134849","is_ascension_mode":true,"campfire_choices":[{"data":"Deadly Poison","floor":6,"key":"SMITH"},{"floor":15,"key":"REST"}],"circlet_count":0,"master_deck":["AscendersBane","Strike_G","Strike_G","Strike_G","Strike_G","Defend_G","Defend_G","Defend_G","Defend_G","Defend_G","Survivor","Neutralize","Deadly Poison+1","Backflip","Well Laid Plans","Die Die Die","Tactician","Dagger Throw"],"relics":["Ring of the Snake","NeowsBlessing","WarpedTongs","HornCleat","Calipers"],"acts_visited":["Exordium"],"potions_floor_usage":[16,16],"damage_taken":[{"damage":0,"enemies":"2 Louse","floor":1,"turns":1},{"damage":0,"enemies":"Jaw Worm","floor":3,"turns":1},{"damage":1,"enemies":"Cultist","floor":5,"turns":1},{"damage":50,"enemies":"3 Sentries","floor":8,"turns":13},{"damage":5,"enemies":"Red Slaver","floor":10,"turns":4},{"damage":2,"enemies":"Blue Slaver","floor":11,"turns":3},{"damage":0,"enemies":"Exordium Wildlife","floor":13,"turns":4},{"damage":11,"enemies":"Slime Boss","floor":16,"turns":7}],"seed_played":"-4385635185170193432","potions_obtained":[{"floor":3,"key":"Swift Potion"},{"floor":5,"key":"SneckoOil"}],"is_trial":false,"path_per_floor":["M","?","M","?","M","R","$","E","T","M","M","$","M","?","R","B"],"character_chosen":"THE_SILENT","items_purchased":[],"campfire_rested":1,"item_purchase_floors":[],"current_hp_per_floor":[59,59,59,59,58,58,58,8,8,3,1,1,1,1,20,9,9],"gold":68,"neow_bonus":"THREE_ENEMY_KILL","is_daily":false,"chose_seed":false,"campfire_upgraded":1,"win_rate":0.0,"timestamp":1610081329,"path_taken":["M","?","M","?","M","R","$","E","T","M","?","?","M","?","R","BOSS"],"items_purchased_type":[],"build_version":"2020-12-22","purchased_purges":1,"victory":false,"max_hp_per_floor":[66,66,66,66,66,66,66,66,66,66,66,66,66,66,66,66,66],"card_choices":[{"not_picked":["Cloak And Dagger","Flying Knee"],"picked":"Deadly Poison","floor":1},{"not_picked":["Choke","Skewer"],"picked":"Backflip","floor":3},{"not_picked":["Cloak And Dagger","Setup"],"picked":"Well Laid Plans","floor":5},{"not_picked":["Deadly Poison","Cloak And Dagger"],"picked":"Die Die Die","floor":8},{"not_picked":["Outmaneuver","Caltrops","Bane"],"picked":"SKIP","floor":10},{"not_picked":["Dagger Throw","Deadly Poison"],"picked":"Tactician","floor":11},{"not_picked":["Caltrops","PiercingWail"],"picked":"Dagger Throw","floor":13}],"player_experience":837008,"relics_obtained":[{"floor":8,"key":"HornCleat"},{"floor":9,"key":"Calipers"}],"event_choices":[{"cards_removed":["Strike_G"],"damage_healed":0,"gold_gain":0,"player_choice":"Card Removal","damage_taken":0,"max_hp_gain":0,"max_hp_loss":0,"event_name":"The Cleric","floor":2,"gold_loss":75},{"damage_healed":0,"gold_gain":0,"player_choice":"Rummage","damage_taken":0,"relics_obtained":["WarpedTongs"],"max_hp_gain":0,"max_hp_loss":0,"event_name":"Accursed Blacksmith","floor":4,"gold_loss":0,"cards_obtained":["Pain"]},{"damage_healed":0,"gold_gain":0,"player_choice":"Ignored","damage_taken":0,"max_hp_gain":0,"max_hp_loss":0,"event_name":"Shining Light","floor":14,"gold_loss":0}],"is_beta":false,"boss_relics":[],"items_purged_floors":[12],"is_endless":false,"potions_floor_spawned":[3,5,11,13],"killed_by":"Slime Boss","ascension_level":20}}