{"host":"bf9sa99gaumonoeu","time":1610067585,"event":{"mods":["AchievementEnabler","Act Like it!","BaseMod","Better Sensory Stone","Colored Map","Colored Powertips","Downfall","Friendly Minions","Gensokyo","GifTheSpireLib","Googly Eyes","Hallownest","Hermit","Hubris","Jorbs\u0027s Wanderer Trilogy","KinomotoSakuraMod(????)","Koishi","Lobotomy","Marisa????????","Minty Spire (QoL Compilation)","Rare Cards Sparkle","Reimu??????","Relic Stats","Remilia??????","Replay The Spire","StSLib","The Administrix","The Animator","The Blue Laboratory","The Bug Knight","The Construct","The Cursed","The Disciple","The Hierophant","The Mystic","The Necromancer","The Poker Player","The Runesmith","The Senshi","The Servant 0.9.4"],"gold_per_floor":[115,127,141,159,159,159,174,174,201,201,222,244,195,233,233,315,315,299,224,43,43,65,65,87,87,87,110,138,164,164,189,189,189,189],"floor_reached":33,"playtime":5731,"items_purged":["Strike_G"],"score":493,"play_id":"6b5d3dde-c98f-4555-98cc-752e219a83bf","local_time":"20210107225945","is_ascension_mode":true,"campfire_choices":[{"data":"Footwork","floor":6,"key":"SMITH"},{"floor":8,"key":"REST"},{"data":"Masterful Stab","floor":10,"key":"SMITH"},{"floor":15,"key":"REST"},{"data":"Hidden Blade","floor":23,"key":"SMITH"},{"data":"Crippling Poison","floor":25,"key":"SMITH"},{"floor":30,"key":"REST"},{"floor":32,"key":"REST"}],"circlet_count":0,"master_deck":["AscendersBane","Strike_G","Strike_G","Strike_G","Defend_G","Defend_G","Defend_G","Defend_G","Defend_G","Survivor","Neutralize","Distraction","Backflip","Footwork+1","Masterful Stab+1","Bane","Poisoned Stab","ReplayTheSpireMod:Speed Training","PiercingWail","Backstab","Die Die Die","Crippling Poison+1","Blade Dance","Hidden Blade+1","Outmaneuver+1","Predator","Noxious Fumes","Dagger Throw","Catalyst"],"relics":["Ring of the Snake","Regal Pillow","CeramicFish","StrikeDummy","Runesmith:UraniumAnvil","CultistMask","Replay:Arrowhead"],"acts_visited":["Exordium","TheCity"],"potions_floor_usage":[4,7,12,24,27,29],"damage_taken":[{"damage":7,"enemies":"Small Slimes","floor":1,"turns":3},{"damage":1,"enemies":"Cultist","floor":2,"turns":6},{"damage":2,"enemies":"2 Louse","floor":3,"turns":4},{"damage":13,"enemies":"Lots of Slimes","floor":4,"turns":5},{"damage":30,"enemies":"Gremlin Gang","floor":7,"turns":8},{"damage":0,"enemies":"2 Fungi Beasts","floor":11,"turns":2},{"damage":4,"enemies":"Large Slime","floor":12,"turns":6},{"damage":9,"enemies":"HollowMod:MossKnight","floor":14,"turns":15},{"damage":52,"enemies":"Slime Boss","floor":16,"turns":19},{"damage":11,"enemies":"2 Thieves","floor":18,"turns":4},{"damage":9,"enemies":"Chosen","floor":22,"turns":6},{"damage":1,"enemies":"Centurion and Healer","floor":24,"turns":5},{"damage":19,"enemies":"Snake Plant","floor":27,"turns":6},{"damage":0,"enemies":"Chosen and Byrds","floor":28,"turns":5},{"damage":4,"enemies":"Sentry and Sphere","floor":29,"turns":5},{"damage":20,"enemies":"Snecko","floor":31,"turns":5},{"damage":56,"enemies":"Automaton","floor":33,"turns":8}],"seed_played":"-5600466255322066605","potions_obtained":[{"floor":1,"key":"PowerPotion"},{"floor":3,"key":"BlessingOfTheForge"},{"floor":11,"key":"SteroidPotion"},{"floor":22,"key":"SkillPotion"},{"floor":24,"key":"Explosive Potion"}],"is_trial":false,"path_per_floor":["M","M","M","M","?","R","M","R","T","R","M","M","?","E","R","B",null,"M","?","$","?","M","R","M","R","T","M","M","M","R","M","R","B"],"character_chosen":"THE_SILENT","items_purchased":["Strength Potion","Blade Dance"],"campfire_rested":4,"item_purchase_floors":[20,20],"current_hp_per_floor":[52,51,49,36,36,36,6,40,40,40,40,36,36,27,61,9,52,41,41,41,41,32,32,31,31,31,12,12,8,42,22,56,0,0],"gold":189,"neow_bonus":"RANDOM_COMMON_RELIC","is_daily":false,"chose_seed":false,"campfire_upgraded":4,"win_rate":0.0,"timestamp":1610067585,"path_taken":["M","M","M","M","?","R","M","R","T","R","M","?","?","E","R","BOSS","M","?","$","?","M","R","M","R","T","M","M","M","R","M","R","BOSS"],"items_purchased_type":["Potion","Card"],"build_version":"2020-12-22","purchased_purges":1,"victory":false,"max_hp_per_floor":[66,66,66,66,66,66,66,66,66,66,66,66,66,66,66,66,66,66,66,66,66,66,66,66,66,66,66,66,66,66,66,66,66,66],"relic_stats":{"Regal Pillow":60,"counters":[17,112],"CeramicFish":108,"obtain_stats":[{"Regal Pillow":0,"CeramicFish":9,"Runesmith:UraniumAnvil":17,"CultistMask":21,"StrikeDummy":14,"Replay:Arrowhead":26,"Ring of the Snake":0},{"Regal Pillow":0,"CeramicFish":5,"Runesmith:UraniumAnvil":9,"CultistMask":10,"StrikeDummy":8,"Replay:Arrowhead":12,"Ring of the Snake":0},{"Regal Pillow":0,"CeramicFish":26,"Runesmith:UraniumAnvil":68,"CultistMask":72,"StrikeDummy":49,"Replay:Arrowhead":83,"Ring of the Snake":0}],"Ring of the Snake":[34]},"card_choices":[{"not_picked":["Catalyst","Hidden Blade"],"picked":"Distraction","floor":1},{"not_picked":["hubris:SlightOfHand","Blade Dance"],"picked":"Backflip","floor":2},{"not_picked":["Backflip","Catalyst"],"picked":"Footwork","floor":3},{"not_picked":["Dodge and Roll","ReplayTheSpireMod:Speed Training"],"picked":"Masterful Stab","floor":4},{"not_picked":["hubris:SlightOfHand","PiercingWail"],"picked":"Poisoned Stab","floor":7},{"not_picked":["Hidden Blade","Outmaneuver"],"picked":"ReplayTheSpireMod:Speed Training","floor":11},{"not_picked":["Slice","Prepared"],"picked":"PiercingWail","floor":12},{"not_picked":["Prepared","Dodge and Roll"],"picked":"Backstab","floor":14},{"not_picked":["Burst","Malaise"],"picked":"Die Die Die","floor":16},{"not_picked":["hubris:TrickCloak","Masterful Stab"],"picked":"Crippling Poison","floor":18},{"not_picked":["Backflip","Reflex"],"picked":"Hidden Blade","floor":22},{"not_picked":["Flying Knee","Eviscerate"],"picked":"Outmaneuver+1","floor":24},{"not_picked":["Prepared","Bane"],"picked":"Predator","floor":27},{"not_picked":["PiercingWail","Dagger Throw"],"picked":"Noxious Fumes","floor":28},{"not_picked":["Quick Slash","Doppelganger"],"picked":"Dagger Throw","floor":29},{"not_picked":["Slice","Dagger Throw"],"picked":"Catalyst","floor":31}],"player_experience":862054,"relics_obtained":[{"floor":9,"key":"CeramicFish"},{"floor":14,"key":"StrikeDummy"},{"floor":26,"key":"Replay:Arrowhead"}],"event_choices":[{"damage_healed":0,"gold_gain":0,"player_choice":"1 cards matched","damage_taken":0,"max_hp_gain":0,"max_hp_loss":0,"event_name":"Match and Keep!","floor":5,"gold_loss":0,"cards_obtained":["Bane"]},{"damage_healed":0,"gold_gain":0,"player_choice":"Left Gold","damage_taken":0,"max_hp_gain":0,"max_hp_loss":0,"event_name":"World of Goop","floor":13,"gold_loss":49},{"cards_removed":["Strike_G"],"damage_healed":0,"gold_gain":0,"player_choice":"Gave Gold","damage_taken":0,"max_hp_gain":0,"max_hp_loss":0,"event_name":"Beggar","floor":19,"gold_loss":75},{"damage_healed":0,"gold_gain":0,"player_choice":"Trade","damage_taken":0,"relics_obtained":["CultistMask"],"max_hp_gain":0,"max_hp_loss":0,"event_name":"FaceTrader","floor":21,"gold_loss":0}],"is_beta":false,"boss_relics":[{"not_picked":["ChewingGum","HoveringKite"],"picked":"Runesmith:UraniumAnvil"}],"items_purged_floors":[20],"is_endless":false,"potions_floor_spawned":[1,3,11,22,24],"killed_by":"Automaton","ascension_level":19}}