{"host":"jrabe6kr1404ya9q","time":1610135859,"event":{"mods":["BaseMod","Colored Map","Minty Spire (QoL Compilation)","StSLib"],"gold_per_floor":[117,128,128,146,146,146,58,88,88,88,99,99,132,148,148,219,219,233,245,280,280,73,73,73,73],"floor_reached":24,"playtime":8631,"items_purged":["Strike_R+1"],"score":408,"play_id":"74416eb4-94e1-4185-95e0-20f23f705887","local_time":"20210108135739","is_ascension_mode":true,"campfire_choices":[{"data":"Bash","floor":6.0,"key":"SMITH"},{"data":"Combust","floor":10.0,"key":"SMITH"},{"data":"True Grit","floor":12.0,"key":"SMITH"},{"floor":15.0,"key":"REST"},{"data":"Flame Barrier","floor":23.0,"key":"SMITH"}],"circlet_count":0,"master_deck":["AscendersBane","Strike_R+1","Strike_R+1","Strike_R+1","Strike_R+1","Defend_R+1","Defend_R+1","Defend_R+1","Defend_R+1","Bash+1","Twin Strike+1","Dark Embrace","Rampage","Combust+1","True Grit+1","Shockwave","Power Through","Barricade","Flame Barrier+1"],"relics":["Burning Blood","Torii","Pocketwatch","Smiling Mask","Philosopher\u0027s Stone","Red Mask","Strawberry"],"acts_visited":["Exordium","TheCity"],"potions_floor_usage":[24,24],"damage_taken":[{"damage":16.0,"enemies":"Small Slimes","floor":1.0,"turns":6.0},{"damage":6.0,"enemies":"Jaw Worm","floor":2.0,"turns":4.0},{"damage":7.0,"enemies":"Cultist","floor":4.0,"turns":4.0},{"damage":8.0,"enemies":"Gremlin Nob","floor":8.0,"turns":3.0},{"damage":1.0,"enemies":"2 Fungi Beasts","floor":11.0,"turns":3.0},{"damage":21.0,"enemies":"Lagavulin","floor":13.0,"turns":7.0},{"damage":8.0,"enemies":"3 Louse","floor":14.0,"turns":3.0},{"damage":28.0,"enemies":"Slime Boss","floor":16.0,"turns":6.0},{"damage":22.0,"enemies":"Spheric Guardian","floor":18.0,"turns":5.0},{"damage":12.0,"enemies":"2 Thieves","floor":19.0,"turns":4.0},{"damage":18.0,"enemies":"Masked Bandits","floor":20.0,"turns":4.0},{"damage":46,"enemies":"Gremlin Leader","floor":24,"turns":7}],"seed_played":"-8643961184019310715","potions_obtained":[{"floor":1.0,"key":"SteroidPotion"},{"floor":8.0,"key":"GamblersBrew"},{"floor":13.0,"key":"Strength Potion"},{"floor":16.0,"key":"Energy Potion"},{"floor":19.0,"key":"SpeedPotion"}],"is_trial":false,"path_per_floor":["M","M","?","M","?","R","$","E","T","R","M","R","E","M","R","B",null,"M","M","?","?","$","R","E"],"character_chosen":"IRONCLAD","items_purchased":["Combust","Strawberry"],"campfire_rested":1,"item_purchase_floors":[7,22],"current_hp_per_floor":[65,65,39,38,38,38,38,36,36,36,41,41,26,24,48,26,68,52,46,34,34,41,41,0,0],"gold":73,"neow_bonus":"TEN_PERCENT_HP_BONUS","is_daily":false,"chose_seed":false,"campfire_upgraded":4,"win_rate":0.0,"timestamp":1610135859,"path_taken":["M","M","?","M","?","R","$","E","T","R","?","R","E","M","R","BOSS","M","M","?","?","$","R","E"],"items_purchased_type":["Card","Relic"],"build_version":"2020-12-22","purchased_purges":1,"victory":false,"max_hp_per_floor":[82,82,82,82,82,82,82,82,82,82,82,82,82,82,82,82,82,82,82,82,82,89,89,89,89],"card_choices":[{"not_picked":["Sever Soul","Infernal Blade"],"picked":"Twin Strike","floor":1.0},{"not_picked":["Sentinel","Havoc"],"picked":"Dark Embrace","floor":2.0},{"not_picked":["Cleave","Power Through"],"picked":"Rampage","floor":4.0},{"not_picked":["Clothesline","Whirlwind"],"picked":"True Grit","floor":8.0},{"not_picked":["Dual Wield","Heavy Blade"],"picked":"Shockwave","floor":11.0},{"not_picked":["Whirlwind","Perfected Strike","Twin Strike"],"picked":"SKIP","floor":13.0},{"not_picked":["True Grit","Infernal Blade"],"picked":"Power Through","floor":14.0},{"not_picked":["Exhume","Immolate"],"picked":"Barricade","floor":16.0},{"not_picked":["Clothesline","Sword Boomerang"],"picked":"Flame Barrier","floor":18.0},{"not_picked":["Dark Embrace","Iron Wave","Thunderclap"],"picked":"SKIP","floor":19.0}],"player_experience":1247811,"relics_obtained":[{"floor":9.0,"key":"Pocketwatch"},{"floor":13.0,"key":"Smiling Mask"},{"floor":20.0,"key":"Red Mask"}],"event_choices":[{"damage_healed":0.0,"max_hp_gain":0.0,"max_hp_loss":0.0,"gold_gain":0.0,"event_name":"Scrap Ooze","player_choice":"Success","floor":3.0,"gold_loss":0.0,"damage_taken":26.0,"relics_obtained":["Torii"]},{"damage_healed":0.0,"max_hp_gain":0.0,"max_hp_loss":0.0,"gold_gain":0.0,"event_name":"Upgrade Shrine","player_choice":"Upgraded","floor":5.0,"gold_loss":0.0,"damage_taken":0.0,"cards_upgraded":["Twin Strike"]},{"damage_healed":0.0,"max_hp_gain":0.0,"max_hp_loss":0.0,"gold_gain":0.0,"event_name":"Masked Bandits","player_choice":"Fought Bandits","floor":20.0,"gold_loss":0.0,"damage_taken":0.0},{"damage_healed":0.0,"max_hp_gain":0.0,"max_hp_loss":0.0,"gold_gain":0.0,"event_name":"Back to Basics","player_choice":"Simplicity","floor":21.0,"gold_loss":0.0,"damage_taken":0.0,"cards_upgraded":["Strike_R","Strike_R","Strike_R","Strike_R","Strike_R","Defend_R","Defend_R","Defend_R","Defend_R"]}],"is_beta":false,"boss_relics":[{"not_picked":["SlaversCollar","Mark of Pain"],"picked":"Philosopher\u0027s Stone"}],"items_purged_floors":[22],"is_endless":false,"potions_floor_spawned":[1,8,13,16,19],"killed_by":"Gremlin Leader","ascension_level":20}}