{"host":"jvd5k9mqzerszifx","time":1610120059,"event":{"mods":["AchievementEnabler","Act Like it!","BaseMod","Conspire","Gensokyo","Hallownest","Lobotomy","Minty Spire (QoL Compilation)","MostiFishMod","Replay The Spire","Reworked Bosses","Spicy Shops","StSLib","The Factory","The Jungle","【功能Mod】聪明的最终Boss"],"gold_per_floor":[136,71,93,123,123,175,175,90,90,116,116,116,116,234,234,466,466,506,546,578,498,518,518,572,596,596,596,521,1071,1139,1139,1139,1371,1371,1423,1423,1501,1531,1531,1531,1603,1603,1603,1639,1639,2305,2305,2373,2373,2405,2405,2405,2405,2473,2505],"floor_reached":56,"playtime":2595,"items_purged":[],"score":3525,"play_id":"f43f8f5d-2cb5-47d8-992b-d1d81c27c43d","local_time":"20210108233419","is_ascension_mode":true,"campfire_choices":[{"data":"Cleave","floor":7.0,"key":"SMITH"},{"data":"Cleave","floor":7.0,"key":"SMITH"},{"data":"Shrug It Off","floor":7.0,"key":"SMITH"},{"data":"Shrug It Off","floor":7.0,"key":"SMITH"},{"data":"Flex","floor":7.0,"key":"SMITH"},{"data":"Juggernaut","floor":7.0,"key":"SMITH"},{"data":"Metallicize","floor":7.0,"key":"SMITH"},{"data":"Shockwave","floor":7.0,"key":"SMITH"},{"data":"Demon Form","floor":7.0,"key":"SMITH"},{"data":"Feed","floor":7.0,"key":"SMITH"},{"data":"Flame Barrier","floor":7.0,"key":"SMITH"},{"data":"Pommel Strike","floor":7.0,"key":"SMITH"},{"data":"Anger","floor":7.0,"key":"SMITH"},{"data":"Wild Strike","floor":7.0,"key":"SMITH"},{"data":"Sentinel","floor":7.0,"key":"SMITH"},{"floor":7.0,"key":"RECALL"},{"data":"Replay:Undeath\u0027s Touch","floor":15.0,"key":"SMITH"},{"data":"Hemokinesis","floor":15.0,"key":"SMITH"},{"floor":15.0,"key":"REST"},{"data":"MostiFishMod:UltimateDefense","floor":23.0,"key":"SMITH"},{"data":"Flex","floor":23.0,"key":"SMITH"},{"data":"Rage","floor":23.0,"key":"SMITH"},{"data":"Flex","floor":23.0,"key":"SMITH"},{"data":"Life Link","floor":23.0,"key":"SMITH"},{"data":"MostiFishMod:UltimateDefense+1","floor":23.0,"key":"SMITH"},{"data":"MostiFishMod:UltimateDefense+2","floor":23.0,"key":"SMITH"},{"data":"MostiFishMod:UltimateDefense+3","floor":23.0,"key":"SMITH"},{"data":"MostiFishMod:UltimateDefense+4","floor":23.0,"key":"SMITH"},{"data":"MostiFishMod:UltimateDefense+5","floor":23.0,"key":"SMITH"},{"data":"MostiFishMod:UltimateDefense+6","floor":23.0,"key":"SMITH"},{"data":"MostiFishMod:UltimateDefense+7","floor":23.0,"key":"SMITH"},{"data":"MostiFishMod:UltimateDefense+8","floor":23.0,"key":"SMITH"},{"data":"MostiFishMod:UltimateDefense+9","floor":23.0,"key":"SMITH"},{"data":"MostiFishMod:UltimateDefense+10","floor":23.0,"key":"SMITH"},{"data":"MostiFishMod:UltimateDefense+11","floor":23.0,"key":"SMITH"},{"data":"MostiFishMod:UltimateDefense+12","floor":23.0,"key":"SMITH"},{"data":"MostiFishMod:UltimateDefense+13","floor":23.0,"key":"SMITH"},{"floor":23.0,"key":"REST"},{"data":"MostiFishMod:UltimateDefense+14","floor":40.0,"key":"SMITH"},{"data":"MostiFishMod:UltimateDefense+15","floor":40.0,"key":"SMITH"},{"data":"Intimidate","floor":40.0,"key":"SMITH"},{"data":"Bloodletting","floor":40.0,"key":"SMITH"},{"data":"Pot Of Greed","floor":40.0,"key":"SMITH"},{"data":"Pot Of Greed","floor":40.0,"key":"SMITH"},{"data":"Pot Of Greed","floor":40.0,"key":"SMITH"},{"data":"Flex","floor":40.0,"key":"SMITH"},{"data":"Pot Of Greed","floor":40.0,"key":"SMITH"},{"data":"Rage","floor":40.0,"key":"SMITH"},{"data":"ReplayReversal","floor":40.0,"key":"SMITH"},{"data":"MostiFishMod:UltimateDefense+16","floor":40.0,"key":"SMITH"},{"data":"MostiFishMod:UltimateDefense+17","floor":40.0,"key":"SMITH"},{"data":"MostiFishMod:UltimateDefense+19","floor":49,"key":"SMITH"},{"data":"Flame Barrier","floor":49,"key":"SMITH"},{"data":"Pot Of Greed","floor":49,"key":"SMITH"},{"floor":49,"key":"DIG"},{"floor":52,"key":"DIG"}],"circlet_count":0,"master_deck":["AscendersBane","Cleave+1","Shrug It Off+1","Shrug It Off+1","Flex+1","Flex+1","Juggernaut+1","Shockwave+1","Demon Form+1","Feed+1","Flame Barrier+1","Pommel Strike+1","Wild Strike+1","Flex+1","Sentinel+1","Replay:Undeath\u0027s Touch+1","Hemokinesis+1","MostiFishMod:UltimateDefense+20","Flex+1","Rage+1","Flex+1","Life Link+1","Intimidate+1","Bloodletting+1","Pot Of Greed+1","Pot Of Greed+1","Pot Of Greed+1","Flex+1","Jack Of All Trades+1","Flex+1","Bite+1","Bite+1","Bite+1","Bite+1","Bite+1","Pot Of Greed+1","Rage+1","ReplayReversal+1","Body Slam+1","MostiFishMod:HellRitual+1","Pommel Strike+1","Body Slam+1","Sadistic Nature+1","Swift Strike+1","Massacre+1","Flame Barrier+1","Pot Of Greed+1","MostiFishMod:404NotFound+1","Offering+1","Bloodletting+1","MostiFishMod:404NotFound+1"],"relics":["Burning Blood","Peace Pipe","Ginger","Turnip","Unceasing Top","Omamori","Ice Cream","The Courier","Medical Kit","WingedGreaves","DaveBox","DianDianMeat","SynthV:TestCard","SynthV","Replay:Bottled Snecko","ReplayTheSpireMod:Ring of Challenge","HornCleat","DiscerningMonocle","BionicSphere","Onion Ring","Eternal Feather","ChiLing","Chi","Ling","Tiny Chest","Replay:PocketPolymizer","Paper Frog","Lantern","Grinning Jar","conspire:TreasureMap","Kunai","Mummified Hand","Replay:Multitool","Bag of Preparation","MealTicket","Replay:WaspNest","Civilization","Juzu Bracelet","ReplayTheSpireMod:Lightbulb","PreservedInsect","King of Hearts","Molten Egg 2","White Beast Statue","Golden Egg","Blue Candle","Mercury Hourglass","Akabeko","Toy Ornithopter","Thread and Needle","conspire:Dentures","ReplayFunnel","Durian","Replay:Rubber Ducky","Strawberry","conspire:Boomerang","Replay:Baseball","Ancient Tea Set","Pear","Vajra","conspire:DecoderRing","SynthV:C4","StrikeDummy","conspire:TopHat","Orichalcum","Replay:Bandana","Singing Bowl","Garlic","conspire:BottledYoYo","ReplayTheSpireMod:TigerMarble","Iron Hammer","Ornamental Fan","Bag of Marbles","ShadowXiaoBlade","Replay:Towering Pillar of Hats","Pet Ghost","Boot","Replay:Wax Seal","Dream Catcher","Self Forming Clay","Lizard Tail","ReplayTheSpireMod:Spearhead","Charon\u0027s Ashes","Anchor","InkBottle","ReplayTheSpireMod:Ninjato","Question Card","Replay:Bottled Eggs","ImprovedEquipment","FossilizedHelix","ReplayTheSpireMod:Shallot","Quantum Egg","Shuriken","Replay:Accelerometer","Oddly Smooth Stone","Pantograph","conspire:DeflatedDodgeball","Letter Opener","Mirror","Replay:Ringing Soul","conspire:GiftBox","Divine Protection","Magic Flower","Bottled Flame","StoneCalendar","Torii","Replay:Kaleidoscope","ArrowTower","Sundial","Du-Vu Doll","Incense Burner"],"acts_visited":["Gensokyo:Gensokyo","TheCity","theFactory:Factory","TheEnding"],"potions_floor_usage":[],"damage_taken":[{"damage":0.0,"enemies":"Gensokyo:3_Fairies","floor":1.0,"turns":2.0},{"damage":0.0,"enemies":"Gensokyo:Python","floor":3.0,"turns":3.0},{"damage":0.0,"enemies":"Gensokyo:2_Kodama","floor":4.0,"turns":3.0},{"damage":0.0,"enemies":"Gensokyo:Mamizou","floor":6.0,"turns":5.0},{"damage":0.0,"enemies":"Gensokyo:LivingMonolith","floor":10.0,"turns":1.0},{"damage":29.0,"enemies":"Gensokyo:Aya","floor":14.0,"turns":6.0},{"damage":26.0,"enemies":"Gensokyo:Kokoro","floor":16.0,"turns":6.0},{"damage":16.0,"enemies":"Chosen","floor":18.0,"turns":4.0},{"damage":50.0,"enemies":"3 Byrds","floor":19.0,"turns":6.0},{"damage":0.0,"enemies":"Centurion and Healer","floor":20.0,"turns":3.0},{"damage":4.0,"enemies":"conspire:HollyBat","floor":22.0,"turns":7.0},{"damage":2.0,"enemies":"Gremlin Leader","floor":24.0,"turns":5.0},{"damage":2.0,"enemies":"Snake Plant","floor":25.0,"turns":3.0},{"damage":1.0,"enemies":"Book of Stabbing","floor":30.0,"turns":1.0},{"damage":6.0,"enemies":"Pondfish","floor":33.0,"turns":4.0},{"damage":3.0,"enemies":"theFactory:2_Experiment_Personnel","floor":35.0,"turns":2.0},{"damage":2.0,"enemies":"conspire:MimicChest","floor":37.0,"turns":2.0},{"damage":0.0,"enemies":"theFactory:BigBot","floor":38.0,"turns":1.0},{"damage":5.0,"enemies":"theFactory:SmogElemental","floor":41.0,"turns":1.0},{"damage":0.0,"enemies":"theFactory:Orbs_and_Orb_Walker","floor":44.0,"turns":2.0},{"damage":0,"enemies":"theFactory:Manservantes","floor":48,"turns":1},{"damage":3,"enemies":"theFactory:SPIDER","floor":50,"turns":3},{"damage":0,"enemies":"Shield and Spear","floor":54,"turns":1},{"damage":0,"enemies":"The Heart","floor":55,"turns":1}],"seed_played":"-5582726549228017721","potions_obtained":[{"floor":3.0,"key":"Ancient Potion"},{"floor":6.0,"key":"FearPotion"},{"floor":22.0,"key":"ColorlessPotion"},{"floor":25.0,"key":"Reflective Coating"}],"is_trial":false,"path_per_floor":["M","$","M","M","?","E","R","COS","T","M","?","?","T","E","R","B",null,"M","M","M","?","M","R","E","M","T","$","?","?","E","?","R","B",null,"M","T","?","M","?","R","E","?","T","M","T","?","$","E","R","B",null,"R","$","E","B",null],"character_chosen":"IRONCLAD","items_purchased":["SynthV","ChiLing","Tiny Chest","Replay:PocketPolymizer","Paper Frog","Lantern","Intimidate","Bloodletting","Grinning Jar","conspire:TreasureMap","Flex","Kunai","Mummified Hand","Replay:Multitool","Bag of Preparation","MealTicket","Replay:WaspNest","Civilization","Juzu Bracelet","ReplayTheSpireMod:Lightbulb","PreservedInsect","King of Hearts","Molten Egg 2","White Beast Statue","Golden Egg","Blue Candle","Mercury Hourglass","Akabeko","Toy Ornithopter","Thread and Needle","conspire:Dentures","ReplayFunnel","Durian","Replay:Rubber Ducky","Strawberry","conspire:Boomerang","Replay:Baseball","Ancient Tea Set","Pear","Vajra","conspire:DecoderRing","SynthV:C4","StrikeDummy","conspire:TopHat","Orichalcum","Replay:Bandana","Singing Bowl","Garlic","Jack Of All Trades","conspire:BottledYoYo","ReplayTheSpireMod:TigerMarble","Iron Hammer","Ornamental Fan","Lizard Tail","ReplayTheSpireMod:Spearhead","Charon\u0027s Ashes","Anchor","InkBottle","ReplayTheSpireMod:Ninjato","Question Card","Replay:Bottled Eggs","ImprovedEquipment","FossilizedHelix","ReplayTheSpireMod:Shallot","Quantum Egg","Sadistic Nature","Swift Strike+1","Shuriken","Replay:Accelerometer","Letter Opener","Mirror","Replay:Ringing Soul","conspire:GiftBox","Divine Protection","Magic Flower","Bottled Flame","StoneCalendar","Torii","Replay:Kaleidoscope","ArrowTower","Sundial","Du-Vu Doll","Bloodletting"],"campfire_rested":2,"item_purchase_floors":[2,27,27,27,27,27,27,27,27,27,27,27,27,27,27,27,27,27,27,27,27,27,27,27,27,27,27,27,27,27,27,27,27,27,27,27,27,27,27,27,27,27,27,27,27,27,27,27,27,27,27,27,27,47,47,47,47,47,47,47,47,47,47,47,47,47,47,47,47,53,53,53,53,53,53,53,53,53,53,53,53,53,53],"current_hp_per_floor":[75,75,78,84,88,93,93,99,99,106,106,106,106,91,114,103,118,124,93,113,113,130,173,187,202,202,357,357,357,381,381,570,611,611,656,656,699,744,744,779,827,818,818,879,879,869,956,1012,1095,1112,1112,1155,1247,1315,1335],"gold":2505,"neow_bonus":"UPGRADE_CARD","is_daily":false,"chose_seed":false,"campfire_upgraded":51,"win_rate":0.0,"timestamp":1610120059,"path_taken":["M","?","M","M","?","E","R","COS","T","M","?","?","?","E","R","BOSS","M","M","M","?","M","R","E","M","T","$","?","?","E","?","R","BOSS","M","?","?","M","?","R","E","?","T","M","?","?","$","E","R","BOSS","R","$","E","BOSS"],"items_purchased_type":["Relic","Relic","Relic","Relic","Relic","Card","Card","Card","Relic","Relic","Card","Relic","Relic","Relic","Relic","Relic","Relic","Relic","Relic","Relic","Relic","Relic","Relic","Relic","Relic","Relic","Relic","Relic","Relic","Relic","Relic","Relic","Relic","Relic","Relic","Relic","Relic","Relic","Relic","Relic","Relic","Relic","Relic","Relic","Relic","Relic","Relic","Relic","Card","Relic","Relic","Relic","Relic","Relic","Relic","Relic","Relic","Relic","Relic","Relic","Relic","Relic","Relic","Relic","Relic","Card","Card","Relic","Relic","Relic","Relic","Relic","Relic","Relic","Relic","Relic","Relic","Relic","Relic","Relic","Relic","Relic","Card"],"build_version":"2020-12-22","purchased_purges":0,"victory":true,"max_hp_per_floor":[76,76,78,84,88,93,93,99,99,106,106,106,106,114,114,123,123,137,148,160,160,173,173,187,202,202,357,357,357,381,381,570,611,611,656,656,699,744,744,779,827,827,827,879,879,879,956,1012,1095,1112,1112,1155,1247,1315,1335],"card_choices":[{"not_picked":["Infernal Blade","Sentinel"],"picked":"Pommel Strike","floor":1.0},{"not_picked":["ReplayTheSpireMod:Corrosion Curse","Cleave","Blood for Blood","Run Through"],"picked":"Anger","floor":3.0},{"not_picked":["Armaments","ReplayTheSpireMod:LeadingStrike","Sword Boomerang","Body Slam"],"picked":"Wild Strike","floor":4.0},{"not_picked":["Wild Strike","Anger","Infernal Blade","Reaper"],"picked":"Sentinel","floor":6.0},{"not_picked":["Warcry","Cleave","Iron Wave","Sword Boomerang"],"picked":"Replay:Undeath\u0027s Touch","floor":10.0},{"not_picked":["Run Through","Clash","Anger","Sentinel"],"picked":"Hemokinesis","floor":14.0},{"not_picked":["MostiFishMod:PerfectStrikeMKII","Reaper","MostiFishMod:FlyOverUtopia","MostiFishMod:404NotFound"],"picked":"MostiFishMod:UltimateDefense","floor":16.0},{"not_picked":["Burning Pact","Havoc","Entrench","Body Slam+1"],"picked":"Flex","floor":18.0},{"not_picked":["Run Through","Perfected Strike","True Grit+1","Iron Wave"],"picked":"Rage","floor":19.0},{"not_picked":["Perfected Strike","ReplayTheSpireMod:Strike From Hell","ReplayTheSpireMod:Stacked","Clothesline"],"picked":"Flex","floor":20.0},{"not_picked":["Evolve","Clothesline","MostiFishMod:BrandingRite","Cleave"],"picked":"Life Link","floor":22.0},{"not_picked":["Clash+1","Reckless Charge","MostiFishMod:BrandingRite","Armaments+1"],"picked":"Spot Weakness","floor":24.0},{"not_picked":["Iron Wave","True Grit","Power Through","Body Slam+1"],"picked":"MostiFishMod:Chiaki","floor":25.0},{"not_picked":["Anger+1","ReplayTheSpireMod:Muscle Training","Heavy Blade+1","Combust"],"picked":"Flex+1","floor":30.0},{"not_picked":["MostiFishMod:FireWorks","Corruption","Barricade","Brutality"],"picked":"conspire:HitWhereItHurts+1","floor":33.0},{"not_picked":["Sword Boomerang+1","Run Through+1","ReplayTheSpireMod:Corrosion Curse+1","Perfected Strike+1"],"picked":"Rage","floor":35.0},{"not_picked":["Wild Strike+1","Warcry","Perfected Strike+1","MostiFishMod:BrandingRite"],"picked":"ReplayReversal","floor":37.0},{"not_picked":["Cleave+1","Perfected Strike+1","Bloodletting+1","Warcry+1"],"picked":"Body Slam+1","floor":38.0},{"not_picked":["Dropkick+1","MostiFishMod:PerfectStrikeMKII+1","conspire:ExplosiveBarrier","Shrug It Off"],"picked":"Pommel Strike+1","floor":41.0},{"not_picked":["Carnage+1","Clothesline+1","Life Link","Battle Trance"],"picked":"Body Slam+1","floor":44.0},{"not_picked":["Defy Death+1","Flame Barrier+1","Pummel+1","Wild Strike+1","ReplayTheSpireMod:Limb From Limb+1"],"picked":"Massacre+1","floor":48},{"not_picked":["Limit Break","MostiFishMod:RacingGame","MostiFishMod:DarkDeal"],"picked":"Offering","floor":53},{"not_picked":["Heavy Blade+1","Massacre+1","Combust","Defy Death+1","Carnage+1"],"picked":"MostiFishMod:404NotFound+1","floor":54}],"player_experience":176903,"relics_obtained":[{"floor":1.0,"key":"SynthV:TestCard"},{"floor":6.0,"key":"Replay:Bottled Snecko"},{"floor":12.0,"key":"ReplayTheSpireMod:Ring of Challenge"},{"floor":13.0,"key":"HornCleat"},{"floor":14.0,"key":"Blood Vial"},{"floor":24.0,"key":"Onion Ring"},{"floor":26.0,"key":"Eternal Feather"},{"floor":30.0,"key":"Bag of Marbles"},{"floor":36.0,"key":"Replay:Towering Pillar of Hats"},{"floor":37.0,"key":"Pet Ghost"},{"floor":41.0,"key":"Boot"},{"floor":43.0,"key":"Dream Catcher"},{"floor":45.0,"key":"Self Forming Clay"},{"floor":48,"key":"Oddly Smooth Stone"},{"floor":49,"key":"Pantograph"},{"floor":52,"key":"conspire:DeflatedDodgeball"},{"floor":54,"key":"Incense Burner"}],"event_choices":[{"cards_removed":["Spot Weakness"],"damage_healed":0.0,"max_hp_gain":0.0,"max_hp_loss":0.0,"gold_gain":0.0,"event_name":"Beggar","player_choice":"Gave Gold","floor":28.0,"gold_loss":75.0,"damage_taken":0.0},{"damage_healed":0.0,"max_hp_gain":0.0,"max_hp_loss":0.0,"gold_gain":275.0,"event_name":"Golden Shrine","player_choice":"Desecrate","floor":29.0,"gold_loss":0.0,"damage_taken":0.0,"cards_obtained":["Regret"]},{"damage_healed":0.0,"max_hp_gain":0.0,"max_hp_loss":0.0,"gold_gain":0.0,"event_name":"Ghosts","player_choice":"Ignored","floor":31.0,"gold_loss":0.0,"damage_taken":0.0},{"damage_healed":0.0,"max_hp_gain":0.0,"max_hp_loss":0.0,"gold_gain":0.0,"event_name":"Vampires","player_choice":"Became a vampire (Vial)","floor":32.0,"relics_lost":["Blood Vial"],"gold_loss":0.0,"damage_taken":0.0,"cards_obtained":["Bite","Bite","Bite","Bite","Bite"]},{"damage_healed":0.0,"max_hp_gain":0.0,"max_hp_loss":0.0,"gold_gain":0.0,"event_name":"Match and Keep!","player_choice":"2 cards matched","floor":39.0,"gold_loss":0.0,"damage_taken":0.0,"cards_obtained":["CommonCold","Sickly"]},{"cards_removed":["Iron Wave"],"damage_healed":0.0,"max_hp_gain":0.0,"max_hp_loss":0.0,"gold_gain":0.0,"event_name":"Purifier","player_choice":"Purged","floor":40.0,"gold_loss":0.0,"damage_taken":0.0}],"is_beta":false,"boss_relics":[{"not_picked":["Calling Bell","conspire:SpecialSausage"],"picked":"DiscerningMonocle"},{"not_picked":["MoonlightInvasionPlan","RhineFirstAidKit"],"picked":"ShadowXiaoBlade"}],"items_purged_floors":[],"is_endless":false,"potions_floor_spawned":[3,6,22,24,25,30,33,35,37,38,41,44,48,50,54],"ascension_level":18}}