{"host":"8fup84v061vi31le","time":1610095047,"event":{"mods":["Aspiration","BaseMod","Better Match","Better Third Choice","Minty Spire (QoL Compilation)","Shop Mod","Spicy Shops","StSLib"],"gold_per_floor":[114,41,60,77,89,118,132,146,146,146,126,126,126,151,151,151,151],"floor_reached":16,"playtime":577,"items_purged":[],"score":151,"play_id":"26805679-eaa3-4d57-8184-4752525367a1","local_time":"20210108163727","is_ascension_mode":true,"campfire_choices":[{"floor":12,"key":"REST"},{"data":"Searing Blow","floor":15,"key":"SMITH"}],"circlet_count":0,"master_deck":["Strike_R","Strike_R","Strike_R","Strike_R","Strike_R","Defend_R","Defend_R","Defend_R","Bash","Searing Blow+1","Ghostly Armor"],"relics":["Burning Blood","Calipers","OrangePellets","Pantograph","Tiny Chest","Omamori","Strawberry"],"acts_visited":["Exordium"],"potions_floor_usage":[6,6,6,16],"damage_taken":[{"damage":6,"enemies":"Cultist","floor":1,"turns":3},{"damage":2,"enemies":"2 Louse","floor":3,"turns":3},{"damage":0,"enemies":"Small Slimes","floor":4,"turns":3},{"damage":9,"enemies":"Blue Slaver","floor":5,"turns":5},{"damage":32,"enemies":"3 Sentries","floor":6,"turns":15},{"damage":10,"enemies":"2 Fungi Beasts","floor":7,"turns":4},{"damage":16,"enemies":"Large Slime","floor":8,"turns":8},{"damage":23,"enemies":"Exordium Thugs","floor":11,"turns":6},{"damage":66,"enemies":"The Guardian","floor":16,"turns":12}],"seed_played":"4290475096190287022","potions_obtained":[{"floor":5,"key":"EntropicBrew"},{"floor":7,"key":"Dexterity Potion"}],"is_trial":false,"path_per_floor":["M","$","M","M","M","E","M","M","T","?","M","R","?","T","R","B"],"character_chosen":"IRONCLAD","items_purchased":["OrangePellets"],"campfire_rested":1,"item_purchase_floors":[2],"current_hp_per_floor":[72,72,72,72,69,43,39,29,29,29,12,33,33,40,40,0,0],"gold":151,"neow_bonus":"ONE_RARE_RELIC","is_daily":false,"chose_seed":false,"campfire_upgraded":1,"win_rate":0.0,"timestamp":1610095047,"path_taken":["M","$","M","M","M","E","M","?","T","?","M","R","?","?","R","BOSS"],"items_purchased_type":["Relic"],"build_version":"2020-12-22","purchased_purges":0,"victory":false,"max_hp_per_floor":[72,72,72,72,72,72,72,72,72,72,72,72,72,79,79,79,79],"card_choices":[{"not_picked":["Cleave","Havoc"],"picked":"Searing Blow","floor":1},{"not_picked":["Wild Strike","Twin Strike","Hemokinesis"],"picked":"SKIP","floor":3},{"not_picked":["Sword Boomerang","Shrug It Off"],"picked":"Ghostly Armor","floor":4},{"not_picked":["Havoc","Seeing Red","Dropkick"],"picked":"SKIP","floor":5},{"not_picked":["Perfected Strike","Anger","Sword Boomerang"],"picked":"SKIP","floor":6},{"not_picked":["Heavy Blade","Perfected Strike","Impervious"],"picked":"SKIP","floor":7},{"not_picked":["Rampage","Battle Trance","Warcry"],"picked":"SKIP","floor":8},{"not_picked":["Heavy Blade","Flex","Blood for Blood"],"picked":"SKIP","floor":11}],"player_experience":152061,"relics_obtained":[{"floor":6,"key":"Pantograph"},{"floor":9,"key":"Tiny Chest"},{"floor":14,"key":"Strawberry"}],"event_choices":[{"damage_healed":0,"gold_gain":0,"player_choice":"Searched \u00271\u0027 times","damage_taken":0,"relics_obtained":["Omamori"],"max_hp_gain":0,"max_hp_loss":0,"event_name":"Dead Adventurer","floor":10,"gold_loss":0},{"cards_removed":["Defend_R"],"damage_healed":0,"gold_gain":0,"player_choice":"Forget","damage_taken":0,"max_hp_gain":0,"max_hp_loss":0,"event_name":"Living Wall","floor":13,"gold_loss":0}],"is_beta":false,"boss_relics":[],"items_purged_floors":[],"is_endless":false,"potions_floor_spawned":[5,7],"killed_by":"The Guardian","ascension_level":9}}