{"host":"pno9h1fupbyz205f","time":1610065279,"event":{"mods":["Aspiration","BaseMod","Better Altar","Better Match","Better Note","Better Sensory Stone","Better Skull","Better Third Choice","Colored Map","Colored Powertips","Hubris","Infinite Spire","Jedi Mod","Mad Scientist","Marisa????????","Minty Spire (QoL Compilation)","Permanent Neow","Potionbrewer","Replay The Spire","Shop Mod","StSLib","Td1madao Mod","The Blackbeard","The Gatherer","The Hierophant","The Poker Player","The Runesmith","The Servant 0.9.4","thorton","vexMod"],"gold_per_floor":[118,118,43,62,137,137,168,231,231,231,263,273,273,248,248,343,343,361,361,361,361,381,381,381,395,395,408,408,408,17,34,34,133,133,143,143,143,153,163,194,210,221,221,221,221,248,11,23,23,122,122,122,122,122,122,126,126,90,90],"floor_reached":58,"playtime":3273,"items_purged":["Predator","Strike_B","Defend_B","hubris:DoWhile","Parasite"],"score":827,"play_id":"96dd984b-40d9-42f8-9f10-e3d3e6ff596f","local_time":"20210107162119","is_ascension_mode":false,"campfire_choices":[{"data":"Zap","floor":6,"key":"SMITH"},{"floor":10,"key":"REST"},{"data":"Deep Breath","floor":15,"key":"SMITH"},{"floor":23,"key":"REST"},{"floor":29,"key":"REST"},{"floor":32,"key":"REST"},{"floor":45,"key":"REST"},{"floor":49,"key":"REST"},{"data":"Echo Form","floor":57,"key":"SMITH"}],"circlet_count":0,"master_deck":["Defend_B","Defend_B+1","Defend_B+1","Zap+1","Dualcast","Deep Breath+1","Storm","Backstab","Quick Slash","Conserve Battery","Mirror Shield","Glacier","ReplayTheSpireMod:Calculation Training","ReplayRNGCard","infinitespire:NeuralNetwork+1","Conserve Battery+1","Fission","jedi:reiji","jedi:BurstFrost","Redo+1","Echo Form+1","jedi:blockon+1","Fusion","Static Discharge","Skim+1","jedi:blockon+1","infinitespire:Collect","Hologram+1","Conserve Battery","Hologram+1","jedi:readyaimfire"],"relics":["Cracked Core","Carrot","Runesmith:AutoHammer","vexMod:ScavengeHelm","Black Star","Bloody Idol","Blood Vial","Smiling Mask","potionbrewer:BhaskarasWheel","hubris:ToyBattleship","hubris:EvacipatedBox","Membership Card","Simple Rune","MerchantsRug","infinitespire:Beetle Shell","hubris:Stopwatch","hubris:TenFootPole","Replay:Bottled Steam","vexMod:HeadHunter","Regal Pillow","Pear","Medical Kit","vexMod:CursedCompass","hubris:Towel","vexMod:TimeEaterHat"],"acts_visited":["Exordium","TheCity","TheBeyond","Exordium"],"potions_floor_usage":[11,25,25,27,27,39,46,46,50],"damage_taken":[{"damage":0,"enemies":"Cultist","floor":1,"turns":3},{"damage":0,"enemies":"Small Slimes","floor":4,"turns":2},{"damage":36,"enemies":"Gremlin Nob","floor":7,"turns":5},{"damage":11,"enemies":"3 Sentries","floor":8,"turns":7},{"damage":9,"enemies":"3 Sentries","floor":11,"turns":6},{"damage":0,"enemies":"2 Louse","floor":12,"turns":2},{"damage":5,"enemies":"Hexaghost","floor":16,"turns":9},{"damage":3,"enemies":"Shell Parasite","floor":18,"turns":5},{"damage":0,"enemies":"Spheric Guardian","floor":22,"turns":3},{"damage":11,"enemies":"Shelled Parasite and Fungi","floor":25,"turns":5},{"damage":14,"enemies":"Cultist and Chosen","floor":27,"turns":5},{"damage":14,"enemies":"3 Cultists","floor":31,"turns":5},{"damage":26,"enemies":"Collector","floor":33,"turns":14},{"damage":25,"enemies":"3 Shapes","floor":35,"turns":5},{"damage":14,"enemies":"Orb Walker","floor":38,"turns":3},{"damage":18,"enemies":"Jaw Worm Horde","floor":39,"turns":6},{"damage":17,"enemies":"Nightmare","floor":40,"turns":11},{"damage":0,"enemies":"Writhing Mass","floor":41,"turns":7},{"damage":0,"enemies":"4 Shapes","floor":42,"turns":10},{"damage":3,"enemies":"R_Hoarder","floor":46,"turns":11},{"damage":20,"enemies":"3 Darklings","floor":48,"turns":5},{"damage":53,"enemies":"Time Eater","floor":50,"turns":15},{"damage":0,"enemies":"Jaw Worm","floor":52,"turns":3},{"damage":9,"enemies":"2 Louse","floor":56,"turns":2},{"damage":60,"enemies":"Nightmare","floor":58,"turns":6}],"seed_played":"992905552190838736","potions_obtained":[{"floor":8,"key":"potionbrewer:InfectionPotion"},{"floor":12,"key":"potionbrewer:DiscountPotion"},{"floor":16,"key":"Block Potion"},{"floor":18,"key":"potionbrewer:EndurancePotion"},{"floor":25,"key":"Explosive Potion"},{"floor":33,"key":"potionbrewer:NoxiousPotion"},{"floor":41,"key":"jedi:coolantleak"},{"floor":42,"key":"PowerPotion"},{"floor":46,"key":"potionbrewer:InfectionPotion"},{"floor":48,"key":"FairyPotion"},{"floor":50,"key":"EssenceOfDarkness"}],"is_trial":false,"path_per_floor":["M","?","$","M","?","R","E","?","T","R","E","M","?","?","R","B",null,"M","?","?","AVR","M","R","?","M","T","M","$","R","$","M","R","B",null,"M","?","?","M","M","NM","M","M","T","?","R","E","$","M","R","B",null,"M","?","?","AVR","M","R","NM"],"character_chosen":"DEFECT","items_purchased":["hubris:EvacipatedBox","Membership Card","jedi:reiji","Simple Rune","MerchantsRug","jedi:BurstFrost","infinitespire:Beetle Shell","Pear","Medical Kit","Conserve Battery"],"campfire_rested":6,"item_purchase_floors":[28,30,30,30,30,30,30,47,47,47],"current_hp_per_floor":[75,75,75,75,64,64,28,17,17,39,30,30,55,55,55,50,75,72,72,14,14,21,43,35,31,31,24,5,27,37,30,52,33,75,55,55,40,33,22,12,19,26,26,18,40,44,59,46,85,37,85,85,85,85,82,78,78,20,20],"gold":90,"neow_bonus":"RANDOM_COLORLESS","is_daily":false,"chose_seed":false,"campfire_upgraded":3,"win_rate":0.0,"timestamp":1610065279,"path_taken":["M","?","$","M","?","R","E","?","T","R","E","?","?","?","R","BOSS","M","?","?","AVR","M","R","?","M","T","?","?","R","$","M","R","BOSS","M","?","?","M","M","NM","?","M","T","?","R","E","$","M","R","BOSS","M","?","?","AVR","?","R","NM"],"items_purchased_type":["Relic","Relic","Card","Relic","Relic","Card","Relic","Relic","Relic","Card"],"build_version":"2020-12-22","purchased_purges":5,"victory":false,"max_hp_per_floor":[75,75,75,75,75,75,75,75,75,75,75,75,75,75,75,75,75,75,75,75,75,75,75,75,75,75,75,75,75,75,75,75,75,75,75,75,75,75,75,75,75,75,75,75,75,75,85,85,85,85,85,85,85,85,82,82,82,82,82],"card_choices":[{"not_picked":["jedi:forcepush","Jack Of All Trades"],"picked":"Deep Breath","floor":0},{"not_picked":["Streamline","Compile Driver"],"picked":"Storm","floor":1},{"not_picked":["Reprogram","Lockon"],"picked":"Conserve Battery","floor":4},{"not_picked":["Leap","jedi:BurstFrost"],"picked":"Mirror Shield","floor":7},{"not_picked":["Redo","Streamline"],"picked":"Glacier","floor":8},{"not_picked":["Compile Driver","Undo"],"picked":"ReplayTheSpireMod:Calculation Training","floor":11},{"not_picked":["Streamline","Leap"],"picked":"Ball Lightning","floor":12},{"not_picked":["jedi:bruteforce","jedi:darknesscall"],"picked":"ReplayRNGCard","floor":16},{"not_picked":["ReplayTheSpireMod:GoodbyeWorld","Go for the Eyes","Rip and Tear"],"picked":"SKIP","floor":18},{"not_picked":["Leap","Steam"],"picked":"Conserve Battery+1","floor":22},{"not_picked":["ReplayTheSpireMod:Reroute Power+1","hubris:Ukulele"],"picked":"Fission","floor":24},{"not_picked":["blackbeard:FieryDefense","potionbrewer:HazardousMaterials+1","Gatherer:TreeGrowth"],"picked":"SKIP","floor":25},{"not_picked":["Gatherer:PotentialSlash","MadScienceMod:NowOrNever+1","StarlightTyphoon"],"picked":"SKIP","floor":27},{"not_picked":["Leap","Redo","Reprogram+1"],"picked":"SKIP","floor":31},{"not_picked":["Mirror Shield","hubris:SpecializedCircuitry"],"picked":"hubris:DoWhile","floor":33},{"not_picked":["Go for the Eyes","ReplayTheSpireMod:GoodbyeWorld+1"],"picked":"Redo+1","floor":35},{"not_picked":["Beam Cell+1","Aggregate"],"picked":"jedi:blockon+1","floor":38},{"not_picked":["Steam","jedi:BurstFrost+1"],"picked":"Fusion","floor":39},{"not_picked":["Streamline","Ball Lightning"],"picked":"Static Discharge","floor":40},{"not_picked":["Redo+1","Stack+1"],"picked":"Skim+1","floor":41},{"not_picked":["FIFO Queue","Biased Cognition"],"picked":"jedi:blockon+1","floor":42},{"not_picked":["infinitespire:TheBestDefense","infinitespire:Menacing"],"picked":"infinitespire:Collect","floor":44},{"not_picked":["Coolheaded+1","Melter"],"picked":"Hologram+1","floor":46},{"not_picked":["Chaos+1","Static Discharge+1"],"picked":"Hologram+1","floor":48},{"not_picked":["jedi:darknesscall","hubris:Prefetch"],"picked":"jedi:readyaimfire","floor":50},{"not_picked":["Redo","Gash","Conserve Battery"],"picked":"SKIP","floor":52},{"not_picked":["Leap","Hello World","Cold Snap"],"picked":"SKIP","floor":56}],"player_experience":115606,"relics_obtained":[{"floor":7,"key":"Carrot"},{"floor":9,"key":"vexMod:ScavengeHelm"},{"floor":11,"key":"ReplayTheSpireMod:Ninjato"},{"floor":24,"key":"PrismaticShard"},{"floor":26,"key":"hubris:ToyBattleship"},{"floor":40,"key":"infinitespire:Lucky Rock"},{"floor":40,"key":"hubris:TenFootPole"},{"floor":43,"key":"Replay:Bottled Steam"},{"floor":46,"key":"vexMod:HeadHunter"},{"floor":46,"key":"Regal Pillow"}],"event_choices":[{"damage_healed":0,"gold_gain":75,"player_choice":"Gold","damage_taken":11,"max_hp_gain":0,"max_hp_loss":0,"event_name":"betterThird:BetterGoop","floor":5,"gold_loss":0},{"damage_healed":0,"gold_gain":0,"player_choice":"Searched \u00272\u0027 times","damage_taken":0,"relics_obtained":["Runesmith:AutoHammer"],"max_hp_gain":0,"max_hp_loss":0,"event_name":"Dead Adventurer","floor":8,"gold_loss":0},{"damage_healed":25,"gold_gain":0,"player_choice":"Banana","damage_taken":0,"max_hp_gain":0,"max_hp_loss":0,"event_name":"Big Fish","floor":13,"gold_loss":0},{"cards_removed":["Deep Breath"],"damage_healed":0,"gold_gain":0,"player_choice":"Give","damage_taken":0,"max_hp_gain":0,"max_hp_loss":0,"event_name":"betterNote:BetterNote","floor":19,"gold_loss":0,"cards_obtained":["ReplayTheSpireMod:Brewmster"]},{"damage_healed":0,"gold_gain":0,"player_choice":" Idol Vial ","damage_taken":58,"relics_obtained":["Bloody Idol","Blood Vial"],"max_hp_gain":72,"max_hp_loss":14,"event_name":"betterAltar:BetterAltar","floor":20,"potions_obtained":[],"relics_lost":[],"gold_loss":0},{"cards_removed":["Ball Lightning"],"damage_healed":0,"gold_gain":0,"player_choice":"Removed Attack","damage_taken":0,"max_hp_gain":0,"max_hp_loss":0,"event_name":"Falling","floor":36,"gold_loss":0},{"damage_healed":0,"gold_gain":3,"player_choice":"2","damage_taken":0,"max_hp_gain":0,"max_hp_loss":15,"event_name":"betterStone:BetterStone","floor":37,"gold_loss":0},{"damage_healed":0,"gold_gain":0,"player_choice":"Upgraded","damage_taken":0,"max_hp_gain":0,"max_hp_loss":0,"event_name":"Upgrade Shrine","floor":54,"gold_loss":0,"cards_upgraded":["infinitespire:NeuralNetwork"]}],"is_beta":false,"boss_relics":[{"not_picked":["Snecko Eye","Fusion Hammer"],"picked":"Black Star"},{"not_picked":["aspiration:RunesmithSkillbook","Replay:Wanted Poster","aspiration:PoetsPen_weak"],"picked":"hubris:Stopwatch"},{"not_picked":["hubris:CrackedHourglass","Kintsugi","aspiration:RunicSpoon"],"picked":"vexMod:CursedCompass"}],"items_purged_floors":[3,21,30,47,55],"is_endless":true,"potions_floor_spawned":[8,12,16,18,25,33,41,42,46,48,50],"killed_by":"Nightmare","ascension_level":0}}