{"host":"56ghxnzsglgdq727","time":1610122104,"event":{"mods":["AchievementEnabler","BaseMod","Downfall","Duelist Mod","Hermit","Minty Spire (QoL Compilation)","Rare Cards Sparkle","SOS???????","StSLib","The Bug Knight","The Senshi","The Servant 0.9.4","The Wild Card","Yuri Mod"],"gold_per_floor":[140,156,20,39,39,214,228,228,228,242,242,242,277,288,288,288,288],"floor_reached":16,"playtime":680,"items_purged":[],"score":102,"play_id":"5ba68852-0202-4c35-831d-cb952569e322","local_time":"20210108110824","is_ascension_mode":false,"campfire_choices":[{"data":"theDuelist:ExodiaNecross","floor":8,"key":"SMITH"},{"data":"theDuelist:SwordsBurning","floor":12,"key":"SMITH"},{"data":"theDuelist:ExodiaRL","floor":15,"key":"SMITH"}],"circlet_count":0,"master_deck":["theDuelist:CastleWalls","theDuelist:CastleWalls","theDuelist:DarkMagician","theDuelist:MysticalElf","theDuelist:MysticalElf","theDuelist:NeoMagic","theDuelist:NeoMagic","theDuelist:Sparks","theDuelist:Sparks","theDuelist:Sparks","theDuelist:SwordsBurning+1","theDuelist:ExodiaRA+1","theDuelist:ExodiaNecross+1","Doubt","theDuelist:ExodiaHead","theDuelist:ExodiaRL+1"],"relics":["theDuelist:MillenniumPuzzle","theDuelist:CardPoolRelic","theDuelist:CardPoolBasicRelic","theDuelist:BoosterPackPoolRelic","theDuelist:CardPoolAddRelic","theDuelist:CardPoolMinusRelic","theDuelist:CardPoolSaveRelic","theDuelist:CardPoolOptionsRelic","Potion Belt","theDuelist:BoosterPackTrapEgg","Cables"],"acts_visited":["Exordium"],"potions_floor_usage":[13,13,16],"damage_taken":[{"damage":0,"enemies":"Cultist","floor":1,"turns":4},{"damage":0,"enemies":"Small Slimes","floor":2,"turns":4},{"damage":0,"enemies":"Jaw Worm","floor":4,"turns":4},{"damage":14,"enemies":"3 Louse","floor":7,"turns":4},{"damage":8,"enemies":"Exordium Wildlife","floor":10,"turns":5},{"damage":9,"enemies":"3 Sentries","floor":13,"turns":8},{"damage":0,"enemies":"Blue Slaver","floor":14,"turns":5},{"damage":45,"enemies":"The Guardian","floor":16,"turns":8}],"seed_played":"7878499442868333373","potions_obtained":[{"floor":4,"key":"theDuelist:ElectricPotion"},{"floor":7,"key":"theDuelist:WhiteBottle"},{"floor":10,"key":"BlessingOfTheForge"},{"floor":14,"key":"theDuelist:SteelBrew"}],"is_trial":false,"path_per_floor":["M","M","$","M","?","?","M","R","T","M","?","R","E","M","R","B"],"character_chosen":"THE_DUELIST","items_purchased":["theDuelist:ExodiaNecross"],"campfire_rested":0,"item_purchase_floors":[3],"current_hp_per_floor":[80,80,80,80,80,80,66,66,66,58,58,58,49,49,49,7,7],"gold":288,"neow_bonus":"RANDOM_COMMON_RELIC","is_daily":false,"chose_seed":false,"campfire_upgraded":3,"win_rate":0.0,"timestamp":1610122104,"path_taken":["M","?","$","M","?","?","M","R","T","M","?","R","E","M","R","BOSS"],"items_purchased_type":["Card"],"build_version":"2020-12-22","purchased_purges":0,"victory":false,"max_hp_per_floor":[80,80,80,80,80,80,80,80,80,80,80,80,80,80,80,83,83],"card_choices":[{"not_picked":["theDuelist:IrisEarthMother","theDuelist:SangaWater"],"picked":"theDuelist:SwordsBurning","floor":1},{"not_picked":["theDuelist:SangaThunder","theDuelist:InjectionFairy","theDuelist:SilentDoom","theDuelist:MagicalBlast"],"picked":"theDuelist:ExodiaRA","floor":2},{"not_picked":["theDuelist:SilentDoom","theDuelist:MagicalBlast","theDuelist:OnslaughtFireKings","theDuelist:CallAtlanteans","theDuelist:WonderWand"],"picked":"SKIP","floor":4},{"not_picked":["theDuelist:Mudora","theDuelist:PreventRat","theDuelist:FlameTiger","theDuelist:PotDichotomy","theDuelist:ForbiddenChalice"],"picked":"SKIP","floor":7},{"not_picked":["theDuelist:DragonOrbCard","theDuelist:DarkOrbCard","theDuelist:GlitchOrbCard","theDuelist:AirOrbCard","theDuelist:GadgetOrbCard"],"picked":"SKIP","floor":10},{"not_picked":["theDuelist:IrisEarthMother","theDuelist:IceQueen","theDuelist:SwordsBurning","theDuelist:SangaWater"],"picked":"theDuelist:ExodiaHead","floor":13},{"not_picked":["theDuelist:DarkMagician","theDuelist:PowerKaishin","theDuelist:FlyingSaucer","theDuelist:BookSecret"],"picked":"theDuelist:ExodiaRL","floor":14}],"player_experience":198465,"relics_obtained":[{"floor":9,"key":"theDuelist:BoosterPackTrapEgg"},{"floor":13,"key":"Cables"}],"event_choices":[{"damage_healed":0,"gold_gain":0,"player_choice":"Leave","duelist":true,"damage_taken":0,"max_hp_gain":0,"max_hp_loss":0,"event_name":"Relic Duplicator","floor":5,"gold_loss":0},{"damage_healed":0,"gold_gain":175,"player_choice":"AGREE","damage_taken":0,"max_hp_gain":0,"max_hp_loss":0,"event_name":"Liars Game","floor":6,"gold_loss":0,"cards_obtained":["Doubt"]},{"damage_healed":0,"gold_gain":0,"player_choice":"Grow","damage_taken":0,"max_hp_gain":0,"max_hp_loss":0,"event_name":"Living Wall","floor":11,"gold_loss":0,"cards_upgraded":["theDuelist:ExodiaRA"]}],"is_beta":false,"boss_relics":[],"items_purged_floors":[],"is_endless":false,"potions_floor_spawned":[4,7,10,14],"killed_by":"The Guardian","ascension_level":0}}