{"host":"px2oznrenyeljk7o","time":1610129781,"event":{"mods":["A Magickal Journey","AchievementEnabler","Arknights The Spire","BaseMod","Better Altar","Better Match","Better Note","Better Sensory Stone","Better Third Choice","Conspire","Curses Come First","GifTheSpireLib","GungeonMod","Hermit","Koishi","Lobotomy","LobotomyExtend","Minty Spire (QoL Compilation)","Nova Terra(??·??)","Potionbrewer","Reimu??????","Replay The Spire","Robot Space Explorer","Small Relic Pack","Somnambulant","Spicy Shops","StSLib","Stuff the Spire","The Administrix","The Alterego","The Blackbeard","The Blue Laboratory","The Bug Knight","The Construct","The Cursed","The Disciple","The Gatherer","The Hayseed","The Hierophant","The Jungle","The Marked","The Poker Player","The Runesmith","Yakumo Yukari mod","Yuri Mod","everything is the same but u backflip on backflip","slay the spire mod where everything is the same but ironclad has a cowboy hat"],"gold_per_floor":[117,117,137,156,167,167,187,207,207,225,242,254,254,13,13,114,114,130,146,58,77,94,94,120,151,151,151,164,164,179,33,33,144,144,164,164,76,96,28,28,28,63,63,63,79,79,90,111,111,210,210,220,235,135,135,151,151,179,179,179,179,205,2,2,41,41,64,64],"floor_reached":50,"playtime":7906,"items_purged":["StuffTheSpire:GnomedCurse"],"score":732,"play_id":"c0ba286c-c661-4161-b78b-26e8cc4ce260","local_time":"20210108191621","is_ascension_mode":false,"campfire_choices":[{"floor":6.0,"key":"REST"},{"floor":15.0,"key":"REST"},{"data":"StuffTheSpire:ShieldGenerator","floor":6.0,"key":"SMITH"},{"floor":10.0,"key":"REST"},{"floor":12.0,"key":"REST"},{"data":"Self Repair","floor":15.0,"key":"SMITH"},{"data":"StuffTheSpire:ShieldGenerator+1","floor":23.0,"key":"SMITH"},{"floor":27.0,"key":"REST"},{"floor":29.0,"key":"REST"},{"data":"BootSequence","floor":32.0,"key":"SMITH"},{"data":"Echo Form","floor":40.0,"key":"SMITH"},{"floor":42.0,"key":"REST"},{"floor":44.0,"key":"REST"},{"data":"Genetic Algorithm","floor":49,"key":"SMITH"}],"circlet_count":0,"master_deck":["Strike_B","Strike_B","Strike_B","Strike_B","Defend_B","Defend_B+1","Defend_B","Defend_B+1","Zap","Dualcast","Steam","Force Field","Scrape","Self Repair+1","StuffTheSpire:ForEach","Leap","BootSequence+1","Leap","Go for the Eyes","StuffTheSpire:LoadUp","Streamline","StuffTheSpire:ShieldGenerator+2","Leap","BasicCrystalCard","FTL","Swift Strike","Mirror Shield","Coolheaded","Coolheaded","Conserve Battery+1","Go for the Eyes","Hologram","Loop","Pot Of Greed","Pot Of Greed","Pot Of Greed","Barrage","Stack","Pot Of Greed","Cold Snap","Static Discharge","Chill","Melter","Machine Learning","CurseOfTheBell","conspire:Rain+1","Panacea","Redo","Cold Snap","Rebound","Pot Of Greed","Compile Driver+1","Barrage","Ball Lightning","Barrage","Echo Form+1","Madness+1","ReplayGash","conspire:SpireCoStock","conspire:SpireCoStock","Storm+1","Go for the Eyes","Pot Of Greed","Self Repair","Genetic Algorithm+1","Multi-Cast","Beam Cell+1"],"relics":["Cracked Core","Blue Candle","Snecko Heart","Heaven_r","LetterFromLob","Grinning Jar","DemoMod:WhiteGuonStone","potionbrewer:RamsHorn","Calling Bell","Simple Rune","StuffTheSpire:Tea","Du-Vu Doll","FaceOfCleric","ReplayTheSpireMod:CursedCoin","HornCleat","DemoMod:Relodestone","Honey Jar","Replay:PocketPolymizer","DemoMod:VorpalBullet"],"acts_visited":["Exordium","TheCity","TheCity","TheBeyond"],"potions_floor_usage":[48,50],"damage_taken":[{"damage":9.0,"enemies":"Small Slimes","floor":1.0,"turns":4.0},{"damage":0.0,"enemies":"Cultist","floor":3.0,"turns":4.0},{"damage":0.0,"enemies":"2 Louse","floor":4.0,"turns":3.0},{"damage":9.0,"enemies":"Exordium Thugs","floor":5.0,"turns":7.0},{"damage":3.0,"enemies":"Gremlin Gang","floor":7.0,"turns":8.0},{"damage":8.0,"enemies":"Blue Slaver","floor":8.0,"turns":4.0},{"damage":26.0,"enemies":"Exordium Wildlife","floor":10.0,"turns":9.0},{"damage":1.0,"enemies":"3 Louse","floor":11.0,"turns":5.0},{"damage":0.0,"enemies":"Exordium Thugs","floor":12.0,"turns":5.0},{"damage":70.0,"enemies":"Hexaghost","floor":16.0,"turns":15.0},{"damage":7.0,"enemies":"Shell Parasite","floor":18.0,"turns":4.0},{"damage":0.0,"enemies":"Jaw Worm","floor":1.0,"turns":3.0},{"damage":0.0,"enemies":"Cultist","floor":2.0,"turns":3.0},{"damage":0.0,"enemies":"Small Slimes","floor":4.0,"turns":2.0},{"damage":3.0,"enemies":"Exordium Thugs","floor":5.0,"turns":5.0},{"damage":7.0,"enemies":"Gremlin Nob","floor":7.0,"turns":3.0},{"damage":23.0,"enemies":"conspire:MimicChest","floor":8.0,"turns":6.0},{"damage":0.0,"enemies":"Looter","floor":11.0,"turns":2.0},{"damage":0.0,"enemies":"3 Louse","floor":13.0,"turns":6.0},{"damage":37.0,"enemies":"Hexaghost","floor":16.0,"turns":12.0},{"damage":0.0,"enemies":"3 Byrds","floor":18.0,"turns":4.0},{"damage":0.0,"enemies":"Shell Parasite","floor":21.0,"turns":2.0},{"damage":27.0,"enemies":"Gremlin Leader","floor":25.0,"turns":6.0},{"damage":15.0,"enemies":"Centurion and Healer","floor":28.0,"turns":6.0},{"damage":4.0,"enemies":"Snake Plant","floor":30.0,"turns":5.0},{"damage":0.0,"enemies":"Sentry and Sphere","floor":31.0,"turns":4.0},{"damage":32.0,"enemies":"Pondfish","floor":33.0,"turns":15.0},{"damage":0.0,"enemies":"Orb Walker","floor":35.0,"turns":4.0},{"damage":0.0,"enemies":"3 Shapes","floor":36.0,"turns":6.0},{"damage":1.0,"enemies":"Writhing Mass","floor":39.0,"turns":6.0},{"damage":42.0,"enemies":"3 Darklings","floor":41.0,"turns":10.0},{"damage":6,"enemies":"Maw","floor":45,"turns":9},{"damage":0,"enemies":"Writhing Mass","floor":48,"turns":7},{"damage":97,"enemies":"Awakened One","floor":50,"turns":12}],"seed_played":"-7053384965480574866","potions_obtained":[{"floor":3.0,"key":"potionbrewer:BarricadePotion"},{"floor":4.0,"key":"Block Potion"},{"floor":8.0,"key":"blueLaboratory:TrueEctoplasm"},{"floor":11.0,"key":"blueLaboratory:FrostheartPotion"},{"floor":16.0,"key":"FearPotion"},{"floor":1.0,"key":"blueLaboratory:PolymorphPotion"},{"floor":8.0,"key":"Elixir"},{"floor":11.0,"key":"blueLaboratory:SystemWipe"},{"floor":13.0,"key":"potionbrewer:MidasPotion"},{"floor":16.0,"key":"blueLaboratory:BiasPotion"},{"floor":25.0,"key":"SteroidPotion"},{"floor":30.0,"key":"potionbrewer:MidasPotion"},{"floor":31.0,"key":"Adrenaline Potion"},{"floor":33.0,"key":"blueLaboratory:SystemWipe"},{"floor":35.0,"key":"blueLaboratory:BottleOfRum"},{"floor":36.0,"key":"AttackPotion"},{"floor":48,"key":"Block Potion"}],"is_trial":false,"path_per_floor":["M","?","M","M","M","R","M","M","T","M","M","M","?","$","R","B",null,"M","M","M","$","M","M","R","E","?","T","R","M","R","M","$","R","B",null,"M","?","$","M","$","R","$","E","T","R","M","R","M","M","R","B",null,"M","M","?","?","M","R","M","R","T","R","M","$","?","M","R","B"],"character_chosen":"DEFECT","items_purchased":["FTL","Swift Strike","blueLaboratory:BubblePotion","Conserve Battery+1","Go for the Eyes","Chill","Melter","Panacea","ReplayTheSpireMod:CursedCoin","Redo","Rebound","Genetic Algorithm","DemoMod:VorpalBullet"],"campfire_rested":8,"item_purchase_floors":[14,14,14,3,3,14,14,20,20,20,22,46,46],"current_hp_per_floor":[66,66,66,66,64,75,75,67,67,48,54,61,61,61,75,12,75,75,75,75,75,75,75,68,45,45,67,67,75,75,75,75,48,75,75,75,75,76,76,76,76,60,60,77,63,78,75,80,80,59,81,82,83,83,83,84,84,53,78,78,85,86,86,86,87,87,0,0],"gold":64,"neow_bonus":"ONE_RANDOM_RARE_CARD","is_daily":false,"chose_seed":false,"campfire_upgraded":6,"win_rate":0.0,"timestamp":1610129781,"path_taken":["M","?","M","M","M","R","?","M","T","M","M","M","?","?","R","BOSS","M","M","M","$","M","?","R","E","?","T","R","M","R","M","$","R","BOSS","M","?","$","M","$","R","?","E","T","R","?","R","M","M","R","BOSS","M","M","?","?","?","R","M","R","T","R","M","$","?","?","R","BOSS"],"items_purchased_type":["Card","Card","Potion","Card","Card","Card","Card","Card","Relic","Card","Card","Card","Relic"],"build_version":"2020-12-22","purchased_purges":1,"victory":false,"max_hp_per_floor":[75,75,75,75,75,75,75,75,75,75,75,75,75,75,75,75,75,75,75,75,75,75,75,75,75,75,75,75,75,75,75,75,75,75,75,75,75,76,76,76,76,77,77,77,78,78,79,80,80,81,81,82,83,83,83,84,84,85,85,85,85,86,86,86,87,87,87,87],"card_choices":[{"not_picked":["Stack","Ball Lightning"],"picked":"Steam","floor":1.0},{"not_picked":["Steam","Hologram"],"picked":"Scrape","floor":3.0},{"not_picked":["Stack","Gash"],"picked":"Self Repair","floor":4.0},{"not_picked":["Chill","Gash"],"picked":"StuffTheSpire:ForEach","floor":5.0},{"not_picked":["Beam Cell","StuffTheSpire:SnapShoot"],"picked":"Leap","floor":7.0},{"not_picked":["StuffTheSpire:LoadUp","Sweeping Beam"],"picked":"BootSequence","floor":8.0},{"not_picked":["Gash","Streamline"],"picked":"Leap","floor":10.0},{"not_picked":["Cold Snap","Ball Lightning"],"picked":"Go for the Eyes","floor":11.0},{"not_picked":["Barrage","Cold Snap"],"picked":"StuffTheSpire:LoadUp","floor":12.0},{"not_picked":["All For One","StuffTheSpire:ForEach"],"picked":"Mirror Shield","floor":16.0},{"not_picked":["BasicCrystalCard","ReplayGash"],"picked":"Coolheaded","floor":1.0},{"not_picked":["conspire:SharedLibrary","StuffTheSpire:SnapShoot"],"picked":"Coolheaded","floor":2.0},{"not_picked":["StuffTheSpire:Plugnplay","Fusion"],"picked":"Hologram","floor":4.0},{"not_picked":["ReplaySort","Go for the Eyes"],"picked":"Loop","floor":5.0},{"not_picked":["StuffTheSpire:NuclearReactor","Panic Button"],"picked":"Barrage","floor":7.0},{"not_picked":["Redo","Ball Lightning"],"picked":"Stack","floor":8.0},{"not_picked":["BasicCrystalCard","Seek"],"picked":"Cold Snap","floor":11.0},{"not_picked":["Redo","Turbo"],"picked":"Static Discharge","floor":13.0},{"not_picked":["StuffTheSpire:ForEach","Hyperbeam"],"picked":"Machine Learning","floor":16.0},{"not_picked":["Skim","Consume"],"picked":"conspire:Rain+1","floor":18.0},{"not_picked":["Turbo+1","BasicCrystalCard+1"],"picked":"Cold Snap","floor":21.0},{"not_picked":["Time Bomb+1","Cold Snap"],"picked":"Compile Driver+1","floor":25.0},{"not_picked":["Cold Snap","StuffTheSpire:LoadUp"],"picked":"Barrage","floor":28.0},{"not_picked":["Go for the Eyes","BasicCrystalCard"],"picked":"Ball Lightning","floor":30.0},{"not_picked":["Reprogram","BasicCrystalCard"],"picked":"Barrage","floor":31.0},{"not_picked":["Machine Learning","Amplify"],"picked":"Echo Form","floor":33.0},{"not_picked":["BasicCrystalCard","ReplaySolidLightProjector","Reinforced Body"],"picked":"StuffTheSpire:SnapShoot+1","floor":35.0},{"not_picked":["Compile Driver+1","Stack+1","Consume+1"],"picked":"ReplayGash","floor":36.0},{"not_picked":["Fission","Melter+1","Hologram+1"],"picked":"Storm+1","floor":39.0},{"not_picked":["Conserve Battery","StuffTheSpire:LoadUp+1","BasicCrystalCard+1"],"picked":"Go for the Eyes","floor":41.0},{"not_picked":["Reinforced Body+1","Skim","Darkness+1"],"picked":"Self Repair","floor":45},{"not_picked":["Steam+1","Darkness","Streamline+1"],"picked":"Beam Cell+1","floor":48}],"player_experience":440830,"relics_obtained":[{"floor":1.0,"key":"LetterFromLob"},{"floor":9.0,"key":"Blue Candle"},{"floor":1.0,"key":"LetterFromLob"},{"floor":7.0,"key":"Grinning Jar"},{"floor":8.0,"key":"DemoMod:WhiteGuonStone"},{"floor":9.0,"key":"potionbrewer:RamsHorn"},{"floor":17.0,"key":"Simple Rune"},{"floor":17.0,"key":"StuffTheSpire:Tea"},{"floor":17.0,"key":"Du-Vu Doll"},{"floor":25.0,"key":"HornCleat"},{"floor":26.0,"key":"DemoMod:Relodestone"},{"floor":43.0,"key":"Replay:PocketPolymizer"}],"event_choices":[{"damage_healed":0.0,"max_hp_gain":0.0,"max_hp_loss":0.0,"gold_gain":0.0,"cards_transformed":["Machine Learning"],"event_name":"Transmorgrifier","player_choice":"Transformed","floor":2.0,"gold_loss":0.0,"damage_taken":0.0,"cards_obtained":["Force Field"]},{"damage_healed":0.0,"max_hp_gain":0.0,"max_hp_loss":0.0,"gold_gain":0.0,"event_name":"FaceTrader","player_choice":"Trade","floor":19.0,"gold_loss":0.0,"damage_taken":0.0,"relics_obtained":["FaceOfCleric"]},{"damage_healed":0.0,"max_hp_gain":0.0,"max_hp_loss":0.0,"gold_gain":0.0,"event_name":"conspire:Investor","player_choice":"Invest 2","floor":37.0,"gold_loss":0.0,"damage_taken":0.0},{"damage_healed":0.0,"max_hp_gain":0.0,"max_hp_loss":0.0,"gold_gain":0.0,"event_name":"Mysterious Sphere","player_choice":"Ignored","floor":38.0,"gold_loss":0.0,"damage_taken":0.0},{"damage_healed":0,"gold_gain":0,"cards_transformed":["Recycle"],"player_choice":"Transformed","damage_taken":0,"max_hp_gain":0,"max_hp_loss":0,"event_name":"Transmorgrifier","floor":47,"gold_loss":0,"cards_obtained":["Multi-Cast"]}],"is_beta":false,"boss_relics":[{"not_picked":["Replay:Grab Bag","SlaversCollar"],"picked":"Snecko Heart"},{"not_picked":["Fusion Hammer","Pandora\u0027s Box"],"picked":"Calling Bell"},{"not_picked":["Sozu","FrozenCore"],"picked":"Honey Jar"}],"items_purged_floors":[20],"is_endless":false,"potions_floor_spawned":[3,4,8,11,16,1,8,11,13,16,25,30,31,33,35,36,48],"killed_by":"Awakened One","ascension_level":0}}