{"host":"v54ek091sdz7ha6h","time":1610135420,"event":{"mods":["BaseMod","Better Vampires","Colored Map","Colored Powertips","Custom Start","Highlight Path","KOR Keyword Fix","Minty Spire (QoL Compilation)","Quick Restart","Rare Cards Sparkle","StSLib","SuperFastMode","The Awakened One except there are too many feathers","everything is the same but u backflip on backflip","slay the spire mod where everything is the same but ironclad has a cowboy hat"],"gold_per_floor":[115,125,125,125,143,143,178,178,205,225,245,245,245,265,265,265,265],"floor_reached":16,"playtime":319,"items_purged":[],"score":204,"play_id":"f5f24f40-4666-4fb2-8566-9bb7065daaf5","local_time":"20210109045020","is_ascension_mode":true,"campfire_choices":[{"data":"Defragment","floor":6.0,"key":"SMITH"},{"floor":8.0,"key":"REST"},{"floor":13.0,"key":"REST"},{"data":"Zap","floor":15.0,"key":"SMITH"}],"circlet_count":0,"master_deck":["AscendersBane","Strike_B+1","Strike_B","Strike_B","Strike_B","Defend_B","Defend_B","Defend_B","Zap+1","Dualcast+1","Defragment+1","Redo","Go for the Eyes","Rebound","White Noise"],"relics":["Cracked Core","Bag of Marbles","Orichalcum","Golden Idol"],"acts_visited":["Exordium"],"potions_floor_usage":[],"damage_taken":[{"damage":7.0,"enemies":"2 Louse","floor":1.0,"turns":3.0},{"damage":17.0,"enemies":"Small Slimes","floor":2.0,"turns":3.0},{"damage":0.0,"enemies":"Cultist","floor":5.0,"turns":2.0},{"damage":15.0,"enemies":"Lagavulin","floor":7.0,"turns":7.0},{"damage":7.0,"enemies":"Blue Slaver","floor":10.0,"turns":3.0},{"damage":0.0,"enemies":"Large Slime","floor":11.0,"turns":4.0},{"damage":10.0,"enemies":"Looter","floor":14.0,"turns":3.0},{"damage":24,"enemies":"The Guardian","floor":16,"turns":7}],"seed_played":"-6831590161709933672","potions_obtained":[{"floor":4.0,"key":"Strength Potion"},{"floor":4.0,"key":"LiquidBronze"},{"floor":5.0,"key":"Block Potion"},{"floor":14.0,"key":"Ancient Potion"}],"is_trial":false,"path_per_floor":["M","M","?","?","M","R","E","R","T","M","M","?","R","M","R","B"],"character_chosen":"DEFECT","items_purchased":[],"campfire_rested":2,"item_purchase_floors":[],"current_hp_per_floor":[57,40,19,19,19,19,4,25,25,18,18,18,37,27,27,3,3],"gold":265,"neow_bonus":"TRANSFORM_CARD","is_daily":false,"chose_seed":false,"campfire_upgraded":2,"win_rate":0.0,"timestamp":1610135420,"path_taken":["M","M","?","?","?","R","E","R","T","M","M","?","R","M","R","BOSS"],"items_purchased_type":[],"build_version":"2020-12-22","purchased_purges":0,"victory":false,"max_hp_per_floor":[71,71,71,71,71,71,71,71,71,71,71,64,64,64,64,64,64],"card_choices":[{"not_picked":["Cold Snap","Hello World"],"picked":"Redo","floor":1.0},{"not_picked":["Streamline","Aggregate"],"picked":"Go for the Eyes","floor":2.0},{"not_picked":["Static Discharge","Conserve Battery","Redo"],"picked":"SKIP","floor":5.0},{"not_picked":["Meteor Strike","Heatsinks","Steam"],"picked":"SKIP","floor":7.0},{"not_picked":["Undo","FTL"],"picked":"Rebound","floor":10.0},{"not_picked":["Sweeping Beam","Beam Cell"],"picked":"White Noise","floor":11.0},{"not_picked":["Redo","Turbo","Scrape"],"picked":"SKIP","floor":14.0}],"player_experience":1402970,"relics_obtained":[{"floor":7.0,"key":"Bag of Marbles"},{"floor":9.0,"key":"Orichalcum"}],"event_choices":[{"damage_healed":0.0,"max_hp_gain":0.0,"max_hp_loss":0.0,"gold_gain":0.0,"event_name":"Shining Light","player_choice":"Entered Light","floor":3.0,"gold_loss":0.0,"damage_taken":21.0,"cards_upgraded":["Strike_B","Dualcast"]},{"damage_healed":0.0,"max_hp_gain":0.0,"max_hp_loss":0.0,"gold_gain":0.0,"event_name":"Lab","player_choice":"Got Potions","floor":4.0,"gold_loss":0.0,"damage_taken":0.0},{"damage_healed":0.0,"max_hp_gain":0.0,"max_hp_loss":7.0,"gold_gain":0.0,"event_name":"Golden Idol","player_choice":"Lose Max HP","floor":12.0,"gold_loss":0.0,"damage_taken":0.0,"relics_obtained":["Golden Idol"]}],"is_beta":false,"boss_relics":[],"items_purged_floors":[],"is_endless":false,"potions_floor_spawned":[5,14],"killed_by":"The Guardian","ascension_level":20}}