{"host":"bf9sa99gaumonoeu","time":1610069404,"event":{"mods":["AchievementEnabler","Act Like it!","BaseMod","Better Sensory Stone","Colored Map","Colored Powertips","Downfall","Friendly Minions","Gensokyo","GifTheSpireLib","Googly Eyes","Hallownest","Hermit","Hubris","Jorbs\u0027s Wanderer Trilogy","KinomotoSakuraMod(????)","Koishi","Lobotomy","Marisa????????","Minty Spire (QoL Compilation)","Rare Cards Sparkle","Reimu??????","Relic Stats","Remilia??????","Replay The Spire","StSLib","The Administrix","The Animator","The Blue Laboratory","The Bug Knight","The Construct","The Cursed","The Disciple","The Hierophant","The Mystic","The Necromancer","The Poker Player","The Runesmith","The Senshi","The Servant 0.9.4"],"gold_per_floor":[113,113,130,143,154,154,229,229,229,264,276,295,295,143,143,243,343,355,372,372,388,438,471,471,471],"floor_reached":24,"playtime":1657,"items_purged":["HollowMod:NailStrikeStart"],"score":218,"play_id":"020e9692-016a-422f-a0ff-c85417613231","local_time":"20210107233004","is_ascension_mode":false,"campfire_choices":[{"data":"HollowMod:MothsMistake","floor":6,"key":"SMITH"},{"data":"HollowMod:DescendingDark","floor":8,"key":"SMITH"},{"data":"HollowMod:BlackTendrils","floor":13,"key":"SMITH"},{"data":"HollowMod:FocusHealStart","floor":15,"key":"SMITH"}],"circlet_count":0,"master_deck":["HollowMod:NailStrikeStart","HollowMod:NailStrikeStart","HollowMod:NailStrikeStart","HollowMod:QuickDashStart","HollowMod:QuickDashStart","HollowMod:QuickDashStart","HollowMod:FocusHealStart+1","HollowMod:PogoStrike","HollowMod:WraithStrike","HollowMod:Weaversong+1","HollowMod:DoubleDash","HollowMod:DescendingDark+1","HollowMod:MothsMistake+1","HollowMod:BlackTendrils+1","HollowMod:QuirrelsAssistance","HollowMod:HuntersJournal+1","HollowMod:Weaversong","HollowMod:BrokenVessel","HollowMod:Hiveblood+1"],"relics":["HollowMod:VesselMask","Toxic Egg 2","Art of War","Replay:Wanted Poster","Bag of Preparation"],"acts_visited":["Exordium","TheCity"],"potions_floor_usage":[3,10,21,23,23],"damage_taken":[{"damage":5,"enemies":"Jaw Worm","floor":1,"turns":5},{"damage":4,"enemies":"Small Slimes","floor":3,"turns":3},{"damage":0,"enemies":"2 Louse","floor":4,"turns":2},{"damage":0,"enemies":"Gremlin Gang","floor":5,"turns":3},{"damage":6,"enemies":"Gremlin Nob","floor":10,"turns":3},{"damage":3,"enemies":"2 Fungi Beasts","floor":11,"turns":3},{"damage":6,"enemies":"3 Louse","floor":12,"turns":2},{"damage":47,"enemies":"The Guardian","floor":16,"turns":8},{"damage":5,"enemies":"Chosen","floor":18,"turns":3},{"damage":21,"enemies":"Shell Parasite","floor":19,"turns":5},{"damage":9,"enemies":"3 Cultists","floor":21,"turns":3},{"damage":52,"enemies":"Slavers","floor":23,"turns":4},{"damage":64,"enemies":"Shelled Parasite and Fungi","floor":24,"turns":4}],"seed_played":"3524112044501862727","potions_obtained":[{"floor":0,"key":"Fruit Juice"},{"floor":0,"key":"blueLaboratory:BottleOfRum"},{"floor":0,"key":"blueLaboratory:NullPotion"},{"floor":3,"key":"Guardian:BlockOnCardUsePotion"},{"floor":4,"key":"Adrenaline Potion"},{"floor":10,"key":"blueLaboratory:RememoryPotion"},{"floor":12,"key":"SteroidPotion"},{"floor":18,"key":"Explosive Potion"},{"floor":23,"key":"blueLaboratory:SavagePotion"}],"is_trial":false,"path_per_floor":["M","?","M","M","M","R","?","R","T","E","M","M","R","$","R","B",null,"M","M","?","M","?","E","M"],"character_chosen":"THE_BUGKNIGHT","items_purchased":["HollowMod:HuntersJournal+1"],"campfire_rested":0,"item_purchase_floors":[14],"current_hp_per_floor":[71,71,72,72,72,72,61,61,61,55,54,48,48,48,48,15,80,80,62,62,56,56,28,0,0],"gold":471,"neow_bonus":"THREE_SMALL_POTIONS","is_daily":false,"chose_seed":false,"campfire_upgraded":4,"win_rate":0.0,"timestamp":1610069404,"path_taken":["M","?","M","M","M","R","?","R","T","E","M","M","R","?","R","BOSS","M","?","?","M","?","E","?"],"items_purchased_type":["Card"],"build_version":"2020-12-22","purchased_purges":1,"victory":false,"max_hp_per_floor":[75,75,80,80,80,80,80,80,80,80,80,80,80,80,80,80,80,80,80,80,80,80,80,80,80],"relic_stats":{"counters":[13,48],"Art of War":[3],"Bag of Preparation":[2],"obtain_stats":[{"Replay:Wanted Poster":17,"HollowMod:VesselMask":0,"Art of War":10,"Bag of Preparation":23,"Toxic Egg 2":9},{"Replay:Wanted Poster":8,"HollowMod:VesselMask":0,"Art of War":5,"Bag of Preparation":12,"Toxic Egg 2":4},{"Replay:Wanted Poster":29,"HollowMod:VesselMask":0,"Art of War":16,"Bag of Preparation":44,"Toxic Egg 2":13}]},"card_choices":[{"not_picked":["HollowMod:QuirrelsAssistance","HollowMod:SoulSplash"],"picked":"HollowMod:WraithStrike","floor":1},{"not_picked":["HollowMod:ChannelNail","HollowMod:MothsMistake"],"picked":"HollowMod:DoubleDash","floor":3},{"not_picked":["HollowMod:NewGlowingWomb","HollowMod:LifebloodCocoon"],"picked":"HollowMod:DescendingDark","floor":4},{"not_picked":["HollowMod:MawleksShell","HollowMod:DashSlash"],"picked":"HollowMod:MothsMistake","floor":5},{"not_picked":["HollowMod:MawleksShell+1","HollowMod:RecoilStrike"],"picked":"HollowMod:BlackTendrils","floor":10},{"not_picked":["HollowMod:ChannelNail+1","HollowMod:HowlingWraiths","HollowMod:VengefulSpirit"],"picked":"SKIP","floor":11},{"not_picked":["HollowMod:HeavyBlow","HollowMod:CycloneSlash"],"picked":"HollowMod:QuirrelsAssistance","floor":12},{"not_picked":["HollowMod:theNailsmith+1","HollowMod:PureVessel"],"picked":"HollowMod:Weaversong","floor":16},{"not_picked":["HollowMod:TaintedHusks+1","HollowMod:CoiledNail","HollowMod:InfectedCysts"],"picked":"SKIP","floor":18},{"not_picked":["HollowMod:InfectedCysts","HollowMod:FastStrike"],"picked":"HollowMod:BrokenVessel","floor":19},{"not_picked":["HollowMod:LifebloodCocoon+1","HollowMod:InfectedCysts"],"picked":"HollowMod:Hiveblood+1","floor":21},{"not_picked":["HollowMod:VengefulSpirit","HollowMod:SoulStrike","HollowMod:CycloneSlash+1"],"picked":"SKIP","floor":23}],"player_experience":867785,"relics_obtained":[{"floor":9,"key":"Toxic Egg 2"},{"floor":10,"key":"Art of War"},{"floor":23,"key":"Bag of Preparation"}],"event_choices":[{"damage_healed":0,"gold_gain":75,"player_choice":"Gather Gold","damage_taken":11,"max_hp_gain":0,"max_hp_loss":0,"event_name":"World of Goop","floor":7,"gold_loss":0},{"damage_healed":0,"gold_gain":100,"player_choice":"Bet on Murderer","damage_taken":0,"max_hp_gain":0,"max_hp_loss":0,"event_name":"The Joust","floor":22,"gold_loss":50}],"is_beta":false,"boss_relics":[{"not_picked":["Tiny House","hubris:HollowSoul"],"picked":"Replay:Wanted Poster"}],"items_purged_floors":[14],"is_endless":false,"potions_floor_spawned":[3,4,10,12,18,23],"killed_by":"Shelled Parasite and Fungi","ascension_level":0}}