{"host":"ymknu7vcxiutstwp","time":1610118185,"event":{"mods":["AchievementEnabler","BaseMod","Colored Powertips","Highlight Path","Minty Spire (QoL Compilation)","Relic Stats","StSLib"],"gold_per_floor":[116,133,146,165,178,213,213,213,237,237,249,278,1,13,13,110,110,120,120,8,21,32,32,32,42,42,42,42,42],"floor_reached":28,"playtime":1923,"items_purged":[],"score":348,"play_id":"070ae68f-7040-4f43-ae21-f7eb45cb6fbc","local_time":"20210108150305","is_ascension_mode":true,"campfire_choices":[{"floor":8.0,"key":"REST"},{"data":"Blade Dance","floor":15.0,"key":"SMITH"},{"floor":23.0,"key":"REST"},{"floor":27,"key":"REST"}],"circlet_count":0,"master_deck":["AscendersBane","Strike_G","Strike_G","Defend_G","Defend_G","Defend_G","Defend_G","Defend_G","Survivor","Neutralize","Quick Slash","Blade Dance+1","Terror","Blade Dance","Underhanded Strike","Expertise","Finisher","Flying Knee","Caltrops","Dagger Spray","Unload","Outmaneuver+1","Crippling Poison+1","Skewer+1","Sucker Punch","Footwork","Leg Sweep+1","Blade Dance","Dagger Throw"],"relics":["SlaversCollar","Shuriken","Art of War","Snake Skull","Astrolabe","Nloth\u0027s Gift","Singing Bowl"],"acts_visited":["Exordium","TheCity"],"potions_floor_usage":[28],"damage_taken":[{"damage":4.0,"enemies":"Cultist","floor":1.0,"turns":6.0},{"damage":0.0,"enemies":"Jaw Worm","floor":2.0,"turns":3.0},{"damage":4.0,"enemies":"2 Louse","floor":3.0,"turns":3.0},{"damage":26.0,"enemies":"Gremlin Gang","floor":4.0,"turns":6.0},{"damage":11.0,"enemies":"Lots of Slimes","floor":5.0,"turns":5.0},{"damage":15.0,"enemies":"Lagavulin","floor":6.0,"turns":4.0},{"damage":11.0,"enemies":"3 Louse","floor":11.0,"turns":4.0},{"damage":10.0,"enemies":"Gremlin Nob","floor":12.0,"turns":3.0},{"damage":17.0,"enemies":"Exordium Wildlife","floor":14.0,"turns":3.0},{"damage":43.0,"enemies":"Hexaghost","floor":16.0,"turns":6.0},{"damage":19.0,"enemies":"Shell Parasite","floor":18.0,"turns":5.0},{"damage":18.0,"enemies":"3 Byrds","floor":21.0,"turns":5.0},{"damage":24.0,"enemies":"Shelled Parasite and Fungi","floor":22.0,"turns":5.0},{"damage":23,"enemies":"Centurion and Healer","floor":25,"turns":7},{"damage":31,"enemies":"Slavers","floor":28,"turns":3}],"seed_played":"-1775431049333141475","potions_obtained":[{"floor":3.0,"key":"GamblersBrew"},{"floor":5.0,"key":"Poison Potion"},{"floor":11.0,"key":"ColorlessPotion"},{"floor":16.0,"key":"Weak Potion"},{"floor":18.0,"key":"Fire Potion"},{"floor":25,"key":"Ancient Potion"}],"is_trial":false,"path_per_floor":["M","M","M","M","M","E","?","R","T","?","M","E","$","M","R","B",null,"M","?","$","M","M","R","?","M","T","R","E"],"character_chosen":"THE_SILENT","items_purchased":["Lee\u0027s Waffle","SteroidPotion","Caltrops","CunningPotion","Footwork"],"campfire_rested":3,"item_purchase_floors":[13,13,13,20,20],"current_hp_per_floor":[59,59,55,29,18,3,3,24,24,24,13,3,77,60,60,17,62,43,43,43,25,1,24,24,1,1,24,0,0],"gold":42,"neow_bonus":"BOSS_RELIC","is_daily":false,"chose_seed":false,"campfire_upgraded":1,"win_rate":0.0,"timestamp":1610118185,"path_taken":["M","?","M","M","M","E","?","R","T","?","M","E","?","M","R","BOSS","M","?","$","?","?","R","?","M","T","R","E"],"items_purchased_type":["Relic","Potion","Card","Potion","Card"],"build_version":"2020-12-22","purchased_purges":0,"victory":false,"max_hp_per_floor":[70,70,70,70,70,70,70,70,70,70,70,70,77,77,77,77,77,77,77,77,77,77,77,77,77,77,77,77,77],"relic_stats":{"Singing Bowl":0,"counters":[15,68],"Shuriken":[21],"Astrolabe":["Outmaneuver","Crippling Poison","Skewer"],"Snake Skull":[5],"Art of War":[1],"Nloth\u0027s Gift":0,"obtain_stats":[{"SlaversCollar":0,"Lee\u0027s Waffle":13,"Singing Bowl":26,"Shuriken":6,"Astrolabe":17,"Snake Skull":12,"Art of War":9,"Nloth\u0027s Gift":19,"Ring of the Snake":0},{"SlaversCollar":0,"Lee\u0027s Waffle":8,"Singing Bowl":14,"Shuriken":6,"Astrolabe":10,"Snake Skull":8,"Art of War":6,"Nloth\u0027s Gift":11,"Ring of the Snake":0},{"SlaversCollar":0,"Lee\u0027s Waffle":34,"Singing Bowl":65,"Shuriken":27,"Astrolabe":43,"Snake Skull":34,"Art of War":27,"Nloth\u0027s Gift":48,"Ring of the Snake":0}]},"card_choices":[{"not_picked":["Dagger Spray","Reflex"],"picked":"Quick Slash","floor":1.0},{"not_picked":["Crippling Poison","Backflip"],"picked":"Blade Dance","floor":2.0},{"not_picked":["Flying Knee","Cloak And Dagger"],"picked":"Terror","floor":3.0},{"not_picked":["PiercingWail","Backflip"],"picked":"Blade Dance","floor":4.0},{"not_picked":["Outmaneuver","Reflex"],"picked":"Underhanded Strike","floor":5.0},{"not_picked":["Slice","Outmaneuver"],"picked":"Expertise","floor":6.0},{"not_picked":["Sucker Punch","Flying Knee"],"picked":"Finisher","floor":11.0},{"not_picked":["Dagger Spray","Dagger Throw"],"picked":"Flying Knee","floor":12.0},{"not_picked":["Eviscerate","Slice"],"picked":"Dagger Spray","floor":14.0},{"not_picked":["Glass Knife","Tools of the Trade"],"picked":"Unload","floor":16.0},{"not_picked":["Deflect","Deadly Poison"],"picked":"Sucker Punch","floor":18.0},{"not_picked":["Acrobatics+1","Eviscerate+1"],"picked":"Leg Sweep+1","floor":21.0},{"not_picked":["Dagger Throw","Bouncing Flask+1"],"picked":"Blade Dance","floor":22.0},{"not_picked":["Masterful Stab","Choke"],"picked":"Dagger Throw","floor":25}],"player_experience":639408,"relics_obtained":[{"floor":6.0,"key":"Shuriken"},{"floor":9.0,"key":"Art of War"},{"floor":12.0,"key":"Snake Skull"},{"floor":26,"key":"Singing Bowl"}],"event_choices":[{"damage_healed":0.0,"max_hp_gain":0.0,"max_hp_loss":0.0,"gold_gain":0.0,"event_name":"Scrap Ooze","player_choice":"Fled","floor":7.0,"gold_loss":0.0,"damage_taken":0.0},{"damage_healed":0.0,"max_hp_gain":0.0,"max_hp_loss":0.0,"gold_gain":0.0,"event_name":"Liars Game","player_choice":"Ignored","floor":10.0,"gold_loss":0.0,"damage_taken":0.0},{"damage_healed":0.0,"max_hp_gain":0.0,"max_hp_loss":0.0,"gold_gain":0.0,"event_name":"N\u0027loth","player_choice":"Traded Relic","floor":19.0,"relics_lost":["Lee\u0027s Waffle"],"gold_loss":0.0,"damage_taken":0.0,"relics_obtained":["Nloth\u0027s Gift"]},{"damage_healed":0.0,"max_hp_gain":0.0,"max_hp_loss":0.0,"gold_gain":0.0,"event_name":"Cursed Tome","player_choice":"Ignored","floor":24.0,"gold_loss":0.0,"damage_taken":0.0}],"is_beta":false,"boss_relics":[{"not_picked":["SacredBark","Ectoplasm"],"picked":"Astrolabe"}],"items_purged_floors":[],"is_endless":false,"potions_floor_spawned":[3,5,11,16,18,25],"killed_by":"Slavers","ascension_level":10}}