{"host":"3jjxuhjpio8e4zkv","time":1610141077,"event":{"mods":["BaseMod","Colored Map","Highlight Path","Minty Spire (QoL Compilation)","Permanent Neow","Relic Stats","StSLib"],"gold_per_floor":[117,117,129,17,28,28,61,5,5,17,44,56,96,120,132,218,230,254,277,6,21,39,73,73,108,133,133,163,176,208,219,219,290,290,307,322,322,369,384,384,413,430,430,430,430,448,254,297,297,297,297,297,297,32,59,59],"floor_reached":57,"playtime":3663,"items_purged":["Caltrops","Predator"],"score":2878,"play_id":"525b2271-ef5e-4c43-a319-30e9aa92c675","local_time":"20210108162437","is_ascension_mode":true,"campfire_choices":[{"data":"Skewer","floor":6,"key":"SMITH"},{"data":"Neutralize","floor":10,"key":"SMITH"},{"data":"Adrenaline","floor":12,"key":"SMITH"},{"data":"Leg Sweep","floor":15,"key":"SMITH"},{"data":"Wraith Form v2","floor":24,"key":"SMITH"},{"floor":27,"key":"REST"},{"floor":32,"key":"REST"},{"data":"Bullet Time","floor":40,"key":"PURGE"},{"floor":44,"key":"RECALL"},{"floor":49,"key":"REST"},{"data":"Flying Knee","floor":53,"key":"PURGE"}],"circlet_count":0,"master_deck":["AscendersBane","Survivor","Neutralize+1","Adrenaline+1","Skewer+1","Deadly Poison","Leg Sweep+1","Acrobatics","Blade Dance","Wraith Form v2+1","Caltrops","Heel Hook","Calculated Gamble","Calculated Gamble","Endless Agony","Quick Slash","Endless Agony+1","Terror+1","Noxious Fumes","Cloak And Dagger+1","Slice+1","Corpse Explosion","Blade Dance","Adrenaline","Backflip+1","Malaise","Accuracy+1","Footwork","Backflip","Distraction+1","PiercingWail","Prepared+1","Well Laid Plans","Dark Shackles","Acrobatics"],"relics":["Ring of the Snake","Spirit Poop","InkBottle","MawBank","Shuriken","Pandora\u0027s Box","Bag of Marbles","Dream Catcher","Blood Vial","Bronze Scales","Strawberry","Art of War","Fusion Hammer","Peace Pipe","Kunai","CeramicFish","Pen Nib","Orichalcum"],"acts_visited":["Exordium","TheCity","TheBeyond","TheEnding"],"potions_floor_usage":[7,13,23,25,33,56],"damage_taken":[{"damage":0,"enemies":"2 Louse","floor":1,"turns":2},{"damage":0,"enemies":"Cultist","floor":3,"turns":3},{"damage":0,"enemies":"Small Slimes","floor":5,"turns":3},{"damage":19,"enemies":"Lagavulin","floor":7,"turns":4},{"damage":8,"enemies":"Blue Slaver","floor":11,"turns":4},{"damage":7,"enemies":"3 Sentries","floor":13,"turns":7},{"damage":0,"enemies":"Large Slime","floor":14,"turns":3},{"damage":7,"enemies":"The Guardian","floor":16,"turns":14},{"damage":1,"enemies":"Chosen","floor":18,"turns":3},{"damage":11,"enemies":"2 Thieves","floor":19,"turns":2},{"damage":0,"enemies":"3 Cultists","floor":21,"turns":4},{"damage":7,"enemies":"Snake Plant","floor":22,"turns":3},{"damage":5,"enemies":"Gremlin Leader","floor":23,"turns":2},{"damage":11,"enemies":"Book of Stabbing","floor":25,"turns":3},{"damage":4,"enemies":"Gremlin Leader","floor":28,"turns":4},{"damage":21,"enemies":"Shelled Parasite and Fungi","floor":29,"turns":3},{"damage":0,"enemies":"Slavers","floor":30,"turns":2},{"damage":0,"enemies":"Chosen and Byrds","floor":31,"turns":2},{"damage":23,"enemies":"Automaton","floor":33,"turns":7},{"damage":0,"enemies":"3 Shapes","floor":35,"turns":1},{"damage":0,"enemies":"Orb Walker","floor":36,"turns":1},{"damage":0,"enemies":"2 Orb Walkers","floor":38,"turns":2},{"damage":0,"enemies":"Sphere and 2 Shapes","floor":39,"turns":5},{"damage":2,"enemies":"Giant Head","floor":41,"turns":4},{"damage":0,"enemies":"Maw","floor":42,"turns":5},{"damage":20,"enemies":"Writhing Mass","floor":46,"turns":4},{"damage":8,"enemies":"Nemesis","floor":48,"turns":3},{"damage":31,"enemies":"Awakened One","floor":50,"turns":11},{"damage":6,"enemies":"Donu and Deca","floor":51,"turns":8},{"damage":22,"enemies":"Shield and Spear","floor":55,"turns":5},{"damage":27,"enemies":"The Heart","floor":56,"turns":8}],"seed_played":"6391661890428448834","potions_obtained":[{"floor":19,"key":"Swift Potion"},{"floor":25,"key":"Poison Potion"},{"floor":28,"key":"PowerPotion"},{"floor":29,"key":"PowerPotion"},{"floor":35,"key":"AttackPotion"},{"floor":39,"key":"Ancient Potion"}],"is_trial":false,"path_per_floor":["M","?","M","$","M","R","E","$","T","R","M","R","E","M","R","B",null,"M","M","$","M","M","E","R","E","T","R","E","M","E","M","R","B",null,"M","M","?","?","M","R","E","M","T","R","?","M","$","E","R","B","B",null,"R","$","E","B",null],"character_chosen":"THE_SILENT","items_purchased":["Strength Potion","Fire Potion","Strength Potion","Bag of Marbles","Noxious Fumes","Well Laid Plans","Dark Shackles","Pen Nib"],"campfire_rested":3,"item_purchase_floors":[4,4,8,20,20,47,47,54],"current_hp_per_floor":[59,59,59,59,59,59,40,40,40,40,32,32,25,25,25,18,54,53,42,42,42,35,30,30,19,19,38,43,24,26,28,49,28,62,64,66,66,68,70,70,70,72,72,72,69,49,49,43,63,34,30,59,59,59,39,14],"gold":59,"neow_bonus":"TRANSFORM_TWO_CARDS","is_daily":false,"chose_seed":false,"campfire_upgraded":5,"win_rate":0.0,"timestamp":1610141077,"path_taken":["M","?","M","$","M","R","E","$","T","R","?","R","E","M","R","BOSS","M","M","$","M","M","E","R","E","T","R","E","M","E","M","R","BOSS","M","M","?","?","M","R","E","M","T","R","?","?","$","E","R","BOSS","BOSS","R","$","E","BOSS"],"items_purchased_type":["Potion","Potion","Potion","Relic","Card","Card","Card","Relic"],"build_version":"2020-12-22","purchased_purges":2,"victory":true,"max_hp_per_floor":[66,66,66,66,66,66,66,66,66,66,66,66,66,66,66,66,66,66,66,66,66,66,66,66,66,66,66,73,73,73,73,73,73,73,73,73,73,73,73,73,73,73,73,73,69,69,69,69,69,69,69,69,69,69,69,69],"relic_stats":{"counters":[31,132],"CeramicFish":9,"Pen Nib":[5],"Orichalcum":[18],"MawBank":132,"Blood Vial":32,"Peace Pipe":2,"Dream Catcher":3,"Shuriken":[125],"Bronze Scales":[307],"Pandora\u0027s Box":["Caltrops","Heel Hook","Caltrops","Bullet Time","Calculated Gamble","Calculated Gamble","Endless Agony","Quick Slash"],"Art of War":[5],"Kunai":[50],"obtain_stats":[{"CeramicFish":48,"Spirit Poop":2,"Pen Nib":54,"Orichalcum":55,"MawBank":9,"Blood Vial":25,"Peace Pipe":38,"Dream Catcher":23,"Shuriken":13,"Bronze Scales":26,"Strawberry":28,"Pandora\u0027s Box":17,"Fusion Hammer":34,"Bag of Marbles":20,"Art of War":30,"Kunai":41,"InkBottle":7,"Ring of the Snake":0},{"CeramicFish":27,"Spirit Poop":1,"Pen Nib":29,"Orichalcum":30,"MawBank":4,"Blood Vial":14,"Peace Pipe":22,"Dream Catcher":13,"Shuriken":6,"Bronze Scales":14,"Strawberry":15,"Pandora\u0027s Box":8,"Fusion Hammer":19,"Bag of Marbles":10,"Art of War":17,"Kunai":24,"InkBottle":4,"Ring of the Snake":0},{"CeramicFish":100,"Spirit Poop":2,"Pen Nib":119,"Orichalcum":124,"MawBank":12,"Blood Vial":57,"Peace Pipe":79,"Dream Catcher":54,"Shuriken":23,"Bronze Scales":57,"Strawberry":61,"Pandora\u0027s Box":40,"Fusion Hammer":75,"Bag of Marbles":45,"Art of War":66,"Kunai":88,"InkBottle":12,"Ring of the Snake":0}],"InkBottle":[93],"Ring of the Snake":[65]},"card_choices":[{"not_picked":["Blade Dance","Poisoned Stab"],"picked":"Flying Knee","floor":1},{"not_picked":["Quick Slash","Crippling Poison"],"picked":"Predator","floor":3},{"not_picked":["Dodge and Roll","Slice"],"picked":"Deadly Poison","floor":5},{"not_picked":["Deflect","Quick Slash"],"picked":"Leg Sweep","floor":7},{"not_picked":["Dagger Throw","Caltrops"],"picked":"Acrobatics","floor":11},{"not_picked":["Burst","Catalyst"],"picked":"Blade Dance","floor":13},{"not_picked":["Deadly Poison","Reflex","Blade Dance"],"picked":"SKIP","floor":14},{"not_picked":["Venomology","Night Terror"],"picked":"Wraith Form v2","floor":16},{"not_picked":["PiercingWail","Bane"],"picked":"Endless Agony+1","floor":18},{"not_picked":["Flying Knee","Underhanded Strike"],"picked":"Terror+1","floor":19},{"not_picked":["Eviscerate","Bane","Outmaneuver+1"],"picked":"SKIP","floor":21},{"not_picked":["Bouncing Flask","Setup"],"picked":"Cloak And Dagger+1","floor":22},{"not_picked":["Catalyst","Acrobatics"],"picked":"Slice+1","floor":23},{"not_picked":["Outmaneuver+1","Bouncing Flask"],"picked":"Corpse Explosion","floor":25},{"not_picked":["Deadly Poison","Quick Slash"],"picked":"Blade Dance","floor":28},{"not_picked":["Setup","Acrobatics","Choke"],"picked":"SKIP","floor":29},{"not_picked":["Deflect","Sucker Punch","Deadly Poison"],"picked":"SKIP","floor":30},{"not_picked":["Eviscerate+1","Endless Agony"],"picked":"Adrenaline","floor":31},{"not_picked":["Sucker Punch","Deadly Poison"],"picked":"Backflip+1","floor":32},{"not_picked":["Grand Finale","Venomology"],"picked":"Malaise","floor":33},{"not_picked":["Distraction+1","Cloak And Dagger"],"picked":"Accuracy+1","floor":35},{"not_picked":["Underhanded Strike","Poisoned Stab","Accuracy"],"picked":"SKIP","floor":36},{"not_picked":["Deflect+1","Expertise"],"picked":"Footwork","floor":38},{"not_picked":["Backflip","Blade Dance","Dodge and Roll"],"picked":"SKIP","floor":39},{"not_picked":["Blade Dance","Dodge and Roll"],"picked":"Backflip","floor":39},{"not_picked":["Acrobatics+1","Sucker Punch"],"picked":"Distraction+1","floor":41},{"not_picked":["Poisoned Stab","Dagger Throw+1"],"picked":"PiercingWail","floor":42},{"not_picked":["Tactician","All Out Attack"],"picked":"Prepared+1","floor":46},{"not_picked":["Prepared+1","Venomology"],"picked":"Acrobatics","floor":48},{"not_picked":["Deadly Poison","Choke","Quick Slash"],"picked":"SKIP","floor":55}],"player_experience":1186574,"relics_obtained":[{"floor":7,"key":"InkBottle"},{"floor":9,"key":"MawBank"},{"floor":13,"key":"Shuriken"},{"floor":23,"key":"Dream Catcher"},{"floor":25,"key":"Blood Vial"},{"floor":26,"key":"Bronze Scales"},{"floor":28,"key":"Strawberry"},{"floor":30,"key":"Art of War"},{"floor":38,"key":"Peace Pipe"},{"floor":41,"key":"Kunai"},{"floor":48,"key":"CeramicFish"},{"floor":55,"key":"Orichalcum"}],"event_choices":[{"cards_removed":["Clumsy"],"damage_healed":0,"gold_gain":0,"player_choice":"Offered Curse","damage_taken":0,"relics_obtained":["Spirit Poop"],"max_hp_gain":0,"max_hp_loss":0,"event_name":"Bonfire Elementals","floor":2,"gold_loss":0},{"damage_healed":0,"gold_gain":0,"player_choice":"Ignored","damage_taken":0,"max_hp_gain":0,"max_hp_loss":0,"event_name":"Tomb of Lord Red Mask","floor":37,"gold_loss":0},{"damage_healed":0,"gold_gain":0,"player_choice":"Fight","damage_taken":0,"max_hp_gain":0,"max_hp_loss":0,"event_name":"Mysterious Sphere","floor":38,"gold_loss":0},{"damage_healed":0,"gold_gain":0,"player_choice":"Max HP","damage_taken":0,"max_hp_gain":0,"max_hp_loss":4,"event_name":"Winding Halls","floor":45,"gold_loss":0}],"is_beta":false,"boss_relics":[{"not_picked":["Coffee Dripper","Runic Pyramid"],"picked":"Pandora\u0027s Box"},{"not_picked":["Empty Cage","HoveringKite"],"picked":"Fusion Hammer"}],"items_purged_floors":[20,54],"is_endless":false,"potions_floor_spawned":[5,11,19,22,25,28,29,35,39,42,46],"ascension_level":20}}