{"host":"vm8b3ptwl81uq21f","time":1610089723,"event":{"mods":["Aspiration","BaseMod","BetterRewards","Colored Map","Colored Powertips","Downfall","GifTheSpireLib","Googly Eyes","GungeonMod","Halation","Hubris","Infinite Spire","Minty Spire (QoL Compilation)","Quick Restart","Rare Cards Sparkle","Replay The Spire","Shop Mod","Spicy Shops","StSLib","Stuff the Spire","The IronCluck","[IsaacMod]????"],"gold_per_floor":[119,8,8,8,28,64,64,64,89,3,32,307,345,364,364,515,515,528,126,155,191,219,261,261,17,17,44,65,65,103,132,132,248,248,269,269,491,518,171,213,243,293,293,319,319,347,347,347,347,359],"floor_reached":51,"playtime":2610,"items_purged":["DemoMod:RustySidearm","DemoMod:CrossBow","Injury","DemoMod:Strike_Huntress"],"score":1108,"play_id":"65fb92d2-5e26-4e84-925c-080c6dab47c2","local_time":"20210108020843","is_ascension_mode":true,"campfire_choices":[{"data":"hubris:Lust","floor":8,"key":"SMITH"},{"data":"Regret","floor":15,"key":"SMITH"},{"data":"Shame","floor":24,"key":"SMITH"},{"data":"CurseOfTheBell","floor":32,"key":"SMITH"},{"data":"DemoMod:Replace","floor":47,"key":"SMITH"},{"data":"DemoMod:BoxingGlove","floor":49,"key":"SMITH"}],"circlet_count":0,"master_deck":["DemoMod:Strike_Huntress+1","DemoMod:Defend_Huntress+1","DemoMod:Defend_Huntress+1","DemoMod:Defend_Huntress+1","DemoMod:Roll","infinitespire:Menacing","DemoMod:BoxingGlove+1","DemoMod:Elimentaler","DemoMod:Elimentaler+1","DemoMod:Unmoved+1","DemoMod:Unmoved+1","DemoMod:Elimentaler","DemoMod:Replace+1","DemoMod:Behold!","DemoMod:FastSwitch+1","expansioncontent:QuickStudy","DemoMod:PracticeMakesPerfect","DemoMod:MachoBrace+1","DemoMod:HardPowerCard","DemoMod:ConditionalReflex+1"],"relics":["DemoMod:Dog","HushsDoor","NeowsBlessing","Leech","halation:EternalFortune","aspiration:SeaSaltIceCream","Cracked Core","halation:PrussianBluePaint","Replay:Lucky Slots","Replay:Bottled Steam","halation:LettersToHer","Pen Nib","Replay:Bandana","hubris:Reverence","FossilizedHelix","Chaos","MerchantsRug","Counterbalance","Red Mask","Replay:Accelerometer","DemoMod:PartiallyEatenCheese","hubris:Potato","aspiration:FrozenJewel","halation:SelfBoilingWater","hubris:BundleOfHerbs","TungstenRod","MoneyPower","halation:PinkSoulGem"],"acts_visited":["Exordium","TheCity","TheBeyond"],"potions_floor_usage":[13,16,20,28,42,50,50],"damage_taken":[{"damage":0,"enemies":"Small Slimes","floor":1,"turns":1},{"damage":0,"enemies":"Jaw Worm","floor":5,"turns":1},{"damage":0,"enemies":"3 Sentries","floor":6,"turns":1},{"damage":0,"enemies":"Gremlin Nob","floor":11,"turns":2},{"damage":30,"enemies":"3 Sentries","floor":13,"turns":9},{"damage":2,"enemies":"Cultist","floor":14,"turns":2},{"damage":20,"enemies":"The Guardian","floor":16,"turns":11},{"damage":0,"enemies":"Shell Parasite","floor":18,"turns":1},{"damage":5,"enemies":"3 Byrds","floor":20,"turns":6},{"damage":21,"enemies":"Masked Bandits","floor":21,"turns":6},{"damage":1,"enemies":"Snecko","floor":22,"turns":5},{"damage":10,"enemies":"Gremlin Leader","floor":23,"turns":8},{"damage":0,"enemies":"Centurion and Healer","floor":27,"turns":6},{"damage":0,"enemies":"Snake Plant","floor":28,"turns":4},{"damage":0,"enemies":"Replay:Snechameleon","floor":30,"turns":5},{"damage":0,"enemies":"Cultist and Chosen","floor":31,"turns":5},{"damage":13,"enemies":"hubris:MusketHawk","floor":33,"turns":10},{"damage":24,"enemies":"3 Darklings","floor":35,"turns":6},{"damage":0,"enemies":"R_Hoarder","floor":40,"turns":8},{"damage":0,"enemies":"Orb Walker","floor":41,"turns":2},{"damage":20,"enemies":"Giant Head","floor":42,"turns":10},{"damage":0,"enemies":"3 Darklings","floor":44,"turns":5},{"damage":0,"enemies":"4 Shapes","floor":46,"turns":4},{"damage":0,"enemies":"infinitespire:MassOfShapes","floor":50,"turns":6}],"seed_played":"-5695418189612153720","potions_obtained":[{"floor":1,"key":"champ:CounterPotion"},{"floor":6,"key":"Slimebound:ThreeZeroPotion"},{"floor":11,"key":"Reflective Coating"},{"floor":14,"key":"champ:CounterPotion"},{"floor":18,"key":"Swift Potion"},{"floor":22,"key":"Guardian:BlockOnCardUsePotion"},{"floor":27,"key":"FairyPotion"},{"floor":27,"key":"LifebloodPotion"},{"floor":33,"key":"Dexterity Potion"},{"floor":41,"key":"Swift Potion"},{"floor":45,"key":"CultistPotion"}],"is_trial":false,"path_per_floor":["M","$","?","?","M","E","?","R","T","$","E","?","E","M","R","B",null,"M","$","M","?","M","E","R","$","T","M","M","?","E","M","R","B",null,"M","?","?","T","$","E","M","E","T","M","?","M","R","?","R","B",null],"character_chosen":"HUNTRESS","items_purchased":["DemoMod:DirectionalPad","Replay:Lucky Slots","Chaos","MerchantsRug","Counterbalance","Replay:Accelerometer","expansioncontent:QuickStudy","DemoMod:PracticeMakesPerfect"],"campfire_rested":0,"item_purchase_floors":[2,10,19,19,19,25,39,39],"current_hp_per_floor":[70,70,73,40,40,40,40,40,40,40,41,41,17,16,16,2,73,73,73,70,54,58,54,54,54,54,59,62,69,73,73,73,61,73,55,55,55,55,55,61,62,48,48,52,52,55,55,55,55,76],"gold":359,"neow_bonus":"THREE_ENEMY_KILL","is_daily":false,"chose_seed":false,"campfire_upgraded":6,"win_rate":0.0,"timestamp":1610089723,"path_taken":["M","$","?","?","?","E","?","R","T","$","E","?","E","M","R","BOSS","M","$","M","?","M","E","R","$","T","M","?","?","E","M","R","BOSS","M","?","?","?","$","E","M","E","T","?","?","M","R","?","R","BOSS"],"items_purchased_type":["Card","Relic","Card","Relic","Relic","Relic","Card","Card"],"build_version":"2020-12-22","purchased_purges":4,"victory":true,"max_hp_per_floor":[70,70,73,73,73,73,73,73,73,73,73,73,73,73,73,73,73,73,73,73,73,73,73,73,73,73,73,73,73,73,73,73,73,73,76,76,76,76,76,76,76,76,76,76,76,76,76,76,76,76],"card_choices":[{"not_picked":["DemoMod:HuntsMan","DemoMod:PotionOfGunFriendShip"],"picked":"DemoMod:BoxingGlove","floor":1},{"not_picked":["DemoMod:Polaris","DemoMod:CombinedRifle","DemoMod:ChanceBullets"],"picked":"SKIP","floor":5},{"not_picked":["DemoMod:AC15","DemoMod:Ejector"],"picked":"Bomb","floor":6},{"not_picked":["infinitespire:Starlight","hubris:Rewind"],"picked":"infinitespire:Menacing","floor":7},{"not_picked":["DemoMod:GunShield","DemoMod:MachoBrace"],"picked":"DemoMod:DirectionalPad","floor":11},{"not_picked":["DemoMod:LifeOrb","DemoMod:AbyssalTentacle","DemoMod:EasyReloadBullets"],"picked":"SKIP","floor":13},{"not_picked":["DemoMod:GunstockTap","DemoMod:DoubleSwitch"],"picked":"DemoMod:DirectionalPad","floor":14},{"not_picked":["DemoMod:BulletBore","DemoMod:DarkMarker"],"picked":"DemoMod:Elimentaler","floor":16},{"not_picked":["DemoMod:RadGun","DemoMod:Replace"],"picked":"DemoMod:Elimentaler","floor":18},{"not_picked":["DemoMod:Camera+1","DemoMod:SkilledReload"],"picked":"DemoMod:Unmoved","floor":20},{"not_picked":["DemoMod:DirectionalPad","DemoMod:JK47"],"picked":"DemoMod:Unmoved+1","floor":21},{"not_picked":["DemoMod:DoubleSwitch","DemoMod:EasyReloadBullets+1","DemoMod:MachoBrace"],"picked":"SKIP","floor":22},{"not_picked":["DemoMod:Unity","DemoMod:GunslingerForm"],"picked":"DemoMod:Purify","floor":23},{"not_picked":["DemoMod:Unmoved","DemoMod:PotionOfGunFriendShip"],"picked":"DemoMod:Purify","floor":23},{"not_picked":["DemoMod:FortunesFavor+1","DemoMod:TeaPot"],"picked":"DemoMod:Elimentaler","floor":27},{"not_picked":["DemoMod:DirectionalPad","DemoMod:AbyssalTentacle"],"picked":"DemoMod:Replace","floor":28},{"not_picked":["DemoMod:Ejector","DemoMod:Desperate","DemoMod:SAA"],"picked":"SKIP","floor":30},{"not_picked":["DemoMod:RadGun","DemoMod:AWP+1","DemoMod:AC15"],"picked":"SKIP","floor":31},{"not_picked":["DemoMod:FightSabre","DemoMod:Slinger"],"picked":"DemoMod:Behold!","floor":33},{"not_picked":["DemoMod:Ejector","DemoMod:TeaPot+1"],"picked":"DemoMod:FastSwitch+1","floor":35},{"not_picked":["DemoMod:BoxingGlove+1","DemoMod:JK47+1"],"picked":"DemoMod:MachoBrace+1","floor":40},{"not_picked":["DemoMod:TeaPot","DemoMod:ZorGun","DemoMod:GunslingerForm"],"picked":"SKIP","floor":41},{"not_picked":["DemoMod:RadGun","DemoMod:Replace+1"],"picked":"DemoMod:HardPowerCard","floor":42},{"not_picked":["DemoMod:MachoBrace+1","DemoMod:BattleInHaste+1"],"picked":"DemoMod:ConditionalReflex+1","floor":44},{"not_picked":["DemoMod:FastSwitch","DemoMod:Unmoved","DemoMod:TeaPot+1"],"picked":"SKIP","floor":46}],"player_experience":365905,"relics_obtained":[{"floor":6,"key":"halation:PrussianBluePaint"},{"floor":9,"key":"StuffTheSpire:Mouthbags"},{"floor":11,"key":"Replay:Bottled Steam"},{"floor":13,"key":"halation:LettersToHer"},{"floor":16,"key":"Pen Nib"},{"floor":16,"key":"Replay:Bottled Eggs"},{"floor":17,"key":"Replay:Bandana"},{"floor":17,"key":"hubris:Reverence"},{"floor":17,"key":"FossilizedHelix"},{"floor":21,"key":"Red Mask"},{"floor":23,"key":"halation:BottledHappiness"},{"floor":26,"key":"halation:LettersToHer"},{"floor":26,"key":"DemoMod:PartiallyEatenCheese"},{"floor":30,"key":"hubris:Potato"},{"floor":35,"key":"halation:EternalFortune"},{"floor":38,"key":"halation:LettersToHer"},{"floor":38,"key":"halation:SelfBoilingWater"},{"floor":40,"key":"hubris:BundleOfHerbs"},{"floor":42,"key":"TungstenRod"},{"floor":43,"key":"halation:LettersToHer"},{"floor":43,"key":"MoneyPower"}],"event_choices":[{"damage_healed":0,"gold_gain":0,"player_choice":"Success","damage_taken":33,"relics_obtained":["aspiration:SeaSaltIceCream"],"max_hp_gain":0,"max_hp_loss":0,"event_name":"Scrap Ooze","floor":4,"gold_loss":0},{"damage_healed":0,"gold_gain":275,"player_choice":"Desecrate","damage_taken":0,"max_hp_gain":0,"max_hp_loss":0,"event_name":"Golden Shrine","floor":12,"gold_loss":0,"cards_obtained":["Regret"]},{"damage_healed":0,"gold_gain":0,"player_choice":"Fought Bandits","damage_taken":0,"max_hp_gain":0,"max_hp_loss":0,"event_name":"Masked Bandits","floor":21,"gold_loss":0},{"cards_removed":["DemoMod:ManualReload"],"damage_healed":0,"gold_gain":0,"player_choice":"Removed Skill","damage_taken":0,"max_hp_gain":0,"max_hp_loss":0,"event_name":"Falling","floor":36,"gold_loss":0},{"damage_healed":0,"gold_gain":222,"player_choice":"Wore Mask","damage_taken":0,"max_hp_gain":0,"max_hp_loss":0,"event_name":"Tomb of Lord Red Mask","floor":37,"gold_loss":0},{"damage_healed":0,"gold_gain":0,"player_choice":"Got Potions","damage_taken":0,"max_hp_gain":0,"max_hp_loss":0,"event_name":"Lab","floor":45,"gold_loss":0}],"is_beta":false,"boss_relics":[{"not_picked":["aspiration:BursterCore","ReplayTheSpireMod:DimensionalGlitch"],"picked":"Calling Bell"},{"not_picked":[]},{"not_picked":["AnarchistCookbook","DemoMod:Orange"],"picked":"aspiration:FrozenJewel"},{"not_picked":[]}],"items_purged_floors":[2,19,25,39],"is_endless":false,"potions_floor_spawned":[1,6,11,14,18,22,27,27,33,41,46],"ascension_level":1}}