{"host":"p6y17sixyu8q9v1f","time":1610119636,"event":{"mods":["BaseMod","Colored Map","Minty Spire (QoL Compilation)"],"gold_per_floor":[110,126,126,301,251,283,300,330,354,6,6,19,33,45,45,140,140,151,24,24,24,34,68,18,28,28,28,57,72,90,104,104,207,207,218,218,236,20,31,31,44,78,78,98,98,124,49,49,49],"floor_reached":48,"playtime":9015,"items_purged":["Defend_B","Defend_B","Strike_B","Strike_B+1"],"score":701,"play_id":"c1bee0ba-cf72-4a23-a610-41908115feeb","local_time":"20210108092716","is_ascension_mode":true,"campfire_choices":[{"data":"Zap","floor":11,"key":"SMITH"},{"floor":15,"key":"REST"},{"floor":32,"key":"REST"},{"floor":40,"key":"DIG"},{"floor":45,"key":"DIG"}],"circlet_count":0,"master_deck":["Zap+1","Dualcast","Sweeping Beam+1","Leap","Loop","Conserve Battery","Loop","Loop","Streamline+1","Loop","Hologram+1","Buffer+1","Steam+1","Conserve Battery","Self Repair","Leap+1","Consume+1","Sweeping Beam+1","Echo Form","Redo"],"relics":["Cracked Core","NeowsBlessing","Pen Nib","Akabeko","Omamori","Membership Card","Molten Egg 2","Astrolabe","Mummified Hand","Sundial","Bag of Marbles","MutagenicStrength","Bag of Preparation","Inserter","Shovel","CeramicFish","Whetstone","Blue Candle"],"acts_visited":["Exordium","TheCity","TheBeyond"],"potions_floor_usage":[8,13,18,22,28,33,39,41,44,48],"damage_taken":[{"damage":0,"enemies":"Cultist","floor":1,"turns":1},{"damage":0,"enemies":"Small Slimes","floor":2,"turns":1},{"damage":0,"enemies":"3 Sentries","floor":6,"turns":1},{"damage":7,"enemies":"2 Louse","floor":7,"turns":3},{"damage":17,"enemies":"Gremlin Nob","floor":8,"turns":4},{"damage":1,"enemies":"Blue Slaver","floor":12,"turns":2},{"damage":29,"enemies":"Gremlin Gang","floor":13,"turns":4},{"damage":0,"enemies":"2 Fungi Beasts","floor":14,"turns":2},{"damage":12,"enemies":"Slime Boss","floor":16,"turns":9},{"damage":0,"enemies":"Shell Parasite","floor":18,"turns":6},{"damage":7,"enemies":"2 Thieves","floor":22,"turns":4},{"damage":43,"enemies":"Gremlin Leader","floor":23,"turns":7},{"damage":2,"enemies":"3 Cultists","floor":25,"turns":5},{"damage":39,"enemies":"Slavers","floor":28,"turns":6},{"damage":5,"enemies":"Chosen and Byrds","floor":29,"turns":3},{"damage":15,"enemies":"Cultist and Chosen","floor":30,"turns":5},{"damage":4,"enemies":"Snake Plant","floor":31,"turns":3},{"damage":51,"enemies":"Champ","floor":33,"turns":9},{"damage":13,"enemies":"Orb Walker","floor":35,"turns":4},{"damage":0,"enemies":"3 Shapes","floor":37,"turns":4},{"damage":50,"enemies":"Writhing Mass","floor":39,"turns":6},{"damage":26,"enemies":"Transient","floor":41,"turns":5},{"damage":12,"enemies":"Nemesis","floor":42,"turns":6},{"damage":2,"enemies":"Sphere and 2 Shapes","floor":44,"turns":4},{"damage":20,"enemies":"Jaw Worm Horde","floor":46,"turns":4},{"damage":30,"enemies":"4 Shapes","floor":48,"turns":3}],"seed_played":"1353860725631295199","potions_obtained":[{"floor":1,"key":"BlessingOfTheForge"},{"floor":2,"key":"FairyPotion"},{"floor":8,"key":"Ancient Potion"},{"floor":14,"key":"Dexterity Potion"},{"floor":16,"key":"SkillPotion"},{"floor":18,"key":"Weak Potion"},{"floor":23,"key":"Regen Potion"},{"floor":33,"key":"SkillPotion"},{"floor":35,"key":"Energy Potion"},{"floor":36,"key":"PowerPotion"},{"floor":36,"key":"FairyPotion"},{"floor":36,"key":"PowerPotion"},{"floor":42,"key":"Fire Potion"},{"floor":44,"key":"CultistPotion"},{"floor":46,"key":"GamblersBrew"}],"is_trial":false,"path_per_floor":["M","M","?","?","?","E","M","E","T","$","R","M","M","M","R","B",null,"M","$","?","?","M","E","$","M","T","?","E","M","M","M","R","B",null,"M","?","M","$","M","R","M","E","T","M","R","M","$","M"],"character_chosen":"DEFECT","items_purchased":["Membership Card","Loop","Molten Egg 2","Mummified Hand","Shovel"],"campfire_rested":2,"item_purchase_floors":[10,10,10,19,38],"current_hp_per_floor":[75,75,68,68,68,68,61,44,44,44,44,43,14,14,36,24,62,62,62,62,62,62,26,26,31,31,31,14,16,8,4,26,29,64,58,58,65,65,22,22,29,24,24,29,29,16,16,0,0],"gold":49,"neow_bonus":"THREE_ENEMY_KILL","is_daily":false,"chose_seed":false,"campfire_upgraded":1,"win_rate":0.0,"timestamp":1610119636,"path_taken":["M","M","?","?","?","E","M","E","T","?","R","?","M","M","R","BOSS","M","$","?","?","M","E","$","?","T","?","E","M","M","M","R","BOSS","M","?","M","$","M","R","M","E","T","?","R","M","?","M"],"items_purchased_type":["Relic","Card","Relic","Relic","Relic"],"build_version":"2020-12-22","purchased_purges":4,"victory":false,"max_hp_per_floor":[75,75,75,75,75,75,75,75,75,75,75,75,75,75,75,75,75,75,75,75,75,75,75,75,75,75,75,75,75,75,75,75,75,75,75,75,75,75,75,75,75,75,75,75,75,75,75,75,75],"card_choices":[{"not_picked":["Steam Power","Stack"],"picked":"Sweeping Beam","floor":1},{"not_picked":["Turbo","Barrage"],"picked":"Leap","floor":2},{"not_picked":["Capacitor","Core Surge"],"picked":"Loop","floor":6},{"not_picked":["Turbo","Heatsinks"],"picked":"Conserve Battery","floor":7},{"not_picked":["Cold Snap","Biased Cognition","White Noise"],"picked":"SKIP","floor":8},{"not_picked":["Ball Lightning+1","Rebound+1"],"picked":"Loop","floor":12},{"not_picked":["Beam Cell+1","Barrage+1"],"picked":"Streamline+1","floor":13},{"not_picked":["Gash+1","Leap"],"picked":"Loop","floor":14},{"not_picked":["Gash+1","Force Field"],"picked":"Conserve Battery","floor":18},{"not_picked":["Reprogram","Turbo","Meteor Strike+1"],"picked":"SKIP","floor":22},{"not_picked":["Turbo","Rebound+1"],"picked":"Leap+1","floor":23},{"not_picked":["Cold Snap+1","Force Field","Reprogram+1"],"picked":"SKIP","floor":25},{"not_picked":["Cold Snap+1","Sweeping Beam+1"],"picked":"Consume+1","floor":28},{"not_picked":["Beam Cell+1","Turbo","Go for the Eyes+1"],"picked":"SKIP","floor":29},{"not_picked":["Reinforced Body+1","Coolheaded"],"picked":"Sweeping Beam+1","floor":30},{"not_picked":["Sunder+1","Hologram","Turbo+1"],"picked":"SKIP","floor":31},{"not_picked":["All For One+1","Seek"],"picked":"Echo Form","floor":33},{"not_picked":["Compile Driver+1","Coolheaded+1","Beam Cell+1"],"picked":"SKIP","floor":35},{"not_picked":["Rebound+1","Leap+1","Streamline+1"],"picked":"SKIP","floor":37},{"not_picked":["Conserve Battery","Cold Snap+1","Ball Lightning+1"],"picked":"SKIP","floor":39},{"not_picked":["Hologram","Steam","Consume+1"],"picked":"SKIP","floor":41},{"not_picked":["Leap","Sweeping Beam+1","Aggregate+1"],"picked":"SKIP","floor":42},{"not_picked":["Hologram+1","Coolheaded+1","Compile Driver+1"],"picked":"SKIP","floor":44},{"not_picked":["Reboot","Chill"],"picked":"Redo","floor":46}],"player_experience":1049871,"relics_obtained":[{"floor":6,"key":"Pen Nib"},{"floor":8,"key":"Akabeko"},{"floor":9,"key":"Omamori"},{"floor":23,"key":"Sundial"},{"floor":26,"key":"Bag of Marbles"},{"floor":28,"key":"Bag of Preparation"},{"floor":40,"key":"CeramicFish"},{"floor":42,"key":"Whetstone"},{"floor":45,"key":"Blue Candle"}],"event_choices":[{"cards_removed":["Defend_B"],"damage_healed":0,"gold_gain":0,"player_choice":"Card Removal","damage_taken":7,"max_hp_gain":0,"max_hp_loss":0,"event_name":"Golden Wing","floor":3,"gold_loss":0},{"damage_healed":0,"gold_gain":175,"player_choice":"AGREE","damage_taken":0,"max_hp_gain":0,"max_hp_loss":0,"event_name":"Liars Game","floor":4,"gold_loss":0,"cards_obtained":["Doubt"]},{"cards_removed":["Doubt"],"damage_healed":0,"gold_gain":0,"player_choice":"Card Removal","damage_taken":0,"max_hp_gain":0,"max_hp_loss":0,"event_name":"The Cleric","floor":5,"gold_loss":50},{"damage_healed":0,"gold_gain":0,"player_choice":"Read","damage_taken":0,"max_hp_gain":0,"max_hp_loss":0,"event_name":"The Library","floor":20,"gold_loss":0,"cards_obtained":["Self Repair"]},{"damage_healed":0,"gold_gain":0,"player_choice":"Ignored","damage_taken":0,"max_hp_gain":0,"max_hp_loss":0,"event_name":"Vampires","floor":21,"gold_loss":0},{"damage_healed":0,"gold_gain":0,"player_choice":"Inject Mutagens","damage_taken":0,"relics_obtained":["MutagenicStrength"],"max_hp_gain":0,"max_hp_loss":0,"event_name":"Drug Dealer","floor":27,"gold_loss":0},{"damage_healed":0,"gold_gain":0,"player_choice":"Got Potions","damage_taken":0,"max_hp_gain":0,"max_hp_loss":0,"event_name":"Lab","floor":36,"gold_loss":0}],"is_beta":false,"boss_relics":[{"not_picked":["Snecko Eye","Philosopher\u0027s Stone"],"picked":"Astrolabe"},{"not_picked":["Cursed Key","Sozu"],"picked":"Inserter"}],"items_purged_floors":[10,24,38,47],"is_endless":false,"potions_floor_spawned":[1,2,8,14,16,18,23,25,33,35,42,44,46],"killed_by":"4 Shapes","ascension_level":5}}