{"host":"cfluht5kr2kfk9p9","time":1610144949,"event":{"mods":["ATMod(阿瑾Mod)","Arknights The Spire","BaseMod","GungeonMod","Highlight Path","Library of Ruina","Library of Ruina Extra","Minty Spire (QoL Compilation)","Quick Restart","Rare Cards Sparkle","Relic Stats","RumiaBox-露米娅的神秘盒子","Spicy Shops","StSLib","TestMod","The Alterego","【功能Mod】混沌之环修复补丁"],"gold_per_floor":[119,119,138,155,166,195,270,270,270],"floor_reached":8,"playtime":391,"items_purged":[],"score":166,"play_id":"e280dc7c-b9f3-4154-88a0-590f37789e04","local_time":"20210109062909","is_ascension_mode":true,"campfire_choices":[],"circlet_count":0,"master_deck":["AscendersBane","Strike_G","Strike_G","Strike_G","Strike_G","Defend_G","Defend_G","Defend_G","Defend_G","Defend_G","Survivor","Neutralize","AT_FamilyPortrait","A Thousand Cuts","Cloak And Dagger"],"relics":["testmod-TestBox","AT_ATBox","testmod-BatchProcessingSystem","Coffee Dripper","Baka","Tingsha","AT_SilverBalance"],"acts_visited":["Exordium"],"potions_floor_usage":[8,8],"damage_taken":[{"damage":3.0,"enemies":"Cultist","floor":1.0,"turns":4.0},{"damage":12.0,"enemies":"2 Louse","floor":3.0,"turns":5.0},{"damage":1.0,"enemies":"Jaw Worm","floor":4.0,"turns":5.0},{"damage":0.0,"enemies":"Blue Slaver","floor":5.0,"turns":2.0},{"damage":0.0,"enemies":"Lagavulin","floor":6.0,"turns":12.0},{"damage":42,"enemies":"Gremlin Nob","floor":8,"turns":3}],"seed_played":"3418834997878103102","potions_obtained":[{"floor":1.0,"key":"Energy Potion"},{"floor":5.0,"key":"Strength Potion"}],"is_trial":false,"path_per_floor":["M","?","M","M","M","E","?","E"],"character_chosen":"THE_SILENT","items_purchased":[],"campfire_rested":0,"item_purchase_floors":[],"current_hp_per_floor":[56,56,60,59,59,59,48,0,0],"gold":270,"neow_bonus":"BOSS_RELIC","is_daily":false,"chose_seed":false,"campfire_upgraded":0,"win_rate":0.0,"timestamp":1610144949,"path_taken":["M","?","M","M","M","E","?","E"],"items_purchased_type":[],"build_version":"2020-12-22","purchased_purges":0,"victory":false,"max_hp_per_floor":[66,66,66,66,66,66,66,66,66],"relic_stats":{"counters":[6,31],"Tingsha":[12],"obtain_stats":[{"testmod-TestBox":0,"AT_ATBox":0,"testmod-BatchProcessingSystem":0,"Tingsha":3,"DemoMod:GlassGuonStoneRelic":1,"AT_SilverBalance":6,"Coffee Dripper":0,"Baka":1,"Ring of the Snake":0},{"testmod-TestBox":0,"AT_ATBox":0,"testmod-BatchProcessingSystem":0,"Tingsha":2,"DemoMod:GlassGuonStoneRelic":1,"AT_SilverBalance":5,"Coffee Dripper":0,"Baka":1,"Ring of the Snake":0},{"testmod-TestBox":0,"AT_ATBox":0,"testmod-BatchProcessingSystem":0,"Tingsha":9,"DemoMod:GlassGuonStoneRelic":4,"AT_SilverBalance":28,"Coffee Dripper":0,"Baka":4,"Ring of the Snake":0}]},"card_choices":[{"not_picked":["Endless Agony","Deflect","Sucker Punch"],"picked":"SKIP","floor":1.0},{"not_picked":["Riddle With Holes","Deflect","Setup"],"picked":"SKIP","floor":3.0},{"not_picked":["All Out Attack","Bullet Time","Bane"],"picked":"SKIP","floor":4.0},{"not_picked":["Crippling Poison","AT_ShadowStep"],"picked":"Footwork","floor":5.0},{"not_picked":["Sucker Punch","Terror"],"picked":"Cloak And Dagger","floor":6.0}],"player_experience":68113,"relics_obtained":[{"floor":1.0,"key":"Baka"},{"floor":3.0,"key":"Tingsha"},{"floor":6.0,"key":"AT_SilverBalance"}],"event_choices":[{"damage_healed":0.0,"max_hp_gain":0.0,"max_hp_loss":0.0,"gold_gain":0.0,"cards_transformed":["Strike_G"],"event_name":"Living Wall","player_choice":"Change","floor":2.0,"gold_loss":0.0,"damage_taken":0.0,"cards_obtained":["A Thousand Cuts"]},{"damage_healed":0.0,"max_hp_gain":0.0,"max_hp_loss":0.0,"gold_gain":75.0,"event_name":"World of Goop","player_choice":"Gather Gold","floor":7.0,"gold_loss":0.0,"damage_taken":11.0}],"is_beta":false,"boss_relics":[],"items_purged_floors":[],"is_endless":false,"potions_floor_spawned":[1,5],"killed_by":"Gremlin Nob","ascension_level":20}}