{"host":"i9h64q9gphvrup4n","time":1610066639,"event":{"mods":["2.2 Compatiblity","AchievementEnabler","Aspiration","Astrologer","Bard","BaseMod","Beaked The Cultist","BetterRewards","Colored Powertips","Conspire","Downfall","Gremlin Mod","Hermit","Hubris","Infinite Spire","Jorbs\u0027s Wanderer Trilogy","Minty Spire (QoL Compilation)","Replay The Spire","Shop Mod","StSLib","SuperFastMode","The Blackbeard","The Bladedancer","The Bug Knight","The Construct","The Cursed","The Disciple","The Hierophant","The Jungle","The Necromancer","The Runesmith","The Wild Card","slay the spire mod where everything is the same but ironclad has a cowboy hat","vexMod"],"gold_per_floor":[115,65,78,78,96,110,147,168,168,201,201,221,221,231,231,236,236],"floor_reached":16,"playtime":718,"items_purged":[],"score":114,"play_id":"c15abcdf-9f9e-46c4-b6da-d85e40af1037","local_time":"20210107184359","is_ascension_mode":false,"campfire_choices":[{"floor":11,"key":"REST"},{"floor":13,"key":"REST"},{"floor":15,"key":"REST"}],"circlet_count":0,"master_deck":["hermit:Strike_Hermit","hermit:Strike_Hermit","hermit:Strike_Hermit","hermit:Strike_Hermit","hermit:Defend_Hermit","hermit:Defend_Hermit","hermit:Defend_Hermit","hermit:Snapshot","hermit:Covet","hermit:ItchyTrigger","hermit:TrackingShot","hermit:Ricochet","hermit:Scavenge","hermit:Vantage","hermit:EyeOfTheStorm","hermit:Purgatory","hermit:GoldenBullet","hermit:CursedWeapon"],"relics":["hermit:Momento","Pet Ghost","hubris:Icosahedron","Runesmith:AutoHammer","The Courier"],"acts_visited":["Exordium"],"potions_floor_usage":[10,10,16],"damage_taken":[{"damage":0,"enemies":"2 Louse","floor":1,"turns":2},{"damage":2,"enemies":"Small Slimes","floor":3,"turns":3},{"damage":11,"enemies":"Jaw Worm","floor":5,"turns":2},{"damage":5,"enemies":"Looter","floor":6,"turns":2},{"damage":29,"enemies":"HollowMod:MossKnight","floor":7,"turns":9},{"damage":11,"enemies":"Large Slime","floor":8,"turns":5},{"damage":4,"enemies":"Gremlin Nob","floor":10,"turns":3},{"damage":10,"enemies":"2 Fungi Beasts","floor":12,"turns":4},{"damage":30,"enemies":"Lots of Slimes","floor":14,"turns":1},{"damage":42,"enemies":"The Guardian","floor":16,"turns":9}],"seed_played":"-5582498019360804907","potions_obtained":[{"floor":5,"key":"Swift Potion"},{"floor":8,"key":"Adrenaline Potion"},{"floor":12,"key":"hermit:Eclipse"}],"is_trial":false,"path_per_floor":["M","?","M","?","M","M","E","M","T","E","R","M","R","M","R","B"],"character_chosen":"HERMIT","items_purchased":[],"campfire_rested":3,"item_purchase_floors":[],"current_hp_per_floor":[75,75,73,73,62,57,28,17,17,13,35,25,47,17,39,0,0],"gold":236,"neow_bonus":"RANDOM_COMMON_RELIC","is_daily":false,"chose_seed":false,"campfire_upgraded":0,"win_rate":0.0,"timestamp":1610066639,"path_taken":["M","?","M","?","M","M","E","M","T","E","R","M","R","M","R","BOSS"],"items_purchased_type":[],"build_version":"2020-12-22","purchased_purges":0,"victory":false,"max_hp_per_floor":[75,75,75,75,75,75,75,75,75,75,75,75,75,75,75,75,75],"card_choices":[{"not_picked":["hermit:WideOpen","hermit:HoleUp"],"picked":"hermit:ItchyTrigger","floor":1},{"not_picked":["hermit:LowProfile","hermit:Quickdraw"],"picked":"hermit:TrackingShot","floor":3},{"not_picked":["hermit:Desperado","hermit:EternalForm"],"picked":"hermit:Ricochet","floor":5},{"not_picked":["hermit:BodyArmor","hermit:Gestalt"],"picked":"hermit:Scavenge","floor":6},{"not_picked":["hermit:Roulette","hermit:EternalForm"],"picked":"hermit:Vantage","floor":7},{"not_picked":["hermit:NoHoldsBarred","hermit:BodyArmor"],"picked":"hermit:EyeOfTheStorm","floor":8},{"not_picked":["hermit:Quickdraw","hermit:Coalescence"],"picked":"hermit:Purgatory","floor":10},{"not_picked":["hermit:ItchyTrigger","hermit:Coalescence"],"picked":"hermit:GoldenBullet","floor":12},{"not_picked":["hermit:Quickdraw","hermit:Vantage"],"picked":"hermit:CursedWeapon","floor":14}],"player_experience":692221,"relics_obtained":[{"floor":7,"key":"Runesmith:AutoHammer"},{"floor":10,"key":"The Courier"}],"event_choices":[{"cards_removed":["hermit:Defend_Hermit"],"damage_healed":0,"gold_gain":0,"player_choice":"Card Removal","damage_taken":0,"max_hp_gain":0,"max_hp_loss":0,"event_name":"The Cleric","floor":2,"gold_loss":50}],"is_beta":false,"boss_relics":[],"items_purged_floors":[],"is_endless":false,"potions_floor_spawned":[5,8,12],"killed_by":"The Guardian","ascension_level":0}}