{"host":"Crutt","time":1610071771,"event":{"mods":["2.2 Compatiblity","Aspiration","BaseMod","Downfall","Googly Eyes","Hermit","Jorbs\u0027s Wanderer Trilogy","Minty Spire (QoL Compilation)","Optimize The Spire","Potionbrewer","Spicy Shops","StSLib","The Construct","The Cursed","The Disciple","The Showman","The Witch"],"gold_per_floor":[99,119,134,19,19,50,50,50,77,77,177,9,9,42,53,53,53,53],"floor_reached":16,"playtime":1112,"items_purged":[],"score":174,"play_id":"5433c254-db22-4a53-bf70-7cbeb164627a","local_time":"20210107200931","is_ascension_mode":true,"campfire_choices":[{"data":"Slimebound:Split","floor":1.0,"key":"SMITH"},{"floor":10.0,"key":"DIG"},{"data":"Slimebound:GrowthPunch","floor":13.0,"key":"SMITH"}],"circlet_count":0,"master_deck":["AscendersBane","Slimebound:Strike_Slimebound","Slimebound:Strike_Slimebound","Slimebound:Tackle","Slimebound:Defend_Slimebound","Slimebound:Defend_Slimebound","Slimebound:Defend_Slimebound","Slimebound:Defend_Slimebound","Slimebound:Split+1","Slimebound:CorrosiveSpit","Slimebound:GoopSpray","Slimebound:GrowthPunch+1","Slimebound:DisruptingSlam","Slimebound:SplitMire","Slimebound:LeadByExample","Slimebound:AcidTongue","Slimebound:HauntingLick","Slimebound:PressTheAttack","Slimebound:SplitLeeching","Slimebound:ItLooksTasty","Slimebound:LeechingTouch","Slimebound:SlimeTap","Slimebound:Equalize","Slimebound:SlimeSlap","Slimebound:RejuvenatingLick","Slimebound:FormOfPuddle"],"relics":["Slimebound:AbsorbEndCombat","Shovel","potionbrewer:Torch","Anchor","potionbrewer:BoosterPack","Bottled Lightning"],"acts_visited":["Exordium"],"potions_floor_usage":[16],"damage_taken":[{"damage":8.0,"enemies":"Jaw Worm","floor":2.0,"turns":4.0},{"damage":13.0,"enemies":"Small Slimes","floor":3.0,"turns":3.0},{"damage":0.0,"enemies":"downfall:FleeingMerchant","floor":4.0,"turns":4.0},{"damage":7.0,"enemies":"Lagavulin","floor":6.0,"turns":6.0},{"damage":24.0,"enemies":"3 Sentries","floor":9.0,"turns":6.0},{"damage":6.0,"enemies":"downfall:FleeingMerchant","floor":12.0,"turns":4.0},{"damage":15.0,"enemies":"Lagavulin","floor":14.0,"turns":3.0},{"damage":0,"enemies":"2 Louse","floor":15,"turns":2},{"damage":39,"enemies":"downfall:Defect","floor":16,"turns":6}],"seed_played":"-1735500235598164248","potions_obtained":[{"floor":2.0,"key":"potionbrewer:FreezingPotion"},{"floor":6.0,"key":"potionbrewer:FreezingPotion"}],"is_trial":false,"path_per_floor":["R","M","M","$","?","E","T","?","E","R","?","$","R","E","M","B"],"character_chosen":"SLIMEBOUND","items_purchased":["Slimebound:SplitMire","Slimebound:LeadByExample","potionbrewer:BoosterPack"],"campfire_rested":0,"item_purchase_floors":[4,4,12],"current_hp_per_floor":[65,60,49,52,57,54,54,54,34,34,34,31,31,25,28,0,0,0],"gold":53,"neow_bonus":"TEN_PERCENT_HP_BONUS","is_daily":false,"chose_seed":false,"campfire_upgraded":2,"win_rate":0.0,"timestamp":1610071771,"path_taken":["R","M","M","$","?","E","T","?","E","R","?","$","R","E","M","BOSS"],"items_purchased_type":["Card","Card","Relic"],"build_version":"2020-12-18","purchased_purges":0,"victory":false,"max_hp_per_floor":[71,71,71,71,76,76,76,76,76,76,76,76,76,76,76,76,76,76],"card_choices":[{"not_picked":["Slimebound:TongueLash","Slimebound:SlimeBrawl"],"picked":"Slimebound:GoopSpray","floor":2.0},{"not_picked":["Slimebound:Replication","Slimebound:SplitAcid"],"picked":"Slimebound:GrowthPunch","floor":3.0},{"not_picked":["Slimebound:SplitBruiser","Slimebound:ItLooksTasty"],"picked":"Slimebound:DisruptingSlam","floor":4.0},{"not_picked":["Slimebound:SplitLeeching","Slimebound:RollThrough"],"picked":"Slimebound:AcidTongue","floor":6.0},{"not_picked":["Slimebound:AcidTongue","Slimebound:RollThrough"],"picked":"Slimebound:HauntingLick","floor":9.0},{"not_picked":["Slimebound:HauntingLick","Slimebound:GoopTackle"],"picked":"Slimebound:PressTheAttack","floor":12.0},{"not_picked":["Slimebound:LeechingTouch","Slimebound:ForwardTackle"],"picked":"Slimebound:RejuvenatingLick","floor":14},{"not_picked":["Slimebound:ItLooksTasty","Slimebound:SplitMire"],"picked":"Slimebound:FormOfPuddle","floor":15}],"player_experience":3636933,"relics_obtained":[{"floor":6.0,"key":"Shovel"},{"floor":9.0,"key":"potionbrewer:Torch"},{"floor":10.0,"key":"Anchor"},{"floor":14,"key":"Bottled Lightning"}],"event_choices":[{"damage_healed":0.0,"max_hp_gain":5.0,"max_hp_loss":0.0,"gold_gain":0.0,"event_name":"Big Fish","player_choice":"Donut","floor":5.0,"gold_loss":0.0,"damage_taken":0.0}],"is_beta":true,"boss_relics":[],"items_purged_floors":[],"is_endless":false,"potions_floor_spawned":[2,6],"killed_by":"downfall:Defect","ascension_level":10}}