{"host":"mtg945c5jssv10ty","time":1610149514,"event":{"mods":["Ascension Unlocker","BaseMod","Downfall","Minty Spire (QoL Compilation)","StSLib","SuperFastMode"],"gold_per_floor":[99,99,99,274,424,456,456,468,468,479,30,30,50,62,80,179,179,179,192,192,208,15,28,28,28,47,59,59,90,104,138,152,254,254,54,54,65,115,150,163,188,188,216,116,7,41,41,52,62,62,62,93,45,45,45,45,45,45],"floor_reached":56,"playtime":3124,"items_purged":["Doubt","Decay","Guardian:Strike_Guardian"],"score":1042,"play_id":"61fdfba9-f8dc-4d0e-ba6c-77ff6ccf1d73","local_time":"20210108184514","is_ascension_mode":true,"campfire_choices":[{"data":"Guardian:CurlUp","floor":1.0,"key":"SMITH"},{"data":"Guardian:PiercingHide","floor":9.0,"key":"SMITH"},{"data":"Guardian:PiercingHide","floor":12.0,"key":"SMITH"},{"floor":18.0,"key":"RECALL"},{"data":"Guardian:BodySlam","floor":25.0,"key":"SMITH"},{"data":"Guardian:SphericShield","floor":28.0,"key":"SMITH"},{"data":"Guardian:SpikerProtocol","floor":35.0,"key":"SMITH"},{"data":"Guardian:SpikerProtocol","floor":44,"key":"SMITH"},{"data":"Guardian:PiercingHide","floor":47,"key":"SMITH"},{"data":"Guardian:BodySlam","floor":54,"key":"SMITH"}],"circlet_count":0,"master_deck":["Guardian:Defend_Guardian","Guardian:Defend_Guardian","Guardian:Defend_Guardian","Guardian:Defend_Guardian","Guardian:CurlUp+1","Guardian:PiercingHide+1","Guardian:PiercingHide+1","Guardian:BodySlam+1","Guardian:EvasiveProtocol","Guardian:TemporalShield","Guardian:PiercingHide+1","Guardian:Harden","Guardian:AncientConstruct","CurseOfTheBell","Guardian:ConstructionForm","Guardian:SpikerProtocol+1","Guardian:SpikerProtocol+1","Guardian:BodySlam+1","Guardian:SphericShield+1","Guardian:PiercingHide+1","Guardian:BodySlam+1","Guardian:Emergency+1","Guardian:ShieldSpikes+1","expansioncontent:Chronoboost+1","Guardian:FloatingOrbs+1","Guardian:TemporalShield+1","Guardian:Gem_White","Guardian:EvasiveProtocol+1","Guardian:ArmoredProtocol+1","Guardian:SphericShield","Guardian:BodySlam+1"],"relics":["Guardian:ModeShifter","downfall:HeartsMalice","Whetstone","Blood Vial","Letter Opener","Calling Bell","champ:DuelingGlove","Happy Flower","Guardian:StasisCodex","Thread and Needle","Centennial Puzzle","Frozen Egg 2","Runic Dome","downfall:HeartBlessingRed","downfall:HeartBlessingGreen","Ice Cream","Strawberry","downfall:HeartBlessingBlue","Vajra","HornCleat"],"acts_visited":["Exordium","TheCity","TheBeyond","TheEnding"],"potions_floor_usage":[56,56,56],"damage_taken":[{"damage":0.0,"enemies":"Jaw Worm","floor":2.0,"turns":1.0},{"damage":0.0,"enemies":"Small Slimes","floor":3.0,"turns":1.0},{"damage":0.0,"enemies":"Lagavulin","floor":6.0,"turns":1.0},{"damage":0.0,"enemies":"Cultist","floor":8.0,"turns":5.0},{"damage":0.0,"enemies":"Large Slime","floor":10.0,"turns":7.0},{"damage":0.0,"enemies":"downfall:FleeingMerchant","floor":11.0,"turns":4.0},{"damage":0.0,"enemies":"3 Louse","floor":13.0,"turns":4.0},{"damage":0.0,"enemies":"Exordium Thugs","floor":14.0,"turns":5.0},{"damage":0.0,"enemies":"Blue Slaver","floor":15.0,"turns":4.0},{"damage":57.0,"enemies":"downfall:Silent","floor":16.0,"turns":11.0},{"damage":12.0,"enemies":"Shell Parasite","floor":19.0,"turns":6.0},{"damage":0.0,"enemies":"3 Cultists","floor":21.0,"turns":5.0},{"damage":0.0,"enemies":"downfall:FleeingMerchant","floor":22.0,"turns":4.0},{"damage":4.0,"enemies":"Centurion and Healer","floor":23.0,"turns":10.0},{"damage":42.0,"enemies":"Cultist and Chosen","floor":26.0,"turns":9.0},{"damage":0.0,"enemies":"Snecko","floor":27.0,"turns":4.0},{"damage":0.0,"enemies":"Slavers","floor":29.0,"turns":6.0},{"damage":0.0,"enemies":"Chosen and Byrds","floor":30.0,"turns":6.0},{"damage":11.0,"enemies":"Gremlin Leader","floor":31.0,"turns":6.0},{"damage":0.0,"enemies":"Shelled Parasite and Fungi","floor":32.0,"turns":2.0},{"damage":0.0,"enemies":"downfall:Watcher","floor":33.0,"turns":8.0},{"damage":0.0,"enemies":"3 Shapes","floor":37.0,"turns":7.0},{"damage":0.0,"enemies":"3 Shapes","floor":38.0,"turns":6.0},{"damage":0.0,"enemies":"downfall:FleeingMerchant","floor":39.0,"turns":4.0},{"damage":0.0,"enemies":"Orb Walker","floor":40.0,"turns":2.0},{"damage":0,"enemies":"Reptomancer","floor":43,"turns":5},{"damage":0,"enemies":"Nemesis","floor":46,"turns":5},{"damage":0,"enemies":"Sphere and 2 Shapes","floor":48,"turns":4},{"damage":0,"enemies":"Writhing Mass","floor":49,"turns":4},{"damage":21,"enemies":"downfall:Defect","floor":50,"turns":7},{"damage":5,"enemies":"downfall:CharBossMerchant","floor":52,"turns":5},{"damage":5,"enemies":"downfall:NeowBoss","floor":55,"turns":15},{"damage":191,"enemies":"downfall:NeowBossFinal","floor":56,"turns":11}],"seed_played":"7126418906786893341","potions_obtained":[{"floor":6.0,"key":"FearPotion"},{"floor":8.0,"key":"SpeedPotion"},{"floor":10.0,"key":"Fire Potion"},{"floor":16.0,"key":"bronze:BurnAndBuffPotion"},{"floor":21.0,"key":"PowerPotion"},{"floor":29.0,"key":"Regen Potion"},{"floor":30.0,"key":"Regen Potion"},{"floor":32.0,"key":"Strength Potion"}],"is_trial":false,"path_per_floor":["R","M","M","?","?","E","T","M","R","M","$","R","M","M","M","B",null,"R","M","?","M","$","M","T","R","M","M","R","E","M","E","M","B",null,"R","?","M","?","?","M","T","?","E","R","$","E","R","M","M","B",null,"E","$","R","B","B"],"character_chosen":"GUARDIAN","items_purchased":["Guardian:EvasiveProtocol","Letter Opener","Guardian:TemporalShield","Guardian:SpikerProtocol","expansioncontent:Chronoboost","Guardian:FloatingOrbs+1","Guardian:EvasiveProtocol+1","Regen Potion","Guardian:BodySlam"],"campfire_rested":0,"item_purchase_floors":[11,11,11,22,39,39,45,45,53],"current_hp_per_floor":[80,80,80,80,80,80,80,80,80,80,80,80,80,80,80,23,80,80,68,68,70,72,70,70,70,30,32,32,34,36,27,29,31,80,80,80,80,80,80,80,80,80,87,97,97,97,97,97,97,76,97,92,92,92,89,0,0,0],"gold":45,"neow_bonus":"THREE_ENEMY_KILL","is_daily":false,"chose_seed":false,"campfire_upgraded":9,"win_rate":0.0,"timestamp":1610149514,"path_taken":["R","M","M","?","?","E","T","M","R","M","$","R","?","M","M","BOSS","R","M","?","M","$","M","T","R","?","M","R","E","M","E","M","BOSS","R","?","M","?","?","M","T","?","E","R","$","E","R","M","M","BOSS","E","$","R","BOSS","BOSS"],"items_purchased_type":["Card","Relic","Card","Card","Card","Card","Card","Potion","Card"],"build_version":"2020-12-22","purchased_purges":3,"victory":false,"max_hp_per_floor":[80,80,80,80,80,80,80,80,80,80,80,80,80,80,80,80,80,80,80,80,80,80,80,80,80,80,80,80,80,80,80,80,80,80,80,80,80,80,80,80,80,80,87,97,97,97,97,97,97,97,97,97,97,97,97,97,97,97],"card_choices":[{"not_picked":["Guardian:Gem_Cyan","Guardian:Suspension"],"picked":"Guardian:PiercingHide","floor":2.0},{"not_picked":["Guardian:BronzeOrb","Guardian:Suspension"],"picked":"Guardian:PiercingHide","floor":3.0},{"not_picked":["Guardian:EvasiveProtocol","Guardian:Gem_Yellow"],"picked":"Guardian:BodySlam","floor":6.0},{"not_picked":["Guardian:ShieldCharger","Guardian:ChargeCore"],"picked":"Guardian:Gem_Lightblue","floor":8.0},{"not_picked":["Guardian:TemporalStrike","Guardian:ShieldCharger"],"picked":"Guardian:Gem_Blue","floor":10.0},{"not_picked":["Guardian:PrismaticBeam","Guardian:VentSteam"],"picked":"Guardian:Gem_Yellow","floor":11.0},{"not_picked":["Guardian:WalkerClaw","Guardian:TimeBomb"],"picked":"Guardian:PiercingHide","floor":13.0},{"not_picked":["Guardian:Gem_Fragmented","Guardian:RollAttack"],"picked":"Guardian:Harden","floor":14.0},{"not_picked":["Guardian:VentSteam","Guardian:Orbwalk","Guardian:Repulse"],"picked":"SKIP","floor":15.0},{"not_picked":["Guardian:FastForward","Guardian:GemFire"],"picked":"Guardian:AncientConstruct","floor":16.0},{"not_picked":["Guardian:VentSteam","Guardian:WalkerClaw+1"],"picked":"Guardian:Gem_White","floor":19.0},{"not_picked":["Guardian:Clone","Guardian:Suspension+1"],"picked":"Guardian:ConstructionForm","floor":21.0},{"not_picked":["Guardian:ChargeCore","Guardian:Gem_Green"],"picked":"Guardian:SpikerProtocol","floor":22.0},{"not_picked":["Guardian:TemporalShield","Guardian:Suspension+1"],"picked":"Guardian:BodySlam","floor":23.0},{"not_picked":["Guardian:Recover","Guardian:TimeCapacitor"],"picked":"Guardian:Gem_Cyan","floor":26.0},{"not_picked":["Guardian:RollAttack+1","Guardian:ShieldCharger"],"picked":"Guardian:SphericShield","floor":27.0},{"not_picked":["Guardian:Gem_Crimson","Guardian:TemporalShield+1","Guardian:Preprogram"],"picked":"SKIP","floor":29.0},{"not_picked":["Guardian:ArmoredProtocol","Guardian:Gem_Purple"],"picked":"Guardian:PiercingHide+1","floor":30.0},{"not_picked":["Guardian:EvasiveProtocol+1","Guardian:Planning"],"picked":"Guardian:BodySlam+1","floor":31.0},{"not_picked":["Guardian:Suspension","Guardian:Gem_Red"],"picked":"Guardian:Gem_Purple","floor":32.0},{"not_picked":["Guardian:StasisField","Guardian:StasisStrike"],"picked":"Guardian:Gem_Orange","floor":33.0},{"not_picked":["Guardian:PrimingBeam+1","Guardian:ChargeCore"],"picked":"Guardian:Emergency+1","floor":37.0},{"not_picked":["Guardian:RollAttack+1","Guardian:Repulse+1"],"picked":"Guardian:ShieldSpikes+1","floor":38.0},{"not_picked":["Guardian:VentSteam+1","Guardian:Incinerate","Guardian:TimeBomb"],"picked":"SKIP","floor":39.0},{"not_picked":["Guardian:Suspension+1","Guardian:DonusPower+1"],"picked":"Guardian:TemporalShield+1","floor":40.0},{"not_picked":["Guardian:Gem_Lightblue","Guardian:GatlingBeam","Guardian:Suspension"],"picked":"SKIP","floor":43},{"not_picked":["Guardian:PrimingBeam","Guardian:RefractedBeam","Guardian:Gem_Red"],"picked":"SKIP","floor":46},{"not_picked":["Guardian:Orbwalk+1","Guardian:PrismaticBarrier"],"picked":"Guardian:ArmoredProtocol+1","floor":48},{"not_picked":["Guardian:ShieldCharger","Guardian:CrystalBeam+1","Guardian:ChargeCore+1"],"picked":"SKIP","floor":49},{"not_picked":["Guardian:SentryBeam","Guardian:HyperBeam_Guardian"],"picked":"Guardian:SphericShield","floor":52}],"player_experience":198399,"relics_obtained":[{"floor":6.0,"key":"Whetstone"},{"floor":7.0,"key":"Blood Vial"},{"floor":17.0,"key":"champ:DuelingGlove"},{"floor":17.0,"key":"Happy Flower"},{"floor":17.0,"key":"Guardian:StasisCodex"},{"floor":24.0,"key":"Thread and Needle"},{"floor":29.0,"key":"Centennial Puzzle"},{"floor":31.0,"key":"Frozen Egg 2"},{"floor":38.0,"key":"Ice Cream"},{"floor":43,"key":"Strawberry"},{"floor":46,"key":"Vajra"},{"floor":52,"key":"HornCleat"}],"event_choices":[],"is_beta":false,"boss_relics":[{"not_picked":["Busted Crown","Runic Pyramid"],"picked":"Calling Bell"},{"not_picked":["Snecko Eye","Black Star"],"picked":"Runic Dome"}],"items_purged_floors":[11,22,39],"is_endless":false,"potions_floor_spawned":[6,8,10,16,19,21,29,30,32,37,40,46,48],"killed_by":"downfall:NeowBossFinal","ascension_level":1}}