{"host":"19tvufa8xx4wr4o1","time":1610078041,"event":{"mods":["AchievementEnabler","BaseMod","Better Sensory Stone","Better Third Choice","Highlight Path","Minty Spire (QoL Compilation)","Relic Stats","StSLib"],"gold_per_floor":[117,117,117,117,135,174,174,210,235,271,246,282,294,330,342,448,460,497,509,35,35,35,35,70,94,94,94,19,37,55,55,55],"floor_reached":31,"playtime":900,"items_purged":["Tactician"],"score":504,"play_id":"146351bb-c392-4870-b447-31e949a11cba","local_time":"20210107215401","is_ascension_mode":true,"campfire_choices":[{"data":"Neutralize","floor":7.0,"key":"SMITH"},{"floor":15.0,"key":"REST"},{"floor":23.0,"key":"REST"}],"circlet_count":0,"master_deck":["AscendersBane","Survivor+1","Neutralize+1","Predator","Skewer","Noxious Fumes","Bane","Terror","Skewer","Catalyst","Bullet Time","Blade Dance","Tactician","Calculated Gamble","Adrenaline","Cloak And Dagger","Finisher","Corpse Explosion+1","Flying Knee","Footwork","Blur","Caltrops","Blur"],"relics":["Ring of the Snake","NeowsBlessing","Golden Idol","Oddly Smooth Stone","Juzu Bracelet","MawBank","Pandora\u0027s Box","The Specimen","Mercury Hourglass","Girya","War Paint"],"acts_visited":["Exordium","TheCity"],"potions_floor_usage":[29,31],"damage_taken":[{"damage":0.0,"enemies":"Small Slimes","floor":1.0,"turns":1.0},{"damage":0.0,"enemies":"Jaw Worm","floor":5.0,"turns":1.0},{"damage":0.0,"enemies":"Gremlin Nob","floor":6.0,"turns":1.0},{"damage":46.0,"enemies":"3 Sentries","floor":8.0,"turns":10.0},{"damage":0.0,"enemies":"2 Louse","floor":10.0,"turns":3.0},{"damage":4.0,"enemies":"2 Fungi Beasts","floor":12.0,"turns":4.0},{"damage":7.0,"enemies":"3 Louse","floor":14.0,"turns":3.0},{"damage":7.0,"enemies":"Slime Boss","floor":16.0,"turns":10.0},{"damage":20.0,"enemies":"Shell Parasite","floor":18.0,"turns":4.0},{"damage":21.0,"enemies":"Gremlin Leader","floor":24.0,"turns":5.0},{"damage":3.0,"enemies":"3 Byrds","floor":25.0,"turns":2.0},{"damage":0,"enemies":"Cultist and Chosen","floor":29,"turns":4},{"damage":23,"enemies":"Centurion and Healer","floor":30,"turns":3},{"damage":18,"enemies":"Book of Stabbing","floor":31,"turns":3}],"seed_played":"931540829319423446","potions_obtained":[{"floor":5.0,"key":"Ancient Potion"},{"floor":8.0,"key":"CultistPotion"},{"floor":16.0,"key":"FearPotion"},{"floor":18.0,"key":"SteroidPotion"}],"is_trial":false,"path_per_floor":["M","?","?","?","M","E","R","E","T","M","?","M","?","M","R","B",null,"M","?","$","?","?","R","E","M","T","?","?","M","M","E"],"character_chosen":"THE_SILENT","items_purchased":["The Specimen","Footwork","Blur"],"campfire_rested":2,"item_purchase_floors":[20,20,20],"current_hp_per_floor":[59,59,64,64,64,64,64,18,18,18,18,14,14,7,26,19,54,34,47,47,47,47,65,44,41,41,41,41,41,18,0,0],"gold":55,"neow_bonus":"THREE_ENEMY_KILL","is_daily":false,"chose_seed":false,"campfire_upgraded":1,"win_rate":0.0,"timestamp":1610078041,"path_taken":["M","?","?","?","M","E","R","E","T","M","?","M","?","M","R","BOSS","M","?","$","?","?","R","E","M","T","?","?","M","M","E"],"items_purchased_type":["Relic","Card","Card"],"build_version":"2020-12-22","purchased_purges":1,"victory":false,"max_hp_per_floor":[66,60,65,65,65,65,65,65,65,65,65,65,65,65,65,65,65,65,65,65,65,65,65,65,65,65,65,65,65,65,65,65],"relic_stats":{"counters":[14,54],"Golden Idol":78,"Pandora\u0027s Box":["Blade Dance","Tactician","Calculated Gamble","Adrenaline","Cloak And Dagger","Finisher","Corpse Explosion","Flying Knee","Tactician"],"Juzu Bracelet":2,"War Paint":["Corpse Explosion","Survivor"],"MawBank":132,"obtain_stats":[{"Girya":24,"NeowsBlessing":0,"The Specimen":20,"Golden Idol":2,"Oddly Smooth Stone":6,"Pandora\u0027s Box":17,"Juzu Bracelet":8,"War Paint":26,"MawBank":9,"Ring of the Snake":0,"Mercury Hourglass":22},{"Girya":10,"NeowsBlessing":0,"The Specimen":9,"Golden Idol":1,"Oddly Smooth Stone":3,"Pandora\u0027s Box":8,"Juzu Bracelet":4,"War Paint":11,"MawBank":4,"Ring of the Snake":0,"Mercury Hourglass":9},{"Girya":42,"NeowsBlessing":0,"The Specimen":37,"Golden Idol":1,"Oddly Smooth Stone":3,"Pandora\u0027s Box":33,"Juzu Bracelet":13,"War Paint":44,"MawBank":13,"Ring of the Snake":0,"Mercury Hourglass":37}],"Ring of the Snake":[28],"Mercury Hourglass":[87]},"card_choices":[{"not_picked":["Dagger Throw","Sucker Punch","Catalyst"],"picked":"SKIP","floor":1.0},{"not_picked":["Cloak And Dagger","Reflex"],"picked":"Predator","floor":5.0},{"not_picked":["PiercingWail","Prepared"],"picked":"Skewer","floor":6.0},{"not_picked":["Dagger Spray","Sucker Punch"],"picked":"Noxious Fumes","floor":8.0},{"not_picked":["Sucker Punch","Dagger Throw"],"picked":"Bane","floor":10.0},{"not_picked":["Escape Plan","Riddle With Holes"],"picked":"Terror","floor":12.0},{"not_picked":["Prepared","Poisoned Stab"],"picked":"Catalyst","floor":14.0},{"not_picked":["Night Terror","Wraith Form v2"],"picked":"Bullet Time","floor":16.0},{"not_picked":["Escape Plan","Prepared","Sucker Punch"],"picked":"SKIP","floor":18.0},{"not_picked":["Flying Knee","Riddle With Holes","Poisoned Stab"],"picked":"SKIP","floor":24.0},{"not_picked":["Poisoned Stab","Escape Plan","Distraction+1"],"picked":"SKIP","floor":25.0},{"not_picked":["PiercingWail","Acrobatics"],"picked":"Caltrops","floor":29},{"not_picked":["Caltrops","Endless Agony"],"picked":"Blur","floor":30}],"player_experience":561629,"relics_obtained":[{"floor":6.0,"key":"Oddly Smooth Stone"},{"floor":8.0,"key":"Juzu Bracelet"},{"floor":9.0,"key":"MawBank"},{"floor":24.0,"key":"Girya"},{"floor":26.0,"key":"War Paint"}],"event_choices":[{"damage_healed":0.0,"max_hp_gain":0.0,"max_hp_loss":6.0,"gold_gain":0.0,"event_name":"Golden Idol","player_choice":"Lose Max HP","floor":2.0,"gold_loss":0.0,"damage_taken":0.0,"relics_obtained":["Golden Idol"]},{"damage_healed":0.0,"max_hp_gain":5.0,"max_hp_loss":0.0,"gold_gain":0.0,"event_name":"Big Fish","player_choice":"Donut","floor":3.0,"gold_loss":0.0,"damage_taken":0.0},{"damage_healed":0.0,"max_hp_gain":0.0,"max_hp_loss":0.0,"gold_gain":0.0,"event_name":"The Cleric","player_choice":"Leave","floor":4.0,"gold_loss":0.0,"damage_taken":0.0},{"damage_healed":0.0,"max_hp_gain":0.0,"max_hp_loss":0.0,"gold_gain":0.0,"event_name":"betterThird:BetterGoop","player_choice":"Left","floor":11.0,"gold_loss":37.0,"damage_taken":0.0},{"damage_healed":0.0,"max_hp_gain":0.0,"max_hp_loss":0.0,"gold_gain":0.0,"cards_transformed":["Strike_G"],"event_name":"Transmorgrifier","player_choice":"Transformed","floor":13.0,"gold_loss":0.0,"damage_taken":0.0,"cards_obtained":["Skewer"]},{"damage_healed":13.0,"max_hp_gain":0.0,"max_hp_loss":0.0,"gold_gain":0.0,"event_name":"The Library","player_choice":"Heal","floor":19.0,"gold_loss":0.0,"damage_taken":0.0},{"damage_healed":0.0,"max_hp_gain":0.0,"max_hp_loss":0.0,"gold_gain":0.0,"event_name":"Vampires","player_choice":"Ignored","floor":21.0,"gold_loss":0.0,"damage_taken":0.0},{"damage_healed":0.0,"max_hp_gain":0.0,"max_hp_loss":0.0,"gold_gain":0.0,"event_name":"Addict","player_choice":"Stole Relic","floor":22.0,"gold_loss":0.0,"damage_taken":0.0,"relics_obtained":["Mercury Hourglass"],"cards_obtained":["Shame"]},{"damage_healed":0.0,"max_hp_gain":0.0,"max_hp_loss":0.0,"gold_gain":2.0,"event_name":"betterStone:BetterStone","player_choice":"1","floor":27.0,"gold_loss":0.0,"damage_taken":0.0},{"cards_removed":["Shame"],"damage_healed":0.0,"max_hp_gain":0.0,"max_hp_loss":0.0,"gold_gain":0.0,"event_name":"Beggar","player_choice":"Gave Gold","floor":28.0,"gold_loss":75.0,"damage_taken":0.0}],"is_beta":false,"boss_relics":[{"not_picked":["Empty Cage","Busted Crown"],"picked":"Pandora\u0027s Box"}],"items_purged_floors":[20],"is_endless":false,"potions_floor_spawned":[5,8,16,18],"killed_by":"Book of Stabbing","ascension_level":15}}