{"host":"684z1xpuwaoqmmh1","time":1610117422,"event":{"mods":["BaseMod","Downfall","Hermit","Jorbs\u0027s Wanderer Trilogy","Marisa????????","Minty Spire (QoL Compilation)","StSLib","The Hierophant","The Mystic"],"gold_per_floor":[119,129,204,221,256,288,288,588,588,607,607,618,320,359,359,442,442,461,12,38,59,74,74,108,108,108,108,123,158,170,205,217,312,324,358,370,399,436,464,509,521,567,633,650,650],"floor_reached":44,"playtime":2726,"items_purged":["hermit:Strike_Hermit","hermit:Defend_Hermit"],"score":1016,"play_id":"47c0bca0-6ae5-4d03-8817-4e4528201519","local_time":"20210108165022","is_ascension_mode":true,"campfire_choices":[{"floor":7.0,"key":"REST"},{"data":"Discovery","floor":15.0,"key":"SMITH"},{"floor":23,"key":"REST"},{"data":"hermit:Combo","floor":27,"key":"SMITH"},{"data":"hermit:OverwhelmingPower","floor":30,"key":"SMITH"},{"data":"hermit:Magnum","floor":32,"key":"SMITH"},{"floor":41,"key":"RECALL"}],"circlet_count":0,"master_deck":["AscendersBane","hermit:Defend_Hermit","hermit:Defend_Hermit+1","hermit:Defend_Hermit","hermit:Snapshot","hermit:Covet+1","Discovery+1","hermit:BigShot","hermit:GoldenBullet","hermit:Ricochet","hermit:EyeOfTheStorm","hermit:Vantage","hermit:Combo+1","hermit:Scavenge","hermit:OverwhelmingPower+1","hermit:ShadowCloak","hermit:BodyArmor+1","hermit:TakeAim+1","hermit:BodyArmor+1","Bite","Bite","Bite","Bite","Bite","hermit:Dive+1","hermit:Magnum+1","hermit:FatalDesire","hermit:ShadowCloak","hermit:Reprieve+1","hermit:Determination"],"relics":["hermit:Momento","Regal Pillow","Old Coin","Singing Bowl","Centennial Puzzle","Eternal Feather","Philosopher\u0027s Stone","Toxic Egg 2","Red Mask","PreservedInsect","Mummified Hand","MawBank","hermit:DentedPlate","Potion Belt","CaptainsWheel","Bag of Preparation"],"acts_visited":["Exordium","TheCity","TheBeyond"],"potions_floor_usage":[18,18,18,20,21,24,29,42,44],"damage_taken":[{"damage":0.0,"enemies":"2 Louse","floor":1.0,"turns":3.0},{"damage":1.0,"enemies":"Small Slimes","floor":2.0,"turns":5.0},{"damage":0.0,"enemies":"Cultist","floor":4.0,"turns":3.0},{"damage":4.0,"enemies":"3 Louse","floor":5.0,"turns":4.0},{"damage":18.0,"enemies":"Gremlin Nob","floor":6.0,"turns":3.0},{"damage":3.0,"enemies":"Blue Slaver","floor":10.0,"turns":3.0},{"damage":5.0,"enemies":"Gremlin Gang","floor":12.0,"turns":5.0},{"damage":9.0,"enemies":"Lagavulin","floor":14.0,"turns":8.0},{"damage":30.0,"enemies":"Slime Boss","floor":16.0,"turns":7.0},{"damage":14,"enemies":"2 Thieves","floor":18,"turns":2},{"damage":10,"enemies":"Masked Bandits","floor":20,"turns":3},{"damage":12,"enemies":"Shell Parasite","floor":21,"turns":4},{"damage":11,"enemies":"Sentry and Sphere","floor":22,"turns":6},{"damage":32,"enemies":"Gremlin Leader","floor":24,"turns":6},{"damage":12,"enemies":"3 Cultists","floor":28,"turns":5},{"damage":2,"enemies":"Book of Stabbing","floor":29,"turns":2},{"damage":14,"enemies":"Chosen and Byrds","floor":31,"turns":5},{"damage":29,"enemies":"Automaton","floor":33,"turns":5},{"damage":14,"enemies":"3 Shapes","floor":35,"turns":6},{"damage":15,"enemies":"Orb Walker","floor":37,"turns":4},{"damage":27,"enemies":"Sphere and 2 Shapes","floor":38,"turns":5},{"damage":12,"enemies":"Spire Growth","floor":39,"turns":3},{"damage":11,"enemies":"Nemesis","floor":40,"turns":5},{"damage":40,"enemies":"Reptomancer","floor":42,"turns":7},{"damage":65,"enemies":"2 Orb Walkers","floor":44,"turns":5}],"seed_played":"-5122552316496225970","potions_obtained":[{"floor":1.0,"key":"sneckomod:MuddlingPotion"},{"floor":4.0,"key":"hermit:Eclipse"},{"floor":12.0,"key":"SteroidPotion"},{"floor":16.0,"key":"EntropicBrew"},{"floor":18,"key":"Explosive Potion"},{"floor":20,"key":"AttackPotion"},{"floor":22,"key":"Ancient Potion"},{"floor":28,"key":"BlessingOfTheForge"},{"floor":33,"key":"Regen Potion"},{"floor":39,"key":"Block Potion"},{"floor":40,"key":"GamblersBrew"}],"is_trial":false,"path_per_floor":["M","M","?","M","M","E","R","?","T","M","?","M","$","E","R","B",null,"M","$","?","M","M","R","E","?","T","R","M","E","R","M","R","B",null,"M","?","M","M","M","E","R","E","T","?"],"character_chosen":"HERMIT","items_purchased":["Centennial Puzzle","hermit:Scavenge","hermit:ShadowCloak","Toxic Egg 2","hermit:BodyArmor+1"],"campfire_rested":2,"item_purchase_floors":[13,13,19,19,19],"current_hp_per_floor":[68,67,56,56,52,34,71,68,68,67,52,47,47,40,49,19,64,52,52,42,30,21,72,40,40,40,55,56,58,60,58,60,41,73,71,71,67,61,59,58,73,57,57,0,0],"gold":650,"neow_bonus":"RANDOM_COLORLESS","is_daily":false,"chose_seed":false,"campfire_upgraded":4,"win_rate":0.0,"timestamp":1610117422,"path_taken":["M","M","?","M","M","E","R","?","T","M","?","M","$","E","R","BOSS","M","$","?","M","M","R","E","?","T","R","M","E","R","M","R","BOSS","M","?","M","?","M","E","R","E","T","?"],"items_purchased_type":["Relic","Card","Card","Relic","Card"],"build_version":"2020-12-22","purchased_purges":2,"victory":false,"max_hp_per_floor":[75,75,75,75,75,75,75,75,75,77,77,77,77,79,79,79,79,81,81,81,81,83,83,83,58,58,58,58,60,60,60,60,60,92,94,94,96,98,98,98,98,98,98,98,98],"card_choices":[{"not_picked":["Good Instincts","expansioncontent:Torchfire"],"picked":"Discovery","floor":0.0},{"not_picked":["hermit:Dive","hermit:Misfire"],"picked":"hermit:BigShot","floor":1.0},{"not_picked":["hermit:ItchyTrigger","hermit:CalledShot"],"picked":"hermit:GoldenBullet","floor":2.0},{"not_picked":["hermit:Cheat","hermit:Roulette"],"picked":"hermit:Ricochet","floor":4.0},{"not_picked":["hermit:ItchyTrigger","hermit:CursedWeapon"],"picked":"hermit:EyeOfTheStorm","floor":5.0},{"not_picked":["hermit:Glare","hermit:Desperado"],"picked":"hermit:Vantage","floor":6.0},{"not_picked":["hermit:CalledShot","hermit:Snipe","hermit:Manifest"],"picked":"Singing Bowl","floor":10.0},{"not_picked":["hermit:Quickdraw","hermit:FlashPowder"],"picked":"hermit:Combo","floor":12.0},{"not_picked":["hermit:PistolWhip","hermit:Roulette","hermit:LowProfile"],"picked":"Singing Bowl","floor":14.0},{"not_picked":["hermit:Magnum","hermit:Roughhouse"],"picked":"hermit:OverwhelmingPower","floor":16.0},{"not_picked":["hermit:Ricochet","hermit:Shortfuse","hermit:Desperado"],"picked":"Singing Bowl","floor":18},{"not_picked":["hermit:Coalescence+1","hermit:Headshot"],"picked":"hermit:Enervate","floor":20},{"not_picked":["hermit:TakeCover+1","hermit:ItchyTrigger"],"picked":"hermit:TakeAim+1","floor":21},{"not_picked":["hermit:Glare+1","hermit:Coalescence+1","hermit:TrackingShot"],"picked":"Singing Bowl","floor":22},{"not_picked":["hermit:FullyLoaded+1","hermit:Enervate"],"picked":"hermit:BodyArmor+1","floor":24},{"not_picked":["hermit:Feint+1","hermit:Malice"],"picked":"hermit:Dive+1","floor":28},{"not_picked":["hermit:Spite+1","hermit:Glare+1","hermit:Quickdraw"],"picked":"Singing Bowl","floor":29},{"not_picked":["hermit:TrackingShot","hermit:Glare+1"],"picked":"hermit:Magnum","floor":31},{"not_picked":["hermit:Roughhouse","hermit:BlackWind"],"picked":"hermit:FatalDesire","floor":33},{"not_picked":["hermit:HoleUp+1","hermit:Headshot+1","hermit:Combo"],"picked":"Singing Bowl","floor":35},{"not_picked":["hermit:Ricochet+1","hermit:CalledShot","hermit:Vantage+1"],"picked":"Singing Bowl","floor":37},{"not_picked":["hermit:Glare+1","hermit:NoHoldsBarred","hermit:CalledShot"],"picked":"Singing Bowl","floor":38},{"not_picked":["hermit:Malice","hermit:Dive+1"],"picked":"hermit:ShadowCloak","floor":39},{"not_picked":["hermit:ItchyTrigger+1","hermit:Enervate"],"picked":"hermit:Reprieve+1","floor":40},{"not_picked":["hermit:HoleUp+1","hermit:Showdown"],"picked":"hermit:Determination","floor":42}],"player_experience":2434601,"relics_obtained":[{"floor":6.0,"key":"Regal Pillow"},{"floor":9.0,"key":"Singing Bowl"},{"floor":14.0,"key":"Eternal Feather"},{"floor":20,"key":"Red Mask"},{"floor":24,"key":"PreservedInsect"},{"floor":26,"key":"Mummified Hand"},{"floor":29,"key":"MawBank"},{"floor":40,"key":"CaptainsWheel"},{"floor":42,"key":"Bag of Preparation"}],"event_choices":[{"damage_healed":0.0,"max_hp_gain":0.0,"max_hp_loss":0.0,"gold_gain":75.0,"event_name":"World of Goop","player_choice":"Gather Gold","floor":3.0,"gold_loss":0.0,"damage_taken":11.0},{"damage_healed":0.0,"max_hp_gain":0.0,"max_hp_loss":0.0,"gold_gain":0.0,"event_name":"Scrap Ooze","player_choice":"Success","floor":8.0,"gold_loss":0.0,"damage_taken":3.0,"relics_obtained":["Old Coin"]},{"damage_healed":0.0,"max_hp_gain":0.0,"max_hp_loss":0.0,"gold_gain":0.0,"event_name":"Shining Light","player_choice":"Entered Light","floor":11.0,"gold_loss":0.0,"damage_taken":15.0,"cards_upgraded":["hermit:Defend_Hermit","hermit:Covet"]},{"damage_healed":0,"gold_gain":0,"player_choice":"Fought Bandits","damage_taken":0,"max_hp_gain":0,"max_hp_loss":0,"event_name":"Masked Bandits","floor":20,"gold_loss":0},{"damage_healed":0,"gold_gain":0,"player_choice":"Became a vampire","damage_taken":0,"max_hp_gain":0,"max_hp_loss":25,"event_name":"Vampires","floor":25,"gold_loss":0,"cards_obtained":["Bite","Bite","Bite","Bite","Bite"]},{"cards_removed":["hermit:Enervate"],"damage_healed":0,"gold_gain":0,"player_choice":"Gave Card","damage_taken":0,"relics_obtained":["Potion Belt"],"max_hp_gain":0,"max_hp_loss":0,"event_name":"WeMeetAgain","floor":36,"gold_loss":0},{"damage_healed":0,"gold_gain":0,"player_choice":"Fight","damage_taken":0,"max_hp_gain":0,"max_hp_loss":0,"event_name":"Mysterious Sphere","floor":44,"gold_loss":0}],"is_beta":false,"boss_relics":[{"not_picked":["Fusion Hammer","Astrolabe"],"picked":"Philosopher\u0027s Stone"},{"not_picked":["Runic Pyramid","Empty Cage"],"picked":"hermit:DentedPlate"}],"items_purged_floors":[13,19],"is_endless":false,"potions_floor_spawned":[1,4,12,16,18,20,22,28,33,39,40],"killed_by":"2 Orb Walkers","ascension_level":13}}