{"host":"w9yruvs4bqht6bhw","time":1610070407,"event":{"mods":["BaseMod","Colored Powertips","Minty Spire (QoL Compilation)"],"gold_per_floor":[114,91,161,174,192,192,217,34,59,76,90,90,90,15,15,119,119,136,136,149,149,149],"floor_reached":21,"playtime":595,"items_purged":["Heavy Blade"],"score":251,"play_id":"d7f0857d-0a2b-4e7b-830c-ca92a61e3881","local_time":"20210107204647","is_ascension_mode":true,"campfire_choices":[{"data":"Perfected Strike","floor":6,"key":"SMITH"},{"data":"Shrug It Off","floor":12,"key":"SMITH"},{"data":"Pommel Strike","floor":15,"key":"SMITH"}],"circlet_count":0,"master_deck":["Strike_R","Strike_R","Strike_R","Strike_R","Strike_R","Defend_R","Defend_R","Defend_R","Bash","Perfected Strike+1","Wild Strike","Wild Strike","Pommel Strike+1","Ghostly Armor","Ghostly Armor","Shrug It Off+1","Impervious","Shrug It Off","Forethought","Trip"],"relics":["Burning Blood","MealTicket","Juzu Bracelet","Black Star"],"acts_visited":["Exordium","TheCity"],"potions_floor_usage":[20],"damage_taken":[{"damage":1,"enemies":"Cultist","floor":1,"turns":3},{"damage":12,"enemies":"Jaw Worm","floor":4,"turns":2},{"damage":14,"enemies":"2 Louse","floor":5,"turns":2},{"damage":30,"enemies":"Lagavulin","floor":7,"turns":5},{"damage":6,"enemies":"Lots of Slimes","floor":10,"turns":5},{"damage":8,"enemies":"Blue Slaver","floor":11,"turns":3},{"damage":71,"enemies":"Hexaghost","floor":16,"turns":12},{"damage":35,"enemies":"Chosen","floor":18,"turns":5},{"damage":16,"enemies":"Shell Parasite","floor":20,"turns":6}],"seed_played":"-2644052930944820853","potions_obtained":[{"floor":10,"key":"SpeedPotion"},{"floor":16,"key":"FearPotion"}],"is_trial":false,"path_per_floor":["M","$","?","M","M","R","E","$","T","M","M","R","?","$","R","B",null,"M","?","M","$"],"character_chosen":"IRONCLAD","items_purchased":["Wild Strike","FairyPotion","Ghostly Armor"],"campfire_rested":0,"item_purchase_floors":[2,8,8],"current_hp_per_floor":[77,77,77,71,63,63,39,54,54,54,52,52,52,67,67,30,68,39,20,10,25,25],"gold":149,"neow_bonus":"THREE_CARDS","is_daily":false,"chose_seed":false,"campfire_upgraded":3,"win_rate":0.0,"timestamp":1610070407,"path_taken":["M","$","?","M","M","R","E","$","T","M","M","R","?","?","R","BOSS","M","?","M","$"],"items_purchased_type":["Card","Potion","Card"],"build_version":"2020-12-22","purchased_purges":1,"victory":false,"max_hp_per_floor":[80,80,80,80,80,80,80,80,80,80,80,80,80,80,80,80,80,80,80,80,80,80],"card_choices":[{"not_picked":["Thunderclap","Reckless Charge"],"picked":"Perfected Strike","floor":0},{"not_picked":["Body Slam","Evolve"],"picked":"Wild Strike","floor":1},{"not_picked":["Whirlwind","Twin Strike"],"picked":"Pommel Strike","floor":4},{"not_picked":["Inflame","Heavy Blade","Whirlwind"],"picked":"SKIP","floor":5},{"not_picked":["Whirlwind","Rage"],"picked":"Ghostly Armor","floor":7},{"not_picked":["Iron Wave","Perfected Strike"],"picked":"Shrug It Off","floor":10},{"not_picked":["Second Wind","Sentinel","Warcry"],"picked":"SKIP","floor":11},{"not_picked":["Offering","Bludgeon"],"picked":"Impervious","floor":16},{"not_picked":["Intimidate","Headbutt"],"picked":"Shrug It Off","floor":18},{"not_picked":["Intimidate","Havoc","Sever Soul+1"],"picked":"SKIP","floor":20}],"player_experience":350573,"relics_obtained":[{"floor":7,"key":"MealTicket"},{"floor":9,"key":"Juzu Bracelet"}],"event_choices":[{"damage_healed":0,"gold_gain":70,"player_choice":"Gained Gold","damage_taken":0,"max_hp_gain":0,"max_hp_loss":0,"event_name":"Golden Wing","floor":3,"gold_loss":0},{"damage_healed":0,"gold_gain":0,"cards_transformed":["Defend_R"],"player_choice":"Change","damage_taken":0,"max_hp_gain":0,"max_hp_loss":0,"event_name":"Living Wall","floor":13,"gold_loss":0,"cards_obtained":["Heavy Blade"]},{"damage_healed":0,"gold_gain":0,"player_choice":"CARD CARD ","damage_taken":19,"max_hp_gain":0,"max_hp_loss":0,"event_name":"Knowing Skull","floor":19,"potions_obtained":[],"gold_loss":0,"cards_obtained":["Forethought","Trip"]}],"is_beta":false,"boss_relics":[{"not_picked":["Runic Dome","Cursed Key"],"picked":"Black Star"}],"items_purged_floors":[14],"is_endless":false,"potions_floor_spawned":[10,16],"ascension_level":8}}