{"host":"52jmisti11ysmja4","time":1610064104,"event":{"mods":["Aspiration","BaseMod","Better Third Choice","Minty Spire (QoL Compilation)","Remove Card Discount Mod","StSLib"],"gold_per_floor":[110,127,141,158,111,141,87,87,87,119,119,119,119,133,133,209,209,223,233,233,267,3,3,37,37,82,110,110,110,137,154,154,154,154],"floor_reached":33,"playtime":2780,"items_purged":["Defend_G","Defend_G","Defend_G","Defend_G","Defend_G","Strike_G","Strike_G","Strike_G","Strike_G","Strike_G"],"score":656,"play_id":"5010b0bf-89f7-4648-92d4-65743932ef61","local_time":"20210107160144","is_ascension_mode":true,"campfire_choices":[{"data":"Poisoned Stab","floor":8,"key":"SMITH"},{"data":"Cloak And Dagger","floor":15,"key":"SMITH"},{"data":"Phantasmal Killer","floor":23,"key":"SMITH"},{"data":"Cloak And Dagger","floor":25,"key":"SMITH"},{"data":"Blade Dance","floor":28,"key":"SMITH"},{"floor":32,"key":"REST"}],"circlet_count":0,"master_deck":["AscendersBane","Survivor+1","Neutralize","Cloak And Dagger+1","Dagger Spray","Flying Knee","Blade Dance+1","Quick Slash","Slice+1","Poisoned Stab+1","Backflip","Phantasmal Killer+1","Cloak And Dagger+1","Deflect","Noxious Fumes+1","Rebound","Noxious Fumes+1","Escape Plan","Cleave","Deadly Poison+1","Cleave","Anger"],"relics":["Ring of the Snake","aspiration:Nostalgia","PureWater","FossilizedHelix","Eternal Feather","Torii","Frozen Egg 2","SlaversCollar","PrismaticShard","Red Mask","Snake Skull","Sundial","Boot","Bottled Lightning","PreservedInsect"],"acts_visited":["Exordium","TheCity"],"potions_floor_usage":[16,21,33],"damage_taken":[{"damage":0,"enemies":"Jaw Worm","floor":1,"turns":5},{"damage":0,"enemies":"Small Slimes","floor":2,"turns":3},{"damage":0,"enemies":"2 Louse","floor":3,"turns":3},{"damage":0,"enemies":"Looter","floor":4,"turns":4},{"damage":2,"enemies":"Gremlin Nob","floor":6,"turns":3},{"damage":7,"enemies":"Lagavulin","floor":10,"turns":4},{"damage":0,"enemies":"Exordium Wildlife","floor":14,"turns":2},{"damage":0,"enemies":"Slime Boss","floor":16,"turns":6},{"damage":6,"enemies":"2 Thieves","floor":18,"turns":4},{"damage":0,"enemies":"Chosen","floor":19,"turns":2},{"damage":0,"enemies":"Masked Bandits","floor":21,"turns":3},{"damage":0,"enemies":"Book of Stabbing","floor":24,"turns":4},{"damage":10,"enemies":"Gremlin Leader","floor":27,"turns":5},{"damage":10,"enemies":"Slavers","floor":30,"turns":3},{"damage":13,"enemies":"Snake Plant","floor":31,"turns":3},{"damage":84,"enemies":"Champ","floor":33,"turns":8}],"seed_played":"8509547144969911662","potions_obtained":[{"floor":4,"key":"SmokeBomb"},{"floor":10,"key":"SteroidPotion"},{"floor":19,"key":"Fruit Juice"},{"floor":27,"key":"SteroidPotion"}],"is_trial":false,"path_per_floor":["M","M","M","M","$","E","$","R","T","E","?","?","?","M","R","B",null,"M","M","?","?","$","R","E","R","T","E","R","?","E","M","R","B"],"character_chosen":"THE_SILENT","items_purchased":["Quick Slash","Poisoned Stab","Snake Skull","Noxious Fumes+1","Escape Plan"],"campfire_rested":1,"item_purchase_floors":[5,7,22,22,22],"current_hp_per_floor":[59,59,59,59,59,57,57,57,57,50,50,50,37,37,43,43,60,54,54,46,51,51,60,60,69,69,59,71,71,61,48,71,0,0],"gold":154,"neow_bonus":"NOSTALGIA","is_daily":false,"chose_seed":false,"campfire_upgraded":5,"win_rate":0.0,"timestamp":1610064104,"path_taken":["M","M","M","M","$","E","$","R","T","E","?","?","?","M","R","BOSS","M","M","?","?","$","R","E","R","T","E","R","?","E","M","R","BOSS"],"items_purchased_type":["Card","Card","Relic","Card","Card"],"build_version":"2020-12-22","purchased_purges":10,"victory":false,"max_hp_per_floor":[66,66,66,66,66,66,66,66,66,66,66,66,66,66,66,66,66,66,66,66,71,71,71,71,71,71,71,71,71,71,71,71,71,71],"card_choices":[{"not_picked":["Bane","Slice"],"picked":"Cloak And Dagger","floor":1},{"not_picked":["Dagger Throw","Blur"],"picked":"Dagger Spray","floor":2},{"not_picked":["Sucker Punch","Dagger Spray"],"picked":"Flying Knee","floor":3},{"not_picked":["Prepared","Phantasmal Killer"],"picked":"Blade Dance","floor":4},{"not_picked":["Prepared","Outmaneuver"],"picked":"Slice","floor":6},{"not_picked":["Outmaneuver","Tools of the Trade"],"picked":"Backflip","floor":10},{"not_picked":["Tactician","PiercingWail","Prepared"],"picked":"SKIP","floor":14},{"not_picked":["aspiration:Lunge","Die Die Die"],"picked":"Phantasmal Killer","floor":16},{"not_picked":["Dagger Throw","Blade Dance"],"picked":"Cloak And Dagger","floor":18},{"not_picked":["Sucker Punch","All Out Attack"],"picked":"Deflect","floor":19},{"not_picked":["Flechettes","Underhanded Strike"],"picked":"Noxious Fumes+1","floor":20},{"not_picked":["Chaos","FearNoEvil"],"picked":"Rebound","floor":21},{"not_picked":["Outmaneuver","Entrench"],"picked":"Cleave","floor":24},{"not_picked":["Blasphemy","Iron Wave"],"picked":"Deadly Poison+1","floor":27},{"not_picked":["Consume","Force Field+1"],"picked":"Cleave","floor":30},{"not_picked":["Warcry+1","ForeignInfluence"],"picked":"Anger","floor":31}],"player_experience":459539,"relics_obtained":[{"floor":6,"key":"FossilizedHelix"},{"floor":9,"key":"Eternal Feather"},{"floor":10,"key":"Torii"},{"floor":20,"key":"PrismaticShard"},{"floor":21,"key":"Red Mask"},{"floor":24,"key":"Sundial"},{"floor":26,"key":"Boot"},{"floor":27,"key":"Bottled Lightning"},{"floor":30,"key":"PreservedInsect"}],"event_choices":[{"cards_removed":["Injury"],"damage_healed":0,"gold_gain":0,"player_choice":"Forget","damage_taken":0,"max_hp_gain":0,"max_hp_loss":0,"event_name":"Living Wall","floor":12,"gold_loss":0},{"damage_healed":50,"gold_gain":0,"player_choice":"Upgrade","damage_taken":13,"max_hp_gain":0,"max_hp_loss":66,"event_name":"betterThird:BetterShining","floor":13,"gold_loss":0,"cards_upgraded":["Slice","Survivor"]},{"damage_healed":0,"gold_gain":0,"player_choice":"Fought Bandits","damage_taken":0,"max_hp_gain":0,"max_hp_loss":0,"event_name":"Masked Bandits","floor":21,"gold_loss":0},{"damage_healed":0,"gold_gain":0,"player_choice":"Ignored","damage_taken":0,"max_hp_gain":0,"max_hp_loss":0,"event_name":"Ghosts","floor":29,"gold_loss":0}],"is_beta":false,"boss_relics":[{"not_picked":["SacredBark","aspiration:WatcherSkillbook"],"picked":"SlaversCollar"}],"items_purged_floors":[5,5,5,5,5,5,5,5,5,5],"is_endless":false,"potions_floor_spawned":[4,10,19,27,30],"killed_by":"Champ","ascension_level":14}}