{"host":"vumwfieg2b2mnrfl","time":1610146164,"event":{"mods":["AchievementEnabler","BaseMod","Minty Spire (QoL Compilation)","Rare Cards Sparkle","Relic Stats"],"gold_per_floor":[117,130,100,100,100,126,136,169,196,221,232,52,69,102,102,201,201,218,218,143,143,143,143,174,174,201,226,226,243,243,275,275,375,375,394,408,408,368,96,122,122,132,132,147,162,162,112,128,128,128,128],"floor_reached":50,"playtime":1897,"items_purged":["Defend_P","Clumsy","Study+1"],"score":808,"play_id":"a663fecb-7ad8-47e4-8aa2-be59d7c72ab1","local_time":"20210108164924","is_ascension_mode":true,"campfire_choices":[{"floor":15.0,"key":"REST"},{"floor":23.0,"key":"REST"},{"floor":28.0,"key":"REST"},{"floor":32.0,"key":"REST"},{"floor":41.0,"key":"REST"},{"floor":49,"key":"REST"}],"circlet_count":0,"master_deck":["Strike_P","Strike_P+1","Strike_P+1","Defend_P","Eruption+1","Vigilance","Protect","Consecrate","Meditate","CutThroughFate","FearNoEvil","SandsOfTime","FollowUp","ConjureBlade+1","MentalFortress","Vault","FlurryOfBlows","Wallop","FearNoEvil","Adaptation","DeusExMachina","Omniscience","ForeignInfluence+1","Scrawl+1","Tantrum","Tantrum","MentalFortress","ClearTheMind"],"relics":["PureWater","Strawberry","FaceOfCleric","Bag of Preparation","Whetstone","Art of War","Mercury Hourglass","HandDrill","Singing Bowl","Cursed Key","White Beast Statue","Smiling Mask","Bronze Scales","TungstenRod","Astrolabe","DollysMirror","Thread and Needle"],"acts_visited":["Exordium","TheCity","TheBeyond"],"potions_floor_usage":[44,50,50],"damage_taken":[{"damage":2.0,"enemies":"2 Louse","floor":1.0,"turns":2.0},{"damage":2.0,"enemies":"Cultist","floor":2.0,"turns":5.0},{"damage":26.0,"enemies":"3 Sentries","floor":6.0,"turns":10.0},{"damage":4.0,"enemies":"Jaw Worm","floor":7.0,"turns":4.0},{"damage":34.0,"enemies":"Gremlin Nob","floor":8.0,"turns":4.0},{"damage":0.0,"enemies":"3 Sentries","floor":10.0,"turns":4.0},{"damage":1.0,"enemies":"Exordium Wildlife","floor":11.0,"turns":3.0},{"damage":3.0,"enemies":"Looter","floor":13.0,"turns":2.0},{"damage":0.0,"enemies":"Gremlin Nob","floor":14.0,"turns":2.0},{"damage":26.0,"enemies":"Slime Boss","floor":16.0,"turns":6.0},{"damage":16.0,"enemies":"Shell Parasite","floor":18.0,"turns":3.0},{"damage":32.0,"enemies":"Book of Stabbing","floor":24.0,"turns":6.0},{"damage":18.0,"enemies":"Gremlin Leader","floor":27.0,"turns":4.0},{"damage":1.0,"enemies":"Spheric Guardian","floor":29.0,"turns":4.0},{"damage":18.0,"enemies":"Book of Stabbing","floor":31.0,"turns":4.0},{"damage":54.0,"enemies":"Collector","floor":33.0,"turns":10.0},{"damage":0.0,"enemies":"3 Darklings","floor":35.0,"turns":4.0},{"damage":0.0,"enemies":"3 Shapes","floor":36.0,"turns":4.0},{"damage":71.0,"enemies":"Nemesis","floor":40.0,"turns":7.0},{"damage":25.0,"enemies":"Maw","floor":42.0,"turns":5.0},{"damage":5,"enemies":"3 Darklings","floor":44,"turns":3},{"damage":9,"enemies":"Writhing Mass","floor":45,"turns":3},{"damage":0,"enemies":"Spire Growth","floor":48,"turns":4},{"damage":58,"enemies":"Time Eater","floor":50,"turns":7}],"seed_played":"-8121169091878514557","potions_obtained":[{"floor":3.0,"key":"EssenceOfSteel"},{"floor":3.0,"key":"FearPotion"},{"floor":6.0,"key":"Block Potion"},{"floor":10.0,"key":"Ambrosia"},{"floor":14.0,"key":"Swift Potion"},{"floor":27.0,"key":"SkillPotion"},{"floor":29.0,"key":"BlessingOfTheForge"},{"floor":31.0,"key":"DuplicationPotion"},{"floor":33.0,"key":"DistilledChaos"},{"floor":35.0,"key":"Explosive Potion"},{"floor":42.0,"key":"Ambrosia"},{"floor":44,"key":"SneckoOil"},{"floor":45,"key":"Block Potion"}],"is_trial":false,"path_per_floor":["M","M","?","$","?","E","M","E","T","E","M","$","M","E","R","B",null,"M","?","$","?","?","R","E","?","T","E","R","M","?","E","R","B",null,"M","M","?","?","$","E","R","M","T","M","M","?","$","M","R","B"],"character_chosen":"WATCHER","items_purchased":["FollowUp","HandDrill","Tantrum","DollysMirror"],"campfire_rested":6,"item_purchase_floors":[12,12,39,39],"current_hp_per_floor":[77,75,75,75,75,50,47,14,14,15,15,15,13,14,39,14,69,54,54,54,37,37,64,35,35,35,18,47,47,47,30,59,6,77,80,83,83,83,83,13,45,23,23,21,15,15,15,16,49,0,0],"gold":128,"neow_bonus":"RANDOM_COMMON_RELIC","is_daily":false,"chose_seed":false,"campfire_upgraded":0,"win_rate":0.0,"timestamp":1610146164,"path_taken":["M","M","?","?","?","E","?","E","T","E","M","$","M","E","R","BOSS","M","?","$","?","?","R","E","?","T","E","R","M","?","E","R","BOSS","M","M","?","?","$","E","R","M","T","?","M","?","?","M","R","BOSS"],"items_purchased_type":["Card","Relic","Card","Relic"],"build_version":"2020-12-22","purchased_purges":3,"victory":false,"max_hp_per_floor":[79,79,79,79,79,80,81,82,82,83,84,84,85,86,86,87,87,88,88,88,93,93,93,96,96,96,97,97,98,98,99,99,100,100,103,106,106,106,106,107,107,110,110,113,116,110,110,111,111,111,111],"relic_stats":{"Singing Bowl":12,"counters":[24,108],"Astrolabe":["ForeignInfluence","Study","Scrawl"],"Bag of Preparation":[42],"Whetstone":["Strike_P","Strike_P"],"Cursed Key":1,"Smiling Mask":125,"Mercury Hourglass":[269],"FaceOfCleric":21,"Bronze Scales":[132],"Art of War":[4],"HandDrill":[30],"obtain_stats":[{"Singing Bowl":14,"Astrolabe":34,"Thread and Needle":40,"Bag of Preparation":6,"Whetstone":8,"Cursed Key":17,"Smiling Mask":26,"White Beast Statue":24,"Mercury Hourglass":10,"FaceOfCleric":5,"DollysMirror":39,"Strawberry":0,"Bronze Scales":27,"Art of War":9,"HandDrill":12,"PureWater":0,"TungstenRod":31},{"Singing Bowl":9,"Astrolabe":16,"Thread and Needle":19,"Bag of Preparation":3,"Whetstone":5,"Cursed Key":10,"Smiling Mask":12,"White Beast Statue":12,"Mercury Hourglass":6,"FaceOfCleric":2,"DollysMirror":18,"Strawberry":0,"Bronze Scales":13,"Art of War":5,"HandDrill":7,"PureWater":0,"TungstenRod":15},{"Singing Bowl":35,"Astrolabe":71,"Thread and Needle":86,"Bag of Preparation":17,"Whetstone":25,"Cursed Key":40,"Smiling Mask":49,"White Beast Statue":49,"Mercury Hourglass":29,"FaceOfCleric":7,"DollysMirror":79,"Strawberry":0,"Bronze Scales":53,"Art of War":25,"HandDrill":32,"PureWater":0,"TungstenRod":61}],"TungstenRod":22},"card_choices":[{"not_picked":["CrushJoints","Perseverance"],"picked":"Protect","floor":1.0},{"not_picked":["Protect","FlyingSleeves"],"picked":"Consecrate","floor":2.0},{"not_picked":["Ragnarok","Weave"],"picked":"Meditate","floor":6.0},{"not_picked":["Halt","Consecrate"],"picked":"CutThroughFate","floor":7.0},{"not_picked":["Crescendo","SashWhip"],"picked":"FearNoEvil","floor":8.0},{"not_picked":["Halt","Consecrate"],"picked":"SandsOfTime","floor":10.0},{"not_picked":["FlyingSleeves","JustLucky","Nirvana"],"picked":"SKIP","floor":11.0},{"not_picked":["EmptyFist","SandsOfTime"],"picked":"ConjureBlade","floor":13.0},{"not_picked":["Indignation","PathToVictory"],"picked":"MentalFortress","floor":14.0},{"not_picked":["Blasphemy","DeusExMachina"],"picked":"Vault","floor":16.0},{"not_picked":["CrushJoints","Crescendo"],"picked":"FlurryOfBlows","floor":18.0},{"not_picked":["WheelKick","ClearTheMind","Halt"],"picked":"Singing Bowl","floor":24.0},{"not_picked":["EmptyMind+1","Wireheading+1"],"picked":"FearNoEvil","floor":27.0},{"not_picked":["Evaluate","BowlingBash"],"picked":"Adaptation","floor":29.0},{"not_picked":["Evaluate","WreathOfFlame"],"picked":"DeusExMachina","floor":31.0},{"not_picked":["Brilliance","Judgement"],"picked":"Omniscience","floor":33.0},{"not_picked":["Consecrate","Meditate+1","FollowUp"],"picked":"Singing Bowl","floor":35.0},{"not_picked":["EmptyBody","EmptyMind","CutThroughFate"],"picked":"Singing Bowl","floor":36.0},{"not_picked":["Crescendo","Perseverance+1"],"picked":"MentalFortress","floor":40.0},{"not_picked":["Perseverance+1","FlurryOfBlows","Conclude+1"],"picked":"Singing Bowl","floor":42.0},{"not_picked":["CutThroughFate","Sanctity","FollowUp"],"picked":"Singing Bowl","floor":44},{"not_picked":["PathToVictory+1","JustLucky","Sanctity+1"],"picked":"Singing Bowl","floor":45},{"not_picked":["Worship","JustLucky"],"picked":"ClearTheMind","floor":48}],"player_experience":390611,"relics_obtained":[{"floor":6.0,"key":"Bag of Preparation"},{"floor":8.0,"key":"Whetstone"},{"floor":9.0,"key":"Art of War"},{"floor":10.0,"key":"Mercury Hourglass"},{"floor":14.0,"key":"Singing Bowl"},{"floor":24.0,"key":"White Beast Statue"},{"floor":26.0,"key":"Smiling Mask"},{"floor":27.0,"key":"Bronze Scales"},{"floor":31.0,"key":"TungstenRod"},{"floor":40.0,"key":"Thread and Needle"}],"event_choices":[{"damage_healed":0.0,"max_hp_gain":0.0,"max_hp_loss":0.0,"gold_gain":0.0,"event_name":"The Woman in Blue","player_choice":"Bought 2 Potions","floor":3.0,"gold_loss":0.0,"damage_taken":0.0},{"damage_healed":0.0,"max_hp_gain":0.0,"max_hp_loss":0.0,"gold_gain":0.0,"event_name":"FaceTrader","player_choice":"Trade","floor":5.0,"gold_loss":0.0,"damage_taken":0.0,"relics_obtained":["FaceOfCleric"]},{"damage_healed":0.0,"max_hp_gain":0.0,"max_hp_loss":0.0,"gold_gain":0.0,"event_name":"The Library","player_choice":"Read","floor":19.0,"gold_loss":0.0,"damage_taken":0.0,"cards_obtained":["Wallop"]},{"damage_healed":0.0,"max_hp_gain":5.0,"max_hp_loss":0.0,"gold_gain":0.0,"event_name":"Forgotten Altar","player_choice":"Shed Blood","floor":21.0,"gold_loss":0.0,"damage_taken":22.0},{"damage_healed":0.0,"max_hp_gain":0.0,"max_hp_loss":0.0,"gold_gain":0.0,"event_name":"Vampires","player_choice":"Ignored","floor":22.0,"gold_loss":0.0,"damage_taken":0.0},{"damage_healed":0.0,"max_hp_gain":0.0,"max_hp_loss":0.0,"gold_gain":0.0,"event_name":"Cursed Tome","player_choice":"Ignored","floor":25.0,"gold_loss":0.0,"damage_taken":0.0},{"damage_healed":0.0,"max_hp_gain":0.0,"max_hp_loss":0.0,"gold_gain":0.0,"event_name":"The Mausoleum","player_choice":"Ignored","floor":30.0,"gold_loss":0.0,"damage_taken":0.0},{"damage_healed":0.0,"max_hp_gain":0.0,"max_hp_loss":0.0,"gold_gain":0.0,"event_name":"Tomb of Lord Red Mask","player_choice":"Ignored","floor":37.0,"gold_loss":0.0,"damage_taken":0.0},{"damage_healed":0.0,"max_hp_gain":0.0,"max_hp_loss":0.0,"gold_gain":0.0,"event_name":"Designer","player_choice":"Upgraded Two","floor":38.0,"gold_loss":40.0,"damage_taken":0.0,"cards_upgraded":["Eruption","ConjureBlade"]},{"damage_healed":0,"gold_gain":0,"player_choice":"Max HP","damage_taken":0,"max_hp_gain":0,"max_hp_loss":6,"event_name":"Winding Halls","floor":46,"gold_loss":0}],"is_beta":false,"boss_relics":[{"not_picked":["Snecko Eye","Velvet Choker"],"picked":"Cursed Key"},{"not_picked":["Philosopher\u0027s Stone","Sozu"],"picked":"Astrolabe"}],"items_purged_floors":[20,39,47],"is_endless":false,"potions_floor_spawned":[6,7,10,13,14,24,27,29,31,33,35,36,40,42,44,45,48],"killed_by":"Time Eater","ascension_level":5}}