{"host":"ji1fk25fd1ga4ji1","time":1610081489,"event":{"mods":["2.2 Compatiblity","BaseMod","Colored Map","DeckTracker","Minty Spire (QoL Compilation)","Permanent Neow","Quick Restart","StSLib","SuperFastMode"],"gold_per_floor":[117,117,135,60,73,98,112,131,207,107,107,139,139,153,153,249,249,264,363,363,162,175,207,207,207,207,207,59,79,110,130,130,130,130],"floor_reached":33,"playtime":520,"items_purged":["Strike_R","Regret","Writhe"],"score":336,"play_id":"8d53f48b-74bf-4ff0-b651-cf33fdbfad93","local_time":"20210108135129","is_ascension_mode":true,"campfire_choices":[{"data":"Offering","floor":11,"key":"SMITH"},{"data":"Battle Trance","floor":13,"key":"SMITH"},{"data":"True Grit","floor":15,"key":"SMITH"},{"data":"Power Through","floor":24,"key":"SMITH"},{"data":"Second Wind","floor":27,"key":"SMITH"},{"floor":32,"key":"REST"}],"circlet_count":0,"master_deck":["Strike_R","Strike_R","Strike_R","Strike_R","Defend_R","Defend_R","Defend_R","Defend_R","Bash","Immolate+1","Burning Pact","True Grit+1","Battle Trance+1","Offering+1","Second Wind+1","Limit Break","CurseOfTheBell","Power Through+1","Offering"],"relics":["Burning Blood","Bag of Marbles","StoneCalendar","Calling Bell","Akabeko","Frozen Egg 2","Turnip","Regal Pillow","TungstenRod","Pantograph","InkBottle"],"acts_visited":["Exordium","TheCity"],"potions_floor_usage":[6,33],"damage_taken":[{"damage":0,"enemies":"Small Slimes","floor":1,"turns":3},{"damage":2,"enemies":"Cultist","floor":3,"turns":4},{"damage":6,"enemies":"Jaw Worm","floor":5,"turns":4},{"damage":21,"enemies":"Lagavulin","floor":6,"turns":7},{"damage":7,"enemies":"Large Slime","floor":7,"turns":5},{"damage":0,"enemies":"Gremlin Gang","floor":8,"turns":1},{"damage":17,"enemies":"Gremlin Nob","floor":12,"turns":3},{"damage":0,"enemies":"3 Louse","floor":14,"turns":1},{"damage":22,"enemies":"Hexaghost","floor":16,"turns":7},{"damage":16,"enemies":"Shell Parasite","floor":18,"turns":3},{"damage":6,"enemies":"Chosen","floor":22,"turns":3},{"damage":6,"enemies":"Slavers","floor":23,"turns":1},{"damage":9,"enemies":"Snake Plant","floor":29,"turns":3},{"damage":42,"enemies":"Book of Stabbing","floor":30,"turns":6},{"damage":19,"enemies":"Sentry and Sphere","floor":31,"turns":4},{"damage":0,"enemies":"Champ","floor":33,"turns":1}],"seed_played":"-2581709549899035909","potions_obtained":[{"floor":3,"key":"FearPotion"},{"floor":5,"key":"Dexterity Potion"},{"floor":8,"key":"HeartOfIron"},{"floor":12,"key":"Swift Potion"},{"floor":23,"key":"Explosive Potion"},{"floor":30,"key":"DuplicationPotion"}],"is_trial":false,"path_per_floor":["M","?","M","$","M","E","M","M","T","$","R","E","R","M","R","B",null,"M","?","?","$","M","E","R","?","T","R","$","M","E","M","R","B"],"character_chosen":"IRONCLAD","items_purchased":["Power Through","Offering"],"campfire_rested":1,"item_purchase_floors":[21,28],"current_hp_per_floor":[80,80,80,80,80,65,64,70,70,70,70,59,59,65,65,49,80,70,70,70,70,70,70,70,65,65,65,65,62,26,13,52,77,77],"gold":130,"neow_bonus":"THREE_RARE_CARDS","is_daily":false,"chose_seed":false,"campfire_upgraded":5,"win_rate":0.0,"timestamp":1610081489,"path_taken":["M","?","M","$","M","E","M","?","T","$","R","E","R","M","R","BOSS","M","?","?","$","?","E","R","?","T","R","$","M","E","M","R","BOSS"],"items_purchased_type":["Card","Card"],"build_version":"2020-12-22","purchased_purges":3,"victory":false,"max_hp_per_floor":[80,80,80,80,80,80,80,80,80,80,80,80,80,80,80,80,80,80,80,80,80,80,80,80,80,80,80,80,80,80,80,80,80,80],"card_choices":[{"not_picked":["Feed","Offering"],"picked":"Immolate","floor":0},{"not_picked":["Pommel Strike","Fire Breathing","Metallicize"],"picked":"SKIP","floor":1},{"not_picked":["Perfected Strike","Cleave"],"picked":"Burning Pact","floor":3},{"not_picked":["Dropkick","Twin Strike"],"picked":"True Grit","floor":5},{"not_picked":["Combust","Sword Boomerang"],"picked":"Battle Trance","floor":6},{"not_picked":["Clothesline","Perfected Strike","Flame Barrier"],"picked":"SKIP","floor":7},{"not_picked":["Iron Wave","Seeing Red"],"picked":"Offering","floor":8},{"not_picked":["Havoc","Reckless Charge","Cleave"],"picked":"SKIP","floor":12},{"not_picked":["Anger","Flex"],"picked":"Second Wind","floor":14},{"not_picked":["Reaper","Brutality"],"picked":"Limit Break","floor":16},{"not_picked":["Sentinel","Armaments","Havoc"],"picked":"SKIP","floor":18},{"not_picked":["Headbutt+1","Warcry","Armaments"],"picked":"SKIP","floor":22},{"not_picked":["Burning Pact","Rupture+1","Armaments"],"picked":"SKIP","floor":23},{"not_picked":["Clothesline","Anger","Iron Wave"],"picked":"SKIP","floor":29},{"not_picked":["Iron Wave+1","Clothesline","Corruption+1"],"picked":"SKIP","floor":30},{"not_picked":["Burning Pact+1","Flame Barrier","Clash+1"],"picked":"SKIP","floor":31}],"player_experience":814810,"relics_obtained":[{"floor":6,"key":"Bag of Marbles"},{"floor":12,"key":"StoneCalendar"},{"floor":17,"key":"Akabeko"},{"floor":17,"key":"Frozen Egg 2"},{"floor":17,"key":"Turnip"},{"floor":23,"key":"TungstenRod"},{"floor":26,"key":"Pantograph"},{"floor":30,"key":"InkBottle"}],"event_choices":[{"damage_healed":0,"gold_gain":0,"player_choice":"Forge","damage_taken":0,"max_hp_gain":0,"max_hp_loss":0,"event_name":"Accursed Blacksmith","floor":2,"gold_loss":0,"cards_upgraded":["Immolate"]},{"damage_healed":0,"gold_gain":99,"player_choice":"Stole From Cult","damage_taken":0,"max_hp_gain":0,"max_hp_loss":0,"event_name":"Nest","floor":19,"gold_loss":0},{"damage_healed":0,"gold_gain":0,"player_choice":"Opened","damage_taken":0,"relics_obtained":["Regal Pillow"],"max_hp_gain":0,"max_hp_loss":0,"event_name":"The Mausoleum","floor":20,"gold_loss":0,"cards_obtained":["Writhe"]},{"damage_healed":0,"gold_gain":0,"player_choice":"","damage_taken":6,"max_hp_gain":0,"max_hp_loss":0,"event_name":"Knowing Skull","floor":25,"potions_obtained":[],"gold_loss":0,"cards_obtained":[]}],"is_beta":false,"boss_relics":[{"not_picked":["Tiny House","Fusion Hammer"],"picked":"Calling Bell"}],"items_purged_floors":[4,10,21],"is_endless":false,"potions_floor_spawned":[3,5,8,12,22,23,30],"killed_by":"Champ","ascension_level":1}}