{"host":"lq7kzi2nz43yw1nt","time":1610069855,"event":{"mods":["AchievementEnabler","Act Like it!","BaseMod","Better Third Choice","BetterRewards","Block Reminder","Conspire","Gensokyo","GifTheSpireLib","Hubris","Infinite Spire","Koishi","Marisa????????","Minty Spire (QoL Compilation)","Quick Restart","Rare Cards Sparkle","Relic Sorter","Remilia??????","Replay The Spire","Shop Mod","Spicy Shops","Spikes Relics","StSLib","SuperFastMode","The Blue Laboratory","The Servant 0.9.4","Trackpad"],"gold_per_floor":[112,122,122,133,133,165,165,181,181,198,212,177,196,196,196,298,298,317,317,331,345,345,345,373,392,392,409,429,429,429],"floor_reached":29,"playtime":1293,"items_purged":[],"score":491,"play_id":"80841ebd-ea04-451f-8524-de7f11f5dd4e","local_time":"20210107203735","is_ascension_mode":true,"campfire_choices":[{"floor":7.0,"key":"REST"},{"floor":15.0,"key":"REST"},{"floor":23.0,"key":"REST"}],"circlet_count":0,"master_deck":["Strike_B","Strike_B","Strike_B+1","Strike_B","Defend_B+1","Defend_B","Defend_B","Defend_B","Zap","Dualcast","Static Discharge","Loop","Time Bomb","ReplayGash+1","Ball Lightning","FTL","Cold Snap","Go for the Eyes","Chill","All For One","Hologram","Static Discharge","Self Repair+1","Beam Cell+1","Conserve Battery","Creative AI","Steam"],"relics":["Replay:M_StaffOfTheSnake","Oddly Smooth Stone","SpikesRelics:DaevaFist","trackpad:CultistFigurine","ScarletDevilRocket","Simple Rune","infinitespire:Cubic Diamond","hubris:RunicObelisk","MutagenicStrength","Carrot","hubris:AstralHammer"],"acts_visited":["Exordium","TheCity"],"potions_floor_usage":[29],"damage_taken":[{"damage":7.0,"enemies":"2 Louse","floor":1.0,"turns":3.0},{"damage":0.0,"enemies":"Cultist","floor":2.0,"turns":3.0},{"damage":0.0,"enemies":"Small Slimes","floor":4.0,"turns":3.0},{"damage":32.0,"enemies":"Gremlin Nob","floor":6.0,"turns":4.0},{"damage":1.0,"enemies":"Blue Slaver","floor":8.0,"turns":3.0},{"damage":0.0,"enemies":"Looter","floor":10.0,"turns":3.0},{"damage":13.0,"enemies":"Gremlin Gang","floor":11.0,"turns":3.0},{"damage":14.0,"enemies":"2 Fungi Beasts","floor":13.0,"turns":3.0},{"damage":45.0,"enemies":"Slime Boss","floor":16.0,"turns":9.0},{"damage":6.0,"enemies":"3 Byrds","floor":18.0,"turns":4.0},{"damage":22.0,"enemies":"Shell Parasite","floor":20.0,"turns":4.0},{"damage":24.0,"enemies":"Centurion and Healer","floor":21.0,"turns":4.0},{"damage":16.0,"enemies":"conspire:SneckoGhost","floor":24.0,"turns":4.0},{"damage":3.0,"enemies":"Shelled Parasite and Fungi","floor":25.0,"turns":3.0},{"damage":7.0,"enemies":"Chosen and Byrds","floor":27.0,"turns":5.0},{"damage":7.0,"enemies":"Centurion and Healer","floor":28.0,"turns":5.0},{"damage":27,"enemies":"Gremlin Leader","floor":29,"turns":4}],"seed_played":"-6024342065562117115","potions_obtained":[{"floor":1.0,"key":"Adrenaline Potion"},{"floor":6.0,"key":"SpeedPotion"},{"floor":8.0,"key":"SkillPotion"},{"floor":11.0,"key":"blueLaboratory:PolymorphPotion"},{"floor":18.0,"key":"blueLaboratory:BiasPotion"},{"floor":24.0,"key":"Strength Potion"},{"floor":27.0,"key":"blueLaboratory:PhilterOfMotion"}],"is_trial":false,"path_per_floor":["M","M","?","M","?","E","R","M","T","M","M","?","M","?","R","B",null,"M","?","M","M","?","R","E","M","T","M","M","E"],"character_chosen":"DEFECT","items_purchased":["Static Discharge","Oddly Smooth Stone","SpikesRelics:DaevaFist","Conserve Battery+1"],"campfire_rested":3,"item_purchase_floors":[0,0,0,0],"current_hp_per_floor":[44,44,44,44,44,12,34,33,33,33,20,38,24,24,46,1,57,51,51,29,15,15,37,21,18,18,21,24,0,0],"gold":429,"neow_bonus":"","is_daily":false,"chose_seed":false,"campfire_upgraded":0,"win_rate":0.0,"timestamp":1610069855,"path_taken":["M","M","?","M","?","E","R","M","T","?","M","?","M","?","R","BOSS","M","?","?","M","?","R","E","M","T","M","M","E"],"items_purchased_type":["Card","Relic","Relic","Card"],"build_version":"2020-12-22","purchased_purges":0,"victory":false,"max_hp_per_floor":[75,75,75,75,75,75,75,75,75,75,75,75,75,75,75,75,75,75,75,75,75,75,75,75,75,75,75,75,75,75],"card_choices":[{"not_picked":["Compile Driver","conspire:Rain"],"picked":"Loop","floor":1.0},{"not_picked":["Cold Snap","Rip and Tear"],"picked":"Time Bomb","floor":2.0},{"not_picked":["Conserve Battery","Aggregate"],"picked":"Ball Lightning","floor":4.0},{"not_picked":["Scrape","Leap"],"picked":"FTL","floor":6.0},{"not_picked":["RefreshScreen","Sweeping Beam"],"picked":"Cold Snap","floor":8.0},{"not_picked":["Leap","Mirror Shield"],"picked":"Go for the Eyes","floor":10.0},{"not_picked":["Leap","Tempest","Barrage"],"picked":"SKIP","floor":11.0},{"not_picked":["Cold Snap","Ball Lightning"],"picked":"Chill","floor":13.0},{"not_picked":["Grand Finale","hubris:SpecializedCircuitry"],"picked":"All For One","floor":16.0},{"not_picked":["Conserve Battery","Glacier+1"],"picked":"Hologram","floor":18.0},{"not_picked":["Barrage+1","Scrape"],"picked":"Self Repair+1","floor":20.0},{"not_picked":["Hologram+1","Go for the Eyes"],"picked":"Beam Cell+1","floor":21.0},{"not_picked":["Redo","Fusion","Compile Driver"],"picked":"SKIP","floor":24.0},{"not_picked":["Blizzard","Rebound+1"],"picked":"Conserve Battery","floor":25.0},{"not_picked":["Tempest","Reinforced Body"],"picked":"Creative AI","floor":27.0},{"not_picked":["DiskWipe","Beam Cell+1"],"picked":"Steam","floor":28.0}],"player_experience":538800,"relics_obtained":[{"floor":6.0,"key":"ScarletDevilRocket"},{"floor":9.0,"key":"Simple Rune"},{"floor":24.0,"key":"Carrot"},{"floor":26.0,"key":"hubris:AstralHammer"}],"event_choices":[{"damage_healed":0.0,"max_hp_gain":0.0,"max_hp_loss":0.0,"gold_gain":0.0,"event_name":"WeMeetAgain","player_choice":"Gave Potion","floor":5.0,"gold_loss":0.0,"damage_taken":0.0,"relics_obtained":["trackpad:CultistFigurine"]},{"damage_healed":18.0,"max_hp_gain":0.0,"max_hp_loss":0.0,"gold_gain":0.0,"event_name":"The Cleric","player_choice":"Healed","floor":12.0,"gold_loss":35.0,"damage_taken":0.0},{"damage_healed":0.0,"max_hp_gain":0.0,"max_hp_loss":0.0,"gold_gain":0.0,"event_name":"Duplicator","player_choice":"Copied","floor":19.0,"gold_loss":0.0,"damage_taken":0.0,"cards_obtained":["Static Discharge"]},{"damage_healed":0.0,"max_hp_gain":0.0,"max_hp_loss":0.0,"gold_gain":0.0,"event_name":"Drug Dealer","player_choice":"Inject Mutagens","floor":22.0,"gold_loss":0.0,"damage_taken":0.0,"relics_obtained":["MutagenicStrength"]}],"is_beta":false,"boss_relics":[{"not_picked":["Abe\u0027s Treasure","Coffee Dripper"],"picked":"hubris:RunicObelisk"}],"items_purged_floors":[],"is_endless":false,"potions_floor_spawned":[1,6,8,11,18,20,24,27],"killed_by":"Gremlin Leader","ascension_level":8}}