{"host":"ekuwh035269yscfo","time":1610125350,"event":{"mods":["Aspiration","BaseMod","Better Third Choice","BetterRewards","Colored Map","Custom Start","Downfall","Hermit","Highlight Path","Hubris","Hyrulean Relics","Minty Spire (QoL Compilation)","Replay The Spire","Shop Mod","StSLib","The Cursed"],"gold_per_floor":[99,99,290,290,29,29,29,29,29,47,47,63,63,76,91,91,91,91],"floor_reached":16,"playtime":837,"items_purged":[],"score":88,"play_id":"9227ebd3-7c47-40e0-b29c-eabe25261bf1","local_time":"20210108120230","is_ascension_mode":false,"campfire_choices":[{"data":"hexamod:RainOfEmbers","floor":6,"key":"SMITH"},{"data":"hexamod:SearingWound","floor":8,"key":"SMITH"},{"data":"hexamod:HeatMetal","floor":13,"key":"SMITH"}],"circlet_count":0,"master_deck":["hexamod:Strike","hexamod:Strike","hexamod:Strike","hexamod:Strike","hexamod:Defend","hexamod:Defend","hexamod:Defend","hexamod:Defend","hexamod:Sear","hexamod:Float+1","hexamod:ExtraCrispy+1","ReplayTheSpireMod:Splinters","hexamod:FastForward+1","hexamod:Firestarter","hexamod:RainOfEmbers+1","hexamod:SearingWound+1","hexamod:PhantomFireball+1","hexamod:Firestarter","hexamod:GhostflameBarrier","Regret","hexamod:HeatMetal+1","hexamod:StepThrough"],"relics":["hexamod:SpiritBrand","downfall:HeartsMalice","Darkstone Periapt"],"acts_visited":["Exordium"],"potions_floor_usage":[15,16],"damage_taken":[{"damage":0,"enemies":"Cultist","floor":2,"turns":1},{"damage":0,"enemies":"downfall:FleeingMerchant","floor":5,"turns":1},{"damage":0,"enemies":"2 Louse","floor":9,"turns":1},{"damage":1,"enemies":"Jaw Worm","floor":10,"turns":3},{"damage":13,"enemies":"Lots of Slimes","floor":12,"turns":4},{"damage":3,"enemies":"2 Fungi Beasts","floor":14,"turns":3},{"damage":19,"enemies":"3 Louse","floor":15,"turns":5},{"damage":56,"enemies":"downfall:Defect","floor":16,"turns":6}],"seed_played":"-3992948540000950734","potions_obtained":[{"floor":12,"key":"Regen Potion"},{"floor":15,"key":"AttackPotion"}],"is_trial":false,"path_per_floor":["R_BF","M","?","?","$","R","T","R","M","M","?","M","R","M","M","B"],"character_chosen":"THE_SPIRIT","items_purchased":["hexamod:RainOfEmbers","hexamod:SearingWound","hexamod:PhantomFireball"],"campfire_rested":0,"item_purchase_floors":[5,5,5],"current_hp_per_floor":[70,70,70,70,70,70,70,70,70,69,75,62,62,59,54,0,0,0],"gold":91,"neow_bonus":"THREE_ENEMY_KILL","is_daily":false,"chose_seed":false,"campfire_upgraded":3,"win_rate":0.0,"timestamp":1610125350,"path_taken":["R_BF","M","?","?","$","R","T","R","M","?","?","M","R","M","M","BOSS"],"items_purchased_type":["Card","Card","Card"],"build_version":"2020-12-22","purchased_purges":0,"victory":false,"max_hp_per_floor":[70,70,70,70,70,70,70,70,70,70,76,76,76,76,76,76,76,76],"card_choices":[{"not_picked":["hexamod:GhostShield","hexamod:NightmareStrike"],"picked":"hexamod:ExtraCrispy","floor":2},{"not_picked":["hexamod:SwordOfDarkness","hexamod:Hexaguard"],"picked":"hexamod:FastForward","floor":3},{"not_picked":["hexamod:SwordOfDarkness","hexamod:AdvancingGuard"],"picked":"hexamod:Firestarter","floor":5},{"not_picked":["hexamod:Hexaguard","hexamod:SwordOfDarkness"],"picked":"hexamod:Firestarter","floor":9},{"not_picked":["hexamod:SecondSeal","hexamod:Rewind"],"picked":"hexamod:GhostflameBarrier","floor":10},{"not_picked":["hexamod:RainOfEmbers","hexamod:HauntingEcho"],"picked":"hexamod:HeatMetal","floor":12},{"not_picked":["hexamod:GhostShield","hexamod:InspiringFlames"],"picked":"hexamod:StepThrough","floor":14},{"not_picked":["hexamod:HauntingEcho","hexamod:NightmareGuise","hexamod:GhostOfSpireFuture"],"picked":"SKIP","floor":15}],"player_experience":401208,"relics_obtained":[{"floor":7,"key":"Darkstone Periapt"}],"event_choices":[{"damage_healed":0,"gold_gain":0,"player_choice":"Upgraded","damage_taken":0,"max_hp_gain":0,"max_hp_loss":0,"event_name":"Upgrade Shrine","floor":4,"gold_loss":0,"cards_upgraded":["hexamod:ExtraCrispy"]}],"is_beta":false,"boss_relics":[],"items_purged_floors":[],"is_endless":false,"potions_floor_spawned":[12,15],"killed_by":"downfall:Defect","ascension_level":0}}