{"host":"1a3cjta80tad0aqj","time":1610065371,"event":{"mods":["2.2 Compatiblity","AchievementEnabler","BaseMod","Colored Map","DeckTracker","KOR Keyword Fix","Keyboard Shortcuts","Minty Spire (QoL Compilation)","Permanent Neow","Quick Restart","Random Character Button","StSLib","SuperFastMode","everything is the same but u backflip on backflip"],"gold_per_floor":[115,290,215,235,135,135,135,135,135,150,184,195,195,210,210,310,310,324,324,337,350,225,225,238,238,238,238,88,88,104,118,118,118,118],"floor_reached":33,"playtime":1612,"items_purged":["Doubt","Defend_P","Defend_P","Strike_P"],"score":247,"play_id":"7055e44b-36a9-4f1d-b947-0329b2ce5e26","local_time":"20210108092251","is_ascension_mode":false,"campfire_choices":[{"data":"Eruption","floor":6.0,"key":"SMITH"},{"data":"FlurryOfBlows","floor":8.0,"key":"SMITH"},{"data":"FearNoEvil","floor":13.0,"key":"SMITH"},{"data":"SashWhip","floor":15.0,"key":"SMITH"},{"data":"Halt","floor":23.0,"key":"SMITH"},{"data":"CrushJoints","floor":25.0,"key":"SMITH"},{"floor":32.0,"key":"REST"}],"circlet_count":0,"master_deck":["Strike_P","Strike_P","Strike_P","Defend_P","Defend_P","Eruption+1","Vigilance","FlurryOfBlows+1","SashWhip+1","Vengeance","FearNoEvil+1","Halt+1","CrushJoints+1","Tantrum"],"relics":["Cursed Key"],"acts_visited":["Exordium","TheCity"],"potions_floor_usage":[33],"damage_taken":[{"damage":0.0,"enemies":"Jaw Worm","floor":1.0,"turns":4.0},{"damage":2.0,"enemies":"Small Slimes","floor":4.0,"turns":4.0},{"damage":0.0,"enemies":"Cultist","floor":10.0,"turns":2.0},{"damage":23.0,"enemies":"3 Sentries","floor":11.0,"turns":5.0},{"damage":8.0,"enemies":"3 Louse","floor":12.0,"turns":2.0},{"damage":5.0,"enemies":"2 Fungi Beasts","floor":14.0,"turns":3.0},{"damage":16.0,"enemies":"Slime Boss","floor":16.0,"turns":6.0},{"damage":0.0,"enemies":"Shell Parasite","floor":18.0,"turns":3.0},{"damage":0.0,"enemies":"2 Thieves","floor":20.0,"turns":3.0},{"damage":28.0,"enemies":"Centurion and Healer","floor":21.0,"turns":5.0},{"damage":4.0,"enemies":"Cultist and Chosen","floor":24.0,"turns":5.0},{"damage":2.0,"enemies":"Snake Plant","floor":30.0,"turns":3.0},{"damage":1.0,"enemies":"3 Cultists","floor":31.0,"turns":4.0},{"damage":56,"enemies":"Collector","floor":33,"turns":4}],"seed_played":"5307346780381883643","potions_obtained":[{"floor":4.0,"key":"Dexterity Potion"},{"floor":12.0,"key":"Energy Potion"},{"floor":14.0,"key":"BlessingOfTheForge"},{"floor":18.0,"key":"Ambrosia"},{"floor":24.0,"key":"DistilledChaos"},{"floor":30.0,"key":"StancePotion"},{"floor":31.0,"key":"SpeedPotion"}],"is_trial":false,"path_per_floor":["M","?","$","M","$","R","?","R","T","M","E","M","R","M","R","B",null,"M","?","M","M","$","R","M","R","T","?","$","T","M","M","R","B"],"character_chosen":"WATCHER","items_purchased":[],"campfire_rested":1,"item_purchase_floors":[],"current_hp_per_floor":[72,72,72,70,70,70,70,70,70,70,47,39,39,34,34,18,72,72,72,72,44,44,44,40,40,40,40,40,40,38,37,58,2,2],"gold":118,"neow_bonus":"BOSS_RELIC","is_daily":false,"chose_seed":true,"campfire_upgraded":6,"win_rate":0.0,"timestamp":1610065371,"path_taken":["M","?","$","M","$","R","?","R","T","?","E","M","R","M","R","BOSS","M","?","M","M","$","R","M","R","T","?","$","?","?","M","R","BOSS"],"items_purchased_type":[],"build_version":"2020-12-22","purchased_purges":4,"victory":false,"max_hp_per_floor":[72,72,72,72,72,72,72,72,72,72,72,72,72,72,72,72,72,72,72,72,72,72,72,72,72,72,72,72,72,72,72,72,72,72],"card_choices":[{"not_picked":["FollowUp","ForeignInfluence"],"picked":"FlurryOfBlows","floor":1.0},{"not_picked":["Prostrate","FlyingSleeves"],"picked":"SashWhip","floor":4.0},{"not_picked":["Swivel","JustLucky"],"picked":"Vengeance","floor":10.0},{"not_picked":["ReachHeaven","CrushJoints"],"picked":"FearNoEvil","floor":11.0},{"not_picked":["Perseverance","EmptyFist","WheelKick"],"picked":"SKIP","floor":12.0},{"not_picked":["Fasting2","Sanctity","FlurryOfBlows"],"picked":"SKIP","floor":14.0},{"not_picked":["FlyingSleeves","ForeignInfluence+1"],"picked":"Halt","floor":18.0},{"not_picked":["Crescendo+1","Collect"],"picked":"CrushJoints","floor":20.0},{"not_picked":["Halt","SandsOfTime+1","Evaluate"],"picked":"SKIP","floor":21.0},{"not_picked":["FlurryOfBlows","JustLucky","Halt"],"picked":"SKIP","floor":24.0},{"not_picked":["FollowUp","Consecrate","CrushJoints"],"picked":"SKIP","floor":30.0},{"not_picked":["ForeignInfluence+1","WreathOfFlame","Conclude+1"],"picked":"SKIP","floor":31.0}],"player_experience":191144,"relics_obtained":[],"event_choices":[{"damage_healed":0.0,"max_hp_gain":0.0,"max_hp_loss":0.0,"gold_gain":175.0,"event_name":"Liars Game","player_choice":"AGREE","floor":2.0,"gold_loss":0.0,"damage_taken":0.0,"cards_obtained":["Doubt"]},{"damage_healed":0.0,"max_hp_gain":0.0,"max_hp_loss":0.0,"gold_gain":0.0,"event_name":"Match and Keep!","player_choice":"0 cards matched","floor":7.0,"gold_loss":0.0,"damage_taken":0.0,"cards_obtained":[]},{"damage_healed":0.0,"max_hp_gain":0.0,"max_hp_loss":0.0,"gold_gain":0.0,"event_name":"Ghosts","player_choice":"Ignored","floor":19.0,"gold_loss":0.0,"damage_taken":0.0},{"damage_healed":0.0,"max_hp_gain":0.0,"max_hp_loss":0.0,"gold_gain":0.0,"event_name":"The Library","player_choice":"Read","floor":27.0,"gold_loss":0.0,"damage_taken":0.0,"cards_obtained":["Tantrum"]}],"is_beta":false,"boss_relics":[{"not_picked":[]}],"items_purged_floors":[3,5,22,28],"is_endless":false,"potions_floor_spawned":[4,12,14,18,24,30,31],"killed_by":"Collector","ascension_level":0}}