{"host":"sav7uxregyirlf69","time":1610111151,"event":{"mods":["AchievementEnabler","BaseMod","Colored Map","DeckTracker","Keyboard Shortcuts","Minty Spire (QoL Compilation)","READ ME - Guardian Mod","StSLib","SuperFastMode"],"gold_per_floor":[118,128,178,191,116,116,129,129,156,156,170,185,185,58,58,131,131,141,151,170,184,184,184,195,195,195,39,39,56,67,67,67],"floor_reached":31,"playtime":572,"items_purged":["Strike_G","Decay"],"score":462,"play_id":"80caa818-c3a5-4aa2-ae4f-761253b37d08","local_time":"20210108220551","is_ascension_mode":true,"campfire_choices":[{"data":"Neutralize","floor":6,"key":"SMITH"},{"data":"A Thousand Cuts","floor":8,"key":"SMITH"},{"data":"Blade Dance","floor":10,"key":"SMITH"},{"data":"Tactician","floor":15,"key":"SMITH"},{"floor":23,"key":"REST"},{"floor":28,"key":"REST"}],"circlet_count":0,"master_deck":["AscendersBane","Strike_G","Strike_G","Strike_G","Defend_G","Defend_G","Defend_G","Defend_G","Defend_G","Survivor","Neutralize+1","Well Laid Plans","Blade Dance+1","A Thousand Cuts+1","Tactician+1","Backstab","Acrobatics","Phantasmal Killer","Leg Sweep+1","Prepared","Eviscerate","Calculated Gamble","Blade Dance","Adrenaline"],"relics":["Ring of the Snake","NeowsBlessing","Pen Nib","Ancient Tea Set","WristBlade","MutagenicStrength","Question Card"],"acts_visited":["Exordium","TheCity"],"potions_floor_usage":[16,20,24,31,31],"damage_taken":[{"damage":0,"enemies":"Cultist","floor":1,"turns":1},{"damage":0,"enemies":"Jaw Worm","floor":2,"turns":1},{"damage":0,"enemies":"Small Slimes","floor":4,"turns":1},{"damage":4,"enemies":"3 Louse","floor":7,"turns":3},{"damage":0,"enemies":"Blue Slaver","floor":11,"turns":5},{"damage":7,"enemies":"Exordium Wildlife","floor":12,"turns":4},{"damage":16,"enemies":"The Guardian","floor":16,"turns":10},{"damage":9,"enemies":"Chosen","floor":18,"turns":5},{"damage":11,"enemies":"Shell Parasite","floor":19,"turns":5},{"damage":4,"enemies":"Centurion and Healer","floor":20,"turns":7},{"damage":12,"enemies":"3 Cultists","floor":21,"turns":5},{"damage":21,"enemies":"Cultist and Chosen","floor":24,"turns":4},{"damage":0,"enemies":"Snake Plant","floor":29,"turns":2},{"damage":5,"enemies":"Snecko","floor":30,"turns":3},{"damage":25,"enemies":"Colosseum Slavers","floor":31,"turns":4},{"damage":12,"enemies":"Colosseum Nobs","floor":31,"turns":3}],"seed_played":"8506502137374322903","potions_obtained":[{"floor":2,"key":"PowerPotion"},{"floor":4,"key":"FearPotion"},{"floor":18,"key":"CunningPotion"},{"floor":19,"key":"Dexterity Potion"},{"floor":24,"key":"Block Potion"}],"is_trial":false,"path_per_floor":["M","M","?","M","?","R","M","R","T","R","M","M","?","$","R","B",null,"M","M","M","M","?","R","M","?","T","$","R","M","M","?"],"character_chosen":"THE_SILENT","items_purchased":["Acrobatics","Dexterity Potion"],"campfire_rested":2,"item_purchase_floors":[14,27],"current_hp_per_floor":[59,59,59,59,59,59,55,55,55,55,55,48,48,48,48,32,58,49,38,34,22,22,41,20,20,20,20,39,39,34,0,0],"gold":67,"neow_bonus":"THREE_ENEMY_KILL","is_daily":false,"chose_seed":false,"campfire_upgraded":4,"win_rate":0.0,"timestamp":1610111151,"path_taken":["M","M","?","?","?","R","M","R","T","R","M","M","?","$","R","BOSS","M","M","M","M","?","R","M","?","T","$","R","M","M","?"],"items_purchased_type":["Card","Potion"],"build_version":"2020-12-22","purchased_purges":2,"victory":false,"max_hp_per_floor":[66,66,66,66,66,66,66,66,66,66,66,66,66,66,66,66,66,66,66,66,66,66,66,66,66,66,66,66,66,66,66,66],"card_choices":[{"not_picked":["Quick Slash","Finisher","All Out Attack"],"picked":"SKIP","floor":1},{"not_picked":["Skewer","Blade Dance"],"picked":"Well Laid Plans","floor":2},{"not_picked":["Deflect","PiercingWail"],"picked":"Blade Dance","floor":4},{"not_picked":["Catalyst","Leg Sweep"],"picked":"A Thousand Cuts","floor":7},{"not_picked":["Slice","Infinite Blades"],"picked":"Tactician","floor":11},{"not_picked":["Concentrate","Acrobatics"],"picked":"Backstab","floor":12},{"not_picked":["Glass Knife","Corpse Explosion"],"picked":"Phantasmal Killer","floor":16},{"not_picked":["Dagger Spray+1","Bane"],"picked":"Leg Sweep+1","floor":18},{"not_picked":["Outmaneuver","Predator"],"picked":"Prepared","floor":19},{"not_picked":["Underhanded Strike","Quick Slash"],"picked":"Eviscerate","floor":20},{"not_picked":["Quick Slash","Poisoned Stab","Prepared"],"picked":"SKIP","floor":21},{"not_picked":["Quick Slash+1","Prepared"],"picked":"Calculated Gamble","floor":24},{"not_picked":["Flying Knee","Deflect","Outmaneuver"],"picked":"Blade Dance","floor":29},{"not_picked":["Deflect","Poisoned Stab","Flying Knee"],"picked":"Adrenaline","floor":30}],"player_experience":1201991,"relics_obtained":[{"floor":9,"key":"Pen Nib"},{"floor":26,"key":"Question Card"}],"event_choices":[{"damage_healed":0,"gold_gain":50,"player_choice":"Pray","damage_taken":0,"max_hp_gain":0,"max_hp_loss":0,"event_name":"Golden Shrine","floor":3,"gold_loss":0},{"cards_removed":["Strike_G"],"damage_healed":0,"gold_gain":0,"player_choice":"Card Removal","damage_taken":0,"max_hp_gain":0,"max_hp_loss":0,"event_name":"The Cleric","floor":5,"gold_loss":75},{"damage_healed":0,"gold_gain":0,"player_choice":"Gave Potion","damage_taken":0,"relics_obtained":["Ancient Tea Set"],"max_hp_gain":0,"max_hp_loss":0,"event_name":"WeMeetAgain","floor":13,"gold_loss":0},{"damage_healed":0,"gold_gain":0,"player_choice":"Smashed Altar","damage_taken":0,"max_hp_gain":0,"max_hp_loss":0,"event_name":"Forgotten Altar","floor":22,"gold_loss":0,"cards_obtained":["Decay"]},{"damage_healed":0,"gold_gain":0,"player_choice":"Inject Mutagens","damage_taken":0,"relics_obtained":["MutagenicStrength"],"max_hp_gain":0,"max_hp_loss":0,"event_name":"Drug Dealer","floor":25,"gold_loss":0},{"damage_healed":0,"gold_gain":0,"player_choice":"Fight","damage_taken":0,"max_hp_gain":0,"max_hp_loss":0,"event_name":"Colosseum","floor":31,"gold_loss":0},{"damage_healed":0,"gold_gain":0,"player_choice":"Fought Nobs","damage_taken":0,"max_hp_gain":0,"max_hp_loss":0,"event_name":"Colosseum","floor":31,"gold_loss":0}],"is_beta":false,"boss_relics":[{"not_picked":["Runic Dome","Snecko Eye"],"picked":"WristBlade"}],"items_purged_floors":[14,27],"is_endless":false,"potions_floor_spawned":[2,4,11,12,18,19,24],"killed_by":"Colosseum Nobs","ascension_level":20}}