{"host":"p7j7o00jacnw7qzt","time":1610084374,"event":{"mods":["BaseMod","Colored Map","Colored Powertips","DeckTracker","Highlight Path","Minty Spire (QoL Compilation)","Relic Stats"],"gold_per_floor":[116,65,65,84,159,159,192,192,216,232,244,244,244,255,255,330,330,340,340,351,266,282,282,295,295,295,60,60,60,60,80,80,157,157,173,185,185,85,95,120,120,153,153,153,172,172,172,172,172,172,172,172,172,10,36,36],"floor_reached":57,"playtime":2892,"items_purged":["Strike_G","Strike_G"],"score":2941,"play_id":"51f62b38-df80-4cb5-b201-da9825304d56","local_time":"20210108003934","is_ascension_mode":true,"campfire_choices":[{"data":"Blade Dance","floor":6.0,"key":"SMITH"},{"floor":12.0,"key":"DIG"},{"floor":15.0,"key":"DIG"},{"floor":23.0,"key":"DIG"},{"floor":25.0,"key":"DIG"},{"floor":28.0,"key":"DIG"},{"floor":30.0,"key":"DIG"},{"floor":32.0,"key":"DIG"},{"floor":41.0,"key":"DIG"},{"floor":44.0,"key":"DIG"},{"floor":46.0,"key":"RECALL"},{"floor":49.0,"key":"DIG"},{"floor":53.0,"key":"DIG"}],"circlet_count":0,"master_deck":["AscendersBane","Defend_G","Defend_G","Defend_G","Defend_G","Survivor","Neutralize","Terror","Blade Dance+1","PiercingWail","Escape Plan","Adrenaline","Acrobatics","Backflip","Calculated Gamble","After Image","Footwork","Blade Dance","Acrobatics","Infinite Blades","Purity+1","Madness+1","Discovery+1"],"relics":["Ring of the Snake","NeowsBlessing","Shovel","Mummified Hand","Shuriken","White Beast Statue","Fusion Hammer","StrikeDummy","Sundial","Pen Nib","Ice Cream","Orrery","Question Card","Eternal Feather","Lantern","SacredBark","Blue Candle","Toxic Egg 2","Girya","Pear","Paper Crane","Strawberry","Pantograph","Medical Kit","Ginger"],"acts_visited":["Exordium","TheCity","TheBeyond","TheEnding"],"potions_floor_usage":[56,56],"damage_taken":[{"damage":0.0,"enemies":"2 Louse","floor":1.0,"turns":1.0},{"damage":0.0,"enemies":"Small Slimes","floor":4.0,"turns":2.0},{"damage":0.0,"enemies":"Lagavulin","floor":7.0,"turns":1.0},{"damage":0.0,"enemies":"Cultist","floor":10.0,"turns":3.0},{"damage":13.0,"enemies":"Gremlin Gang","floor":11.0,"turns":6.0},{"damage":3.0,"enemies":"Exordium Wildlife","floor":14.0,"turns":4.0},{"damage":0.0,"enemies":"Hexaghost","floor":16.0,"turns":8.0},{"damage":1.0,"enemies":"Chosen","floor":18.0,"turns":4.0},{"damage":1.0,"enemies":"Spheric Guardian","floor":20.0,"turns":4.0},{"damage":3.0,"enemies":"Snake Plant","floor":22.0,"turns":3.0},{"damage":7.0,"enemies":"Sentry and Sphere","floor":24.0,"turns":6.0},{"damage":0.0,"enemies":"3 Cultists","floor":31.0,"turns":4.0},{"damage":45.0,"enemies":"Collector","floor":33.0,"turns":8.0},{"damage":0.0,"enemies":"3 Darklings","floor":35.0,"turns":8.0},{"damage":0.0,"enemies":"3 Shapes","floor":36.0,"turns":5.0},{"damage":0.0,"enemies":"Spire Growth","floor":39.0,"turns":1.0},{"damage":1.0,"enemies":"Nemesis","floor":40.0,"turns":5.0},{"damage":0.0,"enemies":"Giant Head","floor":42.0,"turns":4.0},{"damage":0.0,"enemies":"4 Shapes","floor":45.0,"turns":4.0},{"damage":0.0,"enemies":"Donu and Deca","floor":50.0,"turns":8.0},{"damage":7.0,"enemies":"Time Eater","floor":51.0,"turns":7.0},{"damage":34.0,"enemies":"Shield and Spear","floor":55.0,"turns":5.0},{"damage":21,"enemies":"The Heart","floor":56,"turns":6}],"seed_played":"7490054545589629946","potions_obtained":[{"floor":10.0,"key":"Block Potion"},{"floor":16.0,"key":"SkillPotion"},{"floor":20.0,"key":"PowerPotion"},{"floor":22.0,"key":"LiquidMemories"},{"floor":24.0,"key":"SteroidPotion"},{"floor":29.0,"key":"FearPotion"},{"floor":31.0,"key":"ColorlessPotion"},{"floor":33.0,"key":"AttackPotion"},{"floor":35.0,"key":"ColorlessPotion"},{"floor":39.0,"key":"DuplicationPotion"},{"floor":40.0,"key":"Weak Potion"},{"floor":45.0,"key":"DistilledChaos"},{"floor":55.0,"key":"SkillPotion"}],"is_trial":false,"path_per_floor":["M","$","?","M","?","R","E","?","T","M","M","R","T","M","R","B",null,"M","?","M","?","M","R","M","R","T","$","R","?","R","M","R","B",null,"M","M","?","$","M","E","R","E","T","R","M","R","?","?","R","B","B",null,"R","$","E","B",null],"character_chosen":"THE_SILENT","items_purchased":["Blade Dance","Orrery","Medical Kit"],"campfire_rested":0,"item_purchase_floors":[2,27,54],"current_hp_per_floor":[59,59,59,59,48,48,48,48,48,48,35,35,35,32,32,32,58,57,57,56,56,53,53,46,46,46,46,46,46,46,46,55,10,52,52,52,52,52,52,51,63,63,73,76,76,76,66,66,83,83,76,81,83,83,49,53],"gold":36,"neow_bonus":"THREE_ENEMY_KILL","is_daily":false,"chose_seed":false,"campfire_upgraded":1,"win_rate":0.0,"timestamp":1610084374,"path_taken":["M","$","?","M","?","R","E","?","T","?","?","R","?","M","R","BOSS","M","?","M","?","M","R","M","R","T","$","R","?","R","M","R","BOSS","M","?","?","$","?","E","R","E","T","R","M","R","?","?","R","BOSS","BOSS","R","$","E","BOSS"],"items_purchased_type":["Card","Relic","Relic"],"build_version":"2020-12-22","purchased_purges":2,"victory":true,"max_hp_per_floor":[66,66,66,66,66,66,66,66,66,66,66,66,66,66,66,66,66,66,66,66,66,66,66,66,66,66,66,66,66,66,66,66,66,66,66,66,66,66,66,66,66,66,76,76,76,76,76,76,83,83,83,83,83,83,83,83],"relic_stats":{"counters":[23,107],"Blue Candle":[1],"Eternal Feather":36,"Pen Nib":[35],"Ginger":[2],"Question Card":12,"Medical Kit":[6],"Shovel":11,"Mummified Hand":[30],"Shuriken":[121],"Sundial":[46],"Pantograph":25,"obtain_stats":[{"Ice Cream":26,"Lantern":32,"SacredBark":34,"Ginger":55,"Shovel":7,"Mummified Hand":12,"Sundial":23,"Strawberry":49,"Pantograph":53,"Fusion Hammer":17,"Toxic Egg 2":41,"Ring of the Snake":0,"Girya":42,"Pear":43,"NeowsBlessing":0,"Blue Candle":40,"Eternal Feather":30,"Pen Nib":25,"Paper Crane":44,"Question Card":28,"Medical Kit":54,"White Beast Statue":15,"Shuriken":13,"Orrery":27,"StrikeDummy":21},{"Ice Cream":11,"Lantern":12,"SacredBark":13,"Ginger":22,"Shovel":3,"Mummified Hand":5,"Sundial":10,"Strawberry":19,"Pantograph":21,"Fusion Hammer":7,"Toxic Egg 2":17,"Ring of the Snake":0,"Girya":18,"Pear":18,"NeowsBlessing":0,"Blue Candle":17,"Eternal Feather":11,"Pen Nib":11,"Paper Crane":18,"Question Card":11,"Medical Kit":21,"White Beast Statue":6,"Shuriken":5,"Orrery":11,"StrikeDummy":9},{"Ice Cream":42,"Lantern":46,"SacredBark":54,"Ginger":101,"Shovel":4,"Mummified Hand":13,"Sundial":36,"Strawberry":81,"Pantograph":96,"Fusion Hammer":25,"Toxic Egg 2":73,"Ring of the Snake":0,"Girya":77,"Pear":77,"NeowsBlessing":0,"Blue Candle":73,"Eternal Feather":42,"Pen Nib":42,"Paper Crane":77,"Question Card":42,"Medical Kit":96,"White Beast Statue":17,"Shuriken":13,"Orrery":42,"StrikeDummy":33}],"Ring of the Snake":[46]},"card_choices":[{"not_picked":["Sucker Punch","PiercingWail"],"picked":"Terror","floor":1.0},{"not_picked":["Backflip","Dagger Spray","Leg Sweep"],"picked":"SKIP","floor":4.0},{"not_picked":["Sucker Punch","Backflip","Flechettes"],"picked":"SKIP","floor":7.0},{"not_picked":["Bane","Riddle With Holes","Finisher"],"picked":"SKIP","floor":10.0},{"not_picked":["Cloak And Dagger","Grand Finale","Well Laid Plans"],"picked":"SKIP","floor":11.0},{"not_picked":["Noxious Fumes","Quick Slash"],"picked":"Escape Plan","floor":14.0},{"not_picked":["Glass Knife","Phantasmal Killer"],"picked":"Adrenaline","floor":16.0},{"not_picked":["Escape Plan","Underhanded Strike"],"picked":"Acrobatics","floor":18.0},{"not_picked":["Underhanded Strike","Dodge and Roll","Prepared"],"picked":"SKIP","floor":20.0},{"not_picked":["Deflect","Distraction+1","Endless Agony"],"picked":"SKIP","floor":22.0},{"not_picked":["Leg Sweep","Backflip","Outmaneuver"],"picked":"SKIP","floor":24.0},{"not_picked":["Leg Sweep","Outmaneuver"],"picked":"Backflip","floor":24.0},{"not_picked":["Sucker Punch","Poisoned Stab"],"picked":"Calculated Gamble","floor":27.0},{"not_picked":["Dodge and Roll","Dagger Throw","Dagger Spray","Noxious Fumes"],"picked":"SKIP","floor":31.0},{"not_picked":["Corpse Explosion","Malaise","Tools of the Trade"],"picked":"After Image","floor":33.0},{"not_picked":["Backstab","All Out Attack","Flying Knee"],"picked":"Footwork","floor":35.0},{"not_picked":["Dodge and Roll","Bane+1","Caltrops"],"picked":"Blade Dance","floor":36.0},{"not_picked":["Escape Plan","Terror","Bane+1"],"picked":"Acrobatics","floor":39.0},{"not_picked":["Finisher","Dodge and Roll","Choke+1","Underhanded Strike"],"picked":"SKIP","floor":40.0},{"not_picked":["Crippling Poison+1","All Out Attack","Accuracy","Catalyst+1"],"picked":"SKIP","floor":42.0},{"not_picked":["Slice","Backstab","Noxious Fumes"],"picked":"Infinite Blades","floor":45.0},{"not_picked":["Panache","Flash of Steel","Sadistic Nature"],"picked":"Purity+1","floor":47.0},{"not_picked":["Jack Of All Trades+1","Master of Strategy+1","Flash of Steel"],"picked":"Madness+1","floor":47.0},{"not_picked":["Trip+1","Good Instincts+1","Blind+1"],"picked":"Discovery+1","floor":47.0},{"not_picked":["Caltrops","Terror+1","Deflect+1","Flying Knee"],"picked":"SKIP","floor":55.0}],"player_experience":1011465,"relics_obtained":[{"floor":7.0,"key":"Shovel"},{"floor":12.0,"key":"Mummified Hand"},{"floor":13.0,"key":"Shuriken"},{"floor":15.0,"key":"White Beast Statue"},{"floor":23.0,"key":"Sundial"},{"floor":25.0,"key":"Pen Nib"},{"floor":26.0,"key":"Ice Cream"},{"floor":28.0,"key":"Question Card"},{"floor":30.0,"key":"Eternal Feather"},{"floor":32.0,"key":"Lantern"},{"floor":40.0,"key":"Blue Candle"},{"floor":41.0,"key":"Toxic Egg 2"},{"floor":42.0,"key":"Girya"},{"floor":43.0,"key":"Pear"},{"floor":44.0,"key":"Paper Crane"},{"floor":49.0,"key":"Strawberry"},{"floor":53.0,"key":"Pantograph"},{"floor":55.0,"key":"Ginger"}],"event_choices":[{"damage_healed":0.0,"max_hp_gain":0.0,"max_hp_loss":0.0,"gold_gain":0.0,"cards_transformed":["Strike_G"],"event_name":"Living Wall","player_choice":"Change","floor":3.0,"gold_loss":0.0,"damage_taken":0.0,"cards_obtained":["PiercingWail"]},{"damage_healed":0.0,"max_hp_gain":0.0,"max_hp_loss":0.0,"gold_gain":75.0,"event_name":"World of Goop","player_choice":"Gather Gold","floor":5.0,"gold_loss":0.0,"damage_taken":11.0},{"cards_removed":["Strike_G"],"damage_healed":0.0,"max_hp_gain":0.0,"max_hp_loss":0.0,"gold_gain":0.0,"event_name":"Purifier","player_choice":"Purged","floor":8.0,"gold_loss":0.0,"damage_taken":0.0},{"damage_healed":0.0,"max_hp_gain":0.0,"max_hp_loss":0.0,"gold_gain":0.0,"event_name":"Ghosts","player_choice":"Ignored","floor":19.0,"gold_loss":0.0,"damage_taken":0.0},{"damage_healed":0.0,"max_hp_gain":0.0,"max_hp_loss":0.0,"gold_gain":0.0,"event_name":"Addict","player_choice":"Obtained Relic","floor":21.0,"gold_loss":85.0,"damage_taken":0.0,"relics_obtained":["StrikeDummy"]},{"damage_healed":0.0,"max_hp_gain":0.0,"max_hp_loss":0.0,"gold_gain":0.0,"event_name":"Lab","player_choice":"Got Potions","floor":29.0,"gold_loss":0.0,"damage_taken":0.0},{"cards_removed":["Defend_G"],"damage_healed":0.0,"max_hp_gain":0.0,"max_hp_loss":0.0,"gold_gain":0.0,"event_name":"Bonfire Elementals","player_choice":"Offered Basic","floor":37.0,"gold_loss":0.0,"damage_taken":0.0},{"damage_healed":0.0,"max_hp_gain":0.0,"max_hp_loss":0.0,"gold_gain":0.0,"event_name":"SensoryStone","player_choice":"Memory 3","floor":47.0,"gold_loss":0.0,"damage_taken":10.0},{"cards_removed":["Strike_G"],"damage_healed":0.0,"max_hp_gain":0.0,"max_hp_loss":0.0,"gold_gain":0.0,"event_name":"Falling","player_choice":"Removed Attack","floor":48.0,"gold_loss":0.0,"damage_taken":0.0}],"is_beta":false,"boss_relics":[{"not_picked":["Busted Crown","Calling Bell"],"picked":"Fusion Hammer"},{"not_picked":["Tiny House","Pandora\u0027s Box"],"picked":"SacredBark"}],"items_purged_floors":[27,38],"is_endless":false,"potions_floor_spawned":[10,16,18,20,22,24,31,33,35,36,39,40,42,45,55],"ascension_level":20}}