{"host":"l60rmjjsfi0fipmi","time":1610074481,"event":{"mods":["BaseMod","Colored Map","DeckTracker","Highlight Path","Minty Spire (QoL Compilation)"],"gold_per_floor":[113,127,107,117,133,164,339,339,366,366,366,385,402,437,437,534,584,598,608,608,286,305,305,305,305],"floor_reached":24,"playtime":1151,"items_purged":["Strike_R"],"score":218,"play_id":"29decbea-e10e-4ba1-b771-ca1adc3be160","local_time":"20210107215441","is_ascension_mode":true,"campfire_choices":[{"floor":8,"key":"REST"},{"data":"Bash","floor":11,"key":"SMITH"},{"floor":15,"key":"REST"},{"floor":23,"key":"REST"}],"circlet_count":0,"master_deck":["Strike_R","Strike_R","Strike_R","Strike_R","Defend_R","Defend_R","Defend_R","Defend_R","Bash+1","Flame Barrier","Disarm","Cleave","Spot Weakness","Clothesline","Doubt","Headbutt+1","Reaper","Double Tap","Cleave","Armaments+1"],"relics":["Burning Blood","NeowsBlessing","Potion Belt","Omamori","Bronze Scales","Tiny House","Pantograph"],"acts_visited":["Exordium","TheCity"],"potions_floor_usage":[14,16,16,22,24,24],"damage_taken":[{"damage":0,"enemies":"Jaw Worm","floor":1,"turns":1},{"damage":0,"enemies":"Cultist","floor":2,"turns":1},{"damage":0,"enemies":"2 Louse","floor":4,"turns":1},{"damage":12,"enemies":"Blue Slaver","floor":5,"turns":5},{"damage":62,"enemies":"Gremlin Nob","floor":6,"turns":6},{"damage":12,"enemies":"3 Louse","floor":12,"turns":3},{"damage":13,"enemies":"2 Fungi Beasts","floor":13,"turns":4},{"damage":33,"enemies":"3 Sentries","floor":14,"turns":7},{"damage":49,"enemies":"The Guardian","floor":16,"turns":13},{"damage":15,"enemies":"Chosen","floor":18,"turns":6},{"damage":37,"enemies":"Shell Parasite","floor":19,"turns":7},{"damage":31,"enemies":"Snake Plant","floor":22,"turns":4},{"damage":52,"enemies":"Gremlin Leader","floor":24,"turns":7}],"seed_played":"715149496433633521","potions_obtained":[{"floor":1,"key":"LiquidBronze"},{"floor":3,"key":"FearPotion"},{"floor":4,"key":"SkillPotion"},{"floor":6,"key":"SneckoOil"},{"floor":13,"key":"GamblersBrew"},{"floor":14,"key":"EssenceOfSteel"},{"floor":16,"key":"SkillPotion"},{"floor":17,"key":"SpeedPotion"},{"floor":22,"key":"Swift Potion"}],"is_trial":false,"path_per_floor":["M","M","?","M","M","E","?","R","T","?","R","M","M","E","R","B",null,"M","M","?","$","M","R","E"],"character_chosen":"IRONCLAD","items_purchased":["Pantograph"],"campfire_rested":3,"item_purchase_floors":[21],"current_hp_per_floor":[80,80,80,80,74,18,18,42,42,62,62,56,49,22,46,22,85,76,45,45,45,20,45,0,0],"gold":305,"neow_bonus":"THREE_ENEMY_KILL","is_daily":false,"chose_seed":false,"campfire_upgraded":1,"win_rate":0.0,"timestamp":1610074481,"path_taken":["M","M","?","M","?","E","?","R","T","?","R","M","M","E","R","BOSS","M","M","?","$","M","R","E"],"items_purchased_type":["Relic"],"build_version":"2020-12-22","purchased_purges":1,"victory":false,"max_hp_per_floor":[80,80,80,80,80,80,80,80,80,80,80,80,80,80,80,80,85,85,85,85,85,85,85,85,85],"card_choices":[{"not_picked":["Pummel","Heavy Blade"],"picked":"Flame Barrier","floor":1},{"not_picked":["Ghostly Armor","Whirlwind"],"picked":"Disarm","floor":2},{"not_picked":["Iron Wave","Headbutt"],"picked":"Cleave","floor":4},{"not_picked":["Brutality","Headbutt"],"picked":"Spot Weakness","floor":5},{"not_picked":["Havoc","Warcry"],"picked":"Clothesline","floor":6},{"not_picked":["Power Through","Anger"],"picked":"Headbutt","floor":12},{"not_picked":["Second Wind","Clash","Twin Strike"],"picked":"SKIP","floor":13},{"not_picked":["Second Wind","Uppercut"],"picked":"Reaper","floor":14},{"not_picked":["Offering","Exhume"],"picked":"Double Tap","floor":16},{"not_picked":["Anger","Body Slam"],"picked":"Cleave","floor":17},{"not_picked":["Whirlwind+1","Sever Soul","Thunderclap+1"],"picked":"SKIP","floor":18},{"not_picked":["Rupture","Power Through"],"picked":"Armaments+1","floor":19},{"not_picked":["Heavy Blade","Sword Boomerang","Warcry"],"picked":"SKIP","floor":22}],"player_experience":275528,"relics_obtained":[{"floor":6,"key":"Potion Belt"},{"floor":9,"key":"Omamori"},{"floor":14,"key":"Bronze Scales"}],"event_choices":[{"damage_healed":0,"gold_gain":0,"player_choice":"Bought 1 Potion","damage_taken":0,"max_hp_gain":0,"max_hp_loss":0,"event_name":"The Woman in Blue","floor":3,"gold_loss":0},{"damage_healed":0,"gold_gain":175,"player_choice":"AGREE","damage_taken":0,"max_hp_gain":0,"max_hp_loss":0,"event_name":"Liars Game","floor":7,"gold_loss":0,"cards_obtained":["Doubt"]},{"damage_healed":20,"gold_gain":0,"player_choice":"Healed and dodged fight","damage_taken":0,"max_hp_gain":0,"max_hp_loss":0,"event_name":"Mushrooms","floor":10,"gold_loss":0,"cards_obtained":["Parasite"]},{"damage_healed":0,"gold_gain":0,"player_choice":"Ignored","damage_taken":0,"max_hp_gain":0,"max_hp_loss":0,"event_name":"Ghosts","floor":20,"gold_loss":0}],"is_beta":false,"boss_relics":[{"not_picked":["SacredBark","Ectoplasm"],"picked":"Tiny House"}],"items_purged_floors":[21],"is_endless":false,"potions_floor_spawned":[1,4,6,13,14,16,22],"killed_by":"Gremlin Leader","ascension_level":1}}