{"host":"yfdtuf6ojcxn06xg","time":1610076301,"event":{"mods":["2.2 Compatiblity","AchievementEnabler","BaseMod","Colored Map","Colored Powertips","Downfall","Hermit","JesterMod","Jorbs\u0027s Wanderer Trilogy","Minty Spire (QoL Compilation)","Quick Restart","Rare Cards Sparkle","Relic Stats","Replay The Spire","StSLib","The Cursed","The Disciple","The Hierophant","The Jungle","The Necromancer","The Servant 0.9.4"],"gold_per_floor":[118,118,118,134,11,50,50,93,93,93,93,111,111,134,134,134,134],"floor_reached":16,"playtime":662,"items_purged":["Strike_G"],"score":113,"play_id":"636fc907-7d45-4793-9b9e-7b63b3488fa8","local_time":"20210107222501","is_ascension_mode":true,"campfire_choices":[{"data":"Deflect","floor":7,"key":"SMITH"},{"floor":11,"key":"REST"},{"floor":13,"key":"REST"},{"data":"Calculated Gamble","floor":15,"key":"SMITH"}],"circlet_count":0,"master_deck":["Strike_G","Strike_G","Strike_G","Defend_G","Defend_G","Defend_G","Defend_G","Defend_G","Survivor","Neutralize+1","Masterful Stab","Deflect+1","Dagger Spray","ReplayTheSpireMod:The Works","PiercingWail","Calculated Gamble+1"],"relics":["Ring of the Snake","Golden Idol","Bird Faced Urn","Thread and Needle","Paper Crane"],"acts_visited":["Exordium"],"potions_floor_usage":[8,12,16,16],"damage_taken":[{"damage":3,"enemies":"2 Louse","floor":1,"turns":3},{"damage":0,"enemies":"Small Slimes","floor":4,"turns":4},{"damage":22,"enemies":"Replay:BlueRogue","floor":6,"turns":11},{"damage":26,"enemies":"Gremlin Nob","floor":8,"turns":6},{"damage":0,"enemies":"Jaw Worm","floor":12,"turns":3},{"damage":0,"enemies":"2 Fungi Beasts","floor":14,"turns":3},{"damage":58,"enemies":"Fading Forest","floor":16,"turns":10}],"seed_played":"-5406215421848459506","potions_obtained":[{"floor":1,"key":"Energy Potion"},{"floor":6,"key":"Dexterity Potion"},{"floor":10,"key":"SteroidPotion"},{"floor":10,"key":"Milkshake"},{"floor":10,"key":"Fire Potion"},{"floor":14,"key":"Ancient Potion"}],"is_trial":false,"path_per_floor":["M","?","?","M","$","E","R","E","T","?","R","M","R","M","R","B"],"character_chosen":"THE_SILENT","items_purchased":["Deflect"],"campfire_rested":2,"item_purchase_floors":[5],"current_hp_per_floor":[67,67,65,65,65,43,43,17,17,17,36,36,55,55,55,0,0],"gold":134,"neow_bonus":"UPGRADE_CARD","is_daily":false,"chose_seed":false,"campfire_upgraded":2,"win_rate":0.0,"timestamp":1610076301,"path_taken":["M","?","?","M","?","E","R","E","T","?","R","?","R","M","R","BOSS"],"items_purchased_type":["Card"],"build_version":"2020-12-22","purchased_purges":1,"victory":false,"max_hp_per_floor":[70,70,65,65,65,65,65,65,65,65,65,65,65,65,65,65,65],"relic_stats":{"counters":[7,40],"Golden Idol":29,"Bird Faced Urn":[0],"obtain_stats":[{"Golden Idol":3,"Bird Faced Urn":6,"Thread and Needle":8,"Paper Crane":9,"Ring of the Snake":0},{"Golden Idol":1,"Bird Faced Urn":3,"Thread and Needle":4,"Paper Crane":4,"Ring of the Snake":0},{"Golden Idol":3,"Bird Faced Urn":18,"Thread and Needle":24,"Paper Crane":24,"Ring of the Snake":0}],"Ring of the Snake":[14]},"card_choices":[{"not_picked":["Underhanded Strike","Concentrate"],"picked":"Masterful Stab","floor":1},{"not_picked":["Fluid Movement","Underhanded Strike","Quick Slash"],"picked":"SKIP","floor":4},{"not_picked":["Choke","Flying Knee"],"picked":"Dagger Spray","floor":6},{"not_picked":["Quick Slash","Phantasmal Killer"],"picked":"ReplayTheSpireMod:The Works","floor":8},{"not_picked":["Poisoned Stab","Bane"],"picked":"PiercingWail","floor":12},{"not_picked":["Outmaneuver","Draining Mist"],"picked":"Calculated Gamble","floor":14}],"player_experience":197051,"relics_obtained":[{"floor":6,"key":"Bird Faced Urn"},{"floor":8,"key":"Thread and Needle"},{"floor":9,"key":"Paper Crane"}],"event_choices":[{"damage_healed":0,"gold_gain":0,"player_choice":"Lose Max HP","damage_taken":0,"relics_obtained":["Golden Idol"],"max_hp_gain":0,"max_hp_loss":5,"event_name":"Golden Idol","floor":3,"gold_loss":0},{"damage_healed":0,"gold_gain":0,"player_choice":"Got Potions","damage_taken":0,"max_hp_gain":0,"max_hp_loss":0,"event_name":"Lab","floor":10,"gold_loss":0}],"is_beta":false,"boss_relics":[],"items_purged_floors":[5],"is_endless":false,"potions_floor_spawned":[1,6,14],"killed_by":"Fading Forest","ascension_level":1}}