{"host":"g8ufh7m4frdlkxwv","time":1610078575,"event":{"mods":["AchievementEnabler","BaseMod","Colored Map","Dark Map","Minty Spire (QoL Compilation)","Relic Stats","StSLib","The Blue Laboratory","ojb\u0027s Info Mod"],"gold_per_floor":[116,135,145,161,161,161,161],"floor_reached":6,"playtime":331,"items_purged":[],"score":76,"play_id":"d6654b83-4462-46f8-b179-6ff151ceb4b9","local_time":"20210108050255","is_ascension_mode":true,"campfire_choices":[],"circlet_count":0,"master_deck":["AscendersBane","Strike_G","Strike_G","Strike_G","Strike_G","Defend_G","Defend_G","Defend_G","Defend_G","Survivor","Neutralize","Blade Dance","Crippling Poison","Riddle With Holes"],"relics":["Empty Cage","Mummified Hand"],"acts_visited":["Exordium"],"potions_floor_usage":[],"damage_taken":[{"damage":6,"enemies":"Cultist","floor":1,"turns":5},{"damage":0,"enemies":"Jaw Worm","floor":2,"turns":4},{"damage":0,"enemies":"2 Louse","floor":3,"turns":2},{"damage":1,"enemies":"Looter","floor":4,"turns":4},{"damage":2,"enemies":"Lagavulin","floor":6,"turns":3}],"seed_played":"7901003121471182291","potions_obtained":[{"floor":2,"key":"blueLaboratory:NullPotion"}],"is_trial":false,"path_per_floor":["M","M","M","M","?","E"],"character_chosen":"THE_SILENT","items_purchased":[],"campfire_rested":0,"item_purchase_floors":[],"current_hp_per_floor":[53,53,53,52,7,5,5],"gold":161,"neow_bonus":"BOSS_RELIC","is_daily":false,"chose_seed":false,"campfire_upgraded":0,"win_rate":0.0,"timestamp":1610078575,"path_taken":["M","M","?","M","?","E"],"items_purchased_type":[],"build_version":"2020-12-22","purchased_purges":0,"victory":false,"max_hp_per_floor":[66,66,66,66,66,66,66],"relic_stats":{"counters":[5,18],"Mummified Hand":[0],"obtain_stats":[{"Mummified Hand":5,"Empty Cage":0,"Ring of the Snake":0},{"Mummified Hand":4,"Empty Cage":0,"Ring of the Snake":0},{"Mummified Hand":15,"Empty Cage":0,"Ring of the Snake":0}]},"card_choices":[{"not_picked":["Backflip","Dodge and Roll"],"picked":"Blade Dance","floor":1},{"not_picked":["Underhanded Strike","Calculated Gamble"],"picked":"Crippling Poison","floor":2},{"not_picked":["Crippling Poison","Caltrops"],"picked":"Riddle With Holes","floor":3},{"not_picked":["Deadly Poison","Outmaneuver","Underhanded Strike"],"picked":"SKIP","floor":4}],"player_experience":1019759,"relics_obtained":[],"event_choices":[{"damage_healed":0,"gold_gain":0,"player_choice":"Success","damage_taken":45,"relics_obtained":["Mummified Hand"],"max_hp_gain":0,"max_hp_loss":0,"event_name":"Scrap Ooze","floor":5,"gold_loss":0}],"is_beta":false,"boss_relics":[],"items_purged_floors":[],"is_endless":false,"potions_floor_spawned":[2],"killed_by":"Lagavulin","ascension_level":20}}