{"host":"36mulxq349byzoa2","time":1610076523,"event":{"mods":["AchievementEnabler","BaseMod","Better Match","Block Reminder","Colored Map","Colored Powertips","Minty Spire (QoL Compilation)","Rare Cards Sparkle","StSLib","SuperFastMode"],"gold_per_floor":[114,126,142,153,172,204,204,204,204],"floor_reached":8,"playtime":349,"items_purged":[],"score":117,"play_id":"8c2c1c31-effb-482a-88b7-a7e5d7e405fa","local_time":"20210107222843","is_ascension_mode":true,"campfire_choices":[{"data":"Footwork","floor":7.0,"key":"SMITH"}],"circlet_count":0,"master_deck":["AscendersBane","Strike_G","Strike_G","Strike_G","Strike_G","Strike_G","Defend_G","Defend_G","Defend_G","Defend_G","Defend_G","Survivor","Neutralize","Dagger Throw","Footwork+1","Dodge and Roll","Backflip","Bouncing Flask"],"relics":["Coffee Dripper","FossilizedHelix"],"acts_visited":["Exordium"],"potions_floor_usage":[8],"damage_taken":[{"damage":4.0,"enemies":"Cultist","floor":1.0,"turns":5.0},{"damage":4.0,"enemies":"Small Slimes","floor":2.0,"turns":4.0},{"damage":0.0,"enemies":"Jaw Worm","floor":3.0,"turns":6.0},{"damage":6.0,"enemies":"Exordium Thugs","floor":4.0,"turns":10.0},{"damage":10.0,"enemies":"3 Louse","floor":5.0,"turns":4.0},{"damage":25.0,"enemies":"Lagavulin","floor":6.0,"turns":8.0},{"damage":9,"enemies":"3 Sentries","floor":8,"turns":10}],"seed_played":"3996686695438274341","potions_obtained":[{"floor":4.0,"key":"Fire Potion"},{"floor":5.0,"key":"EssenceOfSteel"}],"is_trial":false,"path_per_floor":["M","M","M","M","M","E","R","E"],"character_chosen":"THE_SILENT","items_purchased":[],"campfire_rested":0,"item_purchase_floors":[],"current_hp_per_floor":[55,51,51,45,35,10,10,1,1],"gold":204,"neow_bonus":"BOSS_RELIC","is_daily":false,"chose_seed":false,"campfire_upgraded":1,"win_rate":0.0,"timestamp":1610076523,"path_taken":["M","?","M","?","?","E","R","E"],"items_purchased_type":[],"build_version":"2020-12-22","purchased_purges":0,"victory":false,"max_hp_per_floor":[66,66,66,66,66,66,66,66,66],"card_choices":[{"not_picked":["Bane","Flying Knee"],"picked":"Dagger Throw","floor":1.0},{"not_picked":["Poisoned Stab","Caltrops"],"picked":"Footwork","floor":2.0},{"not_picked":["Cloak And Dagger","Slice"],"picked":"Dodge and Roll","floor":3.0},{"not_picked":["Setup","Blade Dance"],"picked":"Backflip","floor":4.0},{"not_picked":["Slice","Adrenaline"],"picked":"Bouncing Flask","floor":5.0},{"not_picked":["Flying Knee","Outmaneuver","Tools of the Trade"],"picked":"SKIP","floor":6.0}],"player_experience":1014525,"relics_obtained":[{"floor":6.0,"key":"FossilizedHelix"}],"event_choices":[],"is_beta":false,"boss_relics":[],"items_purged_floors":[],"is_endless":false,"potions_floor_spawned":[4,5],"killed_by":"3 Sentries","ascension_level":19}}