{"host":"Ian","time":1610121263,"event":{"mods":["BaseMod","Bestiary","Block Reminder","Colored Map","Highlight Path","Key Reminder","Minty Spire (QoL Compilation)","Relic Stats"],"gold_per_floor":[116,116,41,61,36,36,36,52,52,85,102,102,102,127,127,201,201,218,230,36,49,65,94,94,128,174,174,174,192,242,274,274,274,274],"floor_reached":33,"playtime":1573,"items_purged":["Strike_R","Strike_R"],"score":626,"play_id":"8a0b8526-3f8e-4500-97a2-74881c68fb56","local_time":"20210108155423","is_ascension_mode":true,"campfire_choices":[{"data":"Bash","floor":6.0,"key":"SMITH"},{"data":"Clothesline","floor":12.0,"key":"SMITH"},{"data":"Fiend Fire","floor":15.0,"key":"SMITH"},{"data":"True Grit","floor":24.0,"key":"SMITH"},{"floor":27,"key":"REST"},{"floor":32,"key":"REST"}],"circlet_count":0,"master_deck":["AscendersBane","Strike_R","Strike_R","Defend_R","Defend_R","Defend_R","Defend_R","Bash+1","Rampage+1","Clothesline+1","Headbutt","Reaper","Fiend Fire+1","Brutality","Battle Trance","PanicButton","Burning Pact","True Grit+1","Shrug It Off","Offering","Headbutt+1"],"relics":["Burning Blood","Dream Catcher","StoneCalendar","CaptainsWheel","Blood Vial","Runic Pyramid","White Beast Statue","PreservedInsect","Pen Nib","Tiny Chest"],"acts_visited":["Exordium","TheCity"],"potions_floor_usage":[25,29,31],"damage_taken":[{"damage":9.0,"enemies":"Small Slimes","floor":1.0,"turns":5.0},{"damage":9.0,"enemies":"2 Louse","floor":4.0,"turns":4.0},{"damage":0.0,"enemies":"Cultist","floor":8.0,"turns":3.0},{"damage":35.0,"enemies":"3 Sentries","floor":10.0,"turns":7.0},{"damage":18.0,"enemies":"Lots of Slimes","floor":11.0,"turns":4.0},{"damage":6.0,"enemies":"Gremlin Nob","floor":14.0,"turns":4.0},{"damage":50.0,"enemies":"Slime Boss","floor":16.0,"turns":7.0},{"damage":0.0,"enemies":"Chosen","floor":18.0,"turns":4.0},{"damage":21.0,"enemies":"Shell Parasite","floor":19.0,"turns":4.0},{"damage":26.0,"enemies":"Shelled Parasite and Fungi","floor":21.0,"turns":5.0},{"damage":12.0,"enemies":"Centurion and Healer","floor":22.0,"turns":6.0},{"damage":25.0,"enemies":"Gremlin Leader","floor":23.0,"turns":6.0},{"damage":46,"enemies":"Slavers","floor":25,"turns":6},{"damage":12,"enemies":"Snecko","floor":29,"turns":6},{"damage":21,"enemies":"Book of Stabbing","floor":31,"turns":4},{"damage":52,"enemies":"Collector","floor":33,"turns":8}],"seed_played":"-4085597393775040141","potions_obtained":[{"floor":4.0,"key":"SmokeBomb"},{"floor":11.0,"key":"LiquidBronze"},{"floor":19.0,"key":"Swift Potion"},{"floor":25,"key":"Fruit Juice"},{"floor":29,"key":"ElixirPotion"},{"floor":31,"key":"Swift Potion"}],"is_trial":false,"path_per_floor":["M","?","$","M","$","R","?","M","T","E","M","R","?","E","R","B",null,"M","M","$","M","M","E","R","E","T","R","?","M","?","E","R","B"],"character_chosen":"IRONCLAD","items_purchased":["Headbutt","PanicButton"],"campfire_rested":2,"item_purchase_floors":[5,20],"current_hp_per_floor":[65,65,65,62,62,62,62,68,68,39,47,47,47,51,51,17,61,73,60,60,42,46,45,45,7,7,29,29,34,34,21,45,0,0],"gold":274,"neow_bonus":"RANDOM_COMMON_RELIC","is_daily":false,"chose_seed":false,"campfire_upgraded":4,"win_rate":0.0,"timestamp":1610121263,"path_taken":["M","?","$","M","$","R","?","M","T","E","M","R","?","E","R","BOSS","M","M","?","?","M","E","R","E","T","R","?","M","?","E","R","BOSS"],"items_purchased_type":["Card","Card"],"build_version":"2020-12-18","purchased_purges":2,"victory":false,"max_hp_per_floor":[75,75,75,75,75,75,75,75,75,75,75,75,75,75,75,75,75,75,75,75,75,75,75,75,75,75,75,75,80,80,80,80,80,80],"relic_stats":{"Blood Vial":20,"Dream Catcher":2,"counters":[16,83],"StoneCalendar":[175],"Tiny Chest":0,"PreservedInsect":43,"Pen Nib":[2],"obtain_stats":[{"Blood Vial":14,"Dream Catcher":0,"CaptainsWheel":10,"StoneCalendar":9,"Tiny Chest":31,"PreservedInsect":25,"Pen Nib":26,"Burning Blood":0,"White Beast Statue":23,"Runic Pyramid":17},{"Blood Vial":6,"Dream Catcher":0,"CaptainsWheel":4,"StoneCalendar":3,"Tiny Chest":15,"PreservedInsect":13,"Pen Nib":13,"Burning Blood":0,"White Beast Statue":12,"Runic Pyramid":7},{"Blood Vial":27,"Dream Catcher":0,"CaptainsWheel":19,"StoneCalendar":12,"Tiny Chest":75,"PreservedInsect":65,"Pen Nib":65,"Burning Blood":0,"White Beast Statue":59,"Runic Pyramid":34}],"Burning Blood":90},"card_choices":[{"not_picked":["Twin Strike","Clash"],"picked":"Rampage","floor":1.0},{"not_picked":["Rupture","Anger"],"picked":"Clothesline","floor":4.0},{"not_picked":["Wild Strike","Body Slam","Twin Strike"],"picked":"SKIP","floor":8.0},{"not_picked":["Heavy Blade","Sentinel"],"picked":"Reaper","floor":10.0},{"not_picked":["Iron Wave","Sword Boomerang","Twin Strike"],"picked":"SKIP","floor":11.0},{"not_picked":["Anger","Flex"],"picked":"Fiend Fire","floor":14.0},{"not_picked":["Reaper","Bludgeon"],"picked":"Brutality","floor":16.0},{"not_picked":["Clash","Perfected Strike","Entrench"],"picked":"SKIP","floor":18.0},{"not_picked":["Flex","Sentinel"],"picked":"Battle Trance","floor":19.0},{"not_picked":["Wild Strike+1","Pommel Strike","Infernal Blade"],"picked":"SKIP","floor":21.0},{"not_picked":["Dropkick","Sword Boomerang"],"picked":"Burning Pact","floor":22.0},{"not_picked":["Havoc","Pommel Strike"],"picked":"True Grit","floor":23.0},{"not_picked":["Wild Strike","Thunderclap"],"picked":"Shrug It Off","floor":25},{"not_picked":["Anger","Cleave"],"picked":"Offering","floor":27},{"not_picked":["Fire Breathing","Dual Wield"],"picked":"Headbutt+1","floor":29},{"not_picked":["Heavy Blade","Fire Breathing","Headbutt"],"picked":"SKIP","floor":31}],"player_experience":2650886,"relics_obtained":[{"floor":9.0,"key":"StoneCalendar"},{"floor":10.0,"key":"CaptainsWheel"},{"floor":14.0,"key":"Blood Vial"},{"floor":23.0,"key":"White Beast Statue"},{"floor":25,"key":"PreservedInsect"},{"floor":26,"key":"Pen Nib"},{"floor":31,"key":"Tiny Chest"}],"event_choices":[{"cards_removed":["Strike_R"],"damage_healed":0.0,"max_hp_gain":0.0,"max_hp_loss":0.0,"gold_gain":0.0,"event_name":"Living Wall","player_choice":"Forget","floor":2.0,"gold_loss":0.0,"damage_taken":0.0},{"damage_healed":0.0,"max_hp_gain":0.0,"max_hp_loss":0.0,"gold_gain":0.0,"event_name":"Liars Game","player_choice":"Ignored","floor":7.0,"gold_loss":0.0,"damage_taken":0.0},{"damage_healed":0.0,"max_hp_gain":0.0,"max_hp_loss":0.0,"gold_gain":0.0,"event_name":"Accursed Blacksmith","player_choice":"Forge","floor":13.0,"gold_loss":0.0,"damage_taken":0.0,"cards_upgraded":["Rampage"]},{"damage_healed":0,"gold_gain":0,"player_choice":"Ignored","damage_taken":0,"max_hp_gain":0,"max_hp_loss":0,"event_name":"The Mausoleum","floor":28,"gold_loss":0},{"damage_healed":0,"gold_gain":50,"player_choice":"Pray","damage_taken":0,"max_hp_gain":0,"max_hp_loss":0,"event_name":"Golden Shrine","floor":30,"gold_loss":0}],"is_beta":true,"boss_relics":[{"not_picked":["Velvet Choker","Mark of Pain"],"picked":"Runic Pyramid"}],"items_purged_floors":[3,20],"is_endless":false,"potions_floor_spawned":[4,11,19,25,29,31],"killed_by":"Collector","ascension_level":20}}