{"host":"12","time":1610081028,"event":{"mods":["Act Like it!","BaseMod","Colored Powertips","Marisa£®ÏF”Í°°ƒß¿Ì…≥£©","Minty Spire (QoL Compilation)","StSLib","°æπ¶ƒ‹Mod°øªÏ„Á÷Æª∑–ﬁ∏¥≤π∂°"],"gold_per_floor":[218,236,256,216,23,23,83,9,9,89,106,44,174,174,174,644,644,730,355,468,500,650,690,690],"floor_reached":23,"playtime":1097,"items_purged":["Strike_MRS","Strike_MRS","Strike_MRS"],"score":302,"play_id":"3ed373ba-5b1b-478b-bf85-45a8eb338aa2","local_time":"20210108124348","is_ascension_mode":true,"campfire_choices":[{"data":"Robbery","floor":6.0,"key":"SMITH"},{"data":"OneTimeOff","floor":15.0,"key":"SMITH"}],"circlet_count":0,"master_deck":["Strike_MRS","Defend_MRS","Defend_MRS","Defend_MRS","Defend_MRS","MasterSpark","UpSweep","SprinkleStarSeal","Robbery+1","OneTimeOff+1","Orbital","MilkyWay","WitchOfGreed","UltimateShortwave","Acceleration+1","Acceleration","6A+1"],"relics":["MiniHakkero","Membership Card","TheAbacus","Pear","Frozen Egg 2","Runic Pyramid","OrangePellets","Prayer Wheel","Ancient Tea Set"],"acts_visited":["Exordium","TheCity"],"potions_floor_usage":[20,20,20,21,21,23,23,23],"damage_taken":[{"damage":0.0,"enemies":"2 Louse","floor":1.0,"turns":2.0},{"damage":0.0,"enemies":"Cultist","floor":2.0,"turns":3.0},{"damage":7.0,"enemies":"Small Slimes","floor":3.0,"turns":3.0},{"damage":6.0,"enemies":"Looter","floor":7.0,"turns":4.0},{"damage":4.0,"enemies":"Large Slime","floor":10.0,"turns":7.0},{"damage":9.0,"enemies":"3 Louse","floor":11.0,"turns":5.0},{"damage":45.0,"enemies":"Gremlin Nob","floor":13.0,"turns":7.0},{"damage":9.0,"enemies":"Hexaghost","floor":16.0,"turns":10.0},{"damage":26.0,"enemies":"3 Byrds","floor":18.0,"turns":7.0},{"damage":36,"enemies":"2 Thieves","floor":20,"turns":5},{"damage":0,"enemies":"Shelled Parasite and Fungi","floor":21,"turns":2},{"damage":25,"enemies":"Snake Plant","floor":22,"turns":5},{"damage":6,"enemies":"Gremlin Leader","floor":23,"turns":1}],"seed_played":"3662135841497639500","potions_obtained":[{"floor":1.0,"key":"SkillPotion"},{"floor":2.0,"key":"DuplicationPotion"},{"floor":4.0,"key":"EntropicBrew"},{"floor":4.0,"key":"BottledSpark"},{"floor":13.0,"key":"FearPotion"},{"floor":13.0,"key":"Energy Potion"},{"floor":16.0,"key":"Swift Potion"},{"floor":18.0,"key":"LiquidBronze"},{"floor":20,"key":"PowerPotion"},{"floor":22,"key":"Strength Potion"},{"floor":22,"key":"DuplicationPotion"}],"is_trial":false,"path_per_floor":["M","M","M","?","$","R","M","$","T","M","M","$","?","?","R","B",null,"M","$","M","M","M","E"],"character_chosen":"MARISA","items_purchased":["Membership Card","TheAbacus","WitchOfGreed","OrangePellets","Prayer Wheel","Acceleration","Ancient Tea Set"],"campfire_rested":0,"item_purchase_floors":[5,8,12,19,19,19,19],"current_hp_per_floor":[75,75,68,68,68,68,62,62,72,68,59,59,14,19,19,10,90,64,64,28,28,3,0,0],"gold":690,"neow_bonus":"HUNDRED_GOLD","is_daily":false,"chose_seed":false,"campfire_upgraded":2,"win_rate":0.0,"timestamp":1610081028,"path_taken":["M","M","M","?","?","R","M","$","T","M","M","$","?","?","R","BOSS","M","$","M","M","M","E"],"items_purchased_type":["Relic","Relic","Card","Relic","Relic","Card","Relic"],"build_version":"2020-12-18","purchased_purges":3,"victory":false,"max_hp_per_floor":[75,75,75,75,75,75,75,75,85,85,85,85,85,90,90,90,90,90,90,90,90,90,90,90],"card_choices":[{"not_picked":["DarkMatter","OneTimeOff"],"picked":"SprinkleStarSeal","floor":1.0},{"not_picked":["GravityBeat","RefractionSpark","Occultation"],"picked":"SKIP","floor":2.0},{"not_picked":["MysteriousBeam","MagicChant"],"picked":"Robbery","floor":3.0},{"not_picked":["UnstableBomb","MeteoricShower"],"picked":"OneTimeOff","floor":7.0},{"not_picked":["AsteroidBelt","ShootTheMoon"],"picked":"Orbital","floor":10.0},{"not_picked":["PowerUp","ShootingEcho"],"picked":"MilkyWay","floor":11.0},{"not_picked":["BlazingStar","StarDustReverie"],"picked":"UltimateShortwave","floor":16.0},{"not_picked":["MilkyWay+1","ChargingUp"],"picked":"Acceleration+1","floor":18.0},{"not_picked":["GravityBeat","SuperPerseids+1","GasGiant"],"picked":"SKIP","floor":20},{"not_picked":["Acceleration","GasGiant","GalacticHalo"],"picked":"SKIP","floor":20},{"not_picked":["DarkSpark","ShootingEcho","UnstableBomb"],"picked":"SKIP","floor":21},{"not_picked":["SporeBomb","PowerUp+1","AsteroidBelt+1"],"picked":"SKIP","floor":21},{"not_picked":["EventHorizon+1","SprinkleStarSeal"],"picked":"6A+1","floor":22},{"not_picked":["NonDirectionalLaser","Acceleration","MilkyWay+1"],"picked":"SKIP","floor":22}],"player_experience":594733,"relics_obtained":[{"floor":9.0,"key":"Pear"}],"event_choices":[{"damage_healed":0.0,"max_hp_gain":0.0,"max_hp_loss":0.0,"gold_gain":0.0,"event_name":"The Woman in Blue","player_choice":"Bought 3 Potions","floor":4.0,"gold_loss":0.0,"damage_taken":0.0},{"damage_healed":0.0,"max_hp_gain":0.0,"max_hp_loss":0.0,"gold_gain":0.0,"event_name":"Dead Adventurer","player_choice":"Searched \u00272\u0027 times","floor":13.0,"gold_loss":0.0,"damage_taken":0.0,"relics_obtained":["Frozen Egg 2"]},{"damage_healed":0.0,"max_hp_gain":5.0,"max_hp_loss":0.0,"gold_gain":0.0,"event_name":"Big Fish","player_choice":"Donut","floor":14.0,"gold_loss":0.0,"damage_taken":0.0}],"is_beta":true,"boss_relics":[{"not_picked":["Empty Cage","ExperimentalFamiliar"],"picked":"Runic Pyramid"}],"items_purged_floors":[5,12,19],"is_endless":false,"potions_floor_spawned":[1,2,7,20,22],"killed_by":"Gremlin Leader","ascension_level":4}}