{"host":"8ohk72e3leaymhq4","time":1610120821,"event":{"mods":["ATMod(阿瑾Mod)","Act Like it!","Arknights The Spire","Aspiration","BaseMod","BetterRewards","Colored Powertips","Conspire","Downfall","FutureSeer","Gensokyo","Hallownest","Hubris","Hunter 猎人","KinomotoSakuraMod(木之本樱)","LagranYue(拉格朗・月)","Lobotomy","LobotomyExtend","Marisa（F雨　魔理沙）","Mimic Mod","Minty Spire (QoL Compilation)","Nova Terra(诺娃・泰拉)","Prisma Mod","Quarter Circle Forward PUNCH!","Relic Stats","Remilia（蕾米莉亚）","Replay The Spire","Reworked Bosses","Shop Mod","Spicy Shops","StSLib","Td1madao Mod","TestMod","The Administrix","The Bug Knight","The Construct","The Mystic","WarShipGirlsR/战舰少女R mod","Youmu（魂魄妖梦）","Yuri Mod","[IsaacMod]以撒尖塔","vexMod","【遗物卡牌】REMEMod","篝火指南"],"gold_per_floor":[126,187,227,295,295,295,295],"floor_reached":6,"playtime":488,"items_purged":[],"score":38,"play_id":"0b077b5c-fe87-41ed-bcc4-0cf1c945ae05","local_time":"20210108234701","is_ascension_mode":false,"campfire_choices":[],"circlet_count":0,"master_deck":["Strike_C","Strike_C","Strike_C","Strike_C","Defend_C","Defend_C","Defend_C","Defend_C","Knight Kick","Chip","BettingIsNotGood","AT_FamilyPortrait","PrismaMod:ChloeGaeBolg","Provocative","Lunge","Black Shadow","White Contract","Doubt"],"relics":["Apod","HushsDoor","REME_ComplimentaryCards","AT_ATBox","testmod-TestBox","LagranYue:RandomDrawCardRelic","Damocles","testmod-BatchProcessingSystem","PokeGo","AT_MibuBalloonWealth","LetterFromLob","Replay:Mystery Machine","Bag of Preparation","aspiration:FrozenJewel","Ring of Fury","Ring of Panic"],"acts_visited":["Exordium"],"potions_floor_usage":[],"damage_taken":[{"damage":0,"enemies":"Cultist","floor":1,"turns":4},{"damage":0,"enemies":"2 Louse","floor":2,"turns":2},{"damage":0,"enemies":"Jaw Worm","floor":3,"turns":2},{"damage":0,"enemies":"2 Fungi Beasts","floor":4,"turns":3},{"damage":0,"enemies":"3 Sentries","floor":6,"turns":1}],"seed_played":"9000058360377374226","potions_obtained":[{"floor":2,"key":"Fire Potion"},{"floor":3,"key":"Swift Potion"},{"floor":4,"key":"Strength Potion"}],"is_trial":false,"path_per_floor":["M","M","M","M","?","E"],"character_chosen":"TD1MADAO_CLASS","items_purchased":[],"campfire_rested":0,"item_purchase_floors":[],"current_hp_per_floor":[63,63,63,63,63,63,63],"gold":295,"neow_bonus":"ONE_RARE_RELIC","is_daily":false,"chose_seed":false,"campfire_upgraded":0,"win_rate":0.0,"timestamp":1610120821,"path_taken":["M","M","M","M","?","E"],"items_purchased_type":[],"build_version":"2020-12-22","purchased_purges":0,"victory":false,"max_hp_per_floor":[63,63,63,63,63,63,63],"relic_stats":{"counters":[5,12],"Bag of Preparation":[4],"obtain_stats":[{"KeepersGift":0,"Damocles":0,"AT_ATBox":0,"testmod-TestBox":0,"LagranYue:RandomDrawCardRelic":0,"AT_MibuBalloonWealth":1,"testmod-BatchProcessingSystem":0,"Bag of Preparation":3,"Replay:Mystery Machine":2,"aspiration:FrozenJewel":4,"PokeGo":0,"Ring of Fury":5,"LetterFromLob":1,"Apod":0,"Ring of Panic":5,"HushsDoor":0,"REME_ComplimentaryCards":0},{"KeepersGift":0,"Damocles":0,"AT_ATBox":0,"testmod-TestBox":0,"LagranYue:RandomDrawCardRelic":0,"AT_MibuBalloonWealth":1,"testmod-BatchProcessingSystem":0,"Bag of Preparation":3,"Replay:Mystery Machine":2,"aspiration:FrozenJewel":4,"PokeGo":0,"Ring of Fury":4,"LetterFromLob":1,"Apod":0,"Ring of Panic":4,"HushsDoor":0,"REME_ComplimentaryCards":0},{"KeepersGift":0,"Damocles":0,"AT_ATBox":0,"testmod-TestBox":0,"LagranYue:RandomDrawCardRelic":0,"AT_MibuBalloonWealth":4,"testmod-BatchProcessingSystem":0,"Bag of Preparation":8,"Replay:Mystery Machine":6,"aspiration:FrozenJewel":11,"PokeGo":0,"Ring of Fury":11,"LetterFromLob":4,"Apod":0,"Ring of Panic":11,"HushsDoor":0,"REME_ComplimentaryCards":0}]},"card_choices":[{"not_picked":[],"picked":"BettingIsNotGood","floor":0},{"not_picked":["Winding Magic","Cursed Blade"],"picked":"Provocative","floor":1},{"not_picked":["Cursed Blade","Thunder Jump"],"picked":"Lunge","floor":2},{"not_picked":["Twin Teeth","Energy Supply"],"picked":"Black Shadow","floor":3},{"not_picked":["Provocative","Floating Even"],"picked":"White Contract","floor":4}],"player_experience":31809,"relics_obtained":[{"floor":1,"key":"AT_MibuBalloonWealth"},{"floor":1,"key":"LetterFromLob"},{"floor":2,"key":"Replay:Mystery Machine"},{"floor":3,"key":"Bag of Preparation"},{"floor":4,"key":"aspiration:FrozenJewel"},{"floor":5,"key":"Ring of Fury"},{"floor":5,"key":"Ring of Panic"}],"event_choices":[],"is_beta":false,"boss_relics":[],"items_purged_floors":[],"is_endless":false,"potions_floor_spawned":[2,3,4],"killed_by":"3 Sentries","ascension_level":0}}