{"host":"hf26dlu7397s98tc","time":1610122241,"event":{"mods":["Act Like it!","Arknights The Spire","Astrologer","BaseMod","CapriCore","Elementarium","GifTheSpireLib","Hermit","Luminous","Minty Spire (QoL Compilation)","Pale of the Ancients","Pikachu Mod","Quick Restart","Robot Space Explorer","StSLib","The Dragon Tamer","The Gatherer","The Immortal","TheWitcher","UnlockEverythingMod","Yakumo Yukari mod"],"gold_per_floor":[116,116,41,216,235,268,268,282,305,339,339,339,0,12,12,113,113,123,123,136,149,49,49,67,67,67,101,101,114,164,44,44,149,149,162,162,175,224,224,259,275,275,275,275,286,146,159,174,174,174,184,197,297,137,137,155,155,85,85,85],"floor_reached":61,"playtime":2038,"items_purged":["RobotSpaceExplorer:Defend","Doubt","RobotSpaceExplorer:Strike","RobotSpaceExplorer:Strike","RobotSpaceExplorer:Defend","RobotSpaceExplorer:Comet+1"],"score":1456,"play_id":"906b23a4-b814-4adc-9c3a-32c2a082b8a4","local_time":"20210109001041","is_ascension_mode":false,"campfire_choices":[{"data":"RobotSpaceExplorer:MiniLasers","floor":7.0,"key":"SMITH"},{"data":"RobotSpaceExplorer:Fix","floor":11.0,"key":"SMITH"},{"data":"RobotSpaceExplorer:Asteroid","floor":15.0,"key":"SMITH"},{"data":"RobotSpaceExplorer:ChargingLaser","floor":23.0,"key":"SMITH"},{"data":"RobotSpaceExplorer:Comet","floor":25.0,"key":"SMITH"},{"data":"RobotSpaceExplorer:FranticSearch","floor":28.0,"key":"SMITH"},{"floor":32.0,"key":"RECALL"},{"data":"RobotSpaceExplorer:ChargingLaser","floor":42.0,"key":"SMITH"},{"data":"RobotSpaceExplorer:IronShell","floor":44.0,"key":"SMITH"},{"data":"RobotSpaceExplorer:Autoloader","floor":49.0,"key":"SMITH"},{"data":"Madness","floor":55.0,"key":"SMITH"},{"data":"RobotSpaceExplorer:JunkDive","floor":57.0,"key":"SMITH"}],"circlet_count":0,"master_deck":["RobotSpaceExplorer:Defend+1","RobotSpaceExplorer:Scan","RobotSpaceExplorer:MiniLasers+1","RobotSpaceExplorer:Fix","RobotSpaceExplorer:Fix+1","RobotSpaceExplorer:Asteroid+1","RobotSpaceExplorer:FranticSearch+1","RobotSpaceExplorer:ChargingLaser+1","RobotSpaceExplorer:FranticSearch+1","RobotSpaceExplorer:ScrapToss+1","RobotSpaceExplorer:JunkDive+1","RobotSpaceExplorer:Autoloader+1","Madness+1","Madness+1","RobotSpaceExplorer:IronShell+1","RobotSpaceExplorer:ChargingLaser+1","Flash of Steel"],"relics":["RobotSpaceExplorer:RoboCore","NeowsBlessing","Pen Nib","Regal Pillow","Question Card","RobotSpaceExplorer:BottledGravity","Kunai","Empty Cage","The Courier","PreservedInsect","Thread and Needle","Runic Pyramid","RobotSpaceExplorer:ToughPlating","Ornamental Fan","War Paint","paleoftheancients:Timepiece","paleoftheancients:KeyRelic","Oddly Smooth Stone","Sozu","Letter Opener","paleoftheancients:SoulOfTheCollector"],"acts_visited":["Exordium","TheCity","TheBeyond","paleoftheancients:PaleOfTheAncients"],"potions_floor_usage":[60,60],"damage_taken":[{"damage":0.0,"enemies":"Small Slimes","floor":1.0,"turns":1.0},{"damage":0.0,"enemies":"Jaw Worm","floor":5.0,"turns":1.0},{"damage":0.0,"enemies":"3 Sentries","floor":6.0,"turns":1.0},{"damage":1.0,"enemies":"Cultist","floor":8.0,"turns":3.0},{"damage":20.0,"enemies":"Gremlin Nob","floor":10.0,"turns":4.0},{"damage":0.0,"enemies":"Large Slime","floor":14.0,"turns":4.0},{"damage":15.0,"enemies":"Hexaghost","floor":16.0,"turns":7.0},{"damage":3.0,"enemies":"Chosen","floor":18.0,"turns":2.0},{"damage":11.0,"enemies":"Shell Parasite","floor":20.0,"turns":3.0},{"damage":12.0,"enemies":"Shelled Parasite and Fungi","floor":21.0,"turns":2.0},{"damage":0.0,"enemies":"3 Cultists","floor":24.0,"turns":3.0},{"damage":13.0,"enemies":"Slavers","floor":27.0,"turns":2.0},{"damage":6.0,"enemies":"Cultist and Chosen","floor":29.0,"turns":3.0},{"damage":19.0,"enemies":"Champ","floor":33.0,"turns":4.0},{"damage":0.0,"enemies":"Orb Walker","floor":35.0,"turns":2.0},{"damage":0.0,"enemies":"3 Darklings","floor":37.0,"turns":2.0},{"damage":35.0,"enemies":"2 Orb Walkers","floor":38.0,"turns":4.0},{"damage":0.0,"enemies":"Giant Head","floor":40.0,"turns":3.0},{"damage":0.0,"enemies":"Maw","floor":41.0,"turns":4.0},{"damage":4.0,"enemies":"Jaw Worm Horde","floor":45.0,"turns":4.0},{"damage":0.0,"enemies":"4 Shapes","floor":47.0,"turns":3.0},{"damage":0.0,"enemies":"Writhing Mass","floor":48.0,"turns":3.0},{"damage":20.0,"enemies":"Donu and Deca","floor":50.0,"turns":5.0},{"damage":0.0,"enemies":"Donu and Deca","floor":51.0,"turns":5.0},{"damage":6.0,"enemies":"Donu and Deca","floor":52.0,"turns":3.0},{"damage":0.0,"enemies":"Donu and Deca","floor":56.0,"turns":4.0},{"damage":0,"enemies":"paleoftheancients:N","floor":60,"turns":4}],"seed_played":"-6728518522889877215","potions_obtained":[{"floor":6.0,"key":"Block Potion"},{"floor":8.0,"key":"FearPotion"},{"floor":10.0,"key":"SpeedPotion"},{"floor":14.0,"key":"Fire Potion"},{"floor":20.0,"key":"Swift Potion"},{"floor":24.0,"key":"SkillPotion"},{"floor":27.0,"key":"Regen Potion"},{"floor":33.0,"key":"Fire Potion"},{"floor":37.0,"key":"FairyPotion"},{"floor":45.0,"key":"GamblersBrew"},{"floor":48.0,"key":"Block Potion"}],"is_trial":false,"path_per_floor":["M","?","$","?","M","E","R","M","T","E","R","T","$","M","R","B",null,"M","?","M","M","$","R","M","R","T","E","R","M","?","$","R","B",null,"M","?","M","?","?","E","M","R","T","R","M","$","M","M","R","B","M","M","?","$","R","M","R","$","?","B",null],"character_chosen":"RobotSpaceExplorer","items_purchased":["Kunai","Flash of Steel"],"campfire_rested":0,"item_purchase_floors":[13,58],"current_hp_per_floor":[75,68,68,68,68,68,68,74,74,55,55,55,55,65,65,60,75,72,72,64,58,58,58,64,64,64,51,51,51,51,51,51,32,75,75,66,66,37,37,47,47,47,47,47,53,53,59,63,63,75,75,72,72,72,72,75,75,75,75,75],"gold":85,"neow_bonus":"THREE_ENEMY_KILL","is_daily":false,"chose_seed":false,"campfire_upgraded":11,"win_rate":0.0,"timestamp":1610122241,"path_taken":["M","?","$","?","M","E","R","M","T","E","R","?","$","?","R","BOSS","M","?","M","M","$","R","M","R","T","E","R","M","?","$","R","BOSS","M","?","M","?","?","E","M","R","T","R","?","$","?","M","R","BOSS","M","M","?","$","R","M","R","$","?","BOSS"],"items_purchased_type":["Relic","Card"],"build_version":"2020-12-22","purchased_purges":6,"victory":true,"max_hp_per_floor":[75,75,75,75,75,75,75,75,75,75,75,75,75,75,75,75,75,75,75,75,75,75,75,75,75,75,75,75,75,75,75,75,75,75,75,75,75,75,75,75,75,75,75,75,75,75,75,75,75,75,75,75,75,75,75,75,75,75,75,75],"card_choices":[{"not_picked":["RobotSpaceExplorer:MetalStrike","RobotSpaceExplorer:StarLightning"],"picked":"RobotSpaceExplorer:Fix","floor":1.0},{"not_picked":["RobotSpaceExplorer:LuckyStrike","RobotSpaceExplorer:Pulsar","RobotSpaceExplorer:ImprovisedAttack"],"picked":"SKIP","floor":5.0},{"not_picked":["RobotSpaceExplorer:SelfCleaning","RobotSpaceExplorer:BigMissile"],"picked":"RobotSpaceExplorer:Fix","floor":6.0},{"not_picked":["RobotSpaceExplorer:ShockKick","RobotSpaceExplorer:ImprovisedAttack","RobotSpaceExplorer:FrostMissile"],"picked":"SKIP","floor":8.0},{"not_picked":["RobotSpaceExplorer:SurgingShield","RobotSpaceExplorer:Fix"],"picked":"RobotSpaceExplorer:Asteroid","floor":10.0},{"not_picked":["RobotSpaceExplorer:SwiftStep","RobotSpaceExplorer:Smokescreen","RobotSpaceExplorer:SelfCleaning","RobotSpaceExplorer:MakeshiftVolley"],"picked":"SKIP","floor":14.0},{"not_picked":["RobotSpaceExplorer:Wormhole","RobotSpaceExplorer:BlastShield","RobotSpaceExplorer:HighVoltage"],"picked":"RobotSpaceExplorer:Comet","floor":16.0},{"not_picked":["RobotSpaceExplorer:SlimeMissile","RobotSpaceExplorer:ShockKick","RobotSpaceExplorer:MiniBoosters+1"],"picked":"RobotSpaceExplorer:FranticSearch+1","floor":18.0},{"not_picked":["RobotSpaceExplorer:ImprovisedAttack","RobotSpaceExplorer:StunGrenade","RobotSpaceExplorer:MiniDrones+1","RobotSpaceExplorer:SwiftStep"],"picked":"SKIP","floor":20.0},{"not_picked":["RobotSpaceExplorer:ShovelStrike","RobotSpaceExplorer:ShockKick","RobotSpaceExplorer:ImprovisedAttack"],"picked":"RobotSpaceExplorer:ChargingLaser","floor":21.0},{"not_picked":["RobotSpaceExplorer:SelfCleaning","RobotSpaceExplorer:ShockKick","RobotSpaceExplorer:PowerGlove"],"picked":"RobotSpaceExplorer:FranticSearch","floor":24.0},{"not_picked":["RobotSpaceExplorer:MetalStrike","RobotSpaceExplorer:SelfCleaning","RobotSpaceExplorer:ToxicBomb+1"],"picked":"RobotSpaceExplorer:ScrapToss+1","floor":27.0},{"not_picked":["RobotSpaceExplorer:ImprovisedAttack","RobotSpaceExplorer:MetalStrike","RobotSpaceExplorer:LaserBurst+1"],"picked":"RobotSpaceExplorer:JunkDive","floor":29.0},{"not_picked":["RobotSpaceExplorer:Arsenal","RobotSpaceExplorer:Comet","RobotSpaceExplorer:Exploration"],"picked":"RobotSpaceExplorer:Autoloader","floor":33.0},{"not_picked":["RobotSpaceExplorer:Smokescreen+1","RobotSpaceExplorer:SurgingShield+1","RobotSpaceExplorer:FranticSearch+1","RobotSpaceExplorer:MiniDrones+1"],"picked":"SKIP","floor":35.0},{"not_picked":["RobotSpaceExplorer:RigExplosive","RobotSpaceExplorer:MiniDrones+1","RobotSpaceExplorer:Ammunition","RobotSpaceExplorer:ImprovisedAttack"],"picked":"SKIP","floor":37.0},{"not_picked":["RobotSpaceExplorer:StunGrenade","RobotSpaceExplorer:PowerGlove+1","RobotSpaceExplorer:SwiftStep+1"],"picked":"RobotSpaceExplorer:IronShell","floor":38.0},{"not_picked":["RobotSpaceExplorer:Blitz","RobotSpaceExplorer:SurgingStrike+1","RobotSpaceExplorer:SlimeMissile"],"picked":"RobotSpaceExplorer:ChargingLaser","floor":40.0},{"not_picked":["RobotSpaceExplorer:ToxicBomb","RobotSpaceExplorer:Fix","RobotSpaceExplorer:DoubleFind+1","RobotSpaceExplorer:Counterblock"],"picked":"SKIP","floor":41.0},{"not_picked":["RobotSpaceExplorer:PowerCollector+1","RobotSpaceExplorer:SwiftStep","RobotSpaceExplorer:ImprovisedAttack+1","RobotSpaceExplorer:Discharger"],"picked":"SKIP","floor":45.0},{"not_picked":["RobotSpaceExplorer:Jetpack+1","RobotSpaceExplorer:StarDust","RobotSpaceExplorer:SelfCleaning","RobotSpaceExplorer:Electropulse+1"],"picked":"SKIP","floor":47.0},{"not_picked":["RobotSpaceExplorer:SurgingShield","RobotSpaceExplorer:PowerGlove","RobotSpaceExplorer:SlimeMissile","RobotSpaceExplorer:Counterblock"],"picked":"SKIP","floor":48.0},{"not_picked":["RobotSpaceExplorer:Electroshield","RobotSpaceExplorer:PowerCollector","RobotSpaceExplorer:FranticSearch","RobotSpaceExplorer:FreezingShield+1"],"picked":"SKIP","floor":51.0},{"not_picked":["RobotSpaceExplorer:SelfCleaning","RobotSpaceExplorer:MetalStrike+1","RobotSpaceExplorer:ToxicBomb","RobotSpaceExplorer:MakeshiftVolley+1"],"picked":"SKIP","floor":52.0},{"not_picked":["RobotSpaceExplorer:SwiftStep+1","RobotSpaceExplorer:BlastShield","RobotSpaceExplorer:Calculate","RobotSpaceExplorer:Pulsar"],"picked":"SKIP","floor":56.0}],"player_experience":201904,"relics_obtained":[{"floor":6.0,"key":"Pen Nib"},{"floor":9.0,"key":"Regal Pillow"},{"floor":10.0,"key":"Question Card"},{"floor":12.0,"key":"RobotSpaceExplorer:BottledGravity"},{"floor":26.0,"key":"PreservedInsect"},{"floor":27.0,"key":"Thread and Needle"},{"floor":38.0,"key":"RobotSpaceExplorer:ToughPlating"},{"floor":40.0,"key":"Ornamental Fan"},{"floor":43.0,"key":"War Paint"},{"floor":51.0,"key":"paleoftheancients:SoulOfTheCollector"}],"event_choices":[{"cards_removed":["RobotSpaceExplorer:Strike"],"damage_healed":0.0,"max_hp_gain":0.0,"max_hp_loss":0.0,"gold_gain":0.0,"event_name":"Golden Wing","player_choice":"Card Removal","floor":2.0,"gold_loss":0.0,"damage_taken":7.0},{"damage_healed":0.0,"max_hp_gain":0.0,"max_hp_loss":0.0,"gold_gain":175.0,"event_name":"Liars Game","player_choice":"AGREE","floor":4.0,"gold_loss":0.0,"damage_taken":0.0,"cards_obtained":["Doubt"]},{"damage_healed":0.0,"max_hp_gain":0.0,"max_hp_loss":0.0,"gold_gain":0.0,"event_name":"The Mausoleum","player_choice":"Opened","floor":19.0,"gold_loss":0.0,"damage_taken":0.0,"relics_obtained":["The Courier"]},{"damage_healed":0.0,"max_hp_gain":0.0,"max_hp_loss":0.0,"gold_gain":100.0,"event_name":"The Joust","player_choice":"Bet on Murderer","floor":30.0,"gold_loss":50.0,"damage_taken":0.0},{"damage_healed":0.0,"max_hp_gain":0.0,"max_hp_loss":0.0,"gold_gain":0.0,"event_name":"Winding Halls","player_choice":"Embrace Madness","floor":36.0,"gold_loss":0.0,"damage_taken":9.0,"cards_obtained":["Madness","Madness"]},{"damage_healed":0.0,"max_hp_gain":0.0,"max_hp_loss":0.0,"gold_gain":0.0,"event_name":"Mysterious Sphere","player_choice":"Fight","floor":38.0,"gold_loss":0.0,"damage_taken":0.0},{"damage_healed":0.0,"max_hp_gain":0.0,"max_hp_loss":0.0,"gold_gain":0.0,"event_name":"SecretPortal","player_choice":"Ignored","floor":39.0,"gold_loss":0.0,"damage_taken":0.0},{"damage_healed":0.0,"max_hp_gain":0.0,"max_hp_loss":0.0,"gold_gain":100.0,"event_name":"Golden Shrine","player_choice":"Pray","floor":53.0,"gold_loss":0.0,"damage_taken":0.0}],"is_beta":false,"boss_relics":[{"not_picked":["Snecko Eye","Astrolabe"],"picked":"Empty Cage"},{"not_picked":["Busted Crown","Philosopher\u0027s Stone"],"picked":"Runic Pyramid"}],"items_purged_floors":[3,13,22,31,46,54],"is_endless":false,"potions_floor_spawned":[6,8,10,14,20,24,27,33,37,45,48,51,52,56],"ascension_level":0}}