{"host":"w5vfr18i2ft1pzo2","time":1610128076,"event":{"mods":["AchievementEnabler","Act Like it!","Aspiration","BaseMod","Better Third Choice","BetterRewards","Colored Map","Colored Powertips","Conspire","Curses Come First","DNKmod","Defuse TimeMaze Blight","Dota2Spire","Elementarium","Energized Spire","Evolution","Force Act Four","Friendly Minions","Gensokyo","GifTheSpireLib","Gold Saver","GungeonMod","Halation","Hallownest","Hubris","Hyrulean Relics","Infinite Spire","Jedi Mod","Marisa????????","Minty Spire (QoL Compilation)","MostiFishMod","Poor People Problems","Prisma Mod","Remilia??????","Replay The Spire","SacredBarkPlus","Small Relic Pack","Spicy Shops","Spikes Relics","StSLib","Stuff the Spire","SuperFastMode","Synergy Search","The Blue Laboratory","The Servant 0.9.4","Trackpad","Treasure Hunter","Uncapped","Wandering Minibosses","Yakumo Yukari mod","noobMod","vexMod","??????REMEMod"],"gold_per_floor":[833,833,833,849,359,393,405,425,425,425,425,458,489,501,501,578,578,592,61,61,72,72,104,134,162,212,241,0,0,31,31,31,108,108,151,151,181,220,236,271,299,332,332,448,482,782,782],"floor_reached":46,"playtime":1578,"items_purged":[],"score":2345,"play_id":"9497447c-d3ba-4a65-be09-77ad22d18c53","local_time":"20210109014756","daily_mods":["Shiny","Heirloom","Time Dilation","Flight","DeadlyEvents","Elite Swarm","Lethality"],"is_ascension_mode":true,"campfire_choices":[{"floor":15,"key":"RECALL"},{"data":"Devotion","floor":29,"key":"SMITH"},{"floor":32,"key":"DIG"}],"circlet_count":0,"master_deck":["AscendersBane","Devotion+1","LessonLearned+1","MostiFishMod:OutWit+1","MasterReality","MostiFishMod:ScryFuture","MostiFishMod:KamiSmash","Scrawl+1","Brilliance+1","MostiFishMod:StarHerder","MostiFishMod:DustFall","MostiFishMod:Adaptation","Replay:LoomingThreat","DevaForm","Vault+1","Establishment","REME_WorshipGod","MostiFishMod:CyberBuddha","Judgement","REME_EmptyShield","Blasphemy+1","MostiFishMod:StarOceanP","REME_CRH+1","Wish","MostiFishMod:StarWish+1","MostiFishMod:Dust","MostiFishMod:DisColor+1","Replay:AllIn","jedi:nirvanicrebirth","Alpha","MostiFishMod:Pointsdynamics","DeusExMachina+1","ConjureBlade","MostiFishMod:Disappear","Ragnarok","Omniscience+1","MostiFishMod:Unraveling","SpiritShield+1","MostiFishMod:Minus","MostiFishMod:StarLaLaLa","InnerPeace","Fasting2","MostiFishMod:KingOfFree","Finesse","TH:Mimic","TH:CursedSword","TH:DeckOfManyThings","MostiFishMod:Dust+1","TH:CopperCoins","MostiFishMod:ScryFuture","MostiFishMod:Adaptation","TH:CopperCoins","Omniscience","Worship","Gensokyo:Kunekune","TH:ElvenBoots","Vault","TH:DeckOfManyThings","MostiFishMod:DisColor","Omniscience","TH:DeckOfManyThings","TH:CursedSword","TH:DeckOfManyThings","Vault","TH:DeckOfManyThings","Omniscience","TH:ArmorSpikes","LessonLearned","InnerPeace","TH:TreasureMap","Devotion","Consecrate+1","CutThroughFate+1","TH:DeckOfManyThings","MostiFishMod:OutWit","TH:DeckOfManyThings","MostiFishMod:KamiSmash","TH:DeckOfManyThings","Ragnarok","Devotion","TH:TreasureMap","TH:CursedSword","Ragnarok","TH:EnergyPotion","Devotion"],"relics":["DemoMod:SevenLeafClover","ReplayTheSpireMod:Ring of Collecting","aspiration:Legacy_Headhunter","ClockworkSouvenir","hubris:Potato","NeowsBlessing","Iron Core","Mark of the Bloom","Replay:Frozen Program","Matryoshka","aspiration:Stellarator","Happy Flower","infinitespire:Satchel","StuffTheSpire:SapphireSignet","halation:Risk","MiniHakkero","HereWithMe","DemoMod:PoisonVial","hubris:HollowSoul","DemoMod:LichsEyeBullet","infinitespire:Chaos","zeldaRelics:CourageTriforce","infinitespire:Lucky Rock","zeldaRelics:WisdomTriforce","zeldaRelics:PowerTriforce","ReplayFunnel","Toy Ornithopter","Bag of Marbles"],"acts_visited":["Exordium","Gensokyo:Gensokyoer","TheBeyond"],"potions_floor_usage":[18,25,25],"damage_taken":[{"damage":0,"enemies":"Jaw Worm","floor":1,"turns":1},{"damage":15,"enemies":"conspire:RoseBush","floor":4,"turns":1},{"damage":0,"enemies":"Lagavulin","floor":6,"turns":3},{"damage":0,"enemies":"infinitespire:Voidling","floor":7,"turns":2},{"damage":0,"enemies":"Looter","floor":8,"turns":1},{"damage":0,"enemies":"3 Sentries","floor":12,"turns":3},{"damage":0,"enemies":"Lagavulin","floor":13,"turns":3},{"damage":6,"enemies":"2 Fungi Beasts","floor":14,"turns":2},{"damage":16,"enemies":"Hexaghost","floor":16,"turns":4},{"damage":29,"enemies":"Gensokyo:3_Dogs","floor":18,"turns":3},{"damage":1,"enemies":"Gensokyo:Chomper","floor":21,"turns":1},{"damage":0,"enemies":"Gensokyo:Reisen","floor":23,"turns":1},{"damage":35,"enemies":"Gensokyo:Tenshi","floor":24,"turns":4},{"damage":0,"enemies":"Gensokyo:Reisen","floor":25,"turns":2},{"damage":30,"enemies":"Nightmare","floor":27,"turns":10},{"damage":28,"enemies":"Gensokyo:Reisen","floor":30,"turns":2},{"damage":0,"enemies":"Gensokyo:Eternal_Rivals","floor":33,"turns":1},{"damage":0,"enemies":"Orb Walker","floor":35,"turns":1},{"damage":0,"enemies":"Reptomancer","floor":37,"turns":2},{"damage":0,"enemies":"3 Darklings","floor":38,"turns":2},{"damage":0,"enemies":"4 Shapes","floor":39,"turns":2},{"damage":0,"enemies":"Nemesis","floor":40,"turns":3},{"damage":0,"enemies":"Reptomancer","floor":41,"turns":1},{"damage":0,"enemies":"Nemesis","floor":42,"turns":3},{"damage":0,"enemies":"Reptomancer","floor":44,"turns":2},{"damage":0,"enemies":"Nemesis","floor":45,"turns":1},{"damage":40,"enemies":"Reptomancer","floor":46,"turns":3}],"seed_played":"6911512435983585087","potions_obtained":[{"floor":18,"key":"SteroidPotion"},{"floor":30,"key":"blueLaboratory:BottleOfRum"},{"floor":38,"key":"blueLaboratory:BubblePotion"}],"is_trial":true,"path_per_floor":["M","?","$","M","$","E","M","M","T","$","$","E","E","M","R_BF","B",null,"M","COS","?","M","$","E","E","E","T","NM","?","R","E","$","R_BF","B",null,"M","?","E","M","M","E","E","E","T","E","E","E"],"character_chosen":"WATCHER","items_purchased":["MostiFishMod:KingOfFree","Technique","Finesse"],"campfire_rested":0,"item_purchase_floors":[5,5,5],"current_hp_per_floor":[71,36,36,21,21,21,78,78,78,78,78,78,78,72,72,57,79,50,50,59,62,62,62,46,46,46,43,43,43,15,15,15,15,15,15,15,15,15,15,15,15,15,15,15,15,0,0],"gold":782,"neow_bonus":"","is_daily":false,"chose_seed":false,"campfire_upgraded":1,"win_rate":0.0,"timestamp":1610128076,"path_taken":["M","?","?","?","$","E","?","?","T","$","$","E","?","?","R_BF","BOSS","M","COS","?","?","?","E","E","?","T","NM","?","R","?","?","R_BF","BOSS","M","?","?","?","?","E","E","E","T","E","E","E"],"items_purchased_type":["Card","Relic","Card"],"build_version":"2020-12-22","purchased_purges":0,"victory":false,"max_hp_per_floor":[78,78,78,78,78,78,78,78,78,78,78,78,78,79,79,86,86,91,91,91,91,91,91,96,96,96,106,106,106,106,106,106,106,106,106,106,106,106,106,106,106,106,106,106,106,106,106],"card_choices":[{"not_picked":["Replay:ManipulateFuture","EmptyFist"],"picked":"InnerPeace","floor":1},{"not_picked":["Collect","Worship","Replay:AtTheReady","MostiFishMod:Speedup"],"picked":"Fasting2","floor":4},{"not_picked":["TH:CopperCoins","TH:EnergyPotion","TH:BikiniMail"],"picked":"TH:Mimic","floor":6},{"not_picked":["Omniscience","Replay:LoomingThreat","LessonLearned","DevaForm"],"picked":"MostiFishMod:CyberBuddha","floor":6},{"not_picked":["Crescendo","FlurryOfBlows","Replay:AtTheReady","ThirdEye","Meditate"],"picked":"SKIP","floor":7},{"not_picked":["Prostrate","ClearTheMind","Establishment","CrushJoints","InnerPeace"],"picked":"SKIP","floor":8},{"not_picked":["TH:Mimic","TH:BikiniMail","TH:ArmorSpikes"],"picked":"TH:CursedSword","floor":9},{"not_picked":["TH:BikiniMail","TH:PixieDust","TH:ElvenBoots"],"picked":"TH:DeckOfManyThings","floor":12},{"not_picked":["DeusExMachina","Wish","MostiFishMod:Moonprays","MostiFishMod:DustFall"],"picked":"MostiFishMod:Dust","floor":12},{"not_picked":["TH:EnergyPotion","TH:Mimic","TH:ArmorSpikes"],"picked":"TH:CopperCoins","floor":13},{"not_picked":["jedi:nirvanicrebirth","MostiFishMod:DustFall","MostiFishMod:Dust","REME_CRH"],"picked":"MostiFishMod:ScryFuture","floor":13},{"not_picked":["ThirdEye","ForeignInfluence","JustLucky","Meditate"],"picked":"MostiFishMod:Adaptation","floor":14},{"not_picked":["TH:PixieDust","TH:TreasureMap","TH:ElvenBoots"],"picked":"TH:CopperCoins","floor":16},{"not_picked":["REME_CRH","Blasphemy","MostiFishMod:Minus","MostiFishMod:StarHerder"],"picked":"Omniscience","floor":16},{"not_picked":["FollowUp+1","Replay:Hum","CarveReality","Replay:ManipulateFuture"],"picked":"Worship","floor":18},{"not_picked":["Halt","Replay:Anticipation","Crescendo","EmptyBody","BowlingBash"],"picked":"SKIP","floor":21},{"not_picked":["TH:PixieDust","TH:CopperCoins","TH:BikiniMail"],"picked":"TH:ElvenBoots","floor":23},{"not_picked":["Ragnarok","REME_EmptyShield","REME_WorshipGod","jedi:nirvanicrebirth"],"picked":"Vault","floor":23},{"not_picked":["TH:BikiniMail","TH:Mimic","TH:ArmorSpikes"],"picked":"TH:DeckOfManyThings","floor":24},{"not_picked":["Judgement","LessonLearned","MostiFishMod:StarHerder","MostiFishMod:Pointsdynamics"],"picked":"MostiFishMod:DisColor","floor":24},{"not_picked":["MostiFishMod:StarWish","Alpha","Devotion","MostiFishMod:StarLaLaLa"],"picked":"Omniscience","floor":25},{"not_picked":["TH:BikiniMail","TH:ElvenBoots","TH:CopperCoins"],"picked":"TH:DeckOfManyThings","floor":25},{"not_picked":["TH:EnergyPotion","TH:ArmorSpikes","TH:BikiniMail"],"picked":"TH:CursedSword","floor":26},{"not_picked":["TH:CopperCoins","TH:TreasureMap","TH:ElvenBoots"],"picked":"TH:DeckOfManyThings","floor":27},{"not_picked":["DevaForm","SpiritShield","Brilliance","Establishment"],"picked":"Vault","floor":27},{"not_picked":["TH:EnergyPotion"],"picked":"TH:DeckOfManyThings","floor":30},{"not_picked":["Alpha","MostiFishMod:StarWish"],"picked":"Omniscience","floor":30},{"not_picked":["TH:TreasureMap"],"picked":"TH:ArmorSpikes","floor":33},{"not_picked":["Limit Break","Brilliance"],"picked":"LessonLearned","floor":33},{"not_picked":["Meditate","Perseverance"],"picked":"InnerPeace","floor":35},{"not_picked":["TH:BikiniMail"],"picked":"TH:TreasureMap","floor":37},{"not_picked":["jedi:nirvanicrebirth","MostiFishMod:Moonprays"],"picked":"Devotion","floor":37},{"not_picked":["Replay:BluntJabs","REME_Repentance"],"picked":"Consecrate+1","floor":38},{"not_picked":["Worship","REME_Repentance"],"picked":"CutThroughFate+1","floor":39},{"not_picked":["TH:EnergyPotion"],"picked":"TH:DeckOfManyThings","floor":40},{"not_picked":["MostiFishMod:DustFall","MostiFishMod:StarWish"],"picked":"MostiFishMod:OutWit","floor":40},{"not_picked":["TH:CopperCoins"],"picked":"TH:DeckOfManyThings","floor":41},{"not_picked":["Wish","MostiFishMod:StarLaLaLa"],"picked":"MostiFishMod:KamiSmash","floor":41},{"not_picked":["TH:ElvenBoots"],"picked":"TH:DeckOfManyThings","floor":42},{"not_picked":["REME_EmptyShield","Brilliance"],"picked":"Ragnarok","floor":42},{"not_picked":["Establishment","MostiFishMod:DisColor"],"picked":"Devotion","floor":43},{"not_picked":["TH:ArmorSpikes"],"picked":"TH:TreasureMap","floor":43},{"not_picked":["TH:CopperCoins"],"picked":"TH:CursedSword","floor":44},{"not_picked":["MostiFishMod:CyberBuddha","MasterReality"],"picked":"Ragnarok","floor":44},{"not_picked":["TH:TreasureMap"],"picked":"TH:EnergyPotion","floor":45},{"not_picked":["MostiFishMod:OutWit","Replay:LoomingThreat"],"picked":"Devotion","floor":45}],"player_experience":262501,"relics_obtained":[{"floor":1,"key":"SynthV:TestCard"},{"floor":6,"key":"zeldaRelics:CouragePiece"},{"floor":12,"key":"zeldaRelics:CouragePiece"},{"floor":13,"key":"zeldaRelics:CouragePiece"},{"floor":23,"key":"zeldaRelics:WisdomPiece"},{"floor":23,"key":"zeldaRelics:WisdomPiece"},{"floor":24,"key":"zeldaRelics:WisdomPiece"},{"floor":24,"key":"zeldaRelics:WisdomPiece"},{"floor":25,"key":"zeldaRelics:PowerPiece"},{"floor":25,"key":"zeldaRelics:PowerPiece"},{"floor":26,"key":"DemoMod:ClearGuonStone"},{"floor":27,"key":"halation:PrussianBluePaint"},{"floor":27,"key":"Mummified Hand"},{"floor":30,"key":"zeldaRelics:CouragePiece"},{"floor":32,"key":"infinitespire:Lucky Rock"},{"floor":37,"key":"zeldaRelics:CouragePiece"},{"floor":40,"key":"zeldaRelics:CouragePiece"},{"floor":41,"key":"zeldaRelics:WisdomPiece"},{"floor":42,"key":"zeldaRelics:WisdomPiece"},{"floor":43,"key":"zeldaRelics:WisdomPiece"},{"floor":43,"key":"zeldaRelics:WisdomPiece"},{"floor":43,"key":"zeldaRelics:WisdomPiece"},{"floor":43,"key":"zeldaRelics:WisdomPiece"},{"floor":44,"key":"Toy Ornithopter"},{"floor":45,"key":"Bag of Marbles"}],"event_choices":[{"cards_removed":["MostiFishMod:Moonprays"],"damage_healed":0,"gold_gain":0,"player_choice":"Purged","damage_taken":0,"max_hp_gain":0,"max_hp_loss":0,"event_name":"Purifier","floor":36,"gold_loss":0}],"is_beta":false,"boss_relics":[{"not_picked":["conspire:SlowCooker","DemoMod:WaxWing"],"picked":"Black Star"},{"not_picked":["conspire:SeveredTorchhead","halation:CatFaceCupcake","Velvet Choker"]}],"items_purged_floors":[],"is_endless":false,"potions_floor_spawned":[1,6,7,8,13,18,23,30,38,39,40,44,45],"killed_by":"Reptomancer","ascension_level":20}}