{"host":"mruvby243fwgm3bp","time":1610134430,"event":{"mods":["AchievementEnabler","BaseMod","Colored Map","Colored Powertips","Minty Spire (QoL Compilation)","Permanent Neow","Random Character Button","StSLib"],"gold_per_floor":[119,132,143,159,159,159,171,171,171,183,183,203,203,237,237,340,340,325,48,61,61,80,80,93,105,159,159,159],"floor_reached":27,"playtime":1463,"items_purged":["Strike_G"],"score":307,"play_id":"49530228-b90b-4d57-b9c4-312b3cbc4e97","local_time":"20210108113350","is_ascension_mode":true,"campfire_choices":[{"data":"Well Laid Plans","floor":6,"key":"SMITH"},{"data":"Infinite Blades","floor":8,"key":"SMITH"},{"data":"Blade Dance","floor":11,"key":"SMITH"},{"data":"Neutralize","floor":13,"key":"SMITH"},{"data":"Survivor","floor":15,"key":"SMITH"},{"data":"Venomology","floor":23,"key":"SMITH"}],"circlet_count":0,"master_deck":["Strike_G","Strike_G","Strike_G","Strike_G","Defend_G","Defend_G","Defend_G","Defend_G","Defend_G","Survivor+1","Neutralize+1","Blade Dance+1","Backflip","Well Laid Plans+1","Infinite Blades+1","Dagger Spray","Well Laid Plans","Venomology+1","Dagger Spray","Adrenaline","Backstab"],"relics":["Ring of the Snake","MealTicket","Omamori","Sundial","Darkstone Periapt","SacredBark","Lee\u0027s Waffle","Strawberry"],"acts_visited":["Exordium","TheCity"],"potions_floor_usage":[10,10,14,20,22,24,24,25,25,25,27],"damage_taken":[{"damage":0,"enemies":"Small Slimes","floor":1,"turns":5},{"damage":2,"enemies":"Cultist","floor":2,"turns":4},{"damage":0,"enemies":"Jaw Worm","floor":3,"turns":5},{"damage":4,"enemies":"Blue Slaver","floor":4,"turns":4},{"damage":0,"enemies":"Exordium Wildlife","floor":7,"turns":4},{"damage":15,"enemies":"Exordium Thugs","floor":10,"turns":5},{"damage":7,"enemies":"2 Fungi Beasts","floor":12,"turns":4},{"damage":18,"enemies":"Gremlin Nob","floor":14,"turns":4},{"damage":17,"enemies":"Slime Boss","floor":16,"turns":11},{"damage":33,"enemies":"2 Thieves","floor":18,"turns":4},{"damage":0,"enemies":"Chosen","floor":20,"turns":3},{"damage":16,"enemies":"Centurion and Healer","floor":22,"turns":4},{"damage":42,"enemies":"Sentry and Sphere","floor":24,"turns":8},{"damage":1,"enemies":"3 Cultists","floor":25,"turns":5},{"damage":30,"enemies":"Snake Plant","floor":27,"turns":8}],"seed_played":"-7045387821072204971","potions_obtained":[{"floor":1,"key":"CunningPotion"},{"floor":2,"key":"Regen Potion"},{"floor":4,"key":"CultistPotion"},{"floor":10,"key":"CunningPotion"},{"floor":24,"key":"Weak Potion"}],"is_trial":false,"path_per_floor":["M","M","M","M","?","R","M","R","T","M","R","M","R","E","R","B",null,"M","$","M","?","M","R","M","M","T","M"],"character_chosen":"THE_SILENT","items_purchased":["Lee\u0027s Waffle","Strength Potion"],"campfire_rested":0,"item_purchase_floors":[19,19],"current_hp_per_floor":[63,61,61,57,57,57,57,57,57,56,56,49,49,31,31,14,56,23,77,77,77,61,61,19,18,25,0,0],"gold":159,"neow_bonus":"RANDOM_COMMON_RELIC","is_daily":false,"chose_seed":false,"campfire_upgraded":6,"win_rate":0.0,"timestamp":1610134430,"path_taken":["M","M","M","M","?","R","M","R","T","?","R","?","R","E","R","BOSS","M","$","M","?","M","R","M","M","T","M"],"items_purchased_type":["Relic","Potion"],"build_version":"2020-12-22","purchased_purges":1,"victory":false,"max_hp_per_floor":[70,70,70,70,70,70,70,70,70,70,70,70,70,70,70,70,70,70,77,77,77,77,77,77,77,84,84,84],"card_choices":[{"not_picked":["Bane","Dagger Throw","Outmaneuver"],"picked":"SKIP","floor":1},{"not_picked":["Slice","Flying Knee"],"picked":"Blade Dance","floor":2},{"not_picked":["Masterful Stab","Sucker Punch"],"picked":"Backflip","floor":3},{"not_picked":["Masterful Stab","Terror"],"picked":"Well Laid Plans","floor":4},{"not_picked":["Catalyst","Crippling Poison"],"picked":"Infinite Blades","floor":7},{"not_picked":["Skewer","Deadly Poison"],"picked":"Dagger Spray","floor":10},{"not_picked":["Slice","Underhanded Strike","Predator"],"picked":"SKIP","floor":12},{"not_picked":["Deadly Poison","Grand Finale"],"picked":"Well Laid Plans","floor":14},{"not_picked":["Storm of Steel","Malaise"],"picked":"Venomology","floor":16},{"not_picked":["Dagger Throw","Endless Agony"],"picked":"Dagger Spray","floor":18},{"not_picked":["Heel Hook+1","Flying Knee","Dagger Spray"],"picked":"SKIP","floor":20},{"not_picked":["Dagger Throw","Skewer","Dodge and Roll"],"picked":"SKIP","floor":22},{"not_picked":["Crippling Poison","Bane"],"picked":"Backstab","floor":24},{"not_picked":["Blur","Slice","Malaise"],"picked":"SKIP","floor":25}],"player_experience":394382,"relics_obtained":[{"floor":9,"key":"Sundial"},{"floor":14,"key":"Darkstone Periapt"},{"floor":26,"key":"Strawberry"}],"event_choices":[{"damage_healed":0,"gold_gain":0,"player_choice":"Gave Potion","damage_taken":0,"relics_obtained":["Omamori"],"max_hp_gain":0,"max_hp_loss":0,"event_name":"WeMeetAgain","floor":5,"gold_loss":0},{"damage_healed":0,"gold_gain":0,"player_choice":"Read","damage_taken":0,"max_hp_gain":0,"max_hp_loss":0,"event_name":"The Library","floor":21,"gold_loss":0,"cards_obtained":["Adrenaline"]}],"is_beta":false,"boss_relics":[{"not_picked":["Runic Dome","Coffee Dripper"],"picked":"SacredBark"}],"items_purged_floors":[19],"is_endless":false,"potions_floor_spawned":[1,2,4,10,24],"killed_by":"Snake Plant","ascension_level":8}}