{"host":"i2dzm7mf0pic4rds","time":1610114316,"event":{"mods":["BaseMod","Minty Spire (QoL Compilation)","Permanent Neow","Quick Restart","StSLib"],"gold_per_floor":[116,82,100,113,113,113,129,129,129,140,240,258,2,20,20,122,122,139,156,176,91,107,107,45,45,69,83,27,38,38,52,52,157,157,172,182,3,3,53,79,79,91,144,144,156,188,188,204,204,204],"floor_reached":51,"playtime":3238,"items_purged":[],"score":778,"play_id":"53b08791-fc80-4609-9540-5f1f6e9cbf20","local_time":"20210108145836","daily_mods":["Heirloom"],"is_ascension_mode":false,"campfire_choices":[{"data":"Noxious Fumes","floor":6,"key":"SMITH"},{"data":"Neutralize","floor":8,"key":"SMITH"},{"data":"Catalyst","floor":15,"key":"SMITH"},{"data":"Burst","floor":23,"key":"SMITH"},{"data":"Discovery","floor":25,"key":"SMITH"},{"data":"Catalyst","floor":30,"key":"SMITH"},{"data":"Footwork","floor":32,"key":"SMITH"},{"data":"Catalyst","floor":44,"key":"SMITH"},{"data":"Catalyst","floor":47,"key":"SMITH"},{"data":"Burst","floor":49,"key":"SMITH"}],"circlet_count":0,"master_deck":["Strike_G","Strike_G","Strike_G","Defend_G","Defend_G","Defend_G+1","Defend_G","Defend_G","Survivor","Neutralize+1","Quick Slash","Noxious Fumes+1","Flying Knee","Deadly Poison+1","Bouncing Flask","Adrenaline","Blur","PiercingWail","Noxious Fumes","Discovery+1","Catalyst+1","Burst+1","Acrobatics+1","Footwork+1","Catalyst+1","Dodge and Roll","Bouncing Flask+1","Footwork+1","Catalyst+1","Noxious Fumes","Footwork+1","Deflect","Burst+1","Acrobatics+1","Dodge and Roll+1","Calculated Gamble","Catalyst+1","Panacea","Panacea","Catalyst+1","Backflip+1","Backflip","Backflip+1"],"relics":["Ring of the Snake","Prayer Wheel","The Courier","Anchor","Sozu","Shuriken","Toy Ornithopter","Empty Cage","War Paint","Calipers","Ginger","Potion Belt","HornCleat"],"acts_visited":["Exordium","TheCity","TheBeyond"],"potions_floor_usage":[16,33,50],"damage_taken":[{"damage":0,"enemies":"Cultist","floor":1,"turns":5},{"damage":1,"enemies":"Jaw Worm","floor":3,"turns":5},{"damage":6,"enemies":"2 Louse","floor":4,"turns":4},{"damage":25,"enemies":"Lots of Slimes","floor":7,"turns":5},{"damage":9,"enemies":"Large Slime","floor":10,"turns":6},{"damage":4,"enemies":"Exordium Thugs","floor":12,"turns":4},{"damage":0,"enemies":"Looter","floor":14,"turns":3},{"damage":17,"enemies":"Slime Boss","floor":16,"turns":5},{"damage":5,"enemies":"Spheric Guardian","floor":18,"turns":5},{"damage":0,"enemies":"3 Byrds","floor":19,"turns":3},{"damage":3,"enemies":"Snecko","floor":20,"turns":5},{"damage":2,"enemies":"Centurion and Healer","floor":22,"turns":5},{"damage":9,"enemies":"Snake Plant","floor":27,"turns":4},{"damage":11,"enemies":"3 Cultists","floor":29,"turns":5},{"damage":0,"enemies":"Snecko","floor":31,"turns":2},{"damage":7,"enemies":"Champ","floor":33,"turns":9},{"damage":7,"enemies":"Orb Walker","floor":35,"turns":4},{"damage":0,"enemies":"3 Darklings","floor":36,"turns":7},{"damage":0,"enemies":"Mind Bloom Boss Battle","floor":39,"turns":5},{"damage":2,"enemies":"Nemesis","floor":40,"turns":5},{"damage":5,"enemies":"Spire Growth","floor":42,"turns":4},{"damage":4,"enemies":"Jaw Worm Horde","floor":45,"turns":4},{"damage":0,"enemies":"Giant Head","floor":46,"turns":4},{"damage":0,"enemies":"Maw","floor":48,"turns":2},{"damage":25,"enemies":"Awakened One","floor":50,"turns":20}],"seed_played":"-7070816985457785588","potions_obtained":[{"floor":4,"key":"Regen Potion"},{"floor":7,"key":"LiquidMemories"},{"floor":14,"key":"Strength Potion"}],"is_trial":true,"path_per_floor":["M","$","M","M","?","R","M","R","T","M","?","M","$","M","R","B",null,"M","M","M","?","M","R","$","R","T","M","$","M","R","M","R","B",null,"M","M","$","?","?","E","$","M","T","R","M","E","R","M","R","B",null],"character_chosen":"THE_SILENT","items_purchased":["Noxious Fumes","Anchor","Noxious Fumes","Discovery","Footwork","Noxious Fumes","Catalyst","War Paint"],"campfire_rested":0,"item_purchase_floors":[2,13,13,13,24,28,37,37],"current_hp_per_floor":[70,70,69,63,68,68,43,43,43,34,34,30,30,30,30,13,75,70,70,67,67,65,65,65,65,65,56,56,45,45,45,45,43,75,68,68,68,58,58,56,56,51,51,51,47,47,47,47,47,42],"gold":204,"neow_bonus":"","is_daily":false,"chose_seed":false,"campfire_upgraded":10,"win_rate":0.0,"timestamp":1610114316,"path_taken":["M","?","M","?","?","R","M","R","T","M","?","M","$","M","R","BOSS","M","?","M","?","M","R","$","R","T","M","?","M","R","M","R","BOSS","M","M","$","?","?","E","?","M","T","R","?","E","R","M","R","BOSS"],"items_purchased_type":["Card","Relic","Card","Card","Card","Card","Card","Relic"],"build_version":"2020-12-22","purchased_purges":0,"victory":true,"max_hp_per_floor":[70,70,70,70,75,75,75,75,75,75,75,75,75,75,75,75,75,75,75,75,75,75,75,75,75,75,75,75,75,75,75,75,75,75,75,75,75,75,75,75,75,75,75,75,75,75,75,75,75,75],"card_choices":[{"not_picked":["Blade Dance","Outmaneuver"],"picked":"Quick Slash","floor":1},{"not_picked":["Blade Dance","Underhanded Strike","Choke"],"picked":"SKIP","floor":1},{"not_picked":["Poisoned Stab","Escape Plan"],"picked":"Flying Knee","floor":3},{"not_picked":["Leg Sweep","Underhanded Strike"],"picked":"Deadly Poison","floor":3},{"not_picked":["Distraction","Masterful Stab"],"picked":"Bouncing Flask","floor":4},{"not_picked":["Dagger Throw","Blur","Prepared"],"picked":"SKIP","floor":4},{"not_picked":["Leg Sweep","Escape Plan","Bane"],"picked":"SKIP","floor":7},{"not_picked":["Quick Slash","Crippling Poison","Prepared"],"picked":"SKIP","floor":7},{"not_picked":["Flying Knee","Reflex"],"picked":"Adrenaline","floor":10},{"not_picked":["Slice","Terror"],"picked":"Blur","floor":10},{"not_picked":["Dagger Spray","Dagger Throw"],"picked":"PiercingWail","floor":12},{"not_picked":["Flechettes","Bane","Phantasmal Killer"],"picked":"SKIP","floor":12},{"not_picked":["Crippling Poison","Deadly Poison"],"picked":"Catalyst","floor":14},{"not_picked":["Choke","Dodge and Roll","Bane"],"picked":"SKIP","floor":14},{"not_picked":["After Image","Malaise"],"picked":"Burst","floor":16},{"not_picked":["Flying Knee","Dagger Spray"],"picked":"Acrobatics+1","floor":18},{"not_picked":["Blade Dance","Outmaneuver","Calculated Gamble"],"picked":"SKIP","floor":18},{"not_picked":["Acrobatics","Reflex"],"picked":"Footwork+1","floor":19},{"not_picked":["Setup","PiercingWail","Deadly Poison"],"picked":"SKIP","floor":19},{"not_picked":["Distraction+1","Crippling Poison"],"picked":"Catalyst+1","floor":20},{"not_picked":["Quick Slash","Dagger Spray"],"picked":"Dodge and Roll","floor":20},{"not_picked":["Accuracy","Backstab+1"],"picked":"Bouncing Flask+1","floor":22},{"not_picked":["Sucker Punch","Setup","Acrobatics"],"picked":"SKIP","floor":22},{"not_picked":["Sucker Punch","Setup","Acrobatics"],"picked":"SKIP","floor":22},{"not_picked":["Caltrops","Slice"],"picked":"Catalyst","floor":27},{"not_picked":["Bullet Time","Concentrate","Quick Slash"],"picked":"SKIP","floor":27},{"not_picked":["Dagger Throw","Deadly Poison"],"picked":"Footwork+1","floor":29},{"not_picked":["Deflect","Riddle With Holes","Blade Dance"],"picked":"SKIP","floor":29},{"not_picked":["Acrobatics","Flechettes+1"],"picked":"Deflect","floor":31},{"not_picked":["Deadly Poison","Reflex","Cloak And Dagger"],"picked":"SKIP","floor":31},{"not_picked":["After Image","Adrenaline"],"picked":"Burst","floor":33},{"not_picked":["Reflex","Unload"],"picked":"Acrobatics+1","floor":35},{"not_picked":["Outmaneuver+1","Dodge and Roll+1","Deadly Poison"],"picked":"SKIP","floor":35},{"not_picked":["Outmaneuver+1","Deadly Poison"],"picked":"Dodge and Roll+1","floor":35},{"not_picked":["Flying Knee","Outmaneuver"],"picked":"Calculated Gamble","floor":36},{"not_picked":["Prepared+1","Dodge and Roll","Riddle With Holes"],"picked":"SKIP","floor":36},{"not_picked":["Secret Weapon","Blind"],"picked":"Panacea","floor":38},{"not_picked":["Secret Weapon","Mind Blast"],"picked":"Panacea","floor":38},{"not_picked":["Prepared","Slice+1"],"picked":"Catalyst","floor":40},{"not_picked":["Well Laid Plans","Choke+1"],"picked":"Backflip+1","floor":42},{"not_picked":["Accuracy+1","Poisoned Stab+1","Dodge and Roll"],"picked":"SKIP","floor":42},{"not_picked":["Infinite Blades","Caltrops","Backstab+1"],"picked":"SKIP","floor":45},{"not_picked":["Deadly Poison+1","Outmaneuver","Deflect"],"picked":"SKIP","floor":45},{"not_picked":["Acrobatics","Quick Slash"],"picked":"Backflip","floor":46},{"not_picked":["Deadly Poison+1","Blur"],"picked":"Backflip+1","floor":48},{"not_picked":["Caltrops","PiercingWail","Die Die Die"],"picked":"SKIP","floor":48}],"player_experience":131464,"relics_obtained":[{"floor":9,"key":"The Courier"},{"floor":26,"key":"Toy Ornithopter"},{"floor":39,"key":"Calipers"},{"floor":40,"key":"Ginger"},{"floor":43,"key":"Potion Belt"},{"floor":46,"key":"HornCleat"}],"event_choices":[{"damage_healed":0,"gold_gain":0,"player_choice":"Donut","damage_taken":0,"max_hp_gain":5,"max_hp_loss":0,"event_name":"Big Fish","floor":5,"gold_loss":0},{"damage_healed":0,"gold_gain":100,"player_choice":"Pray","damage_taken":0,"max_hp_gain":0,"max_hp_loss":0,"event_name":"Golden Shrine","floor":11,"gold_loss":0},{"damage_healed":0,"gold_gain":0,"player_choice":"Obtained Relic","damage_taken":0,"relics_obtained":["Shuriken"],"max_hp_gain":0,"max_hp_loss":0,"event_name":"Addict","floor":21,"gold_loss":85},{"damage_healed":0,"gold_gain":0,"player_choice":"Memory 3","damage_taken":10,"max_hp_gain":0,"max_hp_loss":0,"event_name":"SensoryStone","floor":38,"gold_loss":0},{"damage_healed":0,"gold_gain":0,"player_choice":"Fight","damage_taken":0,"max_hp_gain":0,"max_hp_loss":0,"event_name":"MindBloom","floor":39,"gold_loss":0}],"is_beta":false,"boss_relics":[{"not_picked":["HoveringKite","Tiny House"],"picked":"Sozu"},{"not_picked":["Calling Bell","Coffee Dripper"],"picked":"Empty Cage"}],"items_purged_floors":[],"is_endless":false,"potions_floor_spawned":[4,7,14,18,22,27,31,35,39,40],"ascension_level":0}}