{"host":"h1l2j95f0ioyx0nx","time":1610089150,"event":{"mods":["AchievementEnabler","Arknights The Spire","Ascension Reborn","BaseMod","BetterRewards","Gold Saver","GungeonMod","Hermit","Lobotomy","Minty Spire (QoL Compilation)","Permanent Neow","Quick Restart","Shop Mod","Spicy Shops","StSLib","The Bug Knight","The Cursed","The Dragon Tamer","The Hierophant","The Jungle","The Poker Player","The Runesmith"],"gold_per_floor":[1755,718,738,755,769,806,820,820,848,848,848,864,235,266,266,382,382,405,405,405,72,95,131,68,68,68,68,88,104,127,146,168,168,168,282,282,294,306,328,1527,1347,1347,1347,1363,1363,1399,613,613,613,626,626,626,626,626,130,161,161],"floor_reached":58,"playtime":4342,"items_purged":["Normality","Normality","Normality","Injury","Parasite","Injury"],"score":1321,"play_id":"7e948891-03a9-42ee-8c80-0fe33d84ff11","local_time":"20210108155910","is_ascension_mode":true,"campfire_choices":[{"floor":8,"key":"RECALL"},{"data":"BattleHymn","floor":11,"key":"SMITH"},{"data":"DeusExMachina","floor":15,"key":"SMITH"},{"data":"Omniscience","floor":25,"key":"SMITH"},{"data":"Establishment","floor":27,"key":"SMITH"},{"data":"Ragnarok","floor":33,"key":"SMITH"},{"data":"Alpha","floor":42,"key":"SMITH"},{"data":"Transmutation","floor":51,"key":"SMITH"},{"data":"Devotion","floor":54,"key":"SMITH"}],"circlet_count":0,"master_deck":["Strike_P+1","Strike_P+1","Strike_P+1","Defend_P+1","Defend_P+1","Defend_P+1","Defend_P+1","Eruption+1","Vigilance+1","Swivel","TalkToTheHand+1","Adaptation","Worship","BattleHymn+1","EmptyMind","FlurryOfBlows+1","Crescendo","InnerPeace","ForeignInfluence+1","DeusExMachina+1","Establishment+1","Ragnarok+1","Perseverance","ConjureBlade","InnerPeace+1","Pray+1","JustLucky+1","Alpha+1","ClearTheMind+1","DeusExMachina+1","FlurryOfBlows","Vengeance","Omniscience+1","FlyingSleeves","EmptyMind+1","Indignation+1","Collect+1","FlurryOfBlows+1","DemoMod:Elimentaler","Brilliance","FollowUp+1","SandsOfTime+1","DeusExMachina","FlurryOfBlows+1","Metamorphosis","Devotion+1","Indignation+1","Ragnarok+1","MentalFortress","Transmutation+1","Madness","Madness","Pray+1","Apotheosis+1","DeusExMachina+1"],"relics":["PureWater","DemoMod:PinkGuonStone","DemoMod:MonsterBlood","Lantern","TheAbacus","MerchantsRug","Bottled Lightning","DemoMod:Bottle","White Beast Statue","DemoMod:OrangeGuonStone","DemoMod:GundromedaStrain","Orrery","Toy Ornithopter","ClockworkSouvenir","DemoMod:Metronome","DemoMod:AgedBell","Cursed Key","theJungle:BirthdayCakeSlice","Runesmith:Nanobots","DollysMirror","Bag of Marbles","Membership Card","Strawberry","Question Card","Vajra","Sling","Pantograph","Regal Pillow","DemoMod:NanoMachines","DemoMod:RatBoots","DemoMod:ResourcefulSack","DemoMod:PartiallyEatenCheese","Empty Cage","Mango","DemoMod:MeatBun","War Paint","Pen Nib","Centennial Puzzle","DemoMod:ChaffGrenade","Oddly Smooth Stone","Strange Spoon","HollowMod:StagPassRelic","Medical Kit","DemoMod:ClearGuonStone","Boot","Gremlin Horn","Toolbox","Damaru","Bird Faced Urn","Kunai","OrangePellets","InkBottle","DemoMod:GlassGuonStoneRelic","Whetstone"],"acts_visited":["Exordium","Exordium","theJungle:Jungle","TheBeyond","TheEnding"],"potions_floor_usage":[6,18,22,35,52,55,57,57],"damage_taken":[{"damage":0,"enemies":"2 Louse","floor":1,"turns":2},{"damage":0,"enemies":"Cultist","floor":3,"turns":2},{"damage":0,"enemies":"Jaw Worm","floor":4,"turns":2},{"damage":0,"enemies":"3 Louse","floor":5,"turns":2},{"damage":23,"enemies":"Gremlin Nob","floor":6,"turns":3},{"damage":0,"enemies":"Exordium Wildlife","floor":7,"turns":2},{"damage":0,"enemies":"2 Fungi Beasts","floor":12,"turns":2},{"damage":0,"enemies":"HollowMod:MossKnight","floor":14,"turns":2},{"damage":17,"enemies":"Hexaghost","floor":16,"turns":4},{"damage":11,"enemies":"theJungle:Flameango_and_Byrd","floor":18,"turns":3},{"damage":0,"enemies":"theJungle:GiantWrat","floor":22,"turns":3},{"damage":0,"enemies":"theJungle:2_Phrogs","floor":23,"turns":3},{"damage":0,"enemies":"DemoMod:2_Veteran_bullet_kins_and_red_shotgun_kin","floor":28,"turns":1},{"damage":4,"enemies":"DemoMod:Red_and_blue_shotgun_kin","floor":29,"turns":2},{"damage":10,"enemies":"DemoMod:Veteran_shot_gun_kin_and_red_shotgun_kin_with_gunsinger","floor":30,"turns":1},{"damage":6,"enemies":"DemoMod:Veteran_shot_gun_kin_and_blue_shotgun_kin_with_gunsinger","floor":31,"turns":2},{"damage":6,"enemies":"DemoMod:2_Mousers","floor":32,"turns":3},{"damage":15,"enemies":"DemoMod:ResourcefulRat","floor":35,"turns":6},{"damage":3,"enemies":"3 Shapes","floor":37,"turns":1},{"damage":0,"enemies":"Orb Walker","floor":38,"turns":2},{"damage":14,"enemies":"Writhing Mass","floor":39,"turns":4},{"damage":0,"enemies":"Jaw Worm Horde","floor":44,"turns":2},{"damage":0,"enemies":"HollowMod:StalkingDevout","floor":46,"turns":2},{"damage":0,"enemies":"4 Shapes","floor":50,"turns":2},{"damage":45,"enemies":"Time Eater","floor":52,"turns":5},{"damage":29,"enemies":"Shield and Spear","floor":56,"turns":3},{"damage":10,"enemies":"The Heart","floor":57,"turns":4}],"seed_played":"8430227615678305023","potions_obtained":[{"floor":0,"key":"LiquidMemories"},{"floor":0,"key":"SkillPotion"},{"floor":0,"key":"PowerPotion"},{"floor":3,"key":"DemoMod:LeadSkinPotion"},{"floor":4,"key":"PowerPotion"},{"floor":4,"key":"PowerPotion"},{"floor":6,"key":"CultistPotion"},{"floor":6,"key":"FearPotion"},{"floor":7,"key":"DistilledChaos"},{"floor":12,"key":"StancePotion"},{"floor":14,"key":"Dexterity Potion"},{"floor":14,"key":"DuplicationPotion"},{"floor":18,"key":"LiquidBronze"},{"floor":22,"key":"Fruit Juice"},{"floor":22,"key":"ColorlessPotion"},{"floor":28,"key":"Energy Potion"},{"floor":28,"key":"PowerPotion"},{"floor":29,"key":"DemoMod:LeadSkinPotion"},{"floor":29,"key":"DistilledChaos"},{"floor":35,"key":"PowerPotion"},{"floor":39,"key":"EntropicBrew"},{"floor":44,"key":"BottledMiracle"},{"floor":50,"key":"DistilledChaos"}],"is_trial":false,"path_per_floor":["M","$","M","M","M","E","M","R","T","?","R","M","$","E","R","B",null,"M","?","?","$","M","E","$","R","T","R","M","M","M","M","M","R","B","B",null,"M","M","M","?","$","R","?","M","T","E","$","?","?","M","R","B",null,"R","$","E","B",null],"character_chosen":"WATCHER","items_purchased":["DemoMod:GnawedKey","DemoMod:PinkGuonStone","DemoMod:MonsterBlood","Lantern","TheAbacus","TalkToTheHand","MerchantsRug","Adaptation","Bottled Lightning","DemoMod:OrangeGuonStone","DemoMod:GundromedaStrain","DeusExMachina","Establishment","Orrery","Toy Ornithopter","ClockworkSouvenir","Runesmith:Nanobots","DollysMirror","FlurryOfBlows","Membership Card","Strawberry","Question Card","Vengeance","Omniscience","Vajra","FlyingSleeves","Sling","Mango","DemoMod:MeatBun","War Paint","Pen Nib","Metamorphosis","Strange Spoon","HollowMod:StagPassRelic","Medical Kit","DemoMod:ClearGuonStone","Boot","Gremlin Horn","Ragnarok","MentalFortress","Transmutation","Toolbox","Damaru","Bird Faced Urn","Kunai","OrangePellets","Apotheosis","DeusExMachina","InkBottle"],"campfire_rested":0,"item_purchase_floors":[2,2,2,2,2,2,2,2,2,13,13,13,13,13,13,13,21,21,21,24,24,24,24,24,24,24,24,41,41,41,41,41,47,47,47,47,47,47,47,47,47,55,55,55,55,55,55,55,55],"current_hp_per_floor":[76,90,90,90,90,67,67,67,67,67,67,67,67,67,67,50,90,79,79,84,84,94,94,101,101,107,107,107,103,93,87,81,81,39,54,107,104,104,90,90,118,118,118,118,118,118,118,118,118,118,118,81,121,121,118,89,110],"gold":161,"neow_bonus":"THREE_SMALL_POTIONS","is_daily":false,"chose_seed":false,"campfire_upgraded":8,"win_rate":0.0,"timestamp":1610089150,"path_taken":["M","$","M","M","M","E","M","R","T","?","R","M","$","E","R","BOSS","M","?","?","$","M","E","?","R","T","R","M","M","M","M","M","R","BOSS","BOSS","M","M","M","?","$","R","?","M","T","E","$","?","?","M","R","BOSS","R","$","E","BOSS"],"items_purchased_type":["Relic","Relic","Relic","Card","Relic","Card","Relic","Card","Relic","Relic","Relic","Card","Card","Relic","Relic","Relic","Relic","Relic","Card","Relic","Relic","Relic","Card","Card","Relic","Card","Relic","Relic","Relic","Relic","Relic","Card","Relic","Relic","Relic","Relic","Relic","Relic","Card","Card","Card","Relic","Relic","Relic","Relic","Relic","Card","Card","Relic"],"build_version":"2020-12-22","purchased_purges":6,"victory":true,"max_hp_per_floor":[76,90,90,90,90,90,90,90,90,90,90,90,90,90,90,90,90,90,90,95,95,100,100,107,107,107,107,107,107,107,107,107,107,107,107,107,107,107,107,107,121,121,121,121,121,121,121,121,121,121,121,121,121,121,118,118,118],"card_choices":[{"not_picked":["PathToVictory","Wallop+1"],"picked":"Swivel","floor":1},{"not_picked":["Fasting2","Evaluate"],"picked":"Worship","floor":3},{"not_picked":["Protect","LikeWater+1"],"picked":"BattleHymn","floor":4},{"not_picked":["MentalFortress","Weave"],"picked":"EmptyMind","floor":5},{"not_picked":["PathToVictory+1","Prostrate"],"picked":"FlurryOfBlows","floor":6},{"not_picked":["FlyingSleeves","Fasting2"],"picked":"Crescendo","floor":6},{"not_picked":["Sanctity","ReachHeaven"],"picked":"InnerPeace","floor":7},{"not_picked":["Conclude","JustLucky+1"],"picked":"ForeignInfluence+1","floor":12},{"not_picked":["TalkToTheHand","Prostrate+1"],"picked":"Ragnarok","floor":13},{"not_picked":["SashWhip","WaveOfTheHand+1"],"picked":"Perseverance","floor":13},{"not_picked":["PathToVictory","ThirdEye"],"picked":"ConjureBlade","floor":13},{"not_picked":["Indignation","BowlingBash+1"],"picked":"InnerPeace+1","floor":13},{"not_picked":["SandsOfTime","Evaluate"],"picked":"Pray","floor":14},{"not_picked":["BowlingBash","FlyingSleeves+1"],"picked":"JustLucky+1","floor":14},{"not_picked":["Scrawl","Vault"],"picked":"Alpha","floor":16},{"not_picked":["FlyingSleeves","DeceiveReality+1"],"picked":"ClearTheMind+1","floor":18},{"not_picked":["Prostrate","Perseverance+1","Fasting2"],"picked":"SKIP","floor":22},{"not_picked":["JustLucky","Protect+1","Evaluate"],"picked":"SKIP","floor":23},{"not_picked":["Consecrate","JustLucky","BowlingBash+1"],"picked":"EmptyMind+1","floor":28},{"not_picked":["Sanctity","PathToVictory+1","ReachHeaven+1"],"picked":"Indignation+1","floor":29},{"not_picked":["Swivel+1","LikeWater+1","BowlingBash"],"picked":"Collect","floor":30},{"not_picked":["Consecrate","Prostrate+1","Swivel","ThirdEye+1"],"picked":"SKIP","floor":31},{"not_picked":["Scrawl","Prostrate+1","EmptyBody"],"picked":"FlurryOfBlows+1","floor":32},{"not_picked":[],"picked":"DemoMod:Elimentaler","floor":35},{"not_picked":["Omniscience","Vault","Alpha"],"picked":"Brilliance","floor":35},{"not_picked":["Crescendo+1","SashWhip","Prostrate+1"],"picked":"FollowUp+1","floor":36},{"not_picked":["FearNoEvil+1","FlyingSleeves","Vengeance+1"],"picked":"SandsOfTime+1","floor":37},{"not_picked":["ThirdEye+1","Pray+1","WheelKick+1"],"picked":"DeusExMachina","floor":38},{"not_picked":["Protect+1","SashWhip+1","Consecrate+1"],"picked":"FlurryOfBlows+1","floor":39},{"not_picked":["LikeWater+1","TalkToTheHand+1","CarveReality+1"],"picked":"Devotion","floor":44},{"not_picked":["PathToVictory+1","EmptyMind+1","CarveReality"],"picked":"Indignation+1","floor":46},{"not_picked":["JustLucky+1","Evaluate+1","CarveReality+1"],"picked":"Pray+1","floor":50},{"not_picked":["SignatureMove+1","ClearTheMind","SashWhip+1","Protect+1"],"picked":"SKIP","floor":56}],"player_experience":167058,"relics_obtained":[{"floor":6,"key":"DemoMod:Bottle"},{"floor":9,"key":"White Beast Statue"},{"floor":14,"key":"DemoMod:Metronome"},{"floor":16,"key":"DemoMod:AgedBell"},{"floor":23,"key":"Bag of Marbles"},{"floor":28,"key":"Pantograph"},{"floor":30,"key":"Regal Pillow"},{"floor":35,"key":"DemoMod:NanoMachines"},{"floor":36,"key":"DemoMod:RatBoots"},{"floor":36,"key":"DemoMod:ResourcefulSack"},{"floor":36,"key":"DemoMod:PartiallyEatenCheese"},{"floor":36,"key":"Velvet Choker"},{"floor":36,"key":"Empty Cage"},{"floor":45,"key":"Centennial Puzzle"},{"floor":45,"key":"DemoMod:ChaffGrenade"},{"floor":46,"key":"Oddly Smooth Stone"},{"floor":56,"key":"Whetstone"}],"event_choices":[{"damage_healed":0,"gold_gain":0,"player_choice":"Upgraded","damage_taken":0,"max_hp_gain":0,"max_hp_loss":0,"event_name":"Upgrade Shrine","floor":10,"gold_loss":0,"cards_upgraded":["FlurryOfBlows"]},{"damage_healed":0,"gold_gain":999,"player_choice":"Gold","damage_taken":0,"max_hp_gain":0,"max_hp_loss":0,"event_name":"MindBloom","floor":40,"gold_loss":0,"cards_obtained":["Normality","Normality"]},{"damage_healed":0,"gold_gain":0,"player_choice":"Ignored","damage_taken":0,"max_hp_gain":0,"max_hp_loss":0,"event_name":"Falling","floor":43,"gold_loss":0},{"damage_healed":0,"gold_gain":0,"player_choice":"Embrace Madness","damage_taken":15,"max_hp_gain":0,"max_hp_loss":0,"event_name":"Winding Halls","floor":48,"gold_loss":0,"cards_obtained":["Madness","Madness"]},{"damage_healed":0,"gold_gain":0,"player_choice":"Ignored","damage_taken":0,"max_hp_gain":0,"max_hp_loss":0,"event_name":"Tomb of Lord Red Mask","floor":49,"gold_loss":0}],"is_beta":false,"boss_relics":[{"not_picked":["SlaversCollar","Runic Pyramid"],"picked":"Cursed Key"},{"not_picked":[]}],"items_purged_floors":[41,41,47,47,55,55],"is_endless":false,"potions_floor_spawned":[1,4,6,12,14,16,18,22,23,28,29,30,31,32,35,37,38,39,44,46,50,56],"ascension_level":0}}