{"host":"50per11302020","time":1610086985,"event":{"mods":["AchievementEnabler","BaseMod","Colored Map","Minty Spire (QoL Compilation)","Relic Stats","StSLib"],"gold_per_floor":[109,125,300,250,76,108,120,135,135,135,165,16,16,31,31,132,132,146,146,71,86,100,100,126,136,207,233,251,251,262,279,279,383,383,394,410,24,44,0,0,30,30,30,30,57,84,111,157,169,181,181],"floor_reached":50,"playtime":4294,"items_purged":["Strike_B"],"score":843,"play_id":"96c28b41-394d-478d-aeb2-5a24a8b83ce1","local_time":"20210107222305","is_ascension_mode":true,"campfire_choices":[{"floor":10.0,"key":"REST"},{"data":"Defragment","floor":13.0,"key":"SMITH"},{"floor":15.0,"key":"REST"},{"floor":23.0,"key":"REST"},{"floor":29.0,"key":"REST"},{"data":"Chill","floor":32.0,"key":"SMITH"},{"floor":40.0,"key":"REST"},{"floor":42.0,"key":"REST"},{"floor":49.0,"key":"RECALL"}],"circlet_count":0,"master_deck":["Strike_B","Strike_B","Defend_B","Defend_B","Defend_B","Zap+1","Dualcast+1","Hologram","Auto Shields","Defragment+1","Cold Snap","Gash","Gash","Echo Form","Gash","Core Surge","Gash","Hyperbeam","Coolheaded+1","Chill+1","Coolheaded","BootSequence","Cold Snap","Reinforced Body+1","Stack","All For One","Gash","Stack+1","Defragment","Core Surge","Heatsinks+1","All For One","Tempest+1"],"relics":["Cracked Core","Omamori","Nunchaku","White Beast Statue","Calipers","Cursed Key","Blood Vial","Question Card","MealTicket","Fusion Hammer","Frozen Eye","Strawberry","Red Mask","War Paint","MawBank","Pen Nib"],"acts_visited":["Exordium","TheCity","TheBeyond"],"potions_floor_usage":[50,50,50],"damage_taken":[{"damage":1.0,"enemies":"Cultist","floor":1.0,"turns":3.0},{"damage":0.0,"enemies":"2 Louse","floor":2.0,"turns":1.0},{"damage":41.0,"enemies":"Gremlin Nob","floor":6.0,"turns":5.0},{"damage":2.0,"enemies":"Jaw Worm","floor":7.0,"turns":4.0},{"damage":12.0,"enemies":"Red Slaver","floor":8.0,"turns":4.0},{"damage":19.0,"enemies":"3 Sentries","floor":11.0,"turns":9.0},{"damage":3.0,"enemies":"Blue Slaver","floor":14.0,"turns":2.0},{"damage":27.0,"enemies":"Slime Boss","floor":16.0,"turns":7.0},{"damage":4.0,"enemies":"Spheric Guardian","floor":18.0,"turns":3.0},{"damage":1.0,"enemies":"2 Thieves","floor":21.0,"turns":3.0},{"damage":24.0,"enemies":"Snake Plant","floor":22.0,"turns":5.0},{"damage":16.0,"enemies":"Gremlin Leader","floor":24.0,"turns":6.0},{"damage":8.0,"enemies":"Cultist and Chosen","floor":25.0,"turns":5.0},{"damage":9.0,"enemies":"Book of Stabbing","floor":27.0,"turns":5.0},{"damage":0.0,"enemies":"Snecko","floor":28.0,"turns":3.0},{"damage":0.0,"enemies":"Sentry and Sphere","floor":30.0,"turns":5.0},{"damage":0.0,"enemies":"Cultist and Chosen","floor":31.0,"turns":6.0},{"damage":0.0,"enemies":"Champ","floor":33.0,"turns":16.0},{"damage":0.0,"enemies":"3 Darklings","floor":35.0,"turns":6.0},{"damage":0.0,"enemies":"3 Shapes","floor":36.0,"turns":6.0},{"damage":29.0,"enemies":"Transient","floor":38.0,"turns":5.0},{"damage":43.0,"enemies":"Nemesis","floor":41.0,"turns":7.0},{"damage":38.0,"enemies":"Reptomancer","floor":45.0,"turns":9.0},{"damage":6.0,"enemies":"Sphere and 2 Shapes","floor":46.0,"turns":5.0},{"damage":10.0,"enemies":"Jaw Worm Horde","floor":47.0,"turns":5.0},{"damage":41.0,"enemies":"Giant Head","floor":48.0,"turns":9.0},{"damage":27,"enemies":"Awakened One","floor":50,"turns":3}],"seed_played":"2678646440835121922","potions_obtained":[{"floor":6.0,"key":"Energy Potion"},{"floor":7.0,"key":"BlessingOfTheForge"},{"floor":11.0,"key":"Ancient Potion"},{"floor":14.0,"key":"PotionOfCapacity"},{"floor":16.0,"key":"BlessingOfTheForge"},{"floor":18.0,"key":"BlessingOfTheForge"},{"floor":21.0,"key":"FairyPotion"},{"floor":22.0,"key":"DuplicationPotion"},{"floor":24.0,"key":"DistilledChaos"},{"floor":25.0,"key":"Fire Potion"},{"floor":27.0,"key":"Block Potion"},{"floor":28.0,"key":"Ancient Potion"},{"floor":30.0,"key":"Ancient Potion"},{"floor":31.0,"key":"Dexterity Potion"},{"floor":33.0,"key":"SkillPotion"},{"floor":35.0,"key":"Regen Potion"},{"floor":36.0,"key":"CultistPotion"},{"floor":41.0,"key":"CultistPotion"},{"floor":48.0,"key":"Strength Potion"}],"is_trial":false,"path_per_floor":["M","M","?","?","$","E","M","M","T","R","E","$","R","M","R","B",null,"M","?","$","M","M","R","E","M","T","E","M","R","M","M","R","B",null,"M","M","$","M","?","R","E","R","T","?","E","M","M","E","R","B"],"character_chosen":"DEFECT","items_purchased":["CultistPotion","Defragment","Echo Form","Frozen Eye","Defragment","Strawberry"],"campfire_rested":6,"item_purchase_floors":[5,5,12,37,37,37],"current_hp_per_floor":[74,74,74,74,74,33,31,19,19,41,22,22,22,19,41,14,60,56,56,56,55,31,53,37,31,31,24,26,48,50,52,52,54,70,72,74,82,53,53,77,45,69,69,69,33,29,21,22,22,0,0],"gold":181,"neow_bonus":"RANDOM_COMMON_RELIC","is_daily":false,"chose_seed":false,"campfire_upgraded":2,"win_rate":0.0,"timestamp":1610086985,"path_taken":["M","M","?","?","$","E","?","M","T","R","E","?","R","M","R","BOSS","M","?","$","M","M","R","E","M","T","E","?","R","M","M","R","BOSS","M","M","$","M","?","R","E","R","T","?","E","?","M","E","R","BOSS"],"items_purchased_type":["Potion","Card","Card","Relic","Card","Relic"],"build_version":"2020-12-18","purchased_purges":1,"victory":false,"max_hp_per_floor":[75,75,75,75,75,75,75,75,75,75,75,75,75,75,75,75,75,75,75,75,75,75,75,75,75,75,75,75,75,75,75,75,75,75,75,75,82,82,82,82,82,82,82,82,82,82,82,82,82,82,82],"relic_stats":{"Blood Vial":28,"Nunchaku":[32],"counters":[27,147],"MealTicket":1,"Pen Nib":[1],"War Paint":["Dualcast","Zap"],"Cursed Key":2,"Question Card":13,"MawBank":60,"obtain_stats":[{"Calipers":11,"Pen Nib":48,"Omamori":0,"War Paint":41,"Cursed Key":17,"Question Card":26,"MawBank":45,"White Beast Statue":9,"Blood Vial":24,"Frozen Eye":37,"Nunchaku":6,"Strawberry":37,"MealTicket":27,"Fusion Hammer":34,"Red Mask":39,"Cracked Core":0},{"Calipers":6,"Pen Nib":26,"Omamori":0,"War Paint":22,"Cursed Key":8,"Question Card":13,"MawBank":23,"White Beast Statue":5,"Blood Vial":12,"Frozen Eye":20,"Nunchaku":3,"Strawberry":20,"MealTicket":14,"Fusion Hammer":18,"Red Mask":21,"Cracked Core":0},{"Calipers":26,"Pen Nib":144,"Omamori":0,"War Paint":116,"Cursed Key":35,"Question Card":57,"MawBank":125,"White Beast Statue":17,"Blood Vial":52,"Frozen Eye":104,"Nunchaku":9,"Strawberry":104,"MealTicket":62,"Fusion Hammer":92,"Red Mask":109,"Cracked Core":0}]},"card_choices":[{"not_picked":["Stack","Scrape"],"picked":"Hologram","floor":1.0},{"not_picked":["Reinforced Body","Turbo"],"picked":"Auto Shields","floor":2.0},{"not_picked":["Beam Cell","Rip and Tear","Redo"],"picked":"SKIP","floor":6.0},{"not_picked":["Static Discharge","Streamline"],"picked":"Cold Snap","floor":7.0},{"not_picked":["Sweeping Beam","Redo"],"picked":"Gash","floor":8.0},{"not_picked":["FTL","Sunder"],"picked":"Gash","floor":11.0},{"not_picked":["Turbo","Stack"],"picked":"Gash","floor":14.0},{"not_picked":["Amplify","Hyperbeam"],"picked":"Core Surge","floor":16.0},{"not_picked":["Recycle","Skim"],"picked":"Gash","floor":18.0},{"not_picked":["Hologram","Melter","Beam Cell"],"picked":"SKIP","floor":21.0},{"not_picked":["Barrage","Darkness"],"picked":"Coolheaded+1","floor":22.0},{"not_picked":["Steam","Cold Snap+1"],"picked":"Chill","floor":24.0},{"not_picked":["Reprogram","Recycle"],"picked":"Coolheaded","floor":25.0},{"not_picked":["Barrage","Undo","Compile Driver"],"picked":"BootSequence","floor":27.0},{"not_picked":["Skim","Darkness+1","Hello World"],"picked":"Cold Snap","floor":28.0},{"not_picked":["Barrage","Cold Snap","Rebound"],"picked":"Reinforced Body+1","floor":30.0},{"not_picked":["Ball Lightning","Hyperbeam","Steam"],"picked":"Stack","floor":31.0},{"not_picked":["Meteor Strike","Hyperbeam","Echo Form"],"picked":"All For One","floor":33.0},{"not_picked":["Ball Lightning","Lockon","Leap"],"picked":"Gash","floor":35.0},{"not_picked":["Fusion+1","Go for the Eyes+1","Ball Lightning"],"picked":"Stack+1","floor":36.0},{"not_picked":["Barrage+1","Steam Power+1","Heatsinks"],"picked":"Core Surge","floor":38.0},{"not_picked":["Steam","Go for the Eyes","Hello World","Streamline"],"picked":"SKIP","floor":41.0},{"not_picked":["Streamline+1","Compile Driver+1","Beam Cell+1","Melter"],"picked":"SKIP","floor":45.0},{"not_picked":["Rebound+1","Turbo","Chill+1"],"picked":"Heatsinks+1","floor":46.0},{"not_picked":["Sunder+1","Ball Lightning","Coolheaded"],"picked":"All For One","floor":47.0},{"not_picked":["Rainbow","Leap","Fission"],"picked":"Tempest+1","floor":48.0}],"player_experience":112582,"relics_obtained":[{"floor":6.0,"key":"Nunchaku"},{"floor":9.0,"key":"White Beast Statue"},{"floor":11.0,"key":"Calipers"},{"floor":24.0,"key":"Blood Vial"},{"floor":26.0,"key":"Question Card"},{"floor":27.0,"key":"MealTicket"},{"floor":41.0,"key":"War Paint"},{"floor":45.0,"key":"MawBank"},{"floor":48.0,"key":"Pen Nib"}],"event_choices":[{"damage_healed":0.0,"max_hp_gain":0.0,"max_hp_loss":0.0,"gold_gain":175.0,"event_name":"Liars Game","player_choice":"AGREE","floor":3.0,"gold_loss":0.0,"damage_taken":0.0,"cards_obtained":["Doubt"]},{"cards_removed":["Defend_B"],"damage_healed":0.0,"max_hp_gain":0.0,"max_hp_loss":0.0,"gold_gain":0.0,"event_name":"The Cleric","player_choice":"Card Removal","floor":4.0,"gold_loss":50.0,"damage_taken":0.0},{"damage_healed":0.0,"max_hp_gain":0.0,"max_hp_loss":0.0,"gold_gain":0.0,"cards_transformed":["Strike_B"],"event_name":"Transmorgrifier","player_choice":"Transformed","floor":19.0,"gold_loss":0.0,"damage_taken":0.0,"cards_obtained":["Hyperbeam"]},{"damage_healed":0.0,"max_hp_gain":0.0,"max_hp_loss":0.0,"gold_gain":0.0,"event_name":"Tomb of Lord Red Mask","player_choice":"Paid","floor":39.0,"gold_loss":44.0,"damage_taken":0.0,"relics_obtained":["Red Mask"]},{"cards_removed":["Regret"],"damage_healed":0.0,"max_hp_gain":0.0,"max_hp_loss":0.0,"gold_gain":0.0,"event_name":"Purifier","player_choice":"Purged","floor":44.0,"gold_loss":0.0,"damage_taken":0.0}],"is_beta":true,"boss_relics":[{"not_picked":["Tiny House","Black Star"],"picked":"Cursed Key"},{"not_picked":["Snecko Eye","Velvet Choker"],"picked":"Fusion Hammer"}],"items_purged_floors":[20],"is_endless":false,"potions_floor_spawned":[6,7,11,14,16,18,21,22,24,25,27,28,30,31,33,35,36,38,41,45,46,47,48],"killed_by":"Awakened One","ascension_level":5}}