{"host":"q9718omregw4er46","time":1610124000,"event":{"mods":["BaseMod","Bestiary","Colored Powertips","Minty Spire (QoL Compilation)","Quick Restart","Relic Stats"],"gold_per_floor":[363,363,31,41,61,61,92,92,143,154,189,22,34,48,48,48,48],"floor_reached":16,"playtime":421,"items_purged":[],"score":224,"play_id":"aa74b692-9cb5-41a1-a7fb-5f8b7a1e34e7","local_time":"20210108214000","is_ascension_mode":true,"campfire_choices":[{"data":"Doom and Gloom","floor":6.0,"key":"SMITH"},{"floor":8.0,"key":"REST"},{"floor":15.0,"key":"REST"}],"circlet_count":0,"master_deck":["AscendersBane","Strike_B","Strike_B","Strike_B","Strike_B","Defend_B","Defend_B","Defend_B","Defend_B","Zap","Dualcast","Cold Snap","Doom and Gloom+1","Barrage","Ball Lightning","Static Discharge","Coolheaded","Consume"],"relics":["Cracked Core","Runic Capacitor","Bronze Scales","Pen Nib","Bag of Preparation","Membership Card"],"acts_visited":[],"potions_floor_usage":[16],"damage_taken":[{"damage":8.0,"enemies":"2 Louse","floor":1.0,"turns":3.0},{"damage":0.0,"enemies":"Cultist","floor":4.0,"turns":3.0},{"damage":0.0,"enemies":"Jaw Worm","floor":5.0,"turns":4.0},{"damage":35.0,"enemies":"Gremlin Nob","floor":7.0,"turns":4.0},{"damage":4.0,"enemies":"Looter","floor":10.0,"turns":2.0},{"damage":10.0,"enemies":"Lagavulin","floor":11.0,"turns":5.0},{"damage":14.0,"enemies":"Exordium Thugs","floor":13.0,"turns":3.0},{"damage":6.0,"enemies":"Exordium Wildlife","floor":14.0,"turns":4.0},{"damage":30,"enemies":"Slime Boss","floor":16,"turns":3}],"seed_played":"-7087002345172483457","potions_obtained":[{"floor":1.0,"key":"PotionOfCapacity"},{"floor":5.0,"key":"PowerPotion"},{"floor":10.0,"key":"FearPotion"},{"floor":14.0,"key":"Swift Potion"}],"is_trial":false,"path_per_floor":["M","?","$","M","M","R","E","R","T","M","E","$","M","M","R","B"],"character_chosen":"DEFECT","items_purchased":["Runic Capacitor","Bronze Scales","Membership Card"],"campfire_rested":2,"item_purchase_floors":[3,3,12],"current_hp_per_floor":[56,56,56,56,56,56,21,42,42,38,28,28,14,8,29,0,0],"gold":48,"neow_bonus":"TWO_FIFTY_GOLD","is_daily":false,"chose_seed":false,"campfire_upgraded":1,"win_rate":0.0,"timestamp":1610124000,"path_taken":["M","?","$","M","M","R","E","R","T","M","E","?","M","M","R","BOSS"],"items_purchased_type":["Relic","Relic","Relic"],"build_version":"2020-12-22","purchased_purges":0,"victory":false,"max_hp_per_floor":[71,71,71,71,71,71,71,71,71,71,71,71,71,71,71,71,71],"relic_stats":{"counters":[9,31],"Bronze Scales":[34],"Pen Nib":[2],"Bag of Preparation":[6],"obtain_stats":[{"Bronze Scales":3,"Pen Nib":7,"Runic Capacitor":3,"Bag of Preparation":11,"Membership Card":12,"Cracked Core":0},{"Bronze Scales":1,"Pen Nib":4,"Runic Capacitor":1,"Bag of Preparation":6,"Membership Card":6,"Cracked Core":0},{"Bronze Scales":3,"Pen Nib":14,"Runic Capacitor":3,"Bag of Preparation":21,"Membership Card":21,"Cracked Core":0}]},"card_choices":[{"not_picked":["Heatsinks","Fusion"],"picked":"Cold Snap","floor":1.0},{"not_picked":["Barrage","Gash"],"picked":"Doom and Gloom","floor":4.0},{"not_picked":["Recycle","Leap"],"picked":"Barrage","floor":5.0},{"not_picked":["Hyperbeam","Turbo"],"picked":"Ball Lightning","floor":7.0},{"not_picked":["Stack","Aggregate"],"picked":"Static Discharge","floor":10.0},{"not_picked":["Blizzard","Sweeping Beam"],"picked":"Coolheaded","floor":11.0},{"not_picked":["Chaos","Cold Snap"],"picked":"Consume","floor":13.0},{"not_picked":["Go for the Eyes","Reprogram","Streamline"],"picked":"SKIP","floor":14.0}],"player_experience":1189892,"relics_obtained":[{"floor":7.0,"key":"Pen Nib"},{"floor":11.0,"key":"Bag of Preparation"}],"event_choices":[{"cards_removed":["Decay"],"damage_healed":0.0,"max_hp_gain":0.0,"max_hp_loss":0.0,"gold_gain":0.0,"event_name":"Purifier","player_choice":"Purged","floor":2.0,"gold_loss":0.0,"damage_taken":0.0}],"is_beta":false,"boss_relics":[],"items_purged_floors":[],"is_endless":false,"potions_floor_spawned":[1,5,10,14],"killed_by":"Slime Boss","ascension_level":20}}