{"host":"3jpwrwmmgyabjceh","time":1610145707,"event":{"mods":["AchievementEnabler","BaseMod","Colored Map","Colored Powertips","Highlight Path","Minty Spire (QoL Compilation)","Quick Restart","Relic Stats","StSLib","SuperFastMode"],"gold_per_floor":[113,113,63,80,97,97,131,131,131,147,158,14,47,58,58,154,154,164,176,65,65,35,61,61,89,137,6,19,32,51,83,83,180,180,191,141,141,157,167,199,199,224,224,224,89,105,5,5,5,5],"floor_reached":51,"playtime":2109,"items_purged":["Pain","Clash+1","Strike_R"],"score":1090,"play_id":"a98f81d2-8707-4b7d-ada3-ed62484be5c0","local_time":"20210109014147","is_ascension_mode":true,"campfire_choices":[{"data":"Bash","floor":6,"key":"SMITH"},{"floor":15,"key":"REST"},{"data":"Barricade","floor":24,"key":"SMITH"},{"data":"Disarm","floor":32,"key":"SMITH"},{"floor":41,"key":"REST"},{"data":"Whirlwind","floor":44,"key":"SMITH"},{"data":"Body Slam","floor":49,"key":"SMITH"}],"circlet_count":0,"master_deck":["Defend_R","Defend_R","Defend_R","Bash+1","Body Slam+1","Thunderclap","Heavy Blade","Pommel Strike","Disarm+1","Feed","Whirlwind+1","Barricade+1","Impervious+1","Armaments+1","True Grit+1","Demon Form","Clothesline+1","Ghostly Armor","Havoc","Spot Weakness+1","Feed","Havoc+1","Pommel Strike+1","Disarm+1","Body Slam+1"],"relics":["Mark of Pain","Self Forming Clay","Lizard Tail","WarpedTongs","Happy Flower","Membership Card","PreservedInsect","Astrolabe","Blood Vial","Darkstone Periapt","Ornamental Fan","Bag of Preparation","Frozen Egg 2","Bag of Marbles","SlaversCollar","Peace Pipe","Anchor","Lee\u0027s Waffle","Frozen Eye"],"acts_visited":["Exordium","TheCity","TheBeyond"],"potions_floor_usage":[7,14,16,16,16,23,28,31,39,50],"damage_taken":[{"damage":2,"enemies":"Jaw Worm","floor":1,"turns":3},{"damage":0,"enemies":"2 Louse","floor":4,"turns":3},{"damage":1,"enemies":"Cultist","floor":5,"turns":3},{"damage":22,"enemies":"3 Sentries","floor":7,"turns":9},{"damage":11,"enemies":"Lots of Slimes","floor":10,"turns":3},{"damage":9,"enemies":"Exordium Thugs","floor":11,"turns":4},{"damage":14,"enemies":"Lagavulin","floor":13,"turns":6},{"damage":3,"enemies":"Blue Slaver","floor":14,"turns":3},{"damage":20,"enemies":"The Guardian","floor":16,"turns":12},{"damage":3,"enemies":"2 Thieves","floor":18,"turns":4},{"damage":15,"enemies":"Shell Parasite","floor":19,"turns":6},{"damage":2,"enemies":"Book of Stabbing","floor":23,"turns":6},{"damage":12,"enemies":"Gremlin Leader","floor":25,"turns":5},{"damage":17,"enemies":"Centurion and Healer","floor":28,"turns":8},{"damage":0,"enemies":"Snake Plant","floor":29,"turns":5},{"damage":6,"enemies":"Cultist and Chosen","floor":30,"turns":7},{"damage":21,"enemies":"Book of Stabbing","floor":31,"turns":6},{"damage":0,"enemies":"Champ","floor":33,"turns":8},{"damage":17,"enemies":"Orb Walker","floor":35,"turns":4},{"damage":19,"enemies":"3 Darklings","floor":38,"turns":9},{"damage":27,"enemies":"Sphere and 2 Shapes","floor":39,"turns":10},{"damage":27,"enemies":"Reptomancer","floor":40,"turns":10},{"damage":0,"enemies":"Nemesis","floor":42,"turns":7},{"damage":20,"enemies":"Writhing Mass","floor":46,"turns":9},{"damage":30,"enemies":"Donu and Deca","floor":50,"turns":8}],"seed_played":"-4333238891738864871","potions_obtained":[{"floor":1,"key":"Fire Potion"},{"floor":5,"key":"EssenceOfSteel"},{"floor":11,"key":"EssenceOfSteel"},{"floor":13,"key":"EssenceOfSteel"},{"floor":14,"key":"FearPotion"},{"floor":19,"key":"SteroidPotion"},{"floor":22,"key":"FairyPotion"},{"floor":22,"key":"EssenceOfSteel"},{"floor":25,"key":"FearPotion"},{"floor":30,"key":"ColorlessPotion"},{"floor":33,"key":"BloodPotion"},{"floor":38,"key":"Regen Potion"},{"floor":46,"key":"ColorlessPotion"}],"is_trial":false,"path_per_floor":["M","?","?","M","M","R","E","?","T","M","M","$","E","M","R","B",null,"M","M","$","?","?","E","R","E","T","$","M","M","M","E","R","B",null,"M","$","?","M","M","E","R","E","T","R","$","M","$","?","R","B",null],"character_chosen":"IRONCLAD","items_purchased":["Membership Card","Blood Vial","Frozen Egg 2","Lee\u0027s Waffle","Frozen Eye","Body Slam"],"campfire_rested":2,"item_purchase_floors":[12,20,27,45,47,47],"current_hp_per_floor":[78,66,66,66,65,65,43,43,43,32,23,23,9,9,33,13,83,83,72,72,72,72,72,72,65,65,65,54,60,60,41,41,43,105,88,88,88,71,61,40,72,78,78,78,120,104,104,104,104,76],"gold":5,"neow_bonus":"BOSS_RELIC","is_daily":false,"chose_seed":false,"campfire_upgraded":5,"win_rate":0.0,"timestamp":1610145707,"path_taken":["M","?","?","M","M","R","E","?","T","?","?","$","E","M","R","BOSS","M","?","$","?","?","E","R","E","T","$","M","M","M","E","R","BOSS","M","$","?","?","M","E","R","E","T","R","$","M","$","?","R","BOSS"],"items_purchased_type":["Relic","Relic","Relic","Relic","Relic","Card"],"build_version":"2020-12-22","purchased_purges":3,"victory":true,"max_hp_per_floor":[80,80,80,80,80,80,80,80,80,80,80,80,80,83,83,83,83,86,90,90,90,90,90,90,93,93,93,97,101,105,105,105,105,105,105,105,105,105,105,109,109,113,113,113,120,124,124,124,124,124],"relic_stats":{"Darkstone Periapt":0,"Lee\u0027s Waffle":42,"Happy Flower":[46],"counters":[25,158],"Self Forming Clay":[204],"Astrolabe":["Impervious","Armaments","Clash"],"PreservedInsect":236,"Bag of Preparation":[24],"WarpedTongs":[131],"Blood Vial":24,"Peace Pipe":0,"Lizard Tail":0,"Ornamental Fan":[36],"obtain_stats":[{"Darkstone Periapt":23,"Lee\u0027s Waffle":45,"Happy Flower":9,"Self Forming Clay":2,"Astrolabe":17,"PreservedInsect":13,"Bag of Preparation":26,"Frozen Egg 2":27,"Burning Blood":0,"WarpedTongs":8,"Blood Vial":20,"Peace Pipe":40,"SlaversCollar":34,"Frozen Eye":47,"Lizard Tail":7,"Anchor":42,"Ornamental Fan":25,"Mark of Pain":0,"Bag of Marbles":31,"Membership Card":12},{"Darkstone Periapt":12,"Lee\u0027s Waffle":23,"Happy Flower":4,"Self Forming Clay":1,"Astrolabe":9,"PreservedInsect":7,"Bag of Preparation":13,"Frozen Egg 2":13,"Burning Blood":0,"WarpedTongs":4,"Blood Vial":11,"Peace Pipe":22,"SlaversCollar":18,"Frozen Eye":24,"Lizard Tail":4,"Anchor":23,"Ornamental Fan":13,"Mark of Pain":0,"Bag of Marbles":17,"Membership Card":6},{"Darkstone Periapt":62,"Lee\u0027s Waffle":141,"Happy Flower":18,"Self Forming Clay":3,"Astrolabe":46,"PreservedInsect":31,"Bag of Preparation":67,"Frozen Egg 2":67,"Burning Blood":0,"WarpedTongs":18,"Blood Vial":56,"Peace Pipe":134,"SlaversCollar":101,"Frozen Eye":150,"Lizard Tail":18,"Anchor":141,"Ornamental Fan":67,"Mark of Pain":0,"Bag of Marbles":93,"Membership Card":25}]},"card_choices":[{"not_picked":["Pummel","Rupture"],"picked":"Body Slam","floor":1},{"not_picked":["Clash","Wild Strike"],"picked":"Thunderclap","floor":4},{"not_picked":["Perfected Strike","Sentinel"],"picked":"Heavy Blade","floor":5},{"not_picked":["Flex","Seeing Red"],"picked":"Pommel Strike","floor":7},{"not_picked":["Sword Boomerang","Flex"],"picked":"Disarm","floor":10},{"not_picked":["Bloodletting","Wild Strike","Anger"],"picked":"SKIP","floor":11},{"not_picked":["Sword Boomerang","Heavy Blade"],"picked":"Feed","floor":13},{"not_picked":["Feel No Pain","Dropkick"],"picked":"Whirlwind","floor":14},{"not_picked":["Berserk","Fiend Fire"],"picked":"Barricade","floor":16},{"not_picked":["Headbutt","Anger"],"picked":"True Grit+1","floor":18},{"not_picked":["Rage","Flex+1","Twin Strike+1"],"picked":"SKIP","floor":19},{"not_picked":["Blood for Blood","Pommel Strike"],"picked":"Clothesline+1","floor":23},{"not_picked":["Clothesline+1","Pummel"],"picked":"Ghostly Armor","floor":25},{"not_picked":["Second Wind","Power Through"],"picked":"Havoc","floor":28},{"not_picked":["Pommel Strike","Anger","Second Wind"],"picked":"SKIP","floor":29},{"not_picked":["Clash+1","Flex+1","Iron Wave"],"picked":"SKIP","floor":30},{"not_picked":["Perfected Strike","Headbutt"],"picked":"Spot Weakness+1","floor":31},{"not_picked":["Immolate","Limit Break"],"picked":"Feed","floor":33},{"not_picked":["True Grit","Second Wind"],"picked":"Havoc+1","floor":35},{"not_picked":["Iron Wave+1","Headbutt"],"picked":"Pommel Strike+1","floor":38},{"not_picked":["Warcry","Anger","Sever Soul+1"],"picked":"SKIP","floor":39},{"not_picked":["Inflame+1","Combust+1","Fiend Fire"],"picked":"SKIP","floor":40},{"not_picked":["Ghostly Armor+1","Flex+1"],"picked":"Disarm+1","floor":42},{"not_picked":["Headbutt+1","Clash+1","Dark Embrace+1"],"picked":"SKIP","floor":46},{"not_picked":["Headbutt+1","Clash+1","Dark Embrace+1"],"picked":"SKIP","floor":46},{"not_picked":["Headbutt+1","Clash+1","Dark Embrace+1"],"picked":"SKIP","floor":46}],"player_experience":236612,"relics_obtained":[{"floor":7,"key":"Lizard Tail"},{"floor":9,"key":"Happy Flower"},{"floor":13,"key":"PreservedInsect"},{"floor":23,"key":"Darkstone Periapt"},{"floor":25,"key":"Ornamental Fan"},{"floor":26,"key":"Bag of Preparation"},{"floor":31,"key":"Bag of Marbles"},{"floor":40,"key":"Peace Pipe"},{"floor":42,"key":"Anchor"}],"event_choices":[{"damage_healed":0,"gold_gain":0,"player_choice":"Success","damage_taken":12,"relics_obtained":["Self Forming Clay"],"max_hp_gain":0,"max_hp_loss":0,"event_name":"Scrap Ooze","floor":2,"gold_loss":0},{"cards_removed":["Strike_R"],"damage_healed":0,"gold_gain":0,"player_choice":"Card Removal","damage_taken":0,"max_hp_gain":0,"max_hp_loss":0,"event_name":"The Cleric","floor":3,"gold_loss":50},{"damage_healed":0,"gold_gain":0,"player_choice":"Rummage","damage_taken":0,"relics_obtained":["WarpedTongs"],"max_hp_gain":0,"max_hp_loss":0,"event_name":"Accursed Blacksmith","floor":8,"gold_loss":0,"cards_obtained":["Pain"]},{"damage_healed":0,"gold_gain":0,"player_choice":"Read","damage_taken":0,"max_hp_gain":0,"max_hp_loss":0,"event_name":"The Library","floor":21,"gold_loss":0,"cards_obtained":["Demon Form"]},{"damage_healed":0,"gold_gain":0,"player_choice":"Bought 2 Potions","damage_taken":0,"max_hp_gain":0,"max_hp_loss":0,"event_name":"The Woman in Blue","floor":22,"gold_loss":0},{"damage_healed":0,"gold_gain":0,"player_choice":"Upgraded","damage_taken":0,"max_hp_gain":0,"max_hp_loss":0,"event_name":"Upgrade Shrine","floor":37,"gold_loss":0,"cards_upgraded":["Body Slam"]},{"cards_removed":["Defend_R"],"damage_healed":0,"gold_gain":0,"player_choice":"Removed Skill","damage_taken":0,"max_hp_gain":0,"max_hp_loss":0,"event_name":"Falling","floor":48,"gold_loss":0}],"is_beta":false,"boss_relics":[{"not_picked":["Runic Cube","Fusion Hammer"],"picked":"Astrolabe"},{"not_picked":["Black Star","Philosopher\u0027s Stone"],"picked":"SlaversCollar"}],"items_purged_floors":[20,36,45],"is_endless":false,"potions_floor_spawned":[1,5,11,13,14,19,25,30,33,35,38,46],"ascension_level":4}}