{"host":"vhvm1b4sel61ztfv","time":1610117441,"event":{"mods":["BaseMod","BetterRewards","Displayed Cursed Tome","Minty Spire (QoL Compilation)","Replay The Spire","StSLib"],"gold_per_floor":[132,183,216,49,49,127,202,280,280,358,20,122,203,278,278,575,575,611,611,659,737,815,905,947,1028,1076,1166,801,879,342,423,423,732,882,915,945,945,745,802,889,982,982,1031,1091,1169,1093,1093,949,949,1264,1264,1294,1336,1384,1174,1204,1204,1204,1204,1204,1047,1047,1092,1146,1074,1074,1359,1359,1401,1440,1551,1488,1548,1560,1346,1346,1451,1217,1217,987,1038,1074,1074,1389,1389,1446,1488,1527,1384,1438,1519,0,87,87,87],"floor_reached":94,"playtime":5202,"items_purged":["Decay","ReplayTheSpireMod:Shiv Toss+1","Spreading Infection","Cloak And Dagger","Slice+1","Dodge and Roll+1","Blade Dance"],"score":4072,"play_id":"14b394cf-10d9-45bb-966a-18dfdc3e044a","local_time":"20210108095041","daily_mods":["Draft","Vintage","Heirloom","Time Dilation","Flight","DeadlyEvents","Elite Swarm","Lethality","Midas"],"is_ascension_mode":true,"campfire_choices":[{"floor":32,"key":"REST"},{"floor":42,"key":"REST"},{"floor":47,"key":"REST"},{"floor":49,"key":"REST"},{"floor":57,"key":"REST"},{"floor":58,"key":"REST"},{"floor":59,"key":"REST"},{"floor":62,"key":"REST"},{"floor":66,"key":"REST"},{"floor":74,"key":"REST"},{"floor":76,"key":"REST"},{"floor":79,"key":"REST"},{"floor":83,"key":"DIG"}],"circlet_count":0,"master_deck":["AscendersBane","Prepared+1","Underhanded Strike+1","Dagger Throw","Acrobatics+1","Underhanded Strike+1","Underhanded Strike","Backflip","Acrobatics+1","Deflect+1","Cloak And Dagger+1","Dash","Hidden Blade+1","After Image+1","Unload+1","Tools of the Trade","Finisher+1","Storm of Steel+1","After Image","Envenom+1","Accuracy+1","ReplayTheSpireMod:Speed Training","ReplayTheSpireMod:Scrap Shanks+1","ReplayTheSpireMod:Scrap Shanks+1","Sadistic Nature+1","Bullet Time","Skewer","Skewer"],"relics":["Ring of the Serpent","Vampiric Spirits","Pantograph","Replay:Ringing Soul","Mummified Hand","Snake Skull","Turnip","HornCleat","StrikeDummy","FossilizedHelix","Mercury Hourglass","Divine Protection","Replay:Wax Seal","ReplayTheSpireMod:Ninjato","Fusion Hammer","White Beast Statue","Incense Burner","Bottled Flame","Happy Flower","Bird Faced Urn","Replay:PocketPolymizer","Garlic","Basket Of Snakes","Shovel","Gremlin Food","War Paint","Membership Card","Bag of Marbles","Tiny House","Sundial","Meat on the Bone","Ring of Fury","Frozen Eye","Ornamental Fan","Onion Ring","Blue Doll","Whetstone","Orichalcum","Torii","Tiny Chest","Letter Opener","Snecko Scales","Bronze Scales","CaptainsWheel","Replay:Kaleidoscope","Snack Pack","Akabeko","Ice Cream","Byrd Skull","Chemical X","Bag of Preparation","MawBank","Potion Belt","Regal Pillow","Ancient Tea Set","ReplayFunnel","Anchor","Replay:Bottled Eggs","Centennial Puzzle","Boot","Art of War","Sozu","Smiling Mask","Vajra","Omamori","TwistedFunnel","Replay:Baseball","Red Mask"],"acts_visited":["Exordium","TheCity","TheBeyond","Exordium","TheCity","TheBeyond"],"potions_floor_usage":[10,16,16,16,18,21,33,50,50],"damage_taken":[{"damage":0,"enemies":"Jaw Worm","floor":1,"turns":1},{"damage":0,"enemies":"Small Slimes","floor":2,"turns":1},{"damage":0,"enemies":"Cultist","floor":3,"turns":1},{"damage":0,"enemies":"3 Sentries","floor":6,"turns":5},{"damage":17,"enemies":"Lagavulin","floor":7,"turns":4},{"damage":0,"enemies":"Gremlin Nob","floor":8,"turns":2},{"damage":9,"enemies":"3 Sentries","floor":10,"turns":4},{"damage":0,"enemies":"Lagavulin","floor":12,"turns":3},{"damage":0,"enemies":"3 Sentries","floor":13,"turns":2},{"damage":0,"enemies":"Lagavulin","floor":14,"turns":3},{"damage":22,"enemies":"Hexaghost","floor":16,"turns":3},{"damage":0,"enemies":"2 Thieves","floor":18,"turns":2},{"damage":0,"enemies":"Chosen","floor":20,"turns":1},{"damage":0,"enemies":"Gremlin Leader","floor":21,"turns":2},{"damage":0,"enemies":"Slavers","floor":22,"turns":2},{"damage":0,"enemies":"Book of Stabbing","floor":23,"turns":2},{"damage":0,"enemies":"Snecko","floor":24,"turns":2},{"damage":0,"enemies":"Replay:Snechameleon","floor":25,"turns":3},{"damage":0,"enemies":"Slavers","floor":27,"turns":1},{"damage":0,"enemies":"Book of Stabbing","floor":29,"turns":2},{"damage":0,"enemies":"Slavers","floor":31,"turns":1},{"damage":0,"enemies":"Automaton","floor":33,"turns":2},{"damage":0,"enemies":"Orb Walker","floor":35,"turns":1},{"damage":0,"enemies":"3 Shapes","floor":36,"turns":2},{"damage":0,"enemies":"Reptomancer","floor":40,"turns":1},{"damage":0,"enemies":"R_Hoarder","floor":41,"turns":3},{"damage":0,"enemies":"Sphere and 2 Shapes","floor":44,"turns":2},{"damage":0,"enemies":"Giant Head","floor":45,"turns":2},{"damage":0,"enemies":"Time Eater","floor":50,"turns":2},{"damage":0,"enemies":"Jaw Worm","floor":52,"turns":1},{"damage":0,"enemies":"2 Louse","floor":53,"turns":1},{"damage":0,"enemies":"Cultist","floor":54,"turns":1},{"damage":0,"enemies":"Lots of Slimes","floor":56,"turns":1},{"damage":0,"enemies":"Exordium Wildlife","floor":63,"turns":1},{"damage":0,"enemies":"Gremlin Gang","floor":64,"turns":1},{"damage":0,"enemies":"The Guardian","floor":67,"turns":1},{"damage":0,"enemies":"Chosen","floor":69,"turns":1},{"damage":0,"enemies":"3 Byrds","floor":70,"turns":2},{"damage":0,"enemies":"3 Cultists","floor":73,"turns":1},{"damage":0,"enemies":"Replay:Snechameleon","floor":77,"turns":1},{"damage":0,"enemies":"Cultist and Chosen","floor":81,"turns":1},{"damage":0,"enemies":"Snake Plant","floor":82,"turns":1},{"damage":0,"enemies":"Champ","floor":84,"turns":2},{"damage":0,"enemies":"3 Shapes","floor":86,"turns":1},{"damage":0,"enemies":"Orb Walker","floor":87,"turns":1},{"damage":0,"enemies":"Spire Growth","floor":88,"turns":1},{"damage":0,"enemies":"3 Darklings","floor":90,"turns":2},{"damage":0,"enemies":"R_Hoarder","floor":91,"turns":1},{"damage":0,"enemies":"Giant Head","floor":93,"turns":1},{"damage":138,"enemies":"Reptomancer","floor":94,"turns":2}],"seed_played":"-5838428011758692650","potions_obtained":[{"floor":1,"key":"Milkshake"},{"floor":8,"key":"LifebloodPotion"},{"floor":10,"key":"Venom Potion"},{"floor":15,"key":"Venom Potion"},{"floor":15,"key":"Reflective Coating"},{"floor":16,"key":"Fruit Juice"},{"floor":18,"key":"Strength Potion"},{"floor":20,"key":"Poison Potion"},{"floor":21,"key":"Energy Potion"},{"floor":22,"key":"AttackPotion"},{"floor":23,"key":"BlessingOfTheForge"},{"floor":27,"key":"Reflective Coating"},{"floor":33,"key":"Strength Potion"},{"floor":34,"key":"EntropicBrew"},{"floor":35,"key":"DistilledChaos"},{"floor":39,"key":"LiquidBronze"},{"floor":52,"key":"SteroidPotion"},{"floor":53,"key":"Fire Potion"},{"floor":73,"key":"Dexterity Potion"},{"floor":81,"key":"Elixir"}],"is_trial":true,"path_per_floor":["M","M","M","$","?","E","E","E","T","E","$","E","E","E","R","B",null,"M","?","M","E","E","E","M","E","T","E","$","E","$","E","R","B",null,"M","M","?","$","?","E","E","R","T","M","E","$","R","$","R","B",null,"M","M","M","$","M","R","R","R","T","$","R","M","M","$","R","B",null,"M","M","?","?","M","R","$","R","E","$","R","$","M","M","R","B",null,"M","M","M","$","M","E","?","E","E"],"character_chosen":"THE_SILENT","items_purchased":["ReplayTheSpireMod:Shiv Toss","Dash","Hidden Blade","Mercury Hourglass","Finisher","Basket Of Snakes","Gremlin Food","War Paint","Membership Card","Accuracy","Frozen Eye","Ornamental Fan","Tiny Chest","Letter Opener","ReplayTheSpireMod:Scrap Shanks","CaptainsWheel","Akabeko","Sadistic Nature","Chemical X","Regal Pillow","Ancient Tea Set","ReplayFunnel","Anchor","Replay:Bottled Eggs","TwistedFunnel","Skewer"],"campfire_rested":12,"item_purchase_floors":[4,4,4,11,11,28,30,30,30,30,38,38,46,48,48,55,61,61,65,75,75,78,78,80,89,89],"current_hp_per_floor":[70,70,70,73,73,76,62,72,72,73,76,88,88,88,88,66,83,93,96,96,99,102,102,102,102,102,102,102,102,105,105,105,105,110,110,110,113,113,71,116,116,116,116,116,116,116,116,119,119,119,119,119,119,119,119,119,119,119,119,119,122,122,122,122,122,122,125,125,125,125,125,125,125,125,125,125,125,125,125,125,125,125,125,125,125,125,125,125,128,128,128,128,128,0,0],"gold":87,"neow_bonus":"","is_daily":false,"chose_seed":false,"campfire_upgraded":0,"win_rate":0.0,"timestamp":1610117441,"path_taken":["M","M","M","$","?","E","E","E","T","E","$","E","E","E","R","BOSS","M","?","?","?","?","E","M","?","T","E","$","E","$","E","R","BOSS","M","M","?","$","?","E","E","R","T","M","E","$","R","$","R","BOSS","M","M","M","$","M","R","R","R","T","$","R","M","M","$","R","BOSS","M","M","?","?","M","R","$","R","E","$","R","$","M","M","R","BOSS","M","M","M","$","M","E","?","E","E"],"items_purchased_type":["Card","Card","Card","Relic","Card","Relic","Relic","Relic","Relic","Card","Relic","Relic","Relic","Relic","Card","Relic","Relic","Card","Relic","Relic","Relic","Relic","Relic","Relic","Relic","Card"],"build_version":"2020-12-22","purchased_purges":7,"victory":false,"max_hp_per_floor":[70,70,70,73,73,76,79,79,79,82,85,88,88,88,88,88,88,93,96,96,99,102,102,102,102,102,102,102,102,105,105,105,105,110,110,110,113,113,116,116,116,116,116,116,116,116,116,119,119,119,119,119,119,119,119,119,119,119,119,119,122,122,122,122,122,122,125,125,125,125,125,125,125,125,125,125,125,125,125,125,125,125,125,125,125,125,125,125,128,128,128,128,128,128,128],"card_choices":[{"not_picked":["Poisoned Stab","Deadly Poison"],"picked":"Prepared","floor":0},{"not_picked":["Footwork","Deadly Poison"],"picked":"Cloak And Dagger","floor":0},{"not_picked":["Backflip","Quick Slash"],"picked":"Underhanded Strike","floor":0},{"not_picked":["Backflip","Deflect"],"picked":"Blade Dance","floor":0},{"not_picked":["Outmaneuver","Toxin Wave"],"picked":"Slice","floor":0},{"not_picked":["Dagger Spray","Flying Knee"],"picked":"Dagger Throw","floor":0},{"not_picked":["Caltrops","Bane"],"picked":"Dodge and Roll","floor":0},{"not_picked":["Hidden Blade","ReplayTheSpireMod:Exploit Weakness"],"picked":"Acrobatics","floor":0},{"not_picked":["Slice","Acrobatics"],"picked":"Underhanded Strike","floor":0},{"not_picked":["Endless Agony","Deadly Poison"],"picked":"Underhanded Strike","floor":0},{"not_picked":["Outmaneuver","Dodge and Roll"],"picked":"Backflip","floor":0},{"not_picked":["Heel Hook","Quick Slash"],"picked":"Acrobatics","floor":0},{"not_picked":["PiercingWail","Setup"],"picked":"Deflect","floor":0},{"not_picked":["Bane","Poisoned Stab"],"picked":"Dodge and Roll","floor":0},{"not_picked":["Bane","Blur"],"picked":"Cloak And Dagger","floor":0},{"not_picked":["Wraith Form v2","Poison Darts"],"picked":"After Image","floor":6},{"not_picked":["Grand Finale","Malaise"],"picked":"Unload","floor":7},{"not_picked":["Wraith Form v2","Phantasmal Killer","Malaise"],"picked":"SKIP","floor":8},{"not_picked":["Adrenaline","Burst"],"picked":"Tools of the Trade","floor":10},{"not_picked":["Wraith Form v2","Die Die Die"],"picked":"Storm of Steel","floor":12},{"not_picked":["Corpse Explosion","Venomology","Phantasmal Killer"],"picked":"SKIP","floor":13},{"not_picked":["ReplayTheSpireMod:Necrosis","Die Die Die","Doppelganger"],"picked":"SKIP","floor":14},{"not_picked":["Venomology","Malaise"],"picked":"After Image","floor":21},{"not_picked":["Night Terror","Doppelganger"],"picked":"Envenom","floor":22},{"not_picked":["Malaise","Replay:Bag of Tricks","After Image"],"picked":"SKIP","floor":23},{"not_picked":["Grand Finale","Storm of Steel","Tools of the Trade"],"picked":"SKIP","floor":25},{"not_picked":["Atom Bomb","Malaise","Wraith Form v2"],"picked":"SKIP","floor":27},{"not_picked":["Die Die Die","Malaise","Replay:Bag of Tricks"],"picked":"SKIP","floor":29},{"not_picked":["Adrenaline","Poison Darts","After Image"],"picked":"SKIP","floor":31},{"not_picked":["Predator+1","Skewer"],"picked":"ReplayTheSpireMod:Speed Training","floor":39},{"not_picked":["Adrenaline","After Image","Glass Knife"],"picked":"SKIP","floor":40},{"not_picked":["Storm of Steel","ReplayTheSpireMod:Necrosis","Night Terror"],"picked":"SKIP","floor":41},{"not_picked":["Glass Knife","Corpse Explosion","Tools of the Trade"],"picked":"SKIP","floor":45},{"not_picked":["Poison Darts","ReplayTheSpireMod:Necrosis"],"picked":"Bullet Time","floor":67},{"not_picked":["Burst","Unload","Corpse Explosion"],"picked":"SKIP","floor":77},{"not_picked":["Die Die Die","Tools of the Trade","Atom Bomb"],"picked":"SKIP","floor":91},{"not_picked":["Night Terror","Storm of Steel","Corpse Explosion"],"picked":"SKIP","floor":93}],"player_experience":119048,"relics_obtained":[{"floor":1,"key":"Pantograph"},{"floor":2,"key":"Replay:Ringing Soul"},{"floor":3,"key":"Mummified Hand"},{"floor":6,"key":"Snake Skull"},{"floor":7,"key":"Turnip"},{"floor":8,"key":"HornCleat"},{"floor":9,"key":"StrikeDummy"},{"floor":10,"key":"FossilizedHelix"},{"floor":12,"key":"Divine Protection"},{"floor":13,"key":"Replay:Wax Seal"},{"floor":14,"key":"ReplayTheSpireMod:Ninjato"},{"floor":18,"key":"White Beast Statue"},{"floor":20,"key":"Incense Burner"},{"floor":21,"key":"Bottled Flame"},{"floor":23,"key":"Happy Flower"},{"floor":24,"key":"Bird Faced Urn"},{"floor":25,"key":"Replay:PocketPolymizer"},{"floor":27,"key":"Garlic"},{"floor":29,"key":"Shovel"},{"floor":31,"key":"Bag of Marbles"},{"floor":35,"key":"Sundial"},{"floor":36,"key":"Meat on the Bone"},{"floor":37,"key":"Ring of Fury"},{"floor":40,"key":"Onion Ring"},{"floor":41,"key":"Blue Doll"},{"floor":43,"key":"Whetstone"},{"floor":44,"key":"Orichalcum"},{"floor":45,"key":"Torii"},{"floor":54,"key":"Bronze Scales"},{"floor":56,"key":"Replay:Kaleidoscope"},{"floor":60,"key":"Snack Pack"},{"floor":63,"key":"Ice Cream"},{"floor":64,"key":"Byrd Skull"},{"floor":69,"key":"Bag of Preparation"},{"floor":70,"key":"MawBank"},{"floor":73,"key":"Potion Belt"},{"floor":81,"key":"Centennial Puzzle"},{"floor":82,"key":"Boot"},{"floor":83,"key":"Art of War"},{"floor":86,"key":"Smiling Mask"},{"floor":87,"key":"Vajra"},{"floor":88,"key":"Omamori"},{"floor":90,"key":"Replay:Baseball"}],"event_choices":[{"damage_healed":0,"gold_gain":0,"player_choice":"Grow","damage_taken":0,"max_hp_gain":0,"max_hp_loss":0,"event_name":"Living Wall","floor":5,"gold_loss":0,"cards_upgraded":["ReplayTheSpireMod:Shiv Toss"]},{"damage_healed":0,"gold_gain":0,"player_choice":"Smashed Altar","damage_taken":0,"max_hp_gain":0,"max_hp_loss":0,"event_name":"Forgotten Altar","floor":19,"gold_loss":0,"cards_obtained":["Decay"]},{"damage_healed":0,"gold_gain":99,"player_choice":"Stole From Cult","damage_taken":0,"max_hp_gain":0,"max_hp_loss":0,"event_name":"Nest","floor":71,"gold_loss":0},{"cards_removed":["Dodge and Roll"],"damage_healed":0,"gold_gain":0,"player_choice":"Gave Gold","damage_taken":0,"max_hp_gain":0,"max_hp_loss":0,"event_name":"Beggar","floor":72,"gold_loss":75},{"damage_healed":0,"gold_gain":0,"player_choice":"Paid","damage_taken":0,"relics_obtained":["Red Mask"],"max_hp_gain":0,"max_hp_loss":0,"event_name":"Tomb of Lord Red Mask","floor":92,"gold_loss":1519}],"is_beta":false,"boss_relics":[{"not_picked":["Painkiller Herb","Replay:Grab Bag"],"picked":"Fusion Hammer"},{"not_picked":["Cursed Key","Kintsugi"],"picked":"Tiny House"},{"not_picked":["Replay:Drink Me","Honey Jar"],"picked":"Snecko Scales"},{"not_picked":["Replay:Bronze Core","Black Star"],"picked":"Ring of the Serpent"},{"not_picked":["Runic Pyramid","Coffee Dripper"],"picked":"Sozu"}],"items_purged_floors":[28,30,55,75,78,80,89],"is_endless":true,"potions_floor_spawned":[1,8,10,16,18,20,21,22,23,24,25,27,29,31,33,35,36,40,41,44,45,50,52,53,54,56,63,64,67,69,70,73,77,81,82,84,86,87,88,90,91,93],"killed_by":"Reptomancer","ascension_level":10}}