{"host":"Fun","time":1610145213,"event":{"mods":["BaseMod","Colored Map","Minty Spire (QoL Compilation)","Relic Stats","StSLib"],"gold_per_floor":[17,31,31,31,48,48,79,79,103,33,66,66,87,87,87,191,191,208,208,208,208,208,208,242,242,242,272,290,290,309,338,338,441,441,461,461,461,461,478,509,521,521,521,550,14,43,62,62,62,62],"floor_reached":51,"playtime":2178,"items_purged":[],"score":1312,"play_id":"3d012c52-6d67-414f-925e-37ae742dea57","local_time":"20210108173333","is_ascension_mode":true,"campfire_choices":[{"data":"CarveReality","floor":6,"key":"SMITH"},{"data":"Sanctity","floor":8,"key":"SMITH"},{"data":"TalkToTheHand","floor":12,"key":"SMITH"},{"data":"WheelKick","floor":15,"key":"SMITH"},{"data":"Vault","floor":23,"key":"SMITH"},{"data":"Strike_P","floor":25,"key":"PURGE"},{"floor":32,"key":"REST"},{"data":"CarveReality","floor":42,"key":"SMITH"},{"data":"Establishment","floor":49,"key":"SMITH"}],"circlet_count":0,"master_deck":["Defend_P+1","Defend_P","Defend_P+1","Eruption+1","Vigilance","TalkToTheHand+1","FearNoEvil","EmptyFist","CarveReality+1","Sanctity+1","WheelKick+1","Prostrate+1","Halt","Vault+1","CutThroughFate","CutThroughFate","DeceiveReality+1","Prostrate","Evaluate+1","Establishment+1","ClearTheMind+1","Finesse+1","Finesse+1","CarveReality+1","Prostrate+1","BattleHymn","Master of Strategy+1"],"relics":["HolyWater","WarpedTongs","Boot","Juzu Bracelet","Nunchaku","Odd Mushroom","Peace Pipe","Cursed Key","Damaru","Ice Cream","Bird Faced Urn","Toxic Egg 2","Art of War","Regal Pillow","Bag of Marbles","War Paint","Bronze Scales"],"acts_visited":["Exordium","TheCity","TheBeyond"],"potions_floor_usage":[24,31,50],"damage_taken":[{"damage":0,"enemies":"Cultist","floor":1,"turns":4},{"damage":0,"enemies":"Jaw Worm","floor":2,"turns":3},{"damage":0,"enemies":"Small Slimes","floor":5,"turns":3},{"damage":14,"enemies":"Gremlin Nob","floor":7,"turns":3},{"damage":3,"enemies":"Lagavulin","floor":11,"turns":5},{"damage":1,"enemies":"The Mushroom Lair","floor":13,"turns":3},{"damage":5,"enemies":"The Guardian","floor":16,"turns":11},{"damage":0,"enemies":"Shell Parasite","floor":18,"turns":4},{"damage":13,"enemies":"Slavers","floor":24,"turns":5},{"damage":0,"enemies":"Book of Stabbing","floor":27,"turns":4},{"damage":0,"enemies":"Spheric Guardian","floor":28,"turns":2},{"damage":0,"enemies":"Chosen and Byrds","floor":30,"turns":4},{"damage":31,"enemies":"Gremlin Leader","floor":31,"turns":6},{"damage":12,"enemies":"Collector","floor":33,"turns":11},{"damage":0,"enemies":"3 Shapes","floor":35,"turns":4},{"damage":0,"enemies":"Orb Walker","floor":39,"turns":4},{"damage":0,"enemies":"Giant Head","floor":40,"turns":6},{"damage":0,"enemies":"Transient","floor":41,"turns":6},{"damage":0,"enemies":"Nemesis","floor":44,"turns":4},{"damage":0,"enemies":"Giant Head","floor":46,"turns":3},{"damage":0,"enemies":"Maw","floor":47,"turns":5},{"damage":20,"enemies":"Donu and Deca","floor":50,"turns":6}],"seed_played":"1129131106340996471","potions_obtained":[{"floor":1,"key":"Fire Potion"},{"floor":5,"key":"SkillPotion"},{"floor":13,"key":"BlessingOfTheForge"},{"floor":31,"key":"BlessingOfTheForge"},{"floor":33,"key":"SteroidPotion"},{"floor":44,"key":"Strength Potion"}],"is_trial":false,"path_per_floor":["M","M","?","?","M","R","E","R","T","$","E","R","?","T","R","B",null,"M","?","?","?","?","R","E","R","T","E","M","?","M","E","R","B",null,"M","?","?","T","M","E","M","R","T","E","$","E","M","$","R","B",null],"character_chosen":"WATCHER","items_purchased":["WheelKick","BattleHymn","Master of Strategy+1","Bag of Marbles","War Paint"],"campfire_rested":1,"item_purchase_floors":[10,45,45,45,45],"current_hp_per_floor":[65,65,65,58,58,58,44,44,44,44,41,41,40,40,40,35,63,63,63,72,72,72,72,59,59,59,59,59,59,59,28,49,37,63,65,55,55,55,57,59,61,61,61,63,63,67,71,71,71,52],"gold":62,"neow_bonus":"TRANSFORM_TWO_CARDS","is_daily":false,"chose_seed":false,"campfire_upgraded":7,"win_rate":0.0,"timestamp":1610145213,"path_taken":["M","M","?","?","M","R","E","R","T","$","E","R","?","?","R","BOSS","M","?","?","?","?","R","E","R","T","E","M","?","M","E","R","BOSS","M","?","?","?","M","E","M","R","T","E","$","E","M","?","R","BOSS"],"items_purchased_type":["Card","Card","Card","Relic","Relic"],"build_version":"2020-12-18","purchased_purges":0,"victory":true,"max_hp_per_floor":[72,72,72,72,72,72,72,72,72,72,72,72,72,72,72,72,72,72,72,72,72,72,72,72,72,72,72,72,72,72,72,72,72,72,72,72,72,72,72,72,72,72,72,72,72,72,72,72,72,72],"relic_stats":{"Regal Pillow":0,"counters":[22,106],"Juzu Bracelet":2,"War Paint":["Defend_P","Defend_P"],"Boot":[26],"Cursed Key":0,"WarpedTongs":[102],"Peace Pipe":1,"Nunchaku":[24],"Bird Faced Urn":[19],"Bronze Scales":[15],"Art of War":[1],"obtain_stats":[{"Ice Cream":24,"Regal Pillow":44,"Damaru":19,"Juzu Bracelet":9,"Odd Mushroom":13,"War Paint":45,"Boot":7,"Cursed Key":17,"WarpedTongs":1,"Peace Pipe":14,"Nunchaku":11,"Bird Faced Urn":27,"Bronze Scales":46,"HolyWater":34,"Art of War":40,"Bag of Marbles":45,"PureWater":0,"Toxic Egg 2":31},{"Ice Cream":9,"Regal Pillow":19,"Damaru":8,"Juzu Bracelet":4,"Odd Mushroom":6,"War Paint":19,"Boot":4,"Cursed Key":7,"WarpedTongs":1,"Peace Pipe":6,"Nunchaku":5,"Bird Faced Urn":10,"Bronze Scales":20,"HolyWater":14,"Art of War":17,"Bag of Marbles":19,"PureWater":0,"Toxic Egg 2":13},{"Ice Cream":41,"Regal Pillow":92,"Damaru":36,"Juzu Bracelet":13,"Odd Mushroom":21,"War Paint":92,"Boot":13,"Cursed Key":32,"WarpedTongs":1,"Peace Pipe":21,"Nunchaku":18,"Bird Faced Urn":45,"Bronze Scales":95,"HolyWater":68,"Art of War":82,"Bag of Marbles":92,"PureWater":0,"Toxic Egg 2":57}]},"card_choices":[{"not_picked":["Consecrate","LikeWater"],"picked":"FearNoEvil","floor":1},{"not_picked":["Halt","Indignation"],"picked":"EmptyFist","floor":2},{"not_picked":["FollowUp","EmptyFist"],"picked":"CarveReality","floor":5},{"not_picked":["ClearTheMind","Conclude"],"picked":"Sanctity","floor":7},{"not_picked":["Consecrate","DeusExMachina"],"picked":"Prostrate","floor":11},{"not_picked":["FollowUp","EmptyFist"],"picked":"Halt","floor":13},{"not_picked":["Omniscience","Judgement"],"picked":"Vault","floor":16},{"not_picked":["InnerPeace","ClearTheMind+1"],"picked":"CutThroughFate","floor":18},{"not_picked":["ForeignInfluence","EmptyFist"],"picked":"CutThroughFate","floor":24},{"not_picked":["MentalFortress+1","FearNoEvil"],"picked":"DeceiveReality+1","floor":27},{"not_picked":["Pray","Indignation","FollowUp"],"picked":"SKIP","floor":28},{"not_picked":["BowlingBash","Omniscience"],"picked":"Prostrate","floor":30},{"not_picked":["ReachHeaven","SashWhip"],"picked":"Evaluate+1","floor":31},{"not_picked":["ConjureBlade+1","DevaForm"],"picked":"Establishment","floor":33},{"not_picked":["FollowUp+1","Worship+1"],"picked":"ClearTheMind+1","floor":35},{"not_picked":["Flash of Steel","Jack Of All Trades+1"],"picked":"Finesse+1","floor":36},{"not_picked":["Impatience+1","Enlightenment+1"],"picked":"Finesse+1","floor":36},{"not_picked":["Study+1","WindmillStrike+1","Worship+1"],"picked":"SKIP","floor":39},{"not_picked":["Perseverance+1","Consecrate"],"picked":"CarveReality","floor":40},{"not_picked":["Consecrate+1","Crescendo+1"],"picked":"Prostrate+1","floor":41},{"not_picked":["SashWhip","FearNoEvil+1","Blasphemy+1"],"picked":"SKIP","floor":44},{"not_picked":["Vengeance+1","FlurryOfBlows","Halt+1"],"picked":"SKIP","floor":46},{"not_picked":["Crescendo+1","ClearTheMind+1","BattleHymn"],"picked":"SKIP","floor":47}],"player_experience":155274,"relics_obtained":[{"floor":7,"key":"Boot"},{"floor":9,"key":"Juzu Bracelet"},{"floor":11,"key":"Nunchaku"},{"floor":13,"key":"Odd Mushroom"},{"floor":14,"key":"Peace Pipe"},{"floor":24,"key":"Ice Cream"},{"floor":27,"key":"Bird Faced Urn"},{"floor":31,"key":"Toxic Egg 2"},{"floor":40,"key":"Art of War"},{"floor":44,"key":"Regal Pillow"},{"floor":46,"key":"Bronze Scales"}],"event_choices":[{"damage_healed":0,"gold_gain":0,"player_choice":"Grow","damage_taken":0,"max_hp_gain":0,"max_hp_loss":0,"event_name":"Living Wall","floor":3,"gold_loss":0,"cards_upgraded":["Eruption"]},{"cards_removed":["Strike_P"],"damage_healed":0,"gold_gain":0,"player_choice":"Card Removal","damage_taken":7,"max_hp_gain":0,"max_hp_loss":0,"event_name":"Golden Wing","floor":4,"gold_loss":0},{"damage_healed":0,"gold_gain":0,"player_choice":"Fought Mushrooms","damage_taken":0,"max_hp_gain":0,"max_hp_loss":0,"event_name":"Mushrooms","floor":13,"gold_loss":0},{"damage_healed":0,"gold_gain":0,"player_choice":"Opened","damage_taken":0,"relics_obtained":["Damaru"],"max_hp_gain":0,"max_hp_loss":0,"event_name":"The Mausoleum","floor":19,"gold_loss":0},{"cards_removed":["MentalFortress"],"damage_healed":9,"gold_gain":0,"player_choice":"Offered Uncommon","damage_taken":0,"max_hp_gain":0,"max_hp_loss":0,"event_name":"Bonfire Elementals","floor":20,"gold_loss":0},{"damage_healed":0,"gold_gain":0,"player_choice":"Forge","damage_taken":0,"max_hp_gain":0,"max_hp_loss":0,"event_name":"Accursed Blacksmith","floor":21,"gold_loss":0,"cards_upgraded":["Prostrate"]},{"damage_healed":0,"gold_gain":0,"player_choice":"Ignored","damage_taken":0,"max_hp_gain":0,"max_hp_loss":0,"event_name":"Vampires","floor":22,"gold_loss":0},{"damage_healed":0,"gold_gain":0,"player_choice":"Ignored","damage_taken":0,"max_hp_gain":0,"max_hp_loss":0,"event_name":"Ghosts","floor":29,"gold_loss":0},{"damage_healed":0,"gold_gain":0,"player_choice":"Memory 3","damage_taken":10,"max_hp_gain":0,"max_hp_loss":0,"event_name":"SensoryStone","floor":36,"gold_loss":0},{"cards_removed":["Strike_P"],"damage_healed":0,"gold_gain":0,"player_choice":"Removed Attack","damage_taken":0,"max_hp_gain":0,"max_hp_loss":0,"event_name":"Falling","floor":37,"gold_loss":0}],"is_beta":true,"boss_relics":[{"not_picked":["Sozu","Empty Cage"],"picked":"Cursed Key"},{"not_picked":["Fusion Hammer","Velvet Choker"],"picked":"HolyWater"}],"items_purged_floors":[],"is_endless":false,"potions_floor_spawned":[1,5,13,18,31,33,35,44,47],"ascension_level":9}}