{"host":"6749gst1gzuv21qf","time":1610134585,"event":{"mods":["Aspiration","BaseMod","Better Altar","Better Match","Better Note","Better Sensory Stone","Better Skull","Better Third Choice","BetterRewards","Colored Map","Colored Powertips","Downfall","Highlight Path","Minty Spire (QoL Compilation)","Permanent Neow","Replay The Spire","Shop Mod","Spicy Shops","StSLib","The Cursed","Wandering Minibosses"],"gold_per_floor":[112,387,403,71,83,115,115,130,157,170,170,170,188,217,217,311,311,321,271,277,15,231,231,258,258,303,330,330,340,354,381,381,470,470,490,490,385,385,425,425,425,147,147,172,188,898,898,915,915,915,915,915,2,2,2],"floor_reached":54,"playtime":7077,"items_purged":["Regret","TheCursedMod:Defend_TheCursed","Pain","Languid"],"score":735,"play_id":"d2d72306-41a6-4a7f-b5b9-23d5a69b32f1","local_time":"20210108143625","is_ascension_mode":false,"campfire_choices":[{"data":"Transmutation","floor":7,"key":"SMITH"},{"data":"TheCursedMod:Grudge","floor":15,"key":"SMITH"},{"data":"TheCursedMod:ForbiddenAlchemy","floor":23,"key":"SMITH"},{"floor":28,"key":"REST"},{"floor":32,"key":"REST"},{"floor":40,"key":"RECALL"},{"floor":47,"key":"REST"},{"floor":49,"key":"REST"},{"data":"Enlightenment","floor":52,"key":"SMITH"}],"circlet_count":0,"master_deck":["TheCursedMod:Strike_TheCursed","TheCursedMod:Strike_TheCursed","TheCursedMod:Defend_TheCursed","TheCursedMod:Defend_TheCursed","TheCursedMod:CursedWand","TheCursedMod:CleanUpWorkshop","TheCursedMod:Dregs","TheCursedMod:CursedMace","TheCursedMod:SmokeScreen","TheCursedMod:CursedArmor","TheCursedMod:CursedArmor","TheCursedMod:CircleOfCorruption","TheCursedMod:Mangle","TheCursedMod:Hemoplague+1","TheCursedMod:SurpriseAttack","Transmutation+1","Replay:SS_forest_2","expansioncontent:TimeRipple","TheCursedMod:CircleOfAmplification","TheCursedMod:Obscuration","TheCursedMod:VitalStrike","TheCursedMod:SpreadPlague","TheCursedMod:Grudge+1","TheCursedMod:RapidMovement","TheCursedMod:Stigma","TheCursedMod:ForbiddenAlchemy+1","TheCursedMod:CircleOfFlame+1","TheCursedMod:CircleOfWindfury+1","TheCursedMod:LuckyCharm","TheCursedMod:TroublousMinions","TheCursedMod:CursedSpellbook","TheCursedMod:SpitefulStrike","TheCursedMod:AbyssShockwave","TheCursedMod:CircleOfFocus+1","TheCursedMod:CursedBoomerang","TheCursedMod:VoidForm+1","TheCursedMod:SurpriseAttack+1","expansioncontent:DashGenerateEvil","Enlightenment+1","TheCursedMod:CursedBlade","TheCursedMod:BloodBarrier","TheCursedMod:WearCloak","expansioncontent:GoopSpray","ReplayTheSpireMod:Necrogeddon+1"],"relics":["TheCursedMod:BlackMagic101","MerchantsRug","aspiration:HatOfInfinitePower","Replay:Wax Seal","BargainBundle","ReplayTheSpireMod:ShopPack","Snack Pack","aspiration:Nostalgia","Guardian:ModeShifter","Akabeko","Replay:Accelerometer","Gremlin Horn","aspiration:PoetsPen_weak","Chemical X","Ring of Searing","BranchBurnRelic","WarpedTongs","Calipers","CaptainsWheel","OrangePellets","Turnip","ReplayTheSpireMod:Ninjato","wanderingMiniBosses:MasterThiefsPresence","Du-Vu Doll","Guide Book"],"acts_visited":["Exordium","TheCity","TheBeyond","TheEnding"],"potions_floor_usage":[21,33,33,46,46],"damage_taken":[{"damage":0,"enemies":"2 Louse","floor":1,"turns":3},{"damage":8,"enemies":"Cultist","floor":3,"turns":4},{"damage":3,"enemies":"Small Slimes","floor":5,"turns":2},{"damage":7,"enemies":"3 Sentries","floor":6,"turns":8},{"damage":0,"enemies":"3 Louse","floor":8,"turns":1},{"damage":6,"enemies":"Exordium Wildlife","floor":10,"turns":4},{"damage":0,"enemies":"Blue Slaver","floor":12,"turns":5},{"damage":5,"enemies":"Looter","floor":13,"turns":2},{"damage":2,"enemies":"Lagavulin","floor":14,"turns":8},{"damage":25,"enemies":"Hexaghost","floor":16,"turns":8},{"damage":20,"enemies":"Spheric Guardian","floor":18,"turns":5},{"damage":0,"enemies":"Chosen","floor":20,"turns":5},{"damage":46,"enemies":"Gremlin Leader","floor":24,"turns":9},{"damage":1,"enemies":"Book of Stabbing","floor":27,"turns":5},{"damage":15,"enemies":"3 Cultists","floor":29,"turns":5},{"damage":11,"enemies":"Snake Plant","floor":30,"turns":4},{"damage":0,"enemies":"Replay:Snechameleon","floor":31,"turns":3},{"damage":14,"enemies":"Automaton","floor":33,"turns":10},{"damage":22,"enemies":"3 Darklings","floor":35,"turns":5},{"damage":5,"enemies":"Mind Bloom Boss Battle","floor":39,"turns":6},{"damage":40,"enemies":"Nemesis","floor":44,"turns":5},{"damage":12,"enemies":"3 Shapes","floor":45,"turns":1},{"damage":3,"enemies":"Transient","floor":46,"turns":5},{"damage":0,"enemies":"Spire Growth","floor":48,"turns":2},{"damage":30,"enemies":"Replay:Hell Engine","floor":50,"turns":10},{"damage":147,"enemies":"Shield and Spear","floor":54,"turns":4}],"seed_played":"6470830810917636039","potions_obtained":[{"floor":12,"key":"Fruit Juice"},{"floor":13,"key":"Energy Potion"},{"floor":29,"key":"FearPotion"},{"floor":35,"key":"Swift Potion"},{"floor":44,"key":"Fire Potion"},{"floor":46,"key":"Guardian:BlockOnCardUsePotion"}],"is_trial":false,"path_per_floor":["M","?","M","$","M","E","R","M","T","M","?","M","M","E","R","B",null,"M","?","M","$","?","R","E","T","T","E","R","M","M","E","R","B",null,"M","?","$","?","?","R","?","$","T","E","M","M","R","M","R","B",null,"R","$","E"],"character_chosen":"THE_CURSED","items_purchased":["MerchantsRug","aspiration:HatOfInfinitePower","Replay:Wax Seal","BargainBundle","Dexterity Potion","EssenceOfSteel","TheCursedMod:CursedArmor","TheCursedMod:CircleOfCorruption","TheCursedMod:Mangle","TheCursedMod:Hemoplague","TheCursedMod:SurpriseAttack","ReplayTheSpireMod:ShopPack","TheCursedMod:LuckyCharm","TheCursedMod:TroublousMinions","Chemical X","Calipers","CaptainsWheel","OrangePellets","Du-Vu Doll","TheCursedMod:WearCloak","expansioncontent:GoopSpray","ReplayTheSpireMod:Necrogeddon","Guide Book"],"campfire_rested":4,"item_purchase_floors":[0,0,4,4,4,4,4,4,4,4,4,4,21,21,37,42,42,42,53,53,53,53,53],"current_hp_per_floor":[75,75,67,67,64,57,57,57,57,51,51,53,50,50,50,31,57,37,37,37,42,28,28,17,17,17,16,34,23,12,16,34,24,62,40,40,40,40,43,43,43,43,43,22,12,15,33,42,60,48,62,62,62,0,0],"gold":2,"neow_bonus":"","is_daily":false,"chose_seed":false,"campfire_upgraded":4,"win_rate":0.0,"timestamp":1610134585,"path_taken":["M","?","M","$","M","E","R","?","T","M","?","?","M","E","R","BOSS","M","?","M","$","?","R","E","?","T","E","R","M","M","E","R","BOSS","M","?","$","?","?","R","?","$","T","E","?","M","R","M","R","BOSS","R","$","E"],"items_purchased_type":["Relic","Relic","Relic","Relic","Potion","Potion","Card","Card","Card","Card","Card","Relic","Card","Card","Relic","Relic","Relic","Relic","Relic","Card","Card","Card","Relic"],"build_version":"2020-12-22","purchased_purges":4,"victory":false,"max_hp_per_floor":[75,75,75,75,75,75,75,75,75,75,75,75,75,75,75,75,57,57,57,57,62,62,62,62,62,62,62,62,62,62,62,62,62,62,62,62,62,62,62,62,62,62,62,62,62,62,62,62,62,62,62,62,62,62,62],"card_choices":[{"not_picked":["TheCursedMod:RapidMovement","TheCursedMod:Obscuration"],"picked":"TheCursedMod:CursedMace","floor":1},{"not_picked":["TheCursedMod:CursedMace","TheCursedMod:CursedBlade"],"picked":"TheCursedMod:SmokeScreen","floor":3},{"not_picked":["expansioncontent:Corrupt","The Bomb"],"picked":"Transmutation","floor":4},{"not_picked":["expansioncontent:AwakenDeath","Discovery"],"picked":"Replay:SS_forest_2","floor":4},{"not_picked":["Replay:Sssssssssshield","expansioncontent:DefensiveMode"],"picked":"expansioncontent:TimeRipple","floor":4},{"not_picked":["TheCursedMod:CursedBlade","TheCursedMod:RavingStaff"],"picked":"TheCursedMod:CircleOfAmplification","floor":5},{"not_picked":["TheCursedMod:Stretching","TheCursedMod:CursedShiv"],"picked":"TheCursedMod:Obscuration","floor":6},{"not_picked":["TheCursedMod:SpitefulStrike","TheCursedMod:AshesToAshes"],"picked":"TheCursedMod:VitalStrike","floor":8},{"not_picked":["TheCursedMod:Obscuration","TheCursedMod:CircleOfCorruption"],"picked":"TheCursedMod:SpreadPlague","floor":10},{"not_picked":["TheCursedMod:VitalStrike","TheCursedMod:SurpriseAttack"],"picked":"TheCursedMod:Grudge","floor":12},{"not_picked":["TheCursedMod:TroublousMinions","TheCursedMod:CursedArmor"],"picked":"TheCursedMod:RapidMovement","floor":13},{"not_picked":["TheCursedMod:SoulReap","TheCursedMod:Neurasthenia"],"picked":"TheCursedMod:Stigma","floor":14},{"not_picked":["TheCursedMod:ShockAndAwe","TheCursedMod:CursedRelics"],"picked":"TheCursedMod:ForbiddenAlchemy","floor":16},{"not_picked":["TheCursedMod:CircleOfCorruption+1","TheCursedMod:HellsGateOpen"],"picked":"TheCursedMod:CircleOfFlame+1","floor":18},{"not_picked":["TheCursedMod:RavingStaff","TheCursedMod:VitalStrike+1"],"picked":"TheCursedMod:CircleOfWindfury+1","floor":20},{"not_picked":["TheCursedMod:LuckyCharm","TheCursedMod:SurpriseAttack"],"picked":"TheCursedMod:CursedSpellbook","floor":24},{"not_picked":["TheCursedMod:CircleOfFlame","TheCursedMod:CircleOfCorruption+1"],"picked":"TheCursedMod:SpitefulStrike","floor":27},{"not_picked":["TheCursedMod:CursedSpellbook","TheCursedMod:Torture"],"picked":"TheCursedMod:AbyssShockwave","floor":29},{"not_picked":["TheCursedMod:FleshFromBone","TheCursedMod:CircleOfBlood"],"picked":"TheCursedMod:CircleOfFocus+1","floor":30},{"not_picked":["TheCursedMod:CircleOfFocus","TheCursedMod:ManaCirculation"],"picked":"TheCursedMod:CursedBoomerang","floor":31},{"not_picked":["TheCursedMod:StunningStrike","TheCursedMod:CursedRelics"],"picked":"TheCursedMod:VoidForm","floor":33},{"not_picked":["TheCursedMod:SoulCrush+1","TheCursedMod:RapidMovement+1"],"picked":"TheCursedMod:SurpriseAttack+1","floor":35},{"not_picked":["Impatience","expansioncontent:AwakenDeath"],"picked":"expansioncontent:DashGenerateEvil","floor":36},{"not_picked":["Secret Technique","Replay:BasicMightCard"],"picked":"Enlightenment","floor":36},{"not_picked":["TheCursedMod:Obscuration","TheCursedMod:SmokeScreen"],"picked":"TheCursedMod:CursedBlade","floor":39},{"not_picked":["TheCursedMod:RapidMovement","TheCursedMod:CursedBlade","TheCursedMod:SmokeScreen"],"picked":"SKIP","floor":44},{"not_picked":["TheCursedMod:SoulCrush+1","TheCursedMod:CircleOfCorruption","TheCursedMod:CursedBlade+1"],"picked":"SKIP","floor":45},{"not_picked":["TheCursedMod:CursedMace","TheCursedMod:CircleOfFocus"],"picked":"TheCursedMod:BloodBarrier","floor":46},{"not_picked":["TheCursedMod:CursedBlade+1","TheCursedMod:Mangle","TheCursedMod:LuckyCharm+1"],"picked":"SKIP","floor":48}],"player_experience":555681,"relics_obtained":[{"floor":6,"key":"Snack Pack"},{"floor":14,"key":"Replay:Bottled Snecko"},{"floor":24,"key":"StrikeDummy"},{"floor":25,"key":"aspiration:SeaSaltIceCream"},{"floor":26,"key":"Akabeko"},{"floor":27,"key":"Replay:Accelerometer"},{"floor":31,"key":"Gremlin Horn"},{"floor":38,"key":"Ring of Searing"},{"floor":39,"key":"Dead Branch"},{"floor":43,"key":"Turnip"},{"floor":44,"key":"ReplayTheSpireMod:Ninjato"},{"floor":46,"key":"wanderingMiniBosses:MasterThiefsPresence"}],"event_choices":[{"damage_healed":0,"gold_gain":275,"player_choice":"Desecrate","damage_taken":0,"max_hp_gain":0,"max_hp_loss":0,"event_name":"Golden Shrine","floor":2,"gold_loss":0,"cards_obtained":["Regret"]},{"damage_healed":0,"gold_gain":0,"player_choice":"Upgraded","damage_taken":0,"max_hp_gain":0,"max_hp_loss":0,"event_name":"Upgrade Shrine","floor":11,"gold_loss":0,"cards_upgraded":["TheCursedMod:Hemoplague"]},{"damage_healed":0,"gold_gain":0,"player_choice":"Bet on Murderer","damage_taken":0,"max_hp_gain":0,"max_hp_loss":0,"event_name":"The Joust","floor":19,"gold_loss":50},{"damage_healed":0,"gold_gain":216,"player_choice":"GO GO ","damage_taken":16,"relics_obtained":[],"max_hp_gain":0,"max_hp_loss":0,"event_name":"betterSkull:BetterSkull","floor":22,"gold_loss":0,"cards_upgraded":[]},{"damage_healed":0,"gold_gain":3,"player_choice":"1","damage_taken":0,"max_hp_gain":0,"max_hp_loss":0,"event_name":"betterStone:BetterStone","floor":36,"gold_loss":0},{"damage_healed":0,"gold_gain":0,"player_choice":"Fight","damage_taken":0,"max_hp_gain":0,"max_hp_loss":0,"event_name":"MindBloom","floor":39,"gold_loss":0},{"damage_healed":0,"gold_gain":0,"player_choice":"Rummage","damage_taken":0,"relics_obtained":["WarpedTongs"],"max_hp_gain":0,"max_hp_loss":0,"event_name":"Accursed Blacksmith","floor":41,"gold_loss":0,"cards_obtained":["Pain"]}],"is_beta":false,"boss_relics":[{"not_picked":["Black Star","Tiny House"],"picked":"Replay:Drink Me"},{"not_picked":["Pandora\u0027s Box","Fusion Hammer"],"picked":"aspiration:PoetsPen_weak"}],"items_purged_floors":[4,21,42,42],"is_endless":false,"potions_floor_spawned":[5,8,12,13,14,20,29,35,44,46,48],"killed_by":"Shield and Spear","ascension_level":0}}