{"host":"9tzam4717zt8ei1o","time":1610125123,"event":{"mods":["BaseMod","Colored Map","Keyboard Shortcuts","Minty Spire (QoL Compilation)","Quick Restart","StSLib","SuperFastMode"],"gold_per_floor":[218,218,368,16,36,36,52,52,52,66,91,101,101,101,101,174,174,185,27,27,45,65,65,15,15,15],"floor_reached":25,"playtime":533,"items_purged":["Doubt"],"score":402,"play_id":"806bfd7f-b228-4878-9b33-527a3bdd4504","local_time":"20210109015843","is_ascension_mode":true,"campfire_choices":[{"data":"Body Slam","floor":6.0,"key":"SMITH"},{"data":"Feel No Pain","floor":8.0,"key":"SMITH"},{"data":"Blood for Blood","floor":15.0,"key":"SMITH"},{"floor":23.0,"key":"RECALL"}],"circlet_count":0,"master_deck":["AscendersBane","Strike_R","Strike_R","Strike_R","Strike_R+1","Strike_R","Defend_R","Defend_R","Defend_R+1","Defend_R","Bash+1","Anger","Disarm+1","Body Slam+1","Feel No Pain+1","Blood for Blood+1","Warcry+1","Armaments+1","Double Tap+1","Shrug It Off+1","Power Through+1","Havoc+1","Warcry+1"],"relics":["Burning Blood","Toxic Egg 2","Question Card","Pantograph","Coffee Dripper"],"acts_visited":["TheCity"],"potions_floor_usage":[25],"damage_taken":[{"damage":13.0,"enemies":"2 Louse","floor":1.0,"turns":4.0},{"damage":4.0,"enemies":"Small Slimes","floor":5.0,"turns":5.0},{"damage":4.0,"enemies":"Jaw Worm","floor":7.0,"turns":4.0},{"damage":18.0,"enemies":"Lots of Slimes","floor":10.0,"turns":6.0},{"damage":28.0,"enemies":"Gremlin Nob","floor":11.0,"turns":4.0},{"damage":1.0,"enemies":"2 Fungi Beasts","floor":12.0,"turns":4.0},{"damage":34.0,"enemies":"The Guardian","floor":16.0,"turns":15.0},{"damage":23.0,"enemies":"Shell Parasite","floor":18.0,"turns":5.0},{"damage":15.0,"enemies":"Spheric Guardian","floor":21.0,"turns":5.0},{"damage":19.0,"enemies":"Centurion and Healer","floor":22.0,"turns":7.0},{"damage":27,"enemies":"Slavers","floor":25,"turns":4}],"seed_played":"-1130089920423055530","potions_obtained":[{"floor":1.0,"key":"SpeedPotion"},{"floor":5.0,"key":"LiquidMemories"},{"floor":10.0,"key":"SneckoOil"},{"floor":12.0,"key":"Swift Potion"},{"floor":22.0,"key":"Energy Potion"}],"is_trial":false,"path_per_floor":["M","?","?","$","M","R","M","R","T","M","E","M","?","?","R","B",null,"M","$","?","M","M","R","?","E"],"character_chosen":"IRONCLAD","items_purchased":["Toxic Egg 2","Disarm+1","Power Through+1"],"campfire_rested":0,"item_purchase_floors":[4,4,19],"current_hp_per_floor":[61,38,38,38,40,40,42,42,42,30,8,13,13,38,38,35,65,48,48,48,39,26,26,26,0,0],"gold":15,"neow_bonus":"HUNDRED_GOLD","is_daily":false,"chose_seed":false,"campfire_upgraded":3,"win_rate":0.0,"timestamp":1610125123,"path_taken":["M","?","?","$","M","R","M","R","T","M","E","M","?","?","R","BOSS","M","$","?","?","M","R","?","E"],"items_purchased_type":["Relic","Card","Card"],"build_version":"2020-12-22","purchased_purges":1,"victory":false,"max_hp_per_floor":[75,75,75,75,75,75,75,75,75,75,75,75,75,75,75,75,75,75,75,75,75,75,75,75,75,75],"card_choices":[{"not_picked":["Battle Trance","Shockwave"],"picked":"Anger","floor":1.0},{"not_picked":["Fire Breathing","Twin Strike"],"picked":"Body Slam","floor":5.0},{"not_picked":["Heavy Blade","Dark Embrace"],"picked":"Feel No Pain","floor":7.0},{"not_picked":["Wild Strike","Sword Boomerang","Anger"],"picked":"Blood for Blood","floor":10.0},{"not_picked":["Pommel Strike","Bloodletting+1","Limit Break+1"],"picked":"Warcry+1","floor":11.0},{"not_picked":["Twin Strike","Heavy Blade","Combust"],"picked":"Armaments+1","floor":12.0},{"not_picked":["Bludgeon","Brutality","Reaper"],"picked":"Double Tap+1","floor":16.0},{"not_picked":["Cleave","Thunderclap","Twin Strike"],"picked":"Shrug It Off+1","floor":18.0},{"not_picked":["Combust","Intimidate+1","Searing Blow"],"picked":"Havoc+1","floor":21.0},{"not_picked":["Rampage","Sword Boomerang+1","Twin Strike"],"picked":"Warcry+1","floor":22.0}],"player_experience":159115,"relics_obtained":[{"floor":9.0,"key":"Question Card"},{"floor":11.0,"key":"Pantograph"}],"event_choices":[{"damage_healed":0.0,"max_hp_gain":0.0,"max_hp_loss":0.0,"gold_gain":0.0,"event_name":"Shining Light","player_choice":"Entered Light","floor":2.0,"gold_loss":0.0,"damage_taken":23.0,"cards_upgraded":["Strike_R","Defend_R"]},{"damage_healed":0.0,"max_hp_gain":0.0,"max_hp_loss":0.0,"gold_gain":150.0,"event_name":"Liars Game","player_choice":"AGREE","floor":3.0,"gold_loss":0.0,"damage_taken":0.0,"cards_obtained":["Doubt"]},{"damage_healed":0.0,"max_hp_gain":0.0,"max_hp_loss":0.0,"gold_gain":0.0,"event_name":"Scrap Ooze","player_choice":"Fled","floor":13.0,"gold_loss":0.0,"damage_taken":0.0},{"damage_healed":25.0,"max_hp_gain":0.0,"max_hp_loss":0.0,"gold_gain":0.0,"event_name":"Big Fish","player_choice":"Banana","floor":14.0,"gold_loss":0.0,"damage_taken":0.0},{"damage_healed":0.0,"max_hp_gain":0.0,"max_hp_loss":0.0,"gold_gain":0.0,"event_name":"Accursed Blacksmith","player_choice":"Forge","floor":20.0,"gold_loss":0.0,"damage_taken":0.0,"cards_upgraded":["Bash"]},{"damage_healed":0.0,"max_hp_gain":0.0,"max_hp_loss":0.0,"gold_gain":0.0,"event_name":"The Joust","player_choice":"Bet on Owner","floor":24.0,"gold_loss":50.0,"damage_taken":0.0}],"is_beta":false,"boss_relics":[{"not_picked":["Fusion Hammer","Snecko Eye"],"picked":"Coffee Dripper"}],"items_purged_floors":[19],"is_endless":false,"potions_floor_spawned":[1,5,10,12,22],"killed_by":"Slavers","ascension_level":20}}