{"host":"sav7uxregyirlf69","time":1610117323,"event":{"mods":["AchievementEnabler","BaseMod","Colored Map","DeckTracker","Keyboard Shortcuts","Minty Spire (QoL Compilation)","READ ME - Guardian Mod","StSLib","SuperFastMode"],"gold_per_floor":[119,169,181,256,256,287,307,61,61,61,61,61],"floor_reached":11,"playtime":104,"items_purged":["Strike_G"],"score":192,"play_id":"0fe4606b-e228-45f5-b860-30f2ae10f36e","local_time":"20210108234843","is_ascension_mode":true,"campfire_choices":[],"circlet_count":0,"master_deck":["AscendersBane","Strike_G","Strike_G","Strike_G","Defend_G","Defend_G","Defend_G","Defend_G","Defend_G","Survivor","Neutralize","Underhanded Strike","Caltrops","Prepared"],"relics":["Ring of the Snake","NeowsBlessing","Tingsha","Lee\u0027s Waffle","Letter Opener","Golden Idol"],"acts_visited":["Exordium"],"potions_floor_usage":[11,11],"damage_taken":[{"damage":0,"enemies":"2 Louse","floor":1,"turns":1},{"damage":0,"enemies":"Cultist","floor":3,"turns":1},{"damage":0,"enemies":"Lagavulin","floor":6,"turns":2},{"damage":7,"enemies":"Small Slimes","floor":7,"turns":3},{"damage":57,"enemies":"Gremlin Nob","floor":11,"turns":4}],"seed_played":"-3178235350551135267","potions_obtained":[{"floor":3,"key":"Swift Potion"},{"floor":6,"key":"Explosive Potion"}],"is_trial":false,"path_per_floor":["M","?","M","?","?","E","M","$","T","?","E"],"character_chosen":"THE_SILENT","items_purchased":["Lee\u0027s Waffle"],"campfire_rested":0,"item_purchase_floors":[8],"current_hp_per_floor":[59,59,59,48,41,41,34,73,73,48,0,0],"gold":61,"neow_bonus":"THREE_ENEMY_KILL","is_daily":false,"chose_seed":false,"campfire_upgraded":0,"win_rate":0.0,"timestamp":1610117323,"path_taken":["M","?","?","?","?","E","M","?","T","?","E"],"items_purchased_type":["Relic"],"build_version":"2020-12-22","purchased_purges":1,"victory":false,"max_hp_per_floor":[66,66,66,66,66,66,66,73,73,73,73,73],"card_choices":[{"not_picked":["Sucker Punch","Dodge and Roll"],"picked":"Underhanded Strike","floor":1},{"not_picked":["Cloak And Dagger","Skewer"],"picked":"Caltrops","floor":3},{"not_picked":["Dagger Spray","Predator"],"picked":"Prepared","floor":6},{"not_picked":["Outmaneuver","Quick Slash","Sucker Punch"],"picked":"SKIP","floor":7}],"player_experience":1205396,"relics_obtained":[{"floor":6,"key":"Tingsha"},{"floor":9,"key":"Letter Opener"}],"event_choices":[{"damage_healed":0,"gold_gain":50,"player_choice":"Pray","damage_taken":0,"max_hp_gain":0,"max_hp_loss":0,"event_name":"Golden Shrine","floor":2,"gold_loss":0},{"damage_healed":0,"gold_gain":75,"player_choice":"Gather Gold","damage_taken":11,"max_hp_gain":0,"max_hp_loss":0,"event_name":"World of Goop","floor":4,"gold_loss":0},{"cards_removed":["Strike_G"],"damage_healed":0,"gold_gain":0,"player_choice":"Card Removal","damage_taken":7,"max_hp_gain":0,"max_hp_loss":0,"event_name":"Golden Wing","floor":5,"gold_loss":0},{"damage_healed":0,"gold_gain":0,"player_choice":"Take Damage","damage_taken":25,"relics_obtained":["Golden Idol"],"max_hp_gain":0,"max_hp_loss":0,"event_name":"Golden Idol","floor":10,"gold_loss":0}],"is_beta":false,"boss_relics":[],"items_purged_floors":[8],"is_endless":false,"potions_floor_spawned":[3,6],"killed_by":"Gremlin Nob","ascension_level":20}}