{"host":"ya94u95moedzeoqz","time":1610085056,"event":{"mods":["2.2 Compatiblity","Abigail Mod","Act Like it!","Arknights The Spire","Aspiration","Bartender","BaseMod","Better Altar","Better Match","Better Note","Better Sensory Stone","Better Skull","Better Third Choice","BetterRewards","Energized Spire","Evolution","Filter the Spire","GifTheSpireLib","KinomotoSakuraMod(????)","Luminous","Minty Spire (QoL Compilation)","Permanent Neow","Railgun Mod","Replay The Spire","Spicy Shops","StSLib","The Accelerator","The Alterego","The Fake Hero","The Florist","The Forsaken","The Juggle","The Marked","The Senshi","TheArtist","TheVelvet","Yuri Mod"],"gold_per_floor":[116,195,209,219,16,51,64,64,116,116,129,149,161,171,171,266,266,281,11,31,31,131,131,160,160,209,227,247,284,284,305,305,416,416,440,440,440,440,460,460,479,20,47,47,68,68,68,92,92,98],"floor_reached":51,"playtime":6557,"items_purged":["luka_mod:Surrender"],"score":716,"play_id":"3b87425e-94a5-401c-9242-652c373a622b","local_time":"20210108005056","is_ascension_mode":false,"campfire_choices":[{"data":"artistmod:PalettePick","floor":8.0,"key":"SMITH"},{"floor":10.0,"key":"REST"},{"floor":15,"key":"DIG"},{"data":"artistmod:TreasureTrove","floor":23,"key":"SMITH"},{"data":"artistmod:ProfoundPurple","floor":25,"key":"SMITH"},{"floor":30,"key":"REST"},{"data":"artistmod:BigBrown","floor":40,"key":"SMITH"},{"data":"artistmod:ProfoundPurple","floor":44,"key":"SMITH"},{"data":"artistmod:PaintBreath","floor":46,"key":"SMITH"},{"data":"artistmod:BlueBrews","floor":49,"key":"SMITH"}],"circlet_count":0,"master_deck":["artistmod:StrokeStrike","artistmod:StrokeStrike","artistmod:StrokeStrike","artistmod:DaringDefend","artistmod:DaringDefend","artistmod:DaringDefend","artistmod:BrushBash","artistmod:DarkenDrawing","artistmod:GrowingGreens","artistmod:CursedClash","artistmod:BrownBrush","artistmod:ColorCopy","artistmod:PaintballPelt","artistmod:AccursedAggression","artistmod:AccursedAggression","artistmod:GrowingGreens","artistmod:PaintBreath+1","artistmod:PalettePick+1","artistmod:TreasureTrove+1","artistmod:RainbowRazor","artistmod:BlueBurst","artistmod:DarkerDanger","artistmod:ProfoundPurple+1","artistmod:BlueBrews+1","artistmod:BrownBrush","artistmod:ShinyShiv+1","artistmod:BrownBrush+1","artistmod:BlueBrews+1","artistmod:AquaAnnoyance","artistmod:RaringRepaint","artistmod:ResourceRampage","artistmod:SimpleStudies","artistmod:BigBrown+1","artistmod:CursedClash","artistmod:ProfoundPurple+1","artistmod:ShinyShiv","Madness","Madness","Panache","Panacea","theForsaken:PlagueCurse","artistmod:RainbowReality","artistmod:ClearChroma+1","artistmod:ShinyShiv","artistmod:ShinyShiv","artistmod:GrowingGreens","Looming Evil","artistmod:RaringRepaint","artistmod:PrismaticPain+1"],"relics":["artistmod:BlueBrush","EVO:Axolotl","DollysMirror","Bird Faced Urn","Happy Flower","Matryoshka","Cursed Key","Lee\u0027s Waffle","Bag of Marbles","theSenshi:FeatherClipsRelic","Replay:Bandana","Dream Catcher","Replay:Baseball","Replay:Bronze Core","theForsaken:PlagueMask","Darkstone Periapt","aspiration:Nostalgia","TheRailgun:CoinRelic","Potion Belt"],"acts_visited":["Exordium","TheCity","TheBeyond"],"potions_floor_usage":[20,24,31,33,50],"damage_taken":[{"damage":5.0,"enemies":"2 Louse","floor":1.0,"turns":4.0},{"damage":0.0,"enemies":"Small Slimes","floor":3.0,"turns":8.0},{"damage":1.0,"enemies":"Jaw Worm","floor":4.0,"turns":4.0},{"damage":40.0,"enemies":"3 Sentries","floor":6.0,"turns":8.0},{"damage":0.0,"enemies":"Large Slime","floor":7.0,"turns":7.0},{"damage":23.0,"enemies":"3 Louse","floor":11.0,"turns":4.0},{"damage":15.0,"enemies":"Red Slaver","floor":12.0,"turns":5.0},{"damage":12.0,"enemies":"Blue Slaver","floor":13.0,"turns":5.0},{"damage":0.0,"enemies":"Large Slime","floor":14.0,"turns":8.0},{"damage":25,"enemies":"Slime Boss","floor":16,"turns":8},{"damage":14,"enemies":"Spheric Guardian","floor":18,"turns":5},{"damage":0,"enemies":"Shell Parasite","floor":20,"turns":3},{"damage":50,"enemies":"Slavers","floor":24,"turns":4},{"damage":11,"enemies":"Centurion and Healer","floor":27,"turns":6},{"damage":14,"enemies":"Snecko","floor":28,"turns":5},{"damage":11,"enemies":"Gremlin Leader","floor":29,"turns":6},{"damage":12,"enemies":"Shelled Parasite and Fungi","floor":31,"turns":6},{"damage":21,"enemies":"Automaton","floor":33,"turns":8},{"damage":10,"enemies":"Orb Walker","floor":35,"turns":4},{"damage":12,"enemies":"3 Shapes","floor":39,"turns":6},{"damage":33,"enemies":"Transient","floor":41,"turns":5},{"damage":13,"enemies":"Jaw Worm Horde","floor":45,"turns":4},{"damage":11,"enemies":"Sphere and 2 Shapes","floor":48,"turns":3},{"damage":55,"enemies":"Donu and Deca","floor":50,"turns":6}],"seed_played":"6550375944677485524","potions_obtained":[{"floor":1.0,"key":"SkillPotion"},{"floor":3.0,"key":"Fire Potion"},{"floor":11.0,"key":"SteroidPotion"},{"floor":14.0,"key":"Explosive Potion"},{"floor":16,"key":"Elixir"},{"floor":20,"key":"AttackPotion"},{"floor":28,"key":"Toxic Potion"},{"floor":29,"key":"Fire Potion"},{"floor":31,"key":"DuplicationPotion"},{"floor":35,"key":"Elixir"}],"is_trial":false,"path_per_floor":["M","?","M","M","$","E","M","R","T","R","M","M","M","M","R","B",null,"M","$","M","?","?","R","E","R","T","M","M","E","R","M","R","B",null,"M","?","?","?","M","R","M","$","T","R","M","R","?","M","R","B",null],"character_chosen":"THE_ARTIST","items_purchased":["artistmod:AccursedAggression","DollysMirror","artistmod:BrownBrush","Lee\u0027s Waffle","artistmod:ShinyShiv+1","Darkstone Periapt","artistmod:ShinyShiv","artistmod:GrowingGreens"],"campfire_rested":2,"item_purchase_floors":[5,5,19,19,19,42,42,42],"current_hp_per_floor":[45,45,45,44,44,4,14,14,14,35,22,19,17,33,33,24,71,59,78,78,78,78,78,40,40,40,47,43,52,75,78,78,77,78,78,68,68,68,76,76,55,55,61,61,64,64,72,73,73,38],"gold":98,"neow_bonus":"TRANSFORM_TWO_CARDS","is_daily":false,"chose_seed":false,"campfire_upgraded":7,"win_rate":0.0,"timestamp":1610085056,"path_taken":["M","?","M","M","$","E","M","R","T","R","M","M","M","M","R","BOSS","M","$","M","?","?","R","E","R","T","M","M","E","R","M","R","BOSS","M","?","?","?","M","R","M","$","T","R","M","R","?","M","R","BOSS"],"items_purchased_type":["Card","Relic","Card","Relic","Card","Relic","Card","Card"],"build_version":"2020-12-22","purchased_purges":1,"victory":true,"max_hp_per_floor":[71,71,71,71,71,71,71,71,71,71,71,71,71,71,71,71,71,71,78,78,78,78,78,78,78,78,78,78,78,78,78,78,78,78,78,78,78,78,78,78,78,78,84,84,84,84,84,84,84,84],"card_choices":[{"not_picked":["artistmod:MagentaMadness","artistmod:SimpleStudies"],"picked":"artistmod:BrownBrush","floor":1.0},{"not_picked":["artistmod:MysteriousMasterpiece","artistmod:RedRage"],"picked":"artistmod:ColorCopy","floor":3.0},{"not_picked":["artistmod:AquaAnnoyance","artistmod:ColorCopy"],"picked":"artistmod:PaintballPelt","floor":4.0},{"not_picked":["artistmod:ChromaCrash","artistmod:CanvasCatapult"],"picked":"artistmod:PaintBreath","floor":6.0},{"not_picked":["artistmod:YellowYearning","artistmod:ClearChroma"],"picked":"artistmod:PalettePick","floor":7.0},{"not_picked":["artistmod:DualDash","artistmod:CursedClash"],"picked":"artistmod:TreasureTrove","floor":11.0},{"not_picked":["artistmod:AquaAnnoyance","artistmod:ChosenColors"],"picked":"artistmod:RainbowRazor","floor":12.0},{"not_picked":["artistmod:MysteriousMasterpiece","artistmod:ClearChroma"],"picked":"artistmod:BlueBurst","floor":13.0},{"not_picked":["artistmod:BrownBrush","artistmod:ChromaCrash"],"picked":"artistmod:DarkerDanger","floor":14.0},{"not_picked":["artistmod:BigBrown","artistmod:BanefulBucket"],"picked":"artistmod:ProfoundPurple","floor":16},{"not_picked":["artistmod:CanvasCatapult+1","artistmod:WatercolorWhap"],"picked":"artistmod:BlueBrews","floor":18},{"not_picked":["artistmod:ColoredCollision","artistmod:ShinyShiv"],"picked":"artistmod:BrownBrush","floor":20},{"not_picked":["artistmod:RedRazzing","artistmod:ClearChroma"],"picked":"artistmod:BlueBrews+1","floor":24},{"not_picked":["artistmod:DoubleDraw","artistmod:BrownBrush"],"picked":"artistmod:AquaAnnoyance","floor":27},{"not_picked":["artistmod:BlueBurst","artistmod:ColorfulClobber+1"],"picked":"artistmod:RaringRepaint","floor":28},{"not_picked":["artistmod:BrownBrush","artistmod:RedRage"],"picked":"artistmod:ResourceRampage","floor":29},{"not_picked":["artistmod:IndigoIncapitation","artistmod:ColorfulClobber"],"picked":"artistmod:SimpleStudies","floor":30},{"not_picked":["artistmod:ChromaCrash","artistmod:ColorCopy"],"picked":"artistmod:BigBrown","floor":31},{"not_picked":["artistmod:VibrantVision","artistmod:AquaAnnoyance+1"],"picked":"artistmod:CursedClash","floor":32},{"not_picked":["artistmod:BanefulBucket","artistmod:MagentaMist"],"picked":"artistmod:ProfoundPurple","floor":33},{"not_picked":["artistmod:IndigoIncapitation+1","artistmod:RainbowRazor+1"],"picked":"artistmod:ShinyShiv","floor":35},{"not_picked":["Discovery","Replay:Parry"],"picked":"Panache","floor":37},{"not_picked":["Jack Of All Trades","Master of Strategy"],"picked":"Panacea","floor":37},{"not_picked":["artistmod:DualDash+1","artistmod:PaintbrushPanic+1"],"picked":"artistmod:RainbowReality","floor":39},{"not_picked":["artistmod:CursedClash","artistmod:MagentaMadness+1"],"picked":"artistmod:ClearChroma+1","floor":41},{"not_picked":["artistmod:MagentaMadness+1","artistmod:CursedClash"],"picked":"artistmod:RaringRepaint","floor":45},{"not_picked":["artistmod:AquaAnnoyance","artistmod:BlueBrews+1"],"picked":"artistmod:PrismaticPain+1","floor":48}],"player_experience":515191,"relics_obtained":[{"floor":6.0,"key":"Bird Faced Urn"},{"floor":9.0,"key":"Happy Flower"},{"floor":15,"key":"Matryoshka"},{"floor":24,"key":"theSenshi:FeatherClipsRelic"},{"floor":26,"key":"Replay:Bandana"},{"floor":26,"key":"Dream Catcher"},{"floor":29,"key":"Replay:Baseball"},{"floor":43,"key":"aspiration:Nostalgia"},{"floor":43,"key":"Potion Belt"}],"event_choices":[{"damage_healed":0.0,"max_hp_gain":0.0,"max_hp_loss":0.0,"gold_gain":79.0,"event_name":"Golden Wing","player_choice":"Gained Gold","floor":2.0,"gold_loss":0.0,"damage_taken":0.0},{"damage_healed":0,"gold_gain":0,"player_choice":"Gave Potion","damage_taken":0,"relics_obtained":["Bag of Marbles"],"max_hp_gain":0,"max_hp_loss":0,"event_name":"WeMeetAgain","floor":21,"gold_loss":0},{"damage_healed":0,"gold_gain":100,"player_choice":"Pray","damage_taken":0,"max_hp_gain":0,"max_hp_loss":0,"event_name":"Golden Shrine","floor":22,"gold_loss":0},{"damage_healed":0,"gold_gain":0,"player_choice":"Embrace Madness","damage_taken":10,"max_hp_gain":0,"max_hp_loss":0,"event_name":"Winding Halls","floor":36,"gold_loss":0,"cards_obtained":["Madness","Madness"]},{"damage_healed":0,"gold_gain":3,"player_choice":"1","damage_taken":0,"max_hp_gain":0,"max_hp_loss":0,"event_name":"betterStone:BetterStone","floor":37,"gold_loss":0},{"damage_healed":0,"gold_gain":0,"player_choice":"Obtain Plague Curse","damage_taken":0,"max_hp_gain":0,"max_hp_loss":0,"event_name":"Plague Doctor","floor":38,"gold_loss":0,"cards_obtained":["theForsaken:PlagueCurse"]}],"is_beta":false,"boss_relics":[{"not_picked":["energizedSpire:CursedPentagram","energizedSpire:OgreHead"],"picked":"Cursed Key"},{"not_picked":["Tiny House","ReplayTheSpireMod:DimensionalGlitch"],"picked":"Replay:Bronze Core"}],"items_purged_floors":[42],"is_endless":false,"potions_floor_spawned":[1,3,11,14,16,20,28,29,31,35,41],"ascension_level":0}}