{"host":"5x08nt64u3vxxcfi","time":1610106430,"event":{"mods":["BaseMod","Minty Spire (QoL Compilation)","StSLib","SuperFastMode"],"gold_per_floor":[118,118,71,89,89,89,128,128,128,128,144,169,249,264,264,389,389,389,389,314,314,141,141,141,141,141,141,141,66,66,66,66,66,66,66,66,66,66,66,66,66,17,17,17,17,17,17,17,17,17],"floor_reached":51,"playtime":997,"items_purged":["Zap","Dualcast"],"score":1051,"play_id":"3f6552e5-4125-4c80-b7d5-259ffc32094c","local_time":"20210108204710","is_ascension_mode":true,"campfire_choices":[{"data":"Beam Cell","floor":6.0,"key":"SMITH"},{"data":"Stack","floor":8.0,"key":"SMITH"},{"data":"Echo Form","floor":10.0,"key":"SMITH"},{"data":"Scrape","floor":15.0,"key":"SMITH"},{"data":"Hyperbeam","floor":23,"key":"SMITH"},{"data":"Go for the Eyes","floor":30,"key":"SMITH"},{"data":"Beam Cell","floor":32,"key":"SMITH"},{"data":"Double Energy","floor":40,"key":"SMITH"},{"data":"Hyperbeam","floor":46,"key":"SMITH"},{"data":"Hyperbeam","floor":49,"key":"SMITH"}],"circlet_count":0,"master_deck":["Defend_B","Defend_B","Steam","Beam Cell+1","Stack+1","Echo Form+1","Gash","Self Repair","Scrape+1","Gash","Hyperbeam+1","Go for the Eyes+1","Beam Cell+1","FTL","Bite","Bite","Bite","Bite","Bite","Gash+1","Sweeping Beam","Hyperbeam+1","Gash+1","Hyperbeam+1","Double Energy+1","Rebound","Beam Cell+1","Steam"],"relics":["Cracked Core","NeowsBlessing","Singing Bowl","Bottled Tornado","Kunai","Ectoplasm","MutagenicStrength","Unceasing Top","Toy Ornithopter","Blood Vial","Sozu","White Beast Statue","InkBottle","Du-Vu Doll","Peace Pipe"],"acts_visited":["Exordium","TheCity","TheBeyond"],"potions_floor_usage":[27,39,50,50],"damage_taken":[{"damage":0.0,"enemies":"Jaw Worm","floor":1.0,"turns":1.0},{"damage":0.0,"enemies":"Small Slimes","floor":4.0,"turns":1.0},{"damage":0.0,"enemies":"Lagavulin","floor":7.0,"turns":1.0},{"damage":1.0,"enemies":"2 Louse","floor":11.0,"turns":2.0},{"damage":6.0,"enemies":"Large Slime","floor":12.0,"turns":6.0},{"damage":14.0,"enemies":"3 Sentries","floor":13.0,"turns":6.0},{"damage":8.0,"enemies":"2 Fungi Beasts","floor":14.0,"turns":4.0},{"damage":29.0,"enemies":"The Guardian","floor":16.0,"turns":9.0},{"damage":10.0,"enemies":"Shell Parasite","floor":18.0,"turns":4.0},{"damage":33,"enemies":"Spheric Guardian","floor":21,"turns":4},{"damage":25,"enemies":"Slavers","floor":24,"turns":2},{"damage":8,"enemies":"Gremlin Leader","floor":27,"turns":5},{"damage":18,"enemies":"Snecko","floor":28,"turns":4},{"damage":24,"enemies":"Snake Plant","floor":31,"turns":4},{"damage":0,"enemies":"Collector","floor":33,"turns":5},{"damage":14,"enemies":"Orb Walker","floor":35,"turns":3},{"damage":17,"enemies":"3 Shapes","floor":36,"turns":4},{"damage":30,"enemies":"Writhing Mass","floor":39,"turns":4},{"damage":13,"enemies":"Giant Head","floor":41,"turns":4},{"damage":11,"enemies":"2 Orb Walkers","floor":44,"turns":2},{"damage":14,"enemies":"Maw","floor":48,"turns":3},{"damage":34,"enemies":"Donu and Deca","floor":50,"turns":3}],"seed_played":"-8484227519219495198","potions_obtained":[{"floor":4.0,"key":"BlessingOfTheForge"},{"floor":7.0,"key":"Ancient Potion"},{"floor":12.0,"key":"GamblersBrew"},{"floor":13.0,"key":"Dexterity Potion"},{"floor":14.0,"key":"Strength Potion"},{"floor":21,"key":"SkillPotion"},{"floor":31,"key":"DistilledChaos"},{"floor":33,"key":"SpeedPotion"}],"is_trial":false,"path_per_floor":["M","?","$","M","?","R","E","R","T","R","M","M","?","M","R","B",null,"M","?","$","M","$","R","E","?","T","E","M","?","R","M","R","B",null,"M","M","?","?","M","R","E","$","T","?","?","R","T","M","R","B",null],"character_chosen":"DEFECT","items_purchased":["Beam Cell","FTL","Rebound"],"campfire_rested":0,"item_purchase_floors":[3,22,42],"current_hp_per_floor":[75,80,80,80,60,60,60,60,60,60,59,53,39,38,38,9,62,66,66,66,47,47,47,24,24,24,45,42,42,42,35,35,48,56,59,52,52,52,46,46,54,54,54,49,49,49,49,49,49,29],"gold":17,"neow_bonus":"THREE_ENEMY_KILL","is_daily":false,"chose_seed":false,"campfire_upgraded":10,"win_rate":0.0,"timestamp":1610106430,"path_taken":["M","?","$","M","?","R","E","R","T","R","M","M","?","M","R","BOSS","M","?","$","M","$","R","E","?","T","E","M","?","R","M","R","BOSS","M","M","?","?","?","R","E","?","T","?","?","R","?","M","R","BOSS"],"items_purchased_type":["Card","Card","Card"],"build_version":"2020-12-22","purchased_purges":2,"victory":true,"max_hp_per_floor":[75,80,80,80,80,80,80,80,80,80,80,80,80,80,80,80,80,80,80,80,80,80,80,82,57,57,57,57,57,57,59,59,59,59,59,59,59,59,59,59,61,61,61,61,61,61,61,61,61,61],"card_choices":[{"not_picked":["Blizzard","Cold Snap"],"picked":"Steam","floor":1.0},{"not_picked":["Redo","Sweeping Beam"],"picked":"Stack","floor":4.0},{"not_picked":["Skim","Leap"],"picked":"Echo Form","floor":7.0},{"not_picked":["Go for the Eyes","Double Energy"],"picked":"Gash","floor":11.0},{"not_picked":["Sweeping Beam","Rebound"],"picked":"Self Repair","floor":12.0},{"not_picked":["Turbo","Ball Lightning"],"picked":"Scrape","floor":13.0},{"not_picked":["Echo Form","Coolheaded"],"picked":"Gash","floor":14.0},{"not_picked":["Fission","Multi-Cast"],"picked":"Hyperbeam","floor":16.0},{"not_picked":["Loop","Redo+1"],"picked":"Go for the Eyes","floor":18.0},{"not_picked":["Chill","Barrage+1"],"picked":"Beam Cell","floor":21},{"not_picked":["Beam Cell","Meteor Strike","Undo"],"picked":"Singing Bowl","floor":24},{"not_picked":["Fusion","Hologram"],"picked":"Gash+1","floor":27},{"not_picked":["Leap","Hello World"],"picked":"Sweeping Beam","floor":28},{"not_picked":["Defragment","Leap","Conserve Battery"],"picked":"Singing Bowl","floor":31},{"not_picked":["Core Surge","Machine Learning"],"picked":"Hyperbeam","floor":33},{"not_picked":["Coolheaded","Steam"],"picked":"Gash+1","floor":35},{"not_picked":["Compile Driver","Rebound"],"picked":"Hyperbeam","floor":36},{"not_picked":["Turbo","Streamline"],"picked":"Double Energy","floor":39},{"not_picked":["Genetic Algorithm","Leap+1","Rebound"],"picked":"Singing Bowl","floor":41},{"not_picked":["Streamline+1","Rip and Tear"],"picked":"Beam Cell+1","floor":44},{"not_picked":["Heatsinks+1","White Noise"],"picked":"Steam","floor":48}],"player_experience":65595,"relics_obtained":[{"floor":7.0,"key":"Singing Bowl"},{"floor":9.0,"key":"Bottled Tornado"},{"floor":13.0,"key":"Kunai"},{"floor":24,"key":"Unceasing Top"},{"floor":26,"key":"Toy Ornithopter"},{"floor":27,"key":"Blood Vial"},{"floor":41,"key":"White Beast Statue"},{"floor":43,"key":"InkBottle"},{"floor":44,"key":"Du-Vu Doll"},{"floor":47,"key":"Peace Pipe"}],"event_choices":[{"damage_healed":0.0,"max_hp_gain":5.0,"max_hp_loss":0.0,"gold_gain":0.0,"event_name":"Big Fish","player_choice":"Donut","floor":2.0,"gold_loss":0.0,"damage_taken":0.0},{"damage_healed":0.0,"max_hp_gain":0.0,"max_hp_loss":0.0,"gold_gain":0.0,"event_name":"Golden Idol","player_choice":"Take Damage","floor":5.0,"gold_loss":0.0,"damage_taken":20.0,"relics_obtained":["Golden Idol"]},{"damage_healed":0.0,"max_hp_gain":0.0,"max_hp_loss":0.0,"gold_gain":0.0,"event_name":"Dead Adventurer","player_choice":"Searched \u00271\u0027 times","floor":13.0,"gold_loss":0.0,"damage_taken":0.0},{"damage_healed":0.0,"max_hp_gain":0.0,"max_hp_loss":0.0,"gold_gain":0.0,"event_name":"Drug Dealer","player_choice":"Inject Mutagens","floor":19.0,"gold_loss":0.0,"damage_taken":0.0,"relics_obtained":["MutagenicStrength"]},{"damage_healed":0,"gold_gain":0,"player_choice":"Became a vampire","damage_taken":0,"max_hp_gain":0,"max_hp_loss":25,"event_name":"Vampires","floor":25,"gold_loss":0,"cards_obtained":["Bite","Bite","Bite","Bite","Bite"]},{"cards_removed":["Defend_B"],"damage_healed":0,"gold_gain":0,"player_choice":"Gave Gold","damage_taken":0,"max_hp_gain":0,"max_hp_loss":0,"event_name":"Beggar","floor":29,"gold_loss":75},{"cards_removed":["Defend_B"],"damage_healed":0,"gold_gain":0,"player_choice":"Removed Skill","damage_taken":0,"max_hp_gain":0,"max_hp_loss":0,"event_name":"Falling","floor":37,"gold_loss":0},{"damage_healed":0,"gold_gain":0,"player_choice":"Ignored","damage_taken":0,"max_hp_gain":0,"max_hp_loss":0,"event_name":"Transmorgrifier","floor":38,"gold_loss":0},{"damage_healed":0,"gold_gain":0,"player_choice":"Fight","damage_taken":0,"max_hp_gain":0,"max_hp_loss":0,"event_name":"Mysterious Sphere","floor":44,"gold_loss":0},{"damage_healed":0,"gold_gain":333,"player_choice":"Gave Idol","damage_taken":0,"max_hp_gain":0,"max_hp_loss":0,"event_name":"The Moai Head","floor":45,"relics_lost":["Golden Idol"],"gold_loss":0}],"is_beta":false,"boss_relics":[{"not_picked":["FrozenCore","Astrolabe"],"picked":"Ectoplasm"},{"not_picked":["Cursed Key","SacredBark"],"picked":"Sozu"}],"items_purged_floors":[20,22],"is_endless":false,"potions_floor_spawned":[4,7,12,13,14,21,31,33,36,44,48],"ascension_level":5}}