{"host":"d4km6p8r92tm3vpl","time":1610091547,"event":{"mods":["AchievementEnabler","BaseMod","Colored Map","Colored Powertips","DeckTracker","Minty Spire (QoL Compilation)","Relic Stats","StSLib"],"gold_per_floor":[117,192,192,210,59,75,75,101,126,126,126,157,167,181,181,277,277,294,150,170,186,186,186,186,213,213,128,203,203,215,241,241,340,340,359,409,462,32,50,78,78,0,24,69,101,101,101,135,135,135,135],"floor_reached":50,"playtime":1946,"items_purged":["Strike_P"],"score":1083,"play_id":"5a88080d-05f5-4ca5-8450-6a3fc8da973d","local_time":"20210108023907","is_ascension_mode":true,"campfire_choices":[{"data":"SandsOfTime","floor":7,"key":"SMITH"},{"data":"Crescendo","floor":11,"key":"SMITH"},{"floor":15,"key":"REST"},{"data":"BattleHymn","floor":23,"key":"SMITH"},{"data":"Establishment","floor":29,"key":"SMITH"},{"data":"Ghostly","floor":32,"key":"SMITH"},{"floor":41,"key":"REST"},{"floor":47,"key":"REST"},{"floor":49,"key":"RECALL"}],"circlet_count":0,"master_deck":["AscendersBane","Strike_P","Defend_P","Defend_P","Defend_P","Defend_P","Eruption","Vigilance+1","Crescendo+1","SandsOfTime+1","BattleHymn+1","EmptyBody+1","DeceiveReality","Conclude","Establishment+1","Evaluate","ThirdEye","Wireheading+1","InnerPeace+1","Nirvana+1","Ghostly+1","Ghostly","Ghostly","Ghostly","Ghostly","Wireheading","Protect","Adaptation+1","EmptyMind","FearNoEvil","Tantrum","WaveOfTheHand","Shame","Doubt","FlurryOfBlows+1","Ragnarok"],"relics":["PureWater","Bag of Preparation","Letter Opener","Ancient Tea Set","Nunchaku","Empty Cage","Orrery","Centennial Puzzle","Matryoshka","Lantern","The Courier","Juzu Bracelet","Akabeko","Cursed Key","Prayer Wheel","FossilizedHelix","Kunai","War Paint","Happy Flower","Red Mask","Strawberry","Dream Catcher","Darkstone Periapt","Potion Belt"],"acts_visited":["Exordium","TheCity","TheBeyond"],"potions_floor_usage":[6,8,12,33,33,36,40,40,48,50],"damage_taken":[{"damage":2,"enemies":"Jaw Worm","floor":1,"turns":4},{"damage":0,"enemies":"2 Louse","floor":4,"turns":3},{"damage":0,"enemies":"Small Slimes","floor":6,"turns":3},{"damage":20,"enemies":"3 Sentries","floor":8,"turns":4},{"damage":36,"enemies":"Gremlin Nob","floor":12,"turns":3},{"damage":0,"enemies":"Exordium Thugs","floor":13,"turns":3},{"damage":3,"enemies":"Looter","floor":14,"turns":4},{"damage":0,"enemies":"Slime Boss","floor":16,"turns":4},{"damage":15,"enemies":"2 Thieves","floor":18,"turns":3},{"damage":0,"enemies":"3 Byrds","floor":20,"turns":4},{"damage":10,"enemies":"Centurion and Healer","floor":21,"turns":5},{"damage":5,"enemies":"Gremlin Leader","floor":25,"turns":6},{"damage":0,"enemies":"Snecko","floor":30,"turns":4},{"damage":1,"enemies":"Book of Stabbing","floor":31,"turns":4},{"damage":25,"enemies":"Collector","floor":33,"turns":12},{"damage":10,"enemies":"3 Darklings","floor":35,"turns":4},{"damage":5,"enemies":"Mind Bloom Boss Battle","floor":36,"turns":6},{"damage":0,"enemies":"2 Orb Walkers","floor":37,"turns":6},{"damage":0,"enemies":"Orb Walker","floor":39,"turns":4},{"damage":0,"enemies":"Giant Head","floor":40,"turns":7},{"damage":0,"enemies":"Nemesis","floor":45,"turns":5},{"damage":20,"enemies":"Reptomancer","floor":48,"turns":7},{"damage":103,"enemies":"Time Eater","floor":50,"turns":11}],"seed_played":"6176481679295561164","potions_obtained":[{"floor":0,"key":"Regen Potion"},{"floor":0,"key":"FairyPotion"},{"floor":0,"key":"Fruit Juice"},{"floor":6,"key":"PowerPotion"},{"floor":12,"key":"LiquidBronze"},{"floor":16,"key":"Swift Potion"},{"floor":20,"key":"Regen Potion"},{"floor":21,"key":"Ambrosia"},{"floor":35,"key":"Explosive Potion"},{"floor":36,"key":"Ambrosia"},{"floor":39,"key":"StancePotion"},{"floor":45,"key":"Block Potion"}],"is_trial":false,"path_per_floor":["M","?","?","M","$","M","R","E","T","?","R","E","M","M","R","B",null,"M","$","M","M","?","R","?","E","T","?","?","R","M","E","R","B",null,"M","?","?","$","M","E","R","?","T","T","E","?","R","E","R","B"],"character_chosen":"WATCHER","items_purchased":["BattleHymn","Orrery","FearNoEvil","Tantrum","Kunai","War Paint"],"campfire_rested":3,"item_purchase_floors":[5,19,38,38,38,38],"current_hp_per_floor":[63,52,40,40,40,45,45,34,34,34,34,23,23,20,43,43,69,54,54,54,44,44,44,38,33,33,33,30,30,30,29,29,9,31,21,16,16,16,16,16,27,27,34,34,34,34,45,25,25,0,0],"gold":135,"neow_bonus":"THREE_SMALL_POTIONS","is_daily":false,"chose_seed":false,"campfire_upgraded":5,"win_rate":0.0,"timestamp":1610091547,"path_taken":["M","?","?","M","$","M","R","E","T","?","R","E","?","M","R","BOSS","M","$","M","M","?","R","?","E","T","?","?","R","M","E","R","BOSS","M","?","?","$","M","E","R","?","T","?","E","?","R","E","R","BOSS"],"items_purchased_type":["Card","Relic","Card","Card","Relic","Relic"],"build_version":"2020-12-22","purchased_purges":1,"victory":false,"max_hp_per_floor":[72,72,72,72,72,77,77,77,77,77,77,77,77,77,77,77,77,77,77,77,77,77,77,38,38,38,38,38,38,38,38,38,38,38,38,38,38,38,38,38,38,38,45,45,45,45,45,45,45,45,45],"relic_stats":{"Darkstone Periapt":0,"Happy Flower":[7],"counters":[23,116],"Bag of Preparation":[44],"Juzu Bracelet":1,"Letter Opener":[295],"War Paint":["Vigilance","EmptyBody"],"Cursed Key":2,"Nunchaku":[17],"Centennial Puzzle":[21],"Dream Catcher":1,"Prayer Wheel":1,"Kunai":[14],"obtain_stats":[{"Darkstone Periapt":45,"Potion Belt":48,"Lantern":26,"Happy Flower":40,"The Courier":26,"Bag of Preparation":3,"Juzu Bracelet":27,"Letter Opener":8,"War Paint":38,"Ancient Tea Set":9,"Empty Cage":17,"Cursed Key":34,"Akabeko":31,"Nunchaku":12,"Centennial Puzzle":22,"Dream Catcher":44,"Matryoshka":25,"Strawberry":43,"Orrery":19,"Prayer Wheel":36,"Red Mask":42,"Kunai":38,"PureWater":0,"FossilizedHelix":37},{"Darkstone Periapt":21,"Potion Belt":22,"Lantern":12,"Happy Flower":20,"The Courier":12,"Bag of Preparation":1,"Juzu Bracelet":12,"Letter Opener":4,"War Paint":18,"Ancient Tea Set":4,"Empty Cage":8,"Cursed Key":15,"Akabeko":14,"Nunchaku":5,"Centennial Puzzle":11,"Dream Catcher":20,"Matryoshka":12,"Strawberry":20,"Orrery":9,"Prayer Wheel":17,"Red Mask":20,"Kunai":18,"PureWater":0,"FossilizedHelix":18},{"Darkstone Periapt":98,"Potion Belt":105,"Lantern":46,"Happy Flower":93,"The Courier":46,"Bag of Preparation":4,"Juzu Bracelet":46,"Letter Opener":14,"War Paint":82,"Ancient Tea Set":14,"Empty Cage":28,"Cursed Key":66,"Akabeko":54,"Nunchaku":17,"Centennial Puzzle":40,"Dream Catcher":93,"Matryoshka":46,"Strawberry":93,"Orrery":31,"Prayer Wheel":76,"Red Mask":93,"Kunai":82,"PureWater":0,"FossilizedHelix":82}]},"card_choices":[{"not_picked":["Swivel","DeceiveReality"],"picked":"Crescendo","floor":1},{"not_picked":["CutThroughFate","Study"],"picked":"SandsOfTime","floor":4},{"not_picked":["FlyingSleeves","CrushJoints"],"picked":"EmptyBody","floor":6},{"not_picked":["PathToVictory","BowlingBash"],"picked":"DeceiveReality","floor":8},{"not_picked":["Halt","ForeignInfluence","Devotion"],"picked":"SKIP","floor":12},{"not_picked":["CrushJoints","WaveOfTheHand","SignatureMove"],"picked":"SKIP","floor":13},{"not_picked":["JustLucky","FollowUp"],"picked":"Conclude","floor":14},{"not_picked":["MasterReality","DevaForm"],"picked":"Establishment","floor":16},{"not_picked":["Halt","Pray"],"picked":"Evaluate","floor":18},{"not_picked":["JustLucky","Prostrate"],"picked":"ThirdEye","floor":19},{"not_picked":["ConjureBlade","Swivel"],"picked":"Wireheading+1","floor":19},{"not_picked":["WreathOfFlame","Evaluate+1"],"picked":"InnerPeace+1","floor":19},{"not_picked":["ThirdEye","Consecrate"],"picked":"Nirvana+1","floor":20},{"not_picked":["Crescendo+1","Evaluate","FollowUp"],"picked":"SKIP","floor":21},{"not_picked":["JustLucky","Perseverance"],"picked":"Wireheading","floor":25},{"not_picked":["Evaluate","Halt+1","JustLucky"],"picked":"SKIP","floor":30},{"not_picked":["Judgement","Devotion","ClearTheMind+1"],"picked":"SKIP","floor":31},{"not_picked":["Crescendo","DeceiveReality+1"],"picked":"Protect","floor":35},{"not_picked":["Pray","FollowUp+1"],"picked":"Adaptation+1","floor":36},{"not_picked":["DeceiveReality+1","Evaluate+1"],"picked":"EmptyMind","floor":37},{"not_picked":["Conclude","PathToVictory+1"],"picked":"WaveOfTheHand","floor":39},{"not_picked":["Conclude","EmptyFist+1","SashWhip"],"picked":"SKIP","floor":39},{"not_picked":["ForeignInfluence+1","Indignation+1","WheelKick"],"picked":"SKIP","floor":40},{"not_picked":["BowlingBash","Nirvana+1"],"picked":"FlurryOfBlows+1","floor":45},{"not_picked":["Protect","Perseverance"],"picked":"FlurryOfBlows+1","floor":47},{"not_picked":["Weave+1","SignatureMove"],"picked":"Ragnarok","floor":48}],"player_experience":818416,"relics_obtained":[{"floor":8,"key":"Letter Opener"},{"floor":9,"key":"Ancient Tea Set"},{"floor":12,"key":"Nunchaku"},{"floor":25,"key":"Matryoshka"},{"floor":26,"key":"Lantern"},{"floor":26,"key":"The Courier"},{"floor":31,"key":"Akabeko"},{"floor":36,"key":"Prayer Wheel"},{"floor":37,"key":"FossilizedHelix"},{"floor":40,"key":"Happy Flower"},{"floor":43,"key":"Strawberry"},{"floor":44,"key":"Dream Catcher"},{"floor":45,"key":"Darkstone Periapt"},{"floor":48,"key":"Potion Belt"}],"event_choices":[{"damage_healed":0,"gold_gain":75,"player_choice":"Gather Gold","damage_taken":11,"max_hp_gain":0,"max_hp_loss":0,"event_name":"World of Goop","floor":2,"gold_loss":0},{"damage_healed":0,"gold_gain":0,"player_choice":"Success","damage_taken":12,"relics_obtained":["Bag of Preparation"],"max_hp_gain":0,"max_hp_loss":0,"event_name":"Scrap Ooze","floor":3,"gold_loss":0},{"damage_healed":0,"gold_gain":0,"player_choice":"Ignored","damage_taken":0,"max_hp_gain":0,"max_hp_loss":0,"event_name":"Liars Game","floor":10,"gold_loss":0},{"damage_healed":0,"gold_gain":0,"player_choice":"Opened","damage_taken":0,"relics_obtained":["Centennial Puzzle"],"max_hp_gain":0,"max_hp_loss":0,"event_name":"The Mausoleum","floor":22,"gold_loss":0},{"damage_healed":0,"gold_gain":0,"player_choice":"Became a Ghost","damage_taken":0,"max_hp_gain":0,"max_hp_loss":39,"event_name":"Ghosts","floor":24,"gold_loss":0,"cards_obtained":["Ghostly","Ghostly","Ghostly","Ghostly","Ghostly"]},{"damage_healed":0,"gold_gain":0,"player_choice":"Obtained Relic","damage_taken":0,"relics_obtained":["Juzu Bracelet"],"max_hp_gain":0,"max_hp_loss":0,"event_name":"Addict","floor":27,"gold_loss":85},{"damage_healed":0,"gold_gain":75,"player_choice":"Touch","damage_taken":3,"max_hp_gain":0,"max_hp_loss":0,"event_name":"FaceTrader","floor":28,"gold_loss":0},{"damage_healed":0,"gold_gain":0,"player_choice":"Fight","damage_taken":0,"max_hp_gain":0,"max_hp_loss":0,"event_name":"MindBloom","floor":36,"gold_loss":0},{"damage_healed":0,"gold_gain":0,"player_choice":"Fight","damage_taken":0,"max_hp_gain":0,"max_hp_loss":0,"event_name":"Mysterious Sphere","floor":37,"gold_loss":0},{"damage_healed":0,"gold_gain":0,"player_choice":"Paid","damage_taken":0,"relics_obtained":["Red Mask"],"max_hp_gain":0,"max_hp_loss":0,"event_name":"Tomb of Lord Red Mask","floor":42,"gold_loss":78},{"cards_removed":["FlurryOfBlows"],"damage_healed":0,"gold_gain":0,"player_choice":"Removed Attack","damage_taken":0,"max_hp_gain":0,"max_hp_loss":0,"event_name":"Falling","floor":46,"gold_loss":0}],"is_beta":false,"boss_relics":[{"not_picked":["Astrolabe","Snecko Eye"],"picked":"Empty Cage"},{"not_picked":["SacredBark","Busted Crown"],"picked":"Cursed Key"}],"items_purged_floors":[5],"is_endless":false,"potions_floor_spawned":[4,6,12,16,20,21,25,30,35,36,39,45],"killed_by":"Time Eater","ascension_level":10}}