{"host":"qq27suot6m8koe0b","time":1610094105,"event":{"mods":["Act Like it!","BaseMod","CapriCore","Chen","Gensokyo","GifTheSpireLib","Koishi","Marisa（霧雨　魔理沙）","Minty Spire (QoL Compilation)","Onozuka Komachi Mod","Reimu（博??梦）","StSLib","The Immortal","The Servant 0.9.4","Yakumo Yukari mod","Youmu（魂魄妖梦）","Yuyuko"],"gold_per_floor":[130,130,145,163,174,174,174],"floor_reached":6,"playtime":417,"items_purged":[],"score":38,"play_id":"02a12167-b41c-4981-94a0-49fa9c1937c7","local_time":"20210108162145","is_ascension_mode":false,"campfire_choices":[],"circlet_count":0,"master_deck":["AT_purpleEX","AT_purpleEX","AT_purpleEX","AT_purpleEX","Defend_purpleEX","Defend_purpleEX","Defend_purpleEX","Observe_purple_1","Observe_purple_2","Umbrella_purple","Boundary_LightAndDark_purple","Mirror_Drifter_purple","StateErode_purple","Bait_HighSpeedFlying_purple"],"relics":["Boundary_crack","Memoryfragments_purpleEX","NeowsBlessing"],"acts_visited":["Exordium"],"potions_floor_usage":[],"damage_taken":[{"damage":0,"enemies":"Small Slimes","floor":1,"turns":1},{"damage":0,"enemies":"Cultist","floor":3,"turns":1},{"damage":0,"enemies":"Jaw Worm","floor":4,"turns":1},{"damage":6,"enemies":"Blue Slaver","floor":5,"turns":3},{"damage":65,"enemies":"Lagavulin","floor":6,"turns":8}],"seed_played":"-8447413296696153366","potions_obtained":[{"floor":1,"key":"SmokeBomb"},{"floor":3,"key":"SpeedPotion"}],"is_trial":false,"path_per_floor":["M","?","M","M","M","E"],"character_chosen":"Youkari","items_purchased":[],"campfire_rested":0,"item_purchase_floors":[],"current_hp_per_floor":[70,70,70,70,65,0,0],"gold":174,"neow_bonus":"THREE_ENEMY_KILL","is_daily":false,"chose_seed":false,"campfire_upgraded":0,"win_rate":0.0,"timestamp":1610094105,"path_taken":["M","?","M","M","M","E"],"items_purchased_type":[],"build_version":"2020-12-22","purchased_purges":0,"victory":false,"max_hp_per_floor":[70,70,70,70,70,70,70],"card_choices":[{"not_picked":["Yakumo_Ran_purple","Line_surface_state_purple"],"picked":"Umbrella_purple","floor":1},{"not_picked":["Worldmountain_purple","Boundary_DreamRealityDamnation_purple"],"picked":"Mirror_Drifter_purple","floor":3},{"not_picked":["MeetDecomposer_purple","StateDuplicate_purple"],"picked":"StateErode_purple","floor":4},{"not_picked":["RuleDissolution_purple","ButterflyHabitatTemple_purple"],"picked":"Bait_HighSpeedFlying_purple","floor":5}],"player_experience":331293,"relics_obtained":[],"event_choices":[{"damage_healed":0,"gold_gain":0,"cards_transformed":["Defend_purpleEX"],"player_choice":"Change","damage_taken":0,"max_hp_gain":0,"max_hp_loss":0,"event_name":"Living Wall","floor":2,"gold_loss":0,"cards_obtained":["Boundary_LightAndDark_purple"]}],"is_beta":false,"boss_relics":[],"items_purged_floors":[],"is_endless":false,"potions_floor_spawned":[1,3],"killed_by":"Lagavulin","ascension_level":0}}