{"host":"19oeygk4edom25m1","time":1610073185,"event":{"mods":["2.2 Compatiblity","BaseMod","Better Note","Better Third Choice","Colored Map","Colored Powertips","Curses Come First","Downfall","Hermit","Highlight Path","Hubris","Infinite Spire","Minty Spire (QoL Compilation)","Rare Cards Sparkle","Replay The Spire","Shop Mod","StSLib","The Jungle","The Marked","The Mystic"],"gold_per_floor":[19,36,0,0,17,17,37,37,37,52,77,77,88,101,101,202,202,216,227,23,23,23,35,35,35],"floor_reached":24,"playtime":1359,"items_purged":[],"score":200,"play_id":"2e354dc9-27cf-4196-889f-587ef15b3ac3","local_time":"20210108003305","is_ascension_mode":false,"campfire_choices":[{"data":"Sunder","floor":6,"key":"SMITH"},{"data":"Hologram","floor":12,"key":"SMITH"},{"floor":15,"key":"REST"}],"circlet_count":0,"master_deck":["Strike_B","Strike_B","Strike_B","Strike_B","Defend_B","Defend_B","Defend_B","Defend_B","Zap","Dualcast","ReplayTheSpireMod:Omega Cannon","Leap","Sunder+1","Enlightenment+1","Conserve Battery","Rebound","Hologram+1","Sweeping Beam","Echo Form","Stack","Streamline","Force Field","Sweeping Beam","ReplayTheSpireMod:Necrogeddon","Panic Button","Defend_B","ReplayTheSpireMod:Fabricate Wheel","Clumsy","Loop","All For One"],"relics":["Cracked Core","Replay:Bottled Flurry","Vajra","Ring of Chaos","Prayer Wheel"],"acts_visited":["Exordium","TheCity"],"potions_floor_usage":[],"damage_taken":[{"damage":0,"enemies":"Cultist","floor":1,"turns":2},{"damage":6,"enemies":"Jaw Worm","floor":2,"turns":2},{"damage":0,"enemies":"2 Louse","floor":5,"turns":2},{"damage":0,"enemies":"Red Slaver","floor":7,"turns":1},{"damage":3,"enemies":"Exordium Thugs","floor":10,"turns":2},{"damage":2,"enemies":"Replay:BlueRogue","floor":11,"turns":4},{"damage":2,"enemies":"Blue Slaver","floor":13,"turns":3},{"damage":10,"enemies":"Lots of Slimes","floor":14,"turns":2},{"damage":2,"enemies":"Slime Boss","floor":16,"turns":6},{"damage":21,"enemies":"Shell Parasite","floor":18,"turns":4},{"damage":21,"enemies":"Spheric Guardian","floor":19,"turns":5},{"damage":30,"enemies":"Centurion and Healer","floor":23,"turns":5},{"damage":18,"enemies":"Cultist and Chosen","floor":24,"turns":4}],"seed_played":"5503072660094107838","potions_obtained":[{"floor":2,"key":"DuplicationPotion"},{"floor":10,"key":"SpeedPotion"},{"floor":11,"key":"Milkshake"}],"is_trial":false,"path_per_floor":["M","M","?","$","M","R","M","?","T","M","E","R","M","M","R","B",null,"M","M","$","?","?","M","M"],"character_chosen":"DEFECT","items_purchased":["ReplayTheSpireMod:Necrogeddon","Panic Button"],"campfire_rested":1,"item_purchase_floors":[20,20],"current_hp_per_floor":[75,69,75,75,75,75,75,75,75,72,70,70,68,58,81,79,81,60,39,39,39,39,9,0,0],"gold":35,"neow_bonus":"THREE_RARE_CARDS","is_daily":false,"chose_seed":false,"campfire_upgraded":2,"win_rate":0.0,"timestamp":1610073185,"path_taken":["M","?","?","$","M","R","M","?","T","?","E","R","M","M","R","BOSS","M","M","$","?","?","M","M"],"items_purchased_type":["Card","Card"],"build_version":"2020-12-22","purchased_purges":0,"victory":false,"max_hp_per_floor":[75,75,81,81,81,81,81,81,81,81,81,81,81,81,81,81,81,81,81,81,81,81,81,81,81],"card_choices":[{"not_picked":["ReplayTheSpireMod:Fabricate Wheel","Meteor Strike"],"picked":"ReplayTheSpireMod:Omega Cannon","floor":0},{"not_picked":["Redo","ReplaySolidLightProjector"],"picked":"Leap","floor":1},{"not_picked":["Ball Lightning","ReplayGash"],"picked":"Sunder","floor":2},{"not_picked":["Coolheaded","Go for the Eyes"],"picked":"Conserve Battery","floor":5},{"not_picked":["Static Discharge","Coolheaded"],"picked":"Rebound","floor":7},{"not_picked":["ReplayTheSpireMod:GoodbyeWorld","Conserve Battery"],"picked":"Hologram","floor":10},{"not_picked":["Tempest","Compile Driver"],"picked":"Sweeping Beam","floor":11},{"not_picked":["FTL","Barrage"],"picked":"Echo Form","floor":13},{"not_picked":["Double Energy","ReplayTheSpireMod:Reroute Power"],"picked":"Stack","floor":14},{"not_picked":["Meteor Strike","ReplayRNGCard"],"picked":"ReplayTheSpireMod:Fabricate Wheel","floor":16},{"not_picked":["Conserve Battery","Coolheaded"],"picked":"Streamline","floor":18},{"not_picked":["ReplayTheSpireMod:Calculation Training","Double Energy"],"picked":"Force Field","floor":19},{"not_picked":["Leap+1","Coolheaded+1"],"picked":"Sweeping Beam","floor":19},{"not_picked":["Redo","Panic Button"],"picked":"Loop","floor":23},{"not_picked":["Turbo+1","Rip and Tear"],"picked":"All For One","floor":23}],"player_experience":272433,"relics_obtained":[{"floor":9,"key":"Replay:Bottled Flurry"},{"floor":11,"key":"Vajra"}],"event_choices":[{"damage_healed":0,"gold_gain":0,"player_choice":"RENOUNCE","damage_taken":36,"max_hp_gain":0,"max_hp_loss":0,"event_name":"betterThird:BetterSerpent","floor":3,"gold_loss":36,"cards_obtained":["Enlightenment"]},{"damage_healed":0,"gold_gain":0,"player_choice":"Forge","damage_taken":0,"max_hp_gain":0,"max_hp_loss":0,"event_name":"Accursed Blacksmith","floor":8,"gold_loss":0,"cards_upgraded":["Enlightenment"]},{"cards_removed":["Defend_B"],"damage_healed":0,"gold_gain":0,"player_choice":"Take \u0026 Give","damage_taken":0,"max_hp_gain":0,"max_hp_loss":0,"event_name":"betterNote:BetterNote","floor":21,"gold_loss":0,"cards_obtained":["Defend_B"]},{"damage_healed":0,"gold_gain":0,"player_choice":"2 cards matched","damage_taken":0,"max_hp_gain":0,"max_hp_loss":0,"event_name":"Match and Keep!","floor":22,"gold_loss":0,"cards_obtained":["ReplayTheSpireMod:Fabricate Wheel","Clumsy"]}],"is_beta":false,"boss_relics":[{"not_picked":["Velvet Choker","Cursed Key"],"picked":"Ring of Chaos"}],"items_purged_floors":[],"is_endless":false,"potions_floor_spawned":[2,10,11,14,16],"killed_by":"Cultist and Chosen","ascension_level":0}}