{"host":"w5ovz9boloi14a0g","time":1610080075,"event":{"mods":["BaseMod","Downfall","Googly Eyes","Minty Spire (QoL Compilation)","StSLib","SuperFastMode"],"gold_per_floor":[99,110,172,189,289,307,334,334,364,364,364,464,298,328,346,446,446,446,446,47,60,80,180,180,193,193,210,223,253,264,264,279,279,279,279],"floor_reached":33,"playtime":1457,"items_purged":["Slimebound:Tackle"],"score":302,"play_id":"232206a6-1e0d-45ef-87a4-57de49f1706b","local_time":"20210107222755","is_ascension_mode":false,"campfire_choices":[{"data":"Slimebound:RainOfGoop","floor":1.0,"key":"SMITH"},{"data":"Slimebound:CorrosiveSpit","floor":8.0,"key":"SMITH"},{"floor":11.0,"key":"REST"},{"data":"Slimebound:GrowthPunch","floor":18,"key":"SMITH"},{"data":"Slimebound:LivingWall","floor":26,"key":"SMITH"}],"circlet_count":0,"master_deck":["Slimebound:Strike_Slimebound","Slimebound:Strike_Slimebound","Slimebound:Strike_Slimebound","Slimebound:Defend_Slimebound","Slimebound:Defend_Slimebound","Slimebound:Defend_Slimebound","Slimebound:Defend_Slimebound","Slimebound:Split","Slimebound:CorrosiveSpit+1","Slimebound:RainOfGoop+1","Slimebound:LivingWall+1","Slimebound:SplitMire","Slimebound:Repurpose","Slimebound:FinishingTackle","Slimebound:GrowthPunch+1","Slimebound:LeechEnergy","Slimebound:ItLooksTasty","Slimebound:AcidTongue","Slimebound:GoopSpray","Slimebound:ViciousTackle"],"relics":["Slimebound:AbsorbEndCombat","Matryoshka","Ancient Tea Set","PreservedInsect","Gremlin Horn","TheAbacus","Bottled Lightning","Slimebound:TarBlob","Pantograph","White Beast Statue","Regal Pillow","Shovel","Pear"],"acts_visited":["Exordium","TheCity"],"potions_floor_usage":[32],"damage_taken":[{"damage":4.0,"enemies":"2 Louse","floor":2.0,"turns":2.0},{"damage":30.0,"enemies":"3 Sentries","floor":3.0,"turns":8.0},{"damage":11.0,"enemies":"Jaw Worm","floor":4.0,"turns":2.0},{"damage":9.0,"enemies":"Small Slimes","floor":6.0,"turns":4.0},{"damage":32.0,"enemies":"3 Sentries","floor":9.0,"turns":7.0},{"damage":7.0,"enemies":"downfall:FleeingMerchant","floor":13.0,"turns":4.0},{"damage":15.0,"enemies":"Lagavulin","floor":14.0,"turns":4.0},{"damage":6.0,"enemies":"2 Fungi Beasts","floor":15.0,"turns":3.0},{"damage":73.0,"enemies":"downfall:Ironclad","floor":16.0,"turns":13.0},{"damage":12,"enemies":"downfall:FleeingMerchant","floor":20,"turns":4},{"damage":28,"enemies":"3 Byrds","floor":21,"turns":4},{"damage":12,"enemies":"Shell Parasite","floor":22,"turns":5},{"damage":26,"enemies":"downfall:LadyInBlue","floor":23,"turns":7},{"damage":9,"enemies":"Chosen and Byrds","floor":25,"turns":4},{"damage":17,"enemies":"Snecko","floor":27,"turns":5},{"damage":34,"enemies":"Centurion and Healer","floor":28,"turns":4},{"damage":46,"enemies":"Slavers","floor":29,"turns":4},{"damage":20,"enemies":"Shelled Parasite and Fungi","floor":30,"turns":4},{"damage":16,"enemies":"Sentry and Sphere","floor":32,"turns":5},{"damage":75,"enemies":"downfall:Silent","floor":33,"turns":6}],"seed_played":"8970317338496403472","potions_obtained":[{"floor":2.0,"key":"EssenceOfSteel"},{"floor":14.0,"key":"SkillPotion"},{"floor":15.0,"key":"EntropicBrew"},{"floor":32,"key":"Fruit Juice"}],"is_trial":false,"path_per_floor":["R","M","?","M","?","M","T","R","E","?","R","?","$","E","M","B",null,"R","?","$","M","M","?","T","M","R","M","M","E","M","?","M","B"],"character_chosen":"SLIMEBOUND","items_purchased":["TheAbacus","Pantograph","Slimebound:ItLooksTasty"],"campfire_rested":1,"item_purchase_floors":[13,20,20],"current_hp_per_floor":[60,60,42,41,41,42,42,42,28,28,46,46,49,50,56,15,60,60,60,60,52,60,59,59,60,60,60,44,30,28,28,33,0,0,0],"gold":279,"neow_bonus":"THREE_CARDS","is_daily":false,"chose_seed":false,"campfire_upgraded":4,"win_rate":0.0,"timestamp":1610080075,"path_taken":["R","M","?","M","?","M","T","R","E","?","R","?","$","E","M","BOSS","R","?","$","M","M","?","T","M","R","M","?","E","M","?","M","BOSS"],"items_purchased_type":["Relic","Relic","Card"],"build_version":"2020-12-22","purchased_purges":1,"victory":false,"max_hp_per_floor":[60,60,60,60,60,60,60,60,60,60,60,60,60,60,60,60,60,60,60,60,60,60,60,60,60,60,60,60,70,70,70,75,75,75,75],"card_choices":[{"not_picked":["Slimebound:PressTheAttack","Slimebound:FinishingTackle"],"picked":"Slimebound:RainOfGoop","floor":0.0},{"not_picked":["Slimebound:RainOfGoop","Slimebound:SpikyOuterGoop"],"picked":"Slimebound:LivingWall","floor":2.0},{"not_picked":["Slimebound:TongueLash","Slimebound:SplitLeeching"],"picked":"Slimebound:SplitMire","floor":3.0},{"not_picked":["Slimebound:Equalize","Slimebound:Dissolve"],"picked":"Slimebound:Repurpose","floor":4.0},{"not_picked":["Slimebound:SlimeTap","Slimebound:SlimeBarrage"],"picked":"Slimebound:FinishingTackle","floor":6.0},{"not_picked":["Slimebound:Gluttony","Slimebound:SplitMire"],"picked":"Slimebound:GrowthPunch","floor":9.0},{"not_picked":["Slimebound:ComboTackle","Slimebound:SelfFormingGoo","Slimebound:RainOfGoop"],"picked":"SKIP","floor":13.0},{"not_picked":["Slimebound:SplitBruiser","Slimebound:TongueLash","Slimebound:ForwardTackle"],"picked":"SKIP","floor":14.0},{"not_picked":["Slimebound:RollThrough","Slimebound:GrowthPunch","Slimebound:SplitMire"],"picked":"SKIP","floor":15.0},{"not_picked":["Slimebound:Teamwork","Slimebound:SelfFormingGoo"],"picked":"Slimebound:Overexert","floor":16.0},{"not_picked":["Slimebound:Repurpose","Slimebound:SamplingLick"],"picked":"Slimebound:LeechEnergy","floor":20},{"not_picked":["Slimebound:SplitAcid","Slimebound:Chomp+1"],"picked":"Slimebound:AcidTongue","floor":21},{"not_picked":["Slimebound:SplitAcid","Slimebound:Prepare+1","Slimebound:PressTheAttack+1"],"picked":"SKIP","floor":22},{"not_picked":["Slimebound:FormOfPuddle+1","Slimebound:LeechingTouch+1"],"picked":"Slimebound:GoopSpray","floor":25},{"not_picked":["Slimebound:RollThrough+1","Slimebound:RejuvenatingLick"],"picked":"Slimebound:ViciousTackle","floor":27},{"not_picked":["Slimebound:FinishingTackle","Slimebound:RainOfGoop+1","Slimebound:LeechEnergy"],"picked":"SKIP","floor":28},{"not_picked":["Slimebound:SplitMire","Slimebound:GrowthPunch+1","Slimebound:ComboTackle"],"picked":"SKIP","floor":29},{"not_picked":["Slimebound:Prepare+1","Slimebound:Schlurp+1","Slimebound:SlimeTap"],"picked":"SKIP","floor":30},{"not_picked":["Slimebound:DisruptingSlam","Slimebound:Prepare+1","Slimebound:PressTheAttack"],"picked":"SKIP","floor":32}],"player_experience":69136,"relics_obtained":[{"floor":3.0,"key":"Matryoshka"},{"floor":7.0,"key":"Ancient Tea Set"},{"floor":7.0,"key":"PreservedInsect"},{"floor":9.0,"key":"Gremlin Horn"},{"floor":14.0,"key":"Bottled Lightning"},{"floor":23,"key":"White Beast Statue"},{"floor":24,"key":"Regal Pillow"},{"floor":24,"key":"Shovel"},{"floor":29,"key":"Pear"}],"event_choices":[{"cards_removed":["Slimebound:Overexert"],"damage_healed":0,"gold_gain":0,"player_choice":"Purged","damage_taken":0,"max_hp_gain":0,"max_hp_loss":0,"event_name":"Purifier","floor":31,"gold_loss":0}],"is_beta":false,"boss_relics":[{"not_picked":["Philosopher\u0027s Stone","Snecko Eye"],"picked":"Slimebound:TarBlob"}],"items_purged_floors":[20],"is_endless":false,"potions_floor_spawned":[2,14,15,23,25,27,28,29,30,32],"killed_by":"downfall:Silent","ascension_level":0}}