{"host":"tnsigirk6wurdark","time":1610072689,"event":{"mods":["BaseMod","Colored Map","Colored Powertips","DeckTracker","Highlight Path","Minty Spire (QoL Compilation)","Quick Restart","Relic Sorter","StSLib","SuperFastMode","Synergy Search"],"gold_per_floor":[114,128,128,142,142,170,190,206,233,266,266,280,280,314,314,418,418,391,405,405,405,405,5,16,16,16,50,61,61,73,102,102,102,102],"floor_reached":33,"playtime":2150,"items_purged":[],"score":390,"play_id":"7394a454-ea29-499b-858f-eeb657cb4fde","local_time":"20210108022449","is_ascension_mode":true,"campfire_choices":[{"floor":13,"key":"REST"},{"floor":15,"key":"REST"},{"floor":25,"key":"REST"},{"floor":32,"key":"REST"}],"circlet_count":0,"master_deck":["Strike_G","Strike_G","Strike_G","Defend_G","Defend_G","Defend_G","Defend_G","Defend_G","Survivor","Neutralize","Well Laid Plans","Deadly Poison","Noxious Fumes","Tools of the Trade","Backflip","Calculated Gamble","Deadly Poison","Sucker Punch","Quick Slash","After Image","Bane","Catalyst","Panache","PiercingWail","Poisoned Stab+1","Quick Slash+1"],"relics":["Ring of the Snake","Fusion Hammer","Potion Belt","Ninja Scroll","Orichalcum","Snake Skull","Happy Flower","Enchiridion","Bird Faced Urn","OrangePellets","Blood Vial","CaptainsWheel","Red Mask"],"acts_visited":["Exordium","TheCity"],"potions_floor_usage":[6,6,10,27,27,28,28,31,31],"damage_taken":[{"damage":0,"enemies":"2 Louse","floor":1,"turns":3},{"damage":3,"enemies":"Small Slimes","floor":2,"turns":7},{"damage":0,"enemies":"Cultist","floor":4,"turns":4},{"damage":2,"enemies":"Lagavulin","floor":6,"turns":6},{"damage":17,"enemies":"Exordium Wildlife","floor":7,"turns":5},{"damage":0,"enemies":"Red Slaver","floor":8,"turns":5},{"damage":27,"enemies":"3 Sentries","floor":10,"turns":6},{"damage":1,"enemies":"2 Fungi Beasts","floor":12,"turns":4},{"damage":16,"enemies":"Gremlin Nob","floor":14,"turns":4},{"damage":14,"enemies":"Hexaghost","floor":16,"turns":8},{"damage":8,"enemies":"2 Thieves","floor":18,"turns":5},{"damage":0,"enemies":"Chosen","floor":19,"turns":4},{"damage":2,"enemies":"Snake Plant","floor":24,"turns":4},{"damage":0,"enemies":"Slavers","floor":27,"turns":4},{"damage":21,"enemies":"Cultist and Chosen","floor":28,"turns":7},{"damage":0,"enemies":"Chosen and Byrds","floor":30,"turns":5},{"damage":1,"enemies":"Masked Bandits","floor":31,"turns":2},{"damage":83,"enemies":"Collector","floor":33,"turns":7}],"seed_played":"-5509368907699561372","potions_obtained":[{"floor":1,"key":"Dexterity Potion"},{"floor":4,"key":"PowerPotion"},{"floor":7,"key":"Explosive Potion"},{"floor":12,"key":"Ancient Potion"},{"floor":18,"key":"Energy Potion"},{"floor":19,"key":"GamblersBrew"},{"floor":28,"key":"ColorlessPotion"},{"floor":30,"key":"Energy Potion"}],"is_trial":false,"path_per_floor":["M","M","?","M","?","E","M","M","T","E","?","M","R","E","R","B",null,"M","M","?","?","T","$","M","R","T","E","M","?","M","?","R","B"],"character_chosen":"THE_SILENT","items_purchased":["Panache","OrangePellets","Poison Potion"],"campfire_rested":4,"item_purchase_floors":[23,23,23],"current_hp_per_floor":[77,74,56,56,56,54,37,37,37,10,10,9,32,16,39,25,64,56,56,56,40,40,40,48,71,71,77,58,58,70,77,77,0,0],"gold":102,"neow_bonus":"TEN_PERCENT_HP_BONUS","is_daily":false,"chose_seed":false,"campfire_upgraded":0,"win_rate":0.0,"timestamp":1610072689,"path_taken":["M","M","?","M","?","E","?","M","T","E","?","?","R","E","R","BOSS","M","M","?","?","?","$","M","R","T","E","M","?","?","?","R","BOSS"],"items_purchased_type":["Card","Relic","Potion"],"build_version":"2020-12-22","purchased_purges":0,"victory":false,"max_hp_per_floor":[77,77,77,77,77,77,77,77,77,77,77,77,77,77,77,77,77,77,77,77,77,77,77,77,77,77,77,77,77,77,77,77,77,77],"card_choices":[{"not_picked":["Tactician","Accuracy"],"picked":"Well Laid Plans","floor":1},{"not_picked":["Distraction","Caltrops"],"picked":"Deadly Poison","floor":2},{"not_picked":["Bane","Quick Slash"],"picked":"Noxious Fumes","floor":4},{"not_picked":["Predator","Flying Knee"],"picked":"Tools of the Trade","floor":6},{"not_picked":["Infinite Blades","Choke"],"picked":"Backflip","floor":7},{"not_picked":["Well Laid Plans","Tactician"],"picked":"Calculated Gamble","floor":8},{"not_picked":["Outmaneuver","Blade Dance"],"picked":"Deadly Poison","floor":10},{"not_picked":["Calculated Gamble","Deflect"],"picked":"Sucker Punch","floor":12},{"not_picked":["Slice","Eviscerate"],"picked":"Quick Slash","floor":14},{"not_picked":["Unload","Bullet Time"],"picked":"After Image","floor":16},{"not_picked":["Skewer+1","Infinite Blades","Predator"],"picked":"SKIP","floor":18},{"not_picked":["Cloak And Dagger","Dagger Spray"],"picked":"Bane","floor":19},{"not_picked":["All Out Attack","Prepared","Terror+1"],"picked":"SKIP","floor":24},{"not_picked":["Endless Agony","Flying Knee","Well Laid Plans"],"picked":"SKIP","floor":27},{"not_picked":["Distraction","Eviscerate+1","Endless Agony"],"picked":"SKIP","floor":28},{"not_picked":["Dagger Spray","Tactician"],"picked":"Poisoned Stab+1","floor":30},{"not_picked":["Eviscerate","Backflip"],"picked":"Quick Slash+1","floor":31}],"player_experience":648805,"relics_obtained":[{"floor":6,"key":"Happy Flower"},{"floor":9,"key":"Potion Belt"},{"floor":10,"key":"Orichalcum"},{"floor":14,"key":"Ninja Scroll"},{"floor":21,"key":"Enchiridion"},{"floor":22,"key":"Bird Faced Urn"},{"floor":26,"key":"Blood Vial"},{"floor":27,"key":"CaptainsWheel"},{"floor":31,"key":"Red Mask"}],"event_choices":[{"damage_healed":0,"gold_gain":0,"player_choice":"Success","damage_taken":18,"relics_obtained":["Snake Skull"],"max_hp_gain":0,"max_hp_loss":0,"event_name":"Scrap Ooze","floor":3,"gold_loss":0},{"damage_healed":0,"gold_gain":0,"player_choice":"Leave","damage_taken":0,"max_hp_gain":0,"max_hp_loss":0,"event_name":"FaceTrader","floor":5,"gold_loss":0},{"cards_removed":["Strike_G"],"damage_healed":0,"gold_gain":0,"player_choice":"Offered Basic","damage_taken":0,"max_hp_gain":0,"max_hp_loss":0,"event_name":"Bonfire Elementals","floor":11,"gold_loss":0},{"damage_healed":0,"gold_gain":0,"player_choice":"Read","damage_taken":0,"max_hp_gain":0,"max_hp_loss":0,"event_name":"The Library","floor":20,"gold_loss":0,"cards_obtained":["Catalyst"]},{"damage_healed":0,"gold_gain":0,"player_choice":"Obtained Book","damage_taken":16,"max_hp_gain":0,"max_hp_loss":0,"event_name":"Cursed Tome","floor":21,"gold_loss":0},{"damage_healed":0,"gold_gain":0,"cards_transformed":["Strike_G"],"player_choice":"Transformed","damage_taken":0,"max_hp_gain":0,"max_hp_loss":0,"event_name":"Transmorgrifier","floor":29,"gold_loss":0,"cards_obtained":["PiercingWail"]},{"damage_healed":0,"gold_gain":0,"player_choice":"Fought Bandits","damage_taken":0,"max_hp_gain":0,"max_hp_loss":0,"event_name":"Masked Bandits","floor":31,"gold_loss":0}],"is_beta":false,"boss_relics":[{"not_picked":["Runic Pyramid","Coffee Dripper"],"picked":"Fusion Hammer"}],"items_purged_floors":[],"is_endless":false,"potions_floor_spawned":[1,4,7,12,18,19,28,30],"killed_by":"Collector","ascension_level":5}}