{"host":"a5lz0e76zb3fcwkm","time":1610099213,"event":{"mods":["AchievementEnabler","BaseMod","Colored Map","Colored Powertips","Minty Spire (QoL Compilation)","StSLib","SuperFastMode"],"gold_per_floor":[117,192,192,202,202,202,229,241,264,264,298,45,45,45,45,116,116,129,129,144,156,67,67,99,112,112,37,37,37,51,51,51,51,51],"floor_reached":33,"playtime":507,"items_purged":["Strike_R"],"score":642,"play_id":"12d98a60-b3e0-43d8-a147-4bf75621c511","local_time":"20210108184653","is_ascension_mode":true,"campfire_choices":[{"data":"Spot Weakness","floor":6.0,"key":"SMITH"},{"data":"Inflame","floor":10.0,"key":"SMITH"},{"data":"Heavy Blade","floor":15,"key":"SMITH"},{"data":"Dual Wield","floor":23,"key":"SMITH"},{"data":"Sword Boomerang","floor":29,"key":"SMITH"},{"floor":32,"key":"REST"}],"circlet_count":0,"master_deck":["AscendersBane","Defend_R","Defend_R","Defend_R","Defend_R","Bash+1","Shrug It Off+1","Spot Weakness+1","Inflame+1","Heavy Blade+1","Offering","Sword Boomerang+1","Dual Wield+1","Metallicize","Clothesline"],"relics":["Burning Blood","NeowsBlessing","Red Skull","Blue Candle","PreservedInsect","Anchor","Busted Crown","MealTicket","Regal Pillow"],"acts_visited":["Exordium","TheCity"],"potions_floor_usage":[33,33],"damage_taken":[{"damage":0.0,"enemies":"Jaw Worm","floor":1.0,"turns":1.0},{"damage":0.0,"enemies":"Small Slimes","floor":4.0,"turns":1.0},{"damage":0.0,"enemies":"3 Sentries","floor":7.0,"turns":2.0},{"damage":9.0,"enemies":"2 Louse","floor":8.0,"turns":2.0},{"damage":22.0,"enemies":"Lagavulin","floor":11.0,"turns":5.0},{"damage":23,"enemies":"Slime Boss","floor":16,"turns":5},{"damage":12,"enemies":"2 Thieves","floor":18,"turns":3},{"damage":12,"enemies":"Shell Parasite","floor":20,"turns":2},{"damage":8,"enemies":"Snecko","floor":21,"turns":3},{"damage":6,"enemies":"Gremlin Leader","floor":24,"turns":5},{"damage":25,"enemies":"3 Cultists","floor":25,"turns":4},{"damage":6,"enemies":"Snake Plant","floor":30,"turns":2},{"damage":94,"enemies":"Collector","floor":33,"turns":8}],"seed_played":"6733420357934882917","potions_obtained":[{"floor":4.0,"key":"SkillPotion"},{"floor":7.0,"key":"BlessingOfTheForge"},{"floor":8.0,"key":"SkillPotion"},{"floor":18,"key":"HeartOfIron"},{"floor":19,"key":"EssenceOfSteel"}],"is_trial":false,"path_per_floor":["M","?","?","M","?","R","E","M","T","R","E","$","?","?","R","B",null,"M","?","M","M","$","R","E","M","T","?","$","R","M","?","R","B"],"character_chosen":"IRONCLAD","items_purchased":["Offering","Dual Wield"],"campfire_rested":1,"item_purchase_floors":[12,22],"current_hp_per_floor":[74,63,40,46,35,35,41,38,38,38,22,22,27,27,27,10,63,57,57,51,49,49,49,49,30,30,30,45,45,45,45,80,0,0],"gold":51,"neow_bonus":"THREE_ENEMY_KILL","is_daily":false,"chose_seed":false,"campfire_upgraded":5,"win_rate":0.0,"timestamp":1610099213,"path_taken":["M","?","?","M","?","R","E","M","T","R","E","$","?","?","R","BOSS","M","?","M","M","$","R","E","?","T","?","?","R","M","?","R","BOSS"],"items_purchased_type":["Card","Card"],"build_version":"2020-12-22","purchased_purges":1,"victory":false,"max_hp_per_floor":[75,75,75,75,75,75,75,75,75,75,75,75,80,80,80,80,80,80,80,80,80,80,80,80,80,80,80,80,80,80,80,80,80,80],"card_choices":[{"not_picked":["Warcry","Whirlwind"],"picked":"Shrug It Off","floor":1.0},{"not_picked":["Pummel","Disarm"],"picked":"Spot Weakness","floor":4.0},{"not_picked":["Iron Wave","Armaments"],"picked":"Inflame","floor":7.0},{"not_picked":["Clash","Warcry","Burning Pact"],"picked":"SKIP","floor":8.0},{"not_picked":["Thunderclap","Cleave"],"picked":"Heavy Blade","floor":11.0},{"not_picked":["True Grit"],"picked":"SKIP","floor":18},{"not_picked":[],"picked":"Sword Boomerang","floor":20},{"not_picked":["Pummel"],"picked":"SKIP","floor":21},{"not_picked":["Juggernaut"],"picked":"SKIP","floor":24},{"not_picked":["Heavy Blade"],"picked":"SKIP","floor":25},{"not_picked":["Heavy Blade"],"picked":"SKIP","floor":25},{"not_picked":["Warcry"],"picked":"SKIP","floor":30}],"player_experience":1698358,"relics_obtained":[{"floor":7.0,"key":"Blue Candle"},{"floor":9.0,"key":"PreservedInsect"},{"floor":11.0,"key":"Anchor"},{"floor":24,"key":"MealTicket"},{"floor":26,"key":"Regal Pillow"}],"event_choices":[{"damage_healed":0.0,"max_hp_gain":0.0,"max_hp_loss":0.0,"gold_gain":75.0,"event_name":"World of Goop","player_choice":"Gather Gold","floor":2.0,"gold_loss":0.0,"damage_taken":11.0},{"damage_healed":0.0,"max_hp_gain":0.0,"max_hp_loss":0.0,"gold_gain":0.0,"event_name":"Shining Light","player_choice":"Entered Light","floor":3.0,"gold_loss":0.0,"damage_taken":23.0,"cards_upgraded":["Bash","Shrug It Off"]},{"damage_healed":0.0,"max_hp_gain":0.0,"max_hp_loss":0.0,"gold_gain":0.0,"event_name":"Scrap Ooze","player_choice":"Success","floor":5.0,"gold_loss":0.0,"damage_taken":11.0,"relics_obtained":["Red Skull"]},{"damage_healed":0.0,"max_hp_gain":5.0,"max_hp_loss":0.0,"gold_gain":0.0,"event_name":"Big Fish","player_choice":"Donut","floor":13.0,"gold_loss":0.0,"damage_taken":0.0},{"cards_removed":["Strike_R"],"damage_healed":0,"gold_gain":0,"player_choice":"Forget","damage_taken":0,"max_hp_gain":0,"max_hp_loss":0,"event_name":"Living Wall","floor":14,"gold_loss":0},{"damage_healed":0,"gold_gain":0,"player_choice":"Got Potions","damage_taken":0,"max_hp_gain":0,"max_hp_loss":0,"event_name":"Lab","floor":19,"gold_loss":0},{"cards_removed":["Strike_R"],"damage_healed":0,"gold_gain":0,"player_choice":"Gave Gold","damage_taken":0,"max_hp_gain":0,"max_hp_loss":0,"event_name":"Beggar","floor":27,"gold_loss":75},{"damage_healed":0,"gold_gain":0,"cards_transformed":["Strike_R","Strike_R"],"player_choice":"Became Test Subject","damage_taken":0,"max_hp_gain":0,"max_hp_loss":0,"event_name":"Drug Dealer","floor":31,"gold_loss":0,"cards_obtained":["Metallicize","Clothesline"]}],"is_beta":false,"boss_relics":[{"not_picked":["Philosopher\u0027s Stone","Calling Bell"],"picked":"Busted Crown"}],"items_purged_floors":[12],"is_endless":false,"potions_floor_spawned":[4,7,8,18,25],"killed_by":"Collector","ascension_level":20}}