{"host":"tw7a6rmo9h75ssrt","time":1610090306,"event":{"mods":["AchievementEnabler","Act Like it!","BaseMod","Colored Map","Highlight Path","Minty Spire (QoL Compilation)","Permanent Neow","Quick Restart","Relic Stats","SuperFastMode"],"gold_per_floor":[117,127,127,202,217,217,217,217,217,233,260,277,277,291,291,366,366,381,401,401,401,401],"floor_reached":21,"playtime":464,"items_purged":[],"score":381,"play_id":"2d5f4230-a9c8-4db8-8197-ce689acdf257","local_time":"20210108151826","is_ascension_mode":true,"campfire_choices":[{"data":"Rampage","floor":6.0,"key":"SMITH"},{"data":"Flex","floor":8.0,"key":"SMITH"},{"floor":13.0,"key":"REST"},{"floor":15,"key":"REST"}],"circlet_count":0,"master_deck":["AscendersBane","Strike_R","Strike_R","Strike_R","Strike_R","Defend_R","Defend_R","Defend_R","Defend_R","Bash+1","Flex+1","Rampage+1","Fire Breathing","Carnage","Immolate","Shrug It Off","Dark Embrace+1"],"relics":["Burning Blood","NeowsBlessing","Bronze Scales","Bag of Marbles","Black Star"],"acts_visited":["Exordium","TheCity"],"potions_floor_usage":[14,16,16],"damage_taken":[{"damage":0.0,"enemies":"Cultist","floor":1.0,"turns":1.0},{"damage":0.0,"enemies":"Small Slimes","floor":2.0,"turns":1.0},{"damage":0.0,"enemies":"2 Louse","floor":5.0,"turns":1.0},{"damage":14.0,"enemies":"Red Slaver","floor":10.0,"turns":3.0},{"damage":39.0,"enemies":"3 Sentries","floor":11.0,"turns":8.0},{"damage":11.0,"enemies":"Looter","floor":12.0,"turns":2.0},{"damage":24,"enemies":"Lots of Slimes","floor":14,"turns":3},{"damage":0,"enemies":"Slime Boss","floor":16,"turns":5},{"damage":40,"enemies":"Shell Parasite","floor":18,"turns":5},{"damage":30,"enemies":"Spheric Guardian","floor":19,"turns":4},{"damage":18,"enemies":"Snake Plant","floor":21,"turns":2}],"seed_played":"-4800609251719897175","potions_obtained":[{"floor":2.0,"key":"Dexterity Potion"},{"floor":5.0,"key":"LiquidBronze"},{"floor":12.0,"key":"ColorlessPotion"},{"floor":14,"key":"SkillPotion"},{"floor":18,"key":"Fire Potion"}],"is_trial":false,"path_per_floor":["M","M","?","?","M","R","?","R","T","M","E","M","R","M","R","B",null,"M","M","?","M"],"character_chosen":"IRONCLAD","items_purchased":[],"campfire_rested":2,"item_purchase_floors":[],"current_hp_per_floor":[78,80,80,69,75,75,75,75,75,67,34,29,53,35,59,65,76,42,18,18,0,0],"gold":401,"neow_bonus":"THREE_ENEMY_KILL","is_daily":false,"chose_seed":false,"campfire_upgraded":2,"win_rate":0.0,"timestamp":1610090306,"path_taken":["M","?","?","?","M","R","?","R","T","M","E","?","R","M","R","BOSS","M","M","?","M"],"items_purchased_type":[],"build_version":"2020-12-22","purchased_purges":0,"victory":false,"max_hp_per_floor":[80,80,80,80,80,80,80,80,80,80,80,80,80,80,80,80,80,80,80,80,80,80],"relic_stats":{"counters":[11,35],"Bronze Scales":[81],"Black Star":0,"obtain_stats":[{"NeowsBlessing":0,"Bronze Scales":9,"Bag of Marbles":11,"Black Star":17,"Burning Blood":0},{"NeowsBlessing":0,"Bronze Scales":3,"Bag of Marbles":5,"Black Star":8,"Burning Blood":0},{"NeowsBlessing":0,"Bronze Scales":3,"Bag of Marbles":14,"Black Star":24,"Burning Blood":0}],"Burning Blood":56},"card_choices":[{"not_picked":["Reckless Charge","Anger"],"picked":"Flex","floor":1.0},{"not_picked":["Perfected Strike","Havoc","Warcry"],"picked":"SKIP","floor":2.0},{"not_picked":["Body Slam","Ghostly Armor"],"picked":"Rampage","floor":5.0},{"not_picked":["Pommel Strike","Clothesline","Sever Soul"],"picked":"SKIP","floor":10.0},{"not_picked":["Feel No Pain","Clash","Armaments"],"picked":"SKIP","floor":11.0},{"not_picked":["Berserk","Clash"],"picked":"Fire Breathing","floor":12.0},{"not_picked":["Blood for Blood","Sword Boomerang"],"picked":"Carnage","floor":14},{"not_picked":["Exhume","Impervious"],"picked":"Immolate","floor":16},{"not_picked":["Pummel","Havoc"],"picked":"Shrug It Off","floor":18},{"not_picked":["Thunderclap","Hemokinesis"],"picked":"Dark Embrace+1","floor":19}],"player_experience":101750,"relics_obtained":[{"floor":9.0,"key":"Bronze Scales"},{"floor":11.0,"key":"Bag of Marbles"}],"event_choices":[{"damage_healed":0.0,"max_hp_gain":0.0,"max_hp_loss":0.0,"gold_gain":0.0,"event_name":"Liars Game","player_choice":"Ignored","floor":3.0,"gold_loss":0.0,"damage_taken":0.0},{"damage_healed":0.0,"max_hp_gain":0.0,"max_hp_loss":0.0,"gold_gain":75.0,"event_name":"World of Goop","player_choice":"Gather Gold","floor":4.0,"gold_loss":0.0,"damage_taken":11.0},{"damage_healed":0.0,"max_hp_gain":0.0,"max_hp_loss":0.0,"gold_gain":0.0,"event_name":"Upgrade Shrine","player_choice":"Upgraded","floor":7.0,"gold_loss":0.0,"damage_taken":0.0,"cards_upgraded":["Bash"]},{"cards_removed":["Strike_R"],"damage_healed":0,"gold_gain":0,"player_choice":"Purged","damage_taken":0,"max_hp_gain":0,"max_hp_loss":0,"event_name":"Purifier","floor":20,"gold_loss":0}],"is_beta":false,"boss_relics":[{"not_picked":["Ectoplasm","SlaversCollar"],"picked":"Black Star"}],"items_purged_floors":[],"is_endless":false,"potions_floor_spawned":[2,5,12,14,18],"killed_by":"Snake Plant","ascension_level":13}}