{"host":"y3h3n3f7seyagppx","time":1610122576,"event":{"mods":["BaseMod","Colored Map","Colored Powertips","DeckTracker","Minty Spire (QoL Compilation)","Random Character Button","Rare Cards Sparkle","Relic Sorter","Relic Stats","StSLib"],"gold_per_floor":[112,129,143,143,154,184,184,216,216,246,264,264,279,279,279,356,356,296,296,296,296,296,296,57,57,57,57,57,57,57,57,57,57,57,57,57,57,57,57,57,57,57,57,57,57,57,57,57,57,57,57,57,57,3,3,3],"floor_reached":57,"playtime":6826,"items_purged":["Writhe"],"score":2975,"play_id":"75169859-2000-4c3f-a7d9-f188979f7cc4","local_time":"20210108111616","is_ascension_mode":true,"campfire_choices":[{"floor":7,"key":"REST"},{"data":"Armaments","floor":12,"key":"SMITH"},{"data":"Body Slam","floor":15,"key":"SMITH"},{"data":"Shockwave","floor":25,"key":"SMITH"},{"data":"Spot Weakness","floor":29,"key":"SMITH"},{"data":"Impervious","floor":32,"key":"SMITH"},{"floor":49,"key":"RECALL"},{"floor":53,"key":"REST"}],"circlet_count":0,"master_deck":["AscendersBane","Strike_R","Strike_R","Strike_R","Defend_R","Defend_R","Defend_R","Defend_R+1","Bash","Fire Breathing","Combust+1","Armaments+1","Pommel Strike","Flame Barrier","Body Slam+1","Flame Barrier","Impervious+1","RitualDagger","Spot Weakness+1","Shockwave+1","Infernal Blade","Battle Trance","Sword Boomerang","Impervious+1","Limit Break","Power Through","Spot Weakness+1","Madness","Madness","Finesse","Thinking Ahead","Madness","Burning Pact","Power Through+1","Flame Barrier+1","Havoc+1","Thunderclap+1","True Grit+1","Corruption"],"relics":["Burning Blood","PreservedInsect","HornCleat","Matryoshka","Ornamental Fan","Pen Nib","Paper Frog","Lantern","Ectoplasm","Red Mask","Sundial","Dead Branch","Nunchaku","Bag of Marbles","Oddly Smooth Stone","Gambling Chip","InkBottle","Dream Catcher","SlaversCollar","CeramicFish","Strawberry","Red Skull","Bottled Lightning"],"acts_visited":["Exordium","TheCity","TheBeyond","TheEnding"],"potions_floor_usage":[6,16,20,46,50,55,56],"damage_taken":[{"damage":7,"enemies":"Small Slimes","floor":1,"turns":4},{"damage":9,"enemies":"2 Louse","floor":2,"turns":4},{"damage":8,"enemies":"Jaw Worm","floor":3,"turns":4},{"damage":16,"enemies":"3 Louse","floor":5,"turns":4},{"damage":17,"enemies":"Lagavulin","floor":6,"turns":6},{"damage":8,"enemies":"3 Sentries","floor":8,"turns":4},{"damage":11,"enemies":"Lagavulin","floor":10,"turns":7},{"damage":3,"enemies":"Large Slime","floor":11,"turns":5},{"damage":1,"enemies":"Lots of Slimes","floor":13,"turns":4},{"damage":13,"enemies":"Hexaghost","floor":16,"turns":7},{"damage":2,"enemies":"2 Thieves","floor":18,"turns":3},{"damage":12,"enemies":"Masked Bandits","floor":20,"turns":4},{"damage":3,"enemies":"Slavers","floor":23,"turns":4},{"damage":0,"enemies":"Colosseum Slavers","floor":27,"turns":5},{"damage":3,"enemies":"Colosseum Nobs","floor":27,"turns":3},{"damage":3,"enemies":"Chosen","floor":28,"turns":4},{"damage":4,"enemies":"Gremlin Leader","floor":31,"turns":3},{"damage":39,"enemies":"Collector","floor":33,"turns":7},{"damage":0,"enemies":"Orb Walker","floor":35,"turns":2},{"damage":0,"enemies":"3 Darklings","floor":36,"turns":3},{"damage":6,"enemies":"Transient","floor":37,"turns":6},{"damage":5,"enemies":"Nemesis","floor":40,"turns":5},{"damage":2,"enemies":"Reptomancer","floor":42,"turns":1},{"damage":1,"enemies":"Sphere and 2 Shapes","floor":44,"turns":5},{"damage":15,"enemies":"Spire Growth","floor":45,"turns":3},{"damage":8,"enemies":"Nemesis","floor":46,"turns":7},{"damage":0,"enemies":"3 Darklings","floor":47,"turns":4},{"damage":0,"enemies":"Jaw Worm Horde","floor":48,"turns":3},{"damage":21,"enemies":"Awakened One","floor":50,"turns":11},{"damage":36,"enemies":"Donu and Deca","floor":51,"turns":5},{"damage":19,"enemies":"Shield and Spear","floor":55,"turns":5},{"damage":65,"enemies":"The Heart","floor":56,"turns":7}],"seed_played":"-4116739154966365903","potions_obtained":[{"floor":3,"key":"DistilledChaos"},{"floor":6,"key":"LiquidBronze"},{"floor":10,"key":"CultistPotion"},{"floor":13,"key":"Explosive Potion"},{"floor":16,"key":"Strength Potion"},{"floor":27,"key":"Weak Potion"},{"floor":28,"key":"Swift Potion"},{"floor":42,"key":"Fruit Juice"},{"floor":46,"key":"Fire Potion"},{"floor":47,"key":"EssenceOfSteel"}],"is_trial":false,"path_per_floor":["M","M","M","?","M","E","R","E","T","E","M","R","M","?","R","B",null,"M","?","?","?","?","E","$","R","T","?","M","R","$","E","R","B",null,"M","M","M","?","?","E","?","E","T","M","M","E","M","M","R","B","B",null,"R","$","E","B",null],"character_chosen":"IRONCLAD","items_purchased":["Nunchaku","Swift Potion"],"campfire_rested":2,"item_purchase_floors":[24,54],"current_hp_per_floor":[67,64,62,44,34,23,45,43,43,38,41,41,46,23,23,16,60,64,58,52,52,52,55,55,55,55,64,67,67,67,69,69,36,65,71,75,75,61,51,52,52,63,63,68,59,62,68,74,74,59,29,73,87,87,74,15],"gold":3,"neow_bonus":"RANDOM_COMMON_RELIC","is_daily":false,"chose_seed":false,"campfire_upgraded":5,"win_rate":0.0,"timestamp":1610122576,"path_taken":["M","M","M","?","M","E","R","E","T","E","M","R","M","?","R","BOSS","M","?","?","?","?","E","?","R","T","?","?","R","$","E","R","BOSS","M","M","M","?","?","E","?","E","T","?","M","E","M","M","R","BOSS","BOSS","R","$","E","BOSS"],"items_purchased_type":["Relic","Potion"],"build_version":"2020-12-22","purchased_purges":1,"victory":true,"max_hp_per_floor":[75,75,75,75,75,75,75,75,75,75,75,75,75,75,75,75,75,75,75,75,75,75,75,75,75,75,75,75,75,75,75,75,75,75,75,75,75,75,75,75,75,82,82,82,82,87,87,87,87,87,87,87,87,87,87,87],"relic_stats":{"counters":[32,149],"Dead Branch":[164],"CeramicFish":0,"PreservedInsect":456,"Pen Nib":[20],"Burning Blood":190,"Nunchaku":[14],"Dream Catcher":1,"Ornamental Fan":[112],"Sundial":[6],"Gambling Chip":[44],"Ectoplasm":684,"obtain_stats":[{"Lantern":10,"Dead Branch":23,"CeramicFish":40,"Oddly Smooth Stone":26,"PreservedInsect":0,"Pen Nib":9,"Burning Blood":0,"SlaversCollar":34,"Nunchaku":24,"Dream Catcher":31,"HornCleat":4,"Matryoshka":6,"Ornamental Fan":8,"Sundial":22,"Gambling Chip":27,"Strawberry":42,"Ectoplasm":17,"Red Mask":20,"Bag of Marbles":26,"Bottled Lightning":55,"InkBottle":27,"Red Skull":46,"Paper Frog":9},{"Lantern":7,"Dead Branch":13,"CeramicFish":22,"Oddly Smooth Stone":13,"PreservedInsect":0,"Pen Nib":6,"Burning Blood":0,"SlaversCollar":18,"Nunchaku":13,"Dream Catcher":17,"HornCleat":3,"Matryoshka":5,"Ornamental Fan":6,"Sundial":12,"Gambling Chip":15,"Strawberry":23,"Ectoplasm":10,"Red Mask":12,"Bag of Marbles":13,"Bottled Lightning":31,"InkBottle":15,"Red Skull":26,"Paper Frog":6},{"Lantern":33,"Dead Branch":60,"CeramicFish":98,"Oddly Smooth Stone":60,"PreservedInsect":0,"Pen Nib":26,"Burning Blood":0,"SlaversCollar":82,"Nunchaku":60,"Dream Catcher":75,"HornCleat":12,"Matryoshka":22,"Ornamental Fan":26,"Sundial":56,"Gambling Chip":68,"Strawberry":99,"Ectoplasm":49,"Red Mask":56,"Bag of Marbles":60,"Bottled Lightning":142,"InkBottle":68,"Red Skull":114,"Paper Frog":26}],"InkBottle":[34]},"card_choices":[{"not_picked":["Wild Strike","Feel No Pain"],"picked":"Fire Breathing","floor":1},{"not_picked":["Metallicize","Armaments"],"picked":"Combust","floor":2},{"not_picked":["True Grit","Combust"],"picked":"Armaments","floor":3},{"not_picked":["Twin Strike","Flex"],"picked":"Pommel Strike","floor":5},{"not_picked":["Feel No Pain","Shrug It Off"],"picked":"Flame Barrier","floor":6},{"not_picked":["Wild Strike","Heavy Blade","Cleave"],"picked":"SKIP","floor":8},{"not_picked":["Berserk","Seeing Red"],"picked":"Body Slam","floor":10},{"not_picked":["Inflame","Pommel Strike"],"picked":"Flame Barrier","floor":11},{"not_picked":["Sword Boomerang","Rage","Rupture"],"picked":"SKIP","floor":13},{"not_picked":["Demon Form","Juggernaut"],"picked":"Impervious","floor":16},{"not_picked":["Ghostly Armor","Wild Strike","True Grit"],"picked":"SKIP","floor":18},{"not_picked":["Headbutt","Blood for Blood"],"picked":"Spot Weakness","floor":20},{"not_picked":["Pummel","Rage+1","Heavy Blade"],"picked":"SKIP","floor":23},{"not_picked":["Pummel","Rage+1","Heavy Blade"],"picked":"SKIP","floor":23},{"not_picked":["Disarm","True Grit"],"picked":"Battle Trance","floor":27},{"not_picked":["Pommel Strike","Twin Strike"],"picked":"Sword Boomerang","floor":28},{"not_picked":["Anger","Metallicize"],"picked":"Impervious","floor":31},{"not_picked":["Immolate","Brutality"],"picked":"Limit Break","floor":33},{"not_picked":["Perfected Strike+1","Rampage","Dark Embrace"],"picked":"SKIP","floor":35},{"not_picked":["Infernal Blade","Sword Boomerang+1"],"picked":"Power Through","floor":36},{"not_picked":["Shockwave","Shrug It Off"],"picked":"Spot Weakness+1","floor":37},{"not_picked":["HandOfGreed","Bandage Up"],"picked":"Finesse","floor":39},{"not_picked":["Secret Weapon","Forethought"],"picked":"Thinking Ahead","floor":39},{"not_picked":["Impatience","Flash of Steel"],"picked":"Madness","floor":39},{"not_picked":["Sentinel","Metallicize","Armaments"],"picked":"SKIP","floor":40},{"not_picked":["Cleave","Warcry"],"picked":"Burning Pact","floor":42},{"not_picked":["Seeing Red","Thunderclap"],"picked":"Power Through+1","floor":44},{"not_picked":["Cleave+1","Armaments","Body Slam"],"picked":"SKIP","floor":45},{"not_picked":["Rage","Sword Boomerang"],"picked":"Flame Barrier+1","floor":46},{"not_picked":["Dark Embrace","Cleave+1"],"picked":"Havoc+1","floor":47},{"not_picked":["Armaments","Havoc","Thunderclap+1"],"picked":"SKIP","floor":48},{"not_picked":["Armaments","Havoc"],"picked":"Thunderclap+1","floor":48},{"not_picked":["Armaments+1","Shockwave"],"picked":"True Grit+1","floor":53},{"not_picked":["Cleave","Evolve+1"],"picked":"Corruption","floor":55}],"player_experience":20470896,"relics_obtained":[{"floor":6,"key":"Matryoshka"},{"floor":8,"key":"Ornamental Fan"},{"floor":9,"key":"Pen Nib"},{"floor":9,"key":"Paper Frog"},{"floor":10,"key":"Lantern"},{"floor":20,"key":"Red Mask"},{"floor":23,"key":"Dead Branch"},{"floor":26,"key":"Bag of Marbles"},{"floor":26,"key":"Oddly Smooth Stone"},{"floor":27,"key":"Gambling Chip"},{"floor":27,"key":"InkBottle"},{"floor":31,"key":"Dream Catcher"},{"floor":40,"key":"CeramicFish"},{"floor":42,"key":"Strawberry"},{"floor":46,"key":"Red Skull"},{"floor":55,"key":"Bottled Lightning"}],"event_choices":[{"damage_healed":0,"gold_gain":0,"player_choice":"Success","damage_taken":18,"relics_obtained":["HornCleat"],"max_hp_gain":0,"max_hp_loss":0,"event_name":"Scrap Ooze","floor":4,"gold_loss":0},{"damage_healed":0,"gold_gain":0,"player_choice":"Entered Light","damage_taken":23,"max_hp_gain":0,"max_hp_loss":0,"event_name":"Shining Light","floor":14,"gold_loss":0,"cards_upgraded":["Combust","Defend_R"]},{"damage_healed":0,"gold_gain":0,"player_choice":"Joined the Cult","damage_taken":6,"max_hp_gain":0,"max_hp_loss":0,"event_name":"Nest","floor":19,"gold_loss":0,"cards_obtained":["RitualDagger"]},{"damage_healed":0,"gold_gain":0,"player_choice":"Fought Bandits","damage_taken":0,"max_hp_gain":0,"max_hp_loss":0,"event_name":"Masked Bandits","floor":20,"gold_loss":0},{"damage_healed":0,"gold_gain":0,"cards_transformed":["Strike_R","Strike_R"],"player_choice":"Became Test Subject","damage_taken":0,"max_hp_gain":0,"max_hp_loss":0,"event_name":"Drug Dealer","floor":21,"gold_loss":0,"cards_obtained":["Shockwave","Infernal Blade"]},{"damage_healed":0,"gold_gain":0,"player_choice":"Opened","damage_taken":0,"relics_obtained":["Sundial"],"max_hp_gain":0,"max_hp_loss":0,"event_name":"The Mausoleum","floor":22,"gold_loss":0,"cards_obtained":["Writhe"]},{"damage_healed":0,"gold_gain":0,"player_choice":"Fight","damage_taken":0,"max_hp_gain":0,"max_hp_loss":0,"event_name":"Colosseum","floor":27,"gold_loss":0},{"damage_healed":0,"gold_gain":0,"player_choice":"Fought Nobs","damage_taken":0,"max_hp_gain":0,"max_hp_loss":0,"event_name":"Colosseum","floor":27,"gold_loss":0},{"damage_healed":0,"gold_gain":0,"player_choice":"Embrace Madness","damage_taken":14,"max_hp_gain":0,"max_hp_loss":0,"event_name":"Winding Halls","floor":38,"gold_loss":0,"cards_obtained":["Madness","Madness"]},{"damage_healed":0,"gold_gain":0,"player_choice":"Memory 3","damage_taken":10,"max_hp_gain":0,"max_hp_loss":0,"event_name":"SensoryStone","floor":39,"gold_loss":0},{"damage_healed":0,"gold_gain":0,"player_choice":"Forge","damage_taken":0,"max_hp_gain":0,"max_hp_loss":0,"event_name":"Accursed Blacksmith","floor":41,"gold_loss":0,"cards_upgraded":["Impervious"]}],"is_beta":false,"boss_relics":[{"not_picked":["Pandora\u0027s Box","Black Blood"],"picked":"Ectoplasm"},{"not_picked":["Runic Dome","Calling Bell"],"picked":"SlaversCollar"}],"items_purged_floors":[24],"is_endless":false,"potions_floor_spawned":[3,6,10,13,16,27,28,31,33,35,42,46,47],"ascension_level":20}}