{"host":"d265sm4b0zub77qp","time":1610103105,"event":{"mods":["AchievementEnabler","BaseMod","BetterRewards","Colored Map","Downfall","GifTheSpireLib","Jorbs\u0027s Wanderer Trilogy","Minty Spire (QoL Compilation)","StSLib","Stuff the Spire","[IsaacMod]????"],"gold_per_floor":[217,235,255,225,244,269,269,300,300,300,311,311,109,109,109,206,206,231,245,245,83,83,83],"floor_reached":22,"playtime":1914,"items_purged":[],"score":268,"play_id":"08704bc1-142c-472f-a954-58a86cc04d1e","local_time":"20210108035145","is_ascension_mode":true,"campfire_choices":[{"data":"Alpha","floor":7,"key":"SMITH"},{"floor":10,"key":"REST"},{"data":"Worship","floor":12,"key":"SMITH"},{"floor":15,"key":"REST"}],"circlet_count":0,"master_deck":["Eruption","Vigilance+1","BettingIsNotGood","Study+1","Prostrate","Crescendo","Alpha+1","FlurryOfBlows","Worship+1","Mayhem","EmptyBody","Establishment","FlurryOfBlows","CrushJoints","MasterReality","Conclude","Weave","Prostrate","FlurryOfBlows","Establishment","CutThroughFate+1","FlurryOfBlows","MentalFortress","Vengeance"],"relics":["PureWater","HushsDoor","DeathBook","Blood Vial","Darkstone Periapt","Pandora\u0027s Box"],"acts_visited":["Exordium","TheCity"],"potions_floor_usage":[5,5,5,5,5,6,8,16,18,19],"damage_taken":[{"damage":4,"enemies":"Cultist","floor":1,"turns":3},{"damage":0,"enemies":"Small Slimes","floor":2,"turns":2},{"damage":5,"enemies":"2 Louse","floor":3,"turns":4},{"damage":13,"enemies":"Blue Slaver","floor":5,"turns":5},{"damage":12,"enemies":"Lagavulin","floor":6,"turns":6},{"damage":33,"enemies":"Gremlin Nob","floor":8,"turns":4},{"damage":9,"enemies":"Looter","floor":11,"turns":4},{"damage":31,"enemies":"Slime Boss","floor":16,"turns":7},{"damage":15,"enemies":"2 Thieves","floor":18,"turns":5},{"damage":14,"enemies":"Spheric Guardian","floor":19,"turns":3},{"damage":56,"enemies":"Snecko","floor":22,"turns":4}],"seed_played":"-7042698789102678903","potions_obtained":[{"floor":3,"key":"hexamod:EctoCoolerPotion"},{"floor":4,"key":"EntropicBrew"},{"floor":4,"key":"Dexterity Potion"},{"floor":6,"key":"BlessingOfTheForge"},{"floor":8,"key":"hexamod:EctoCoolerPotion"},{"floor":11,"key":"StancePotion"},{"floor":18,"key":"AttackPotion"}],"is_trial":false,"path_per_floor":["M","M","M","?","M","E","R","E","T","R","M","R","$","?","R","B",null,"M","M","?","$","M"],"character_chosen":"WATCHER","items_purchased":["Mayhem","EmptyBody","FlurryOfBlows","MentalFortress","Vengeance"],"campfire_rested":2,"item_purchase_floors":[13,13,21,21,21],"current_hp_per_floor":[68,68,67,67,59,47,47,16,16,37,35,35,35,21,42,18,59,46,34,34,34,0,0],"gold":83,"neow_bonus":"HUNDRED_GOLD","is_daily":false,"chose_seed":false,"campfire_upgraded":2,"win_rate":0.0,"timestamp":1610103105,"path_taken":["M","?","M","?","M","E","R","E","T","R","M","R","$","?","R","BOSS","M","M","?","$","M"],"items_purchased_type":["Card","Card","Card","Card","Card"],"build_version":"2020-12-22","purchased_purges":0,"victory":false,"max_hp_per_floor":[72,72,72,72,72,72,72,72,72,72,72,72,72,72,72,72,72,72,72,72,72,72,72],"card_choices":[{"not_picked":[],"picked":"BettingIsNotGood","floor":0},{"not_picked":["ThirdEye","SashWhip"],"picked":"Bomb","floor":1},{"not_picked":["CutThroughFate","PathToVictory"],"picked":"Study","floor":2},{"not_picked":["CutThroughFate","TalkToTheHand"],"picked":"Prostrate","floor":3},{"not_picked":["MentalFortress","ThirdEye"],"picked":"Crescendo","floor":5},{"not_picked":["CrushJoints","Vengeance"],"picked":"Alpha","floor":6},{"not_picked":["Evaluate","FlyingSleeves"],"picked":"FlurryOfBlows","floor":8},{"not_picked":["Wireheading","EmptyFist"],"picked":"Worship","floor":11},{"not_picked":["Scrawl","Ragnarok"],"picked":"Establishment","floor":16},{"not_picked":["EmptyBody","WaveOfTheHand"],"picked":"CutThroughFate+1","floor":18},{"not_picked":["FlyingSleeves","SashWhip","CrushJoints"],"picked":"SKIP","floor":19}],"player_experience":273868,"relics_obtained":[{"floor":6,"key":"Blood Vial"},{"floor":8,"key":"Darkstone Periapt"}],"event_choices":[{"damage_healed":0,"gold_gain":0,"player_choice":"Bought 2 Potions","damage_taken":0,"max_hp_gain":0,"max_hp_loss":0,"event_name":"The Woman in Blue","floor":4,"gold_loss":0},{"damage_healed":0,"gold_gain":0,"player_choice":"Entered Light","damage_taken":14,"max_hp_gain":0,"max_hp_loss":0,"event_name":"Shining Light","floor":14,"gold_loss":0,"cards_upgraded":["Vigilance","Study"]},{"damage_healed":0,"gold_gain":0,"player_choice":"Ignored","damage_taken":0,"max_hp_gain":0,"max_hp_loss":0,"event_name":"Beggar","floor":20,"gold_loss":0}],"is_beta":false,"boss_relics":[{"not_picked":["Busted Crown","Tiny House"],"picked":"Pandora\u0027s Box"},{"not_picked":[]}],"items_purged_floors":[],"is_endless":false,"potions_floor_spawned":[3,6,8,11,18],"killed_by":"Snecko","ascension_level":5}}