{"host":"sav7uxregyirlf69","time":1610087651,"event":{"mods":["AchievementEnabler","BaseMod","Colored Map","DeckTracker","Keyboard Shortcuts","Minty Spire (QoL Compilation)","READ ME - Guardian Mod","StSLib","SuperFastMode"],"gold_per_floor":[116,116,128,53,53,53,72,72,121,131,131,131,144,144,144,240,240,253,103,103,117,117,117,137,137,137,157,172,172,172],"floor_reached":29,"playtime":457,"items_purged":["Strike_B","Strike_B"],"score":430,"play_id":"1f2cbebe-1337-4eaa-9521-f705ddd8b7e1","local_time":"20210108153411","is_ascension_mode":true,"campfire_choices":[{"data":"Darkness","floor":6.0,"key":"SMITH"},{"floor":12,"key":"REST"},{"data":"Defragment","floor":15,"key":"SMITH"},{"data":"Dualcast","floor":23,"key":"SMITH"},{"data":"Seek","floor":25,"key":"SMITH"}],"circlet_count":0,"master_deck":["AscendersBane","Strike_B+1","Strike_B+1","Defend_B","Defend_B","Defend_B","Defend_B","Zap","Dualcast+1","Darkness+1","Darkness","Defragment+1","Redo+1","Glacier","Seek+1","Compile Driver","Hologram","Self Repair"],"relics":["Cracked Core","Regal Pillow","Golden Idol","MealTicket","Coffee Dripper","CultistMask"],"acts_visited":["Exordium","TheCity"],"potions_floor_usage":[24,29],"damage_taken":[{"damage":10.0,"enemies":"2 Louse","floor":1.0,"turns":3.0},{"damage":4.0,"enemies":"Small Slimes","floor":3.0,"turns":4.0},{"damage":4.0,"enemies":"Jaw Worm","floor":7.0,"turns":4.0},{"damage":9,"enemies":"3 Louse","floor":10,"turns":3},{"damage":12,"enemies":"Exordium Thugs","floor":13,"turns":4},{"damage":2,"enemies":"Slime Boss","floor":16,"turns":7},{"damage":18,"enemies":"3 Byrds","floor":18,"turns":5},{"damage":7,"enemies":"2 Thieves","floor":21,"turns":4},{"damage":24,"enemies":"Shelled Parasite and Fungi","floor":24,"turns":5},{"damage":2,"enemies":"Sentry and Sphere","floor":27,"turns":4},{"damage":9,"enemies":"Centurion and Healer","floor":28,"turns":9},{"damage":13,"enemies":"Chosen and Byrds","floor":29,"turns":3}],"seed_played":"7954334954695707626","potions_obtained":[{"floor":1.0,"key":"Ancient Potion"},{"floor":10,"key":"Weak Potion"},{"floor":24,"key":"GamblersBrew"},{"floor":27,"key":"ColorlessPotion"}],"is_trial":false,"path_per_floor":["M","?","M","$","?","R","M","?","T","M","?","R","M","T","R","B",null,"M","$","?","M","?","R","M","R","T","M","M","M"],"character_chosen":"DEFECT","items_purchased":["Hologram"],"campfire_rested":1,"item_purchase_floors":[19],"current_hp_per_floor":[54,54,50,50,29,29,25,25,25,16,16,50,38,38,38,36,57,39,54,54,47,47,47,23,23,23,21,12,0,0],"gold":172,"neow_bonus":"THREE_CARDS","is_daily":false,"chose_seed":false,"campfire_upgraded":4,"win_rate":0.0,"timestamp":1610087651,"path_taken":["M","?","M","$","?","R","M","?","T","M","?","R","M","?","R","BOSS","M","$","?","M","?","R","M","R","T","?","M","M"],"items_purchased_type":["Card"],"build_version":"2020-12-22","purchased_purges":2,"victory":false,"max_hp_per_floor":[71,71,71,71,71,71,71,71,71,71,64,64,64,64,64,64,64,64,64,64,64,64,64,64,64,64,64,64,64,64],"card_choices":[{"not_picked":["Barrage","Consume"],"picked":"Darkness","floor":0.0},{"not_picked":["Skim","Barrage"],"picked":"Darkness","floor":1.0},{"not_picked":["Stack","Leap"],"picked":"Defragment","floor":3.0},{"not_picked":["Recycle","Steam"],"picked":"Redo","floor":7},{"not_picked":["Melter","Chaos"],"picked":"Glacier","floor":10},{"not_picked":["Coolheaded","Force Field","Redo"],"picked":"SKIP","floor":13},{"not_picked":["Rainbow","Meteor Strike"],"picked":"Seek","floor":16},{"not_picked":["Steam","Cold Snap+1"],"picked":"Compile Driver","floor":18},{"not_picked":["Redo","Cold Snap","Rebound+1"],"picked":"SKIP","floor":21},{"not_picked":["Stack","Meteor Strike","Ball Lightning"],"picked":"SKIP","floor":24},{"not_picked":["Steam","Reinforced Body","Rip and Tear"],"picked":"SKIP","floor":27},{"not_picked":["Reprogram","Streamline"],"picked":"Self Repair","floor":28}],"player_experience":1197342,"relics_obtained":[{"floor":9,"key":"Regal Pillow"},{"floor":14,"key":"MealTicket"}],"event_choices":[{"damage_healed":0.0,"max_hp_gain":0.0,"max_hp_loss":0.0,"gold_gain":0.0,"event_name":"Liars Game","player_choice":"Ignored","floor":2.0,"gold_loss":0.0,"damage_taken":0.0},{"damage_healed":0.0,"max_hp_gain":0.0,"max_hp_loss":0.0,"gold_gain":0.0,"event_name":"Shining Light","player_choice":"Entered Light","floor":5.0,"gold_loss":0.0,"damage_taken":21.0,"cards_upgraded":["Strike_B","Strike_B"]},{"damage_healed":0,"gold_gain":0,"player_choice":"Grow","damage_taken":0,"max_hp_gain":0,"max_hp_loss":0,"event_name":"Living Wall","floor":8,"gold_loss":0,"cards_upgraded":["Redo"]},{"damage_healed":0,"gold_gain":0,"player_choice":"Lose Max HP","damage_taken":0,"relics_obtained":["Golden Idol"],"max_hp_gain":0,"max_hp_loss":7,"event_name":"Golden Idol","floor":11,"gold_loss":0},{"damage_healed":0,"gold_gain":0,"player_choice":"Ignored","damage_taken":0,"max_hp_gain":0,"max_hp_loss":0,"event_name":"The Mausoleum","floor":20,"gold_loss":0},{"damage_healed":0,"gold_gain":0,"player_choice":"Trade","damage_taken":0,"relics_obtained":["CultistMask"],"max_hp_gain":0,"max_hp_loss":0,"event_name":"FaceTrader","floor":22,"gold_loss":0}],"is_beta":false,"boss_relics":[{"not_picked":["Black Star","Empty Cage"],"picked":"Coffee Dripper"}],"items_purged_floors":[4,19],"is_endless":false,"potions_floor_spawned":[1,10,16,21,24,27],"killed_by":"Chosen and Byrds","ascension_level":20}}