{"host":"1stlzvh7atuy33yh","time":1610085238,"event":{"mods":["BaseMod","Colored Map","Colored Powertips","Downfall","Hermit","Minty Spire (QoL Compilation)","StSLib","The Disciple","The Hierophant"],"gold_per_floor":[114,125,43,43,5,38,58,71,71,71,86,145,170,170,170,296,296,267,366,138,156,161,161],"floor_reached":22,"playtime":1426,"items_purged":[],"score":211,"play_id":"1c1d0ebf-b3f8-4077-85c8-394b33861ab9","local_time":"20210108005358","is_ascension_mode":false,"campfire_choices":[{"floor":15,"key":"REST"}],"circlet_count":0,"master_deck":["hermit:Strike_Hermit","hermit:Strike_Hermit","hermit:Strike_Hermit","hermit:Strike_Hermit","hermit:Defend_Hermit","hermit:Defend_Hermit","hermit:Defend_Hermit","hermit:Defend_Hermit","hermit:Snapshot","hermit:Covet","hermit:Showdown","hermit:Determination","Injury","hermit:TakeAim","hermit:Malice","hermit:Deadeye","hermit:Quickdraw","hermit:EternalForm","hermit:Maintenance","hermit:Dissolve","CurseOfTheBell","hermit:Brawl","hermit:Scavenge"],"relics":["hermit:Momento","NeowsBlessing","Golden Idol","Mercury Hourglass","Calling Bell","Potion Belt","hermit:Horseshoe","FossilizedHelix","Boot"],"acts_visited":["Exordium","TheCity"],"potions_floor_usage":[16,16,16],"damage_taken":[{"damage":0,"enemies":"2 Louse","floor":1,"turns":1},{"damage":0,"enemies":"Jaw Worm","floor":2,"turns":1},{"damage":0,"enemies":"Gremlin Nob","floor":6,"turns":1},{"damage":1,"enemies":"Cultist","floor":7,"turns":3},{"damage":28,"enemies":"Exordium Wildlife","floor":8,"turns":4},{"damage":10,"enemies":"2 Fungi Beasts","floor":11,"turns":2},{"damage":5,"enemies":"3 Louse","floor":13,"turns":2},{"damage":47,"enemies":"The Guardian","floor":16,"turns":12},{"damage":11,"enemies":"2 Thieves","floor":18,"turns":5},{"damage":20,"enemies":"Spheric Guardian","floor":21,"turns":5},{"damage":47,"enemies":"Masked Bandits","floor":22,"turns":4}],"seed_played":"1819999435209696762","potions_obtained":[{"floor":1,"key":"Strength Potion"},{"floor":7,"key":"hexamod:EctoCoolerPotion"},{"floor":8,"key":"SpeedPotion"},{"floor":10,"key":"PowerPotion"}],"is_trial":false,"path_per_floor":["M","M","$","?","$","E","M","M","T","?","M","?","M","?","R","B",null,"M","?","$","M","?"],"character_chosen":"HERMIT","items_purchased":["hermit:Determination","hermit:TakeAim","hermit:Brawl","Boot"],"campfire_rested":1,"item_purchase_floors":[3,5,20,20],"current_hp_per_floor":[75,75,75,75,75,75,74,46,46,46,36,36,31,31,53,6,75,64,64,64,44,0,0],"gold":161,"neow_bonus":"THREE_ENEMY_KILL","is_daily":false,"chose_seed":false,"campfire_upgraded":0,"win_rate":0.0,"timestamp":1610085238,"path_taken":["M","M","$","?","$","E","M","M","T","?","?","?","M","?","R","BOSS","M","?","$","M","?"],"items_purchased_type":["Card","Card","Card","Relic"],"build_version":"2020-12-22","purchased_purges":0,"victory":false,"max_hp_per_floor":[75,75,75,75,75,75,75,75,75,75,75,75,75,75,75,75,75,75,75,75,75,75,75],"card_choices":[{"not_picked":["hermit:TakeCover","hermit:CalledShot"],"picked":"hermit:Showdown","floor":1},{"not_picked":["hermit:Ricochet","hermit:Shortfuse","hermit:Showdown"],"picked":"SKIP","floor":2},{"not_picked":["hermit:Vantage","hermit:SprayPray"],"picked":"hermit:Malice","floor":6},{"not_picked":["hermit:Manifest","hermit:Headshot"],"picked":"hermit:Deadeye","floor":7},{"not_picked":["hermit:Ricochet","hermit:Maintenance"],"picked":"hermit:Quickdraw","floor":8},{"not_picked":["hermit:TakeCover","hermit:Dive"],"picked":"hermit:EternalForm","floor":11},{"not_picked":["hermit:HighCaliber","hermit:TrackingShot"],"picked":"hermit:Maintenance","floor":13},{"not_picked":["hermit:OverwhelmingPower","hermit:Roughhouse"],"picked":"hermit:Dissolve","floor":16},{"not_picked":["hermit:Misfire","hermit:PistolWhip","hermit:TrackingShot"],"picked":"SKIP","floor":18},{"not_picked":["hermit:CalledShot","hermit:Roulette"],"picked":"hermit:Scavenge","floor":21}],"player_experience":99542,"relics_obtained":[{"floor":6,"key":"Mercury Hourglass"},{"floor":17,"key":"Potion Belt"},{"floor":17,"key":"hermit:Horseshoe"},{"floor":17,"key":"FossilizedHelix"}],"event_choices":[{"damage_healed":0,"gold_gain":0,"player_choice":"Take Wound","damage_taken":0,"relics_obtained":["Golden Idol"],"max_hp_gain":0,"max_hp_loss":0,"event_name":"Golden Idol","floor":4,"gold_loss":0,"cards_obtained":["Injury"]},{"damage_healed":0,"gold_gain":0,"player_choice":"Got Potions","damage_taken":0,"max_hp_gain":0,"max_hp_loss":0,"event_name":"Lab","floor":10,"gold_loss":0},{"damage_healed":0,"gold_gain":59,"player_choice":"Gained Gold","damage_taken":0,"max_hp_gain":0,"max_hp_loss":0,"event_name":"Golden Wing","floor":12,"gold_loss":0},{"damage_healed":0,"gold_gain":0,"player_choice":"Ignored","damage_taken":0,"max_hp_gain":0,"max_hp_loss":0,"event_name":"Shining Light","floor":14,"gold_loss":0},{"damage_healed":0,"gold_gain":99,"player_choice":"Stole From Cult","damage_taken":0,"max_hp_gain":0,"max_hp_loss":0,"event_name":"Nest","floor":19,"gold_loss":0},{"damage_healed":0,"gold_gain":0,"player_choice":"Fought Bandits","damage_taken":0,"max_hp_gain":0,"max_hp_loss":0,"event_name":"Masked Bandits","floor":22,"gold_loss":0}],"is_beta":false,"boss_relics":[{"not_picked":["Astrolabe","SlaversCollar"],"picked":"Calling Bell"}],"items_purged_floors":[],"is_endless":false,"potions_floor_spawned":[1,7,8],"killed_by":"Masked Bandits","ascension_level":0}}