{"host":"2lo6hma6kymb0g9i","time":1610081379,"event":{"mods":["BaseMod","Colored Map","DeckTracker","Minty Spire (QoL Compilation)"],"gold_per_floor":[116,191,191,191,116,116,141,91,142,103,129,129,141,141,141,246,246,257,157,82,82,92,92,92,106,132,132,132,132],"floor_reached":28,"playtime":1332,"items_purged":["Strike_B","Zap"],"score":263,"play_id":"02ec9414-aaa6-458e-b1ce-105c2a840086","local_time":"20210108134939","is_ascension_mode":true,"campfire_choices":[{"data":"Redo","floor":6,"key":"SMITH"},{"data":"Darkness","floor":12,"key":"SMITH"},{"data":"Redo","floor":15,"key":"SMITH"},{"data":"Defragment","floor":24,"key":"SMITH"},{"data":"Dualcast","floor":27,"key":"SMITH"}],"circlet_count":0,"master_deck":["Defend_B","Defend_B","Dualcast+1","Buffer","Redo+1","Go for the Eyes","Darkness+1","Redo+1","All For One","Defragment+1","Hello World","Stack","Auto Shields"],"relics":["Cracked Core","Toy Ornithopter","Nunchaku","Boot","Black Star","Juzu Bracelet"],"acts_visited":["Exordium","TheCity"],"potions_floor_usage":[28],"damage_taken":[{"damage":0,"enemies":"Small Slimes","floor":1,"turns":3},{"damage":10,"enemies":"Lagavulin","floor":7,"turns":7},{"damage":0,"enemies":"2 Louse","floor":13,"turns":3},{"damage":31,"enemies":"Hexaghost","floor":16,"turns":8},{"damage":2,"enemies":"Chosen","floor":18,"turns":3},{"damage":0,"enemies":"3 Byrds","floor":22,"turns":2},{"damage":35,"enemies":"Snake Plant","floor":25,"turns":4},{"damage":21,"enemies":"Sentry and Sphere","floor":28,"turns":3}],"seed_played":"1745278487129823494","potions_obtained":[{"floor":18,"key":"Explosive Potion"},{"floor":25,"key":"SpeedPotion"}],"is_trial":false,"path_per_floor":["M","?","?","?","$","R","E","?","T","$","T","R","M","?","R","B",null,"M","$","?","?","M","?","R","M","T","R","M"],"character_chosen":"DEFECT","items_purchased":["Darkness"],"campfire_rested":0,"item_purchase_floors":[10],"current_hp_per_floor":[75,64,64,64,64,64,54,54,54,54,54,54,54,59,59,28,67,65,65,65,50,50,50,50,15,15,15,0,0],"gold":132,"neow_bonus":"ONE_RANDOM_RARE_CARD","is_daily":false,"chose_seed":false,"campfire_upgraded":5,"win_rate":0.0,"timestamp":1610081379,"path_taken":["M","?","?","?","$","R","E","?","T","?","?","R","?","?","R","BOSS","M","$","?","?","M","?","R","M","T","R","M"],"items_purchased_type":["Card"],"build_version":"2020-12-22","purchased_purges":2,"victory":false,"max_hp_per_floor":[75,75,75,75,75,75,75,75,75,75,75,75,75,80,80,80,80,80,80,80,85,85,85,85,85,85,85,85,85],"card_choices":[{"not_picked":["Cold Snap","Leap"],"picked":"Redo","floor":1},{"not_picked":["Aggregate","Lockon"],"picked":"Go for the Eyes","floor":7},{"not_picked":["Heatsinks","Streamline"],"picked":"Redo","floor":13},{"not_picked":["Echo Form","Core Surge"],"picked":"All For One","floor":16},{"not_picked":["Reprogram","Steam","Heatsinks"],"picked":"SKIP","floor":18},{"not_picked":["Tempest","Compile Driver+1"],"picked":"Defragment","floor":22},{"not_picked":["Turbo","Rebound"],"picked":"Auto Shields","floor":25}],"player_experience":958245,"relics_obtained":[{"floor":7,"key":"Toy Ornithopter"},{"floor":9,"key":"Nunchaku"},{"floor":11,"key":"Boot"},{"floor":26,"key":"Juzu Bracelet"}],"event_choices":[{"damage_healed":0,"gold_gain":75,"player_choice":"Gather Gold","damage_taken":11,"max_hp_gain":0,"max_hp_loss":0,"event_name":"World of Goop","floor":2,"gold_loss":0},{"damage_healed":0,"gold_gain":0,"player_choice":"Ignored","damage_taken":0,"max_hp_gain":0,"max_hp_loss":0,"event_name":"Liars Game","floor":3,"gold_loss":0},{"cards_removed":["Strike_B"],"damage_healed":0,"gold_gain":0,"player_choice":"Forget","damage_taken":0,"max_hp_gain":0,"max_hp_loss":0,"event_name":"Living Wall","floor":4,"gold_loss":0},{"cards_removed":["Strike_B"],"damage_healed":0,"gold_gain":0,"player_choice":"Card Removal","damage_taken":0,"max_hp_gain":0,"max_hp_loss":0,"event_name":"The Cleric","floor":8,"gold_loss":50},{"damage_healed":0,"gold_gain":0,"player_choice":"Donut","damage_taken":0,"max_hp_gain":5,"max_hp_loss":0,"event_name":"Big Fish","floor":14,"gold_loss":0},{"cards_removed":["Strike_B"],"damage_healed":0,"gold_gain":0,"player_choice":"Gave Gold","damage_taken":0,"max_hp_gain":0,"max_hp_loss":0,"event_name":"Beggar","floor":20,"gold_loss":75},{"damage_healed":0,"gold_gain":0,"player_choice":"Shed Blood","damage_taken":20,"max_hp_gain":5,"max_hp_loss":0,"event_name":"Forgotten Altar","floor":21,"gold_loss":0},{"damage_healed":0,"gold_gain":0,"cards_transformed":["Defend_B","Defend_B"],"player_choice":"Became Test Subject","damage_taken":0,"max_hp_gain":0,"max_hp_loss":0,"event_name":"Drug Dealer","floor":23,"gold_loss":0,"cards_obtained":["Hello World","Stack"]}],"is_beta":false,"boss_relics":[{"not_picked":["Philosopher\u0027s Stone","Calling Bell"],"picked":"Black Star"}],"items_purged_floors":[5,19],"is_endless":false,"potions_floor_spawned":[18,25],"killed_by":"Sentry and Sphere","ascension_level":5}}