{"host":"9ndbo4kgsfoemf7y","time":1610111211,"event":{"mods":["AchievementEnabler","BaseMod","Colored Map","DeckTracker","Keyboard Shortcuts","Minty Spire (QoL Compilation)","Permanent Neow","Quick Restart","Relic Stats","StSLib","SuperFastMode"],"gold_per_floor":[115,61,61,61,75,102,102,134,160,191,191,217,233,253,253,253,253],"floor_reached":16,"playtime":463,"items_purged":[],"score":199,"play_id":"1bc0bc75-bef5-42e8-bf9a-bba402f611c8","local_time":"20210108220651","is_ascension_mode":true,"campfire_choices":[{"data":"Double Energy","floor":7.0,"key":"SMITH"},{"floor":11,"key":"REST"},{"floor":15,"key":"REST"}],"circlet_count":0,"master_deck":["Strike_B","Strike_B","Strike_B+1","Strike_B","Defend_B","Defend_B+1","Defend_B","Defend_B","Zap","Dualcast","BootSequence","Conserve Battery","Sweeping Beam","Double Energy+1","Undo","Fusion","Stack","Melter","Coolheaded"],"relics":["Cracked Core","NeowsBlessing","Dream Catcher","Lantern","Strawberry","Girya"],"acts_visited":["Exordium"],"potions_floor_usage":[8,13,16],"damage_taken":[{"damage":0.0,"enemies":"Cultist","floor":1.0,"turns":1.0},{"damage":0.0,"enemies":"Small Slimes","floor":5.0,"turns":1.0},{"damage":0.0,"enemies":"Gremlin Nob","floor":6.0,"turns":1.0},{"damage":15,"enemies":"Lagavulin","floor":8,"turns":5},{"damage":33,"enemies":"Gremlin Nob","floor":10,"turns":5},{"damage":21,"enemies":"3 Sentries","floor":12,"turns":7},{"damage":0,"enemies":"Jaw Worm","floor":13,"turns":3},{"damage":0,"enemies":"Red Slaver","floor":14,"turns":3},{"damage":55,"enemies":"Slime Boss","floor":16,"turns":6}],"seed_played":"-2085868764798293702","potions_obtained":[{"floor":5.0,"key":"FocusPotion"},{"floor":10,"key":"SpeedPotion"},{"floor":13,"key":"EntropicBrew"}],"is_trial":false,"path_per_floor":["M","$","$","?","M","E","R","E","T","E","R","E","M","M","R","B"],"character_chosen":"DEFECT","items_purchased":["Conserve Battery"],"campfire_rested":2,"item_purchase_floors":[2],"current_hp_per_floor":[68,68,68,53,53,53,53,38,38,12,36,15,15,15,39,0,0],"gold":253,"neow_bonus":"THREE_ENEMY_KILL","is_daily":false,"chose_seed":false,"campfire_upgraded":1,"win_rate":0.0,"timestamp":1610111211,"path_taken":["M","?","$","?","M","E","R","E","T","E","R","E","M","M","R","BOSS"],"items_purchased_type":["Card"],"build_version":"2020-12-22","purchased_purges":0,"victory":false,"max_hp_per_floor":[75,75,75,75,75,75,75,75,75,82,82,82,82,82,82,82,82],"relic_stats":{"Dream Catcher":2,"counters":[9,32],"obtain_stats":[{"Girya":12,"Dream Catcher":6,"Lantern":9,"NeowsBlessing":0,"Strawberry":10,"Cracked Core":0},{"Girya":6,"Dream Catcher":3,"Lantern":4,"NeowsBlessing":0,"Strawberry":5,"Cracked Core":0},{"Girya":20,"Dream Catcher":3,"Lantern":8,"NeowsBlessing":0,"Strawberry":13,"Cracked Core":0}]},"card_choices":[{"not_picked":["Compile Driver","Auto Shields"],"picked":"BootSequence","floor":1.0},{"not_picked":["Leap","Barrage"],"picked":"Sweeping Beam","floor":5.0},{"not_picked":["Gash","Rebound"],"picked":"Double Energy","floor":6.0},{"not_picked":["Blizzard","Consume"],"picked":"Undo","floor":8},{"not_picked":["Hello World","BootSequence"],"picked":"Fusion","floor":10},{"not_picked":["Rip and Tear","Coolheaded"],"picked":"Stack","floor":11},{"not_picked":["Multi-Cast","Leap"],"picked":"Melter","floor":12},{"not_picked":["Double Energy","Steam","Hello World"],"picked":"SKIP","floor":13},{"not_picked":["BootSequence","Compile Driver"],"picked":"Coolheaded","floor":14}],"player_experience":788564,"relics_obtained":[{"floor":6.0,"key":"Dream Catcher"},{"floor":9,"key":"Lantern"},{"floor":10,"key":"Strawberry"},{"floor":12,"key":"Girya"}],"event_choices":[{"damage_healed":0.0,"max_hp_gain":0.0,"max_hp_loss":0.0,"gold_gain":0.0,"event_name":"Shining Light","player_choice":"Entered Light","floor":4.0,"gold_loss":0.0,"damage_taken":15.0,"cards_upgraded":["Defend_B","Strike_B"]}],"is_beta":false,"boss_relics":[],"items_purged_floors":[],"is_endless":false,"potions_floor_spawned":[5,10,13],"killed_by":"Slime Boss","ascension_level":6}}