{"host":"3ykswgue17e1ycc2","time":1610124127,"event":{"mods":["BaseMod","Colored Powertips","Dark Map","Minty Spire (QoL Compilation)","Quick Restart","Rare Cards Sparkle","StSLib"],"gold_per_floor":[144,189,234,234,234,234,279,324,349,508,553,553,643,688,688,988,988,1033,1078,1123,1173,1218,1308,1308,1353,1378,1378,1423,1468,627,927,927,1236,1236,1281,1326,590,749,749,749,848,848,848,911,974,974,1028,1091,1091,1091],"floor_reached":51,"playtime":2616,"items_purged":["Warcry","Cleave"],"score":857,"play_id":"0bfdbe90-3aec-47b6-8043-ed3d1d270451","local_time":"20210108234207","daily_mods":["Draft","Uncertain Future","Midas"],"is_ascension_mode":false,"campfire_choices":[{"floor":12,"key":"REST"},{"floor":15,"key":"REST"},{"floor":24,"key":"REST"},{"floor":27,"key":"REST"},{"floor":32,"key":"REST"},{"floor":40,"key":"REST"},{"floor":46,"key":"REST"},{"floor":49,"key":"REST"}],"circlet_count":0,"master_deck":["Metallicize","Rampage","Clothesline","Twin Strike","Flame Barrier","Disarm","Rupture","Sword Boomerang","Combust","Metallicize","Shrug It Off","Seeing Red+1","Thunderclap","Armaments","Hemokinesis","Rupture","Burning Pact","Bloodletting","Intimidate","Metallicize","Combust","Immolate","Armaments","Brutality","Bloodletting","Reaper+1","Apotheosis","Sword Boomerang+1","Sword Boomerang+1","Parasite","Pummel+1","Sentinel+1","Headbutt+1","Battle Trance","Rupture","Blood for Blood+1"],"relics":["Burning Blood","Boot","Meat on the Bone","Gremlin Horn","Runic Cube","Molten Egg 2","CeramicFish","Vajra","Prayer Wheel","DollysMirror","Torii","White Beast Statue","Philosopher\u0027s Stone","Oddly Smooth Stone","Regal Pillow","Frozen Eye","StoneCalendar","Turnip","Self Forming Clay"],"acts_visited":["Exordium","TheCity","TheBeyond"],"potions_floor_usage":[30,31,39,42,50,50],"damage_taken":[{"damage":2,"enemies":"2 Louse","floor":1,"turns":2},{"damage":4,"enemies":"Small Slimes","floor":2,"turns":2},{"damage":2,"enemies":"Jaw Worm","floor":3,"turns":4},{"damage":15,"enemies":"Gremlin Gang","floor":7,"turns":3},{"damage":0,"enemies":"2 Fungi Beasts","floor":8,"turns":2},{"damage":28,"enemies":"Lagavulin Event","floor":10,"turns":6},{"damage":10,"enemies":"3 Louse","floor":11,"turns":3},{"damage":21,"enemies":"Gremlin Nob","floor":13,"turns":5},{"damage":12,"enemies":"Blue Slaver","floor":14,"turns":4},{"damage":51,"enemies":"Hexaghost","floor":16,"turns":7},{"damage":9,"enemies":"Chosen","floor":18,"turns":3},{"damage":11,"enemies":"Shell Parasite","floor":19,"turns":5},{"damage":20,"enemies":"Sentry and Sphere","floor":20,"turns":4},{"damage":27,"enemies":"Shelled Parasite and Fungi","floor":22,"turns":5},{"damage":27,"enemies":"Book of Stabbing","floor":23,"turns":6},{"damage":16,"enemies":"Centurion and Healer","floor":25,"turns":5},{"damage":31,"enemies":"Snecko","floor":28,"turns":5},{"damage":38,"enemies":"Snake Plant","floor":29,"turns":3},{"damage":30,"enemies":"Colosseum Slavers","floor":31,"turns":4},{"damage":22,"enemies":"Colosseum Nobs","floor":31,"turns":3},{"damage":32,"enemies":"Collector","floor":33,"turns":6},{"damage":38,"enemies":"3 Darklings","floor":35,"turns":4},{"damage":15,"enemies":"3 Shapes","floor":36,"turns":4},{"damage":27,"enemies":"Mind Bloom Boss Battle","floor":38,"turns":4},{"damage":1,"enemies":"Transient","floor":39,"turns":2},{"damage":27,"enemies":"Giant Head","floor":41,"turns":5},{"damage":47,"enemies":"Writhing Mass","floor":44,"turns":4},{"damage":36,"enemies":"4 Shapes","floor":45,"turns":3},{"damage":70,"enemies":"Jaw Worm Horde","floor":47,"turns":4},{"damage":17,"enemies":"Maw","floor":48,"turns":6},{"damage":69,"enemies":"Awakened One","floor":50,"turns":6}],"seed_played":"-6062085814737979882","potions_obtained":[{"floor":1,"key":"Weak Potion"},{"floor":8,"key":"GamblersBrew"},{"floor":10,"key":"SteroidPotion"},{"floor":22,"key":"SmokeBomb"},{"floor":31,"key":"Ancient Potion"},{"floor":38,"key":"HeartOfIron"},{"floor":41,"key":"Block Potion"},{"floor":42,"key":"Fruit Juice"},{"floor":42,"key":"LiquidMemories"}],"is_trial":false,"path_per_floor":["M","M","M","$","?","?","M","M","T","?","M","R","E","M","R","B",null,"M","M","M","?","M","E","R","M","T","R","M","M","$","?","R","B",null,"M","M","$","?","M","R","E","?","T","M","M","R","M","M","R","B",null],"character_chosen":"IRONCLAD","items_purchased":["Vajra","Prayer Wheel","Fruit Juice","Regen Potion","DollysMirror","Oddly Smooth Stone","Regal Pillow","Frozen Eye","Apotheosis"],"campfire_rested":8,"item_purchase_floors":[30,30,30,30,30,37,37,37,37],"current_hp_per_floor":[80,80,80,80,80,80,71,77,77,55,51,75,60,54,78,45,80,77,72,58,58,49,40,64,54,54,78,53,33,38,31,56,42,85,53,52,52,43,57,85,64,69,69,45,52,90,51,70,90,49],"gold":1091,"neow_bonus":"","is_daily":true,"chose_seed":false,"campfire_upgraded":0,"win_rate":0.0,"timestamp":1610124127,"path_taken":["M","M","M","$","?","?","M","M","T","?","M","R","E","M","R","BOSS","M","M","M","?","M","E","R","M","T","R","?","M","$","?","R","BOSS","M","M","$","?","M","R","E","?","T","M","M","R","?","M","R","BOSS"],"items_purchased_type":["Relic","Relic","Potion","Potion","Relic","Relic","Relic","Relic","Card"],"build_version":"2020-12-22","purchased_purges":2,"victory":true,"max_hp_per_floor":[80,80,80,80,80,80,80,80,80,80,80,80,80,80,80,80,80,80,80,80,80,80,80,80,80,80,80,80,80,85,85,85,85,85,85,85,85,85,85,85,85,90,90,90,90,90,90,90,90,90],"card_choices":[{"not_picked":["Intimidate","Iron Wave"],"picked":"Metallicize","floor":0},{"not_picked":["Sword Boomerang","Anger"],"picked":"Rampage","floor":0},{"not_picked":["Havoc","Wild Strike"],"picked":"Clothesline","floor":0},{"not_picked":["Clash","Anger"],"picked":"Twin Strike","floor":0},{"not_picked":["Pommel Strike","Warcry"],"picked":"Flame Barrier","floor":0},{"not_picked":["Warcry","Flex"],"picked":"Disarm","floor":0},{"not_picked":["Fire Breathing","Armaments"],"picked":"Cleave","floor":0},{"not_picked":["Cleave","Battle Trance"],"picked":"Rupture","floor":0},{"not_picked":["Sever Soul","Dual Wield"],"picked":"Sword Boomerang","floor":0},{"not_picked":["Whirlwind","Wild Strike"],"picked":"Combust","floor":0},{"not_picked":["Flex","Reckless Charge"],"picked":"Metallicize","floor":0},{"not_picked":["Entrench","Battle Trance"],"picked":"Shrug It Off","floor":0},{"not_picked":["True Grit","Reckless Charge"],"picked":"Seeing Red","floor":0},{"not_picked":["Clash","Cleave"],"picked":"Warcry","floor":0},{"not_picked":["Disarm","Flex"],"picked":"Thunderclap","floor":0},{"not_picked":["Perfected Strike","True Grit"],"picked":"Armaments","floor":1},{"not_picked":["Flex","Ghostly Armor"],"picked":"Hemokinesis","floor":2},{"not_picked":["Flame Barrier","Clothesline"],"picked":"Rupture","floor":3},{"not_picked":["Pommel Strike","Wild Strike"],"picked":"Burning Pact","floor":7},{"not_picked":["Cleave","Battle Trance"],"picked":"Bloodletting","floor":8},{"not_picked":["Perfected Strike","Fire Breathing"],"picked":"Intimidate","floor":11},{"not_picked":["Infernal Blade","Rage"],"picked":"Metallicize","floor":13},{"not_picked":["Clothesline","Metallicize"],"picked":"Combust","floor":14},{"not_picked":["Fiend Fire","Corruption"],"picked":"Immolate","floor":16},{"not_picked":["Inflame+1","Thunderclap","Warcry"],"picked":"SKIP","floor":18},{"not_picked":["Twin Strike","Clothesline"],"picked":"Armaments","floor":19},{"not_picked":["Ghostly Armor","Shrug It Off","Rampage"],"picked":"SKIP","floor":20},{"not_picked":["Dual Wield","Twin Strike+1","Body Slam"],"picked":"SKIP","floor":22},{"not_picked":["Shrug It Off","Entrench+1"],"picked":"Brutality","floor":23},{"not_picked":["Flex","Carnage+1","Twin Strike+1"],"picked":"SKIP","floor":25},{"not_picked":["Iron Wave+1","Warcry+1","Pommel Strike+1"],"picked":"SKIP","floor":28},{"not_picked":["Iron Wave+1","Perfected Strike+1","Warcry"],"picked":"SKIP","floor":29},{"not_picked":["Impervious","Immolate+1"],"picked":"Reaper+1","floor":33},{"not_picked":["Sword Boomerang+1","Armaments","Body Slam+1"],"picked":"SKIP","floor":35},{"not_picked":["Sword Boomerang+1","Intimidate","Heavy Blade+1"],"picked":"SKIP","floor":35},{"not_picked":["Demon Form","Entrench+1","Shockwave+1"],"picked":"SKIP","floor":36},{"not_picked":["Rupture","Carnage+1","Iron Wave+1"],"picked":"SKIP","floor":36},{"not_picked":["Dual Wield+1","Cleave+1"],"picked":"Sword Boomerang+1","floor":38},{"not_picked":["Flame Barrier","Uppercut+1"],"picked":"Sword Boomerang+1","floor":41},{"not_picked":["Heavy Blade+1","Iron Wave+1"],"picked":"Pummel+1","floor":44},{"not_picked":["True Grit","Clothesline+1","Headbutt+1"],"picked":"SKIP","floor":44},{"not_picked":["Power Through","Bludgeon+1"],"picked":"Sentinel+1","floor":45},{"not_picked":["Wild Strike+1","Perfected Strike+1"],"picked":"Headbutt+1","floor":45},{"not_picked":["Shrug It Off","Armaments"],"picked":"Battle Trance","floor":47},{"not_picked":["Hemokinesis+1","Headbutt+1","Thunderclap+1"],"picked":"SKIP","floor":47},{"not_picked":["Sword Boomerang+1","Anger+1"],"picked":"Rupture","floor":48},{"not_picked":["Feed+1","Sword Boomerang+1"],"picked":"Blood for Blood+1","floor":48}],"player_experience":319567,"relics_obtained":[{"floor":9,"key":"Boot"},{"floor":13,"key":"Gremlin Horn"},{"floor":23,"key":"Molten Egg 2"},{"floor":26,"key":"CeramicFish"},{"floor":31,"key":"Torii"},{"floor":31,"key":"White Beast Statue"},{"floor":38,"key":"StoneCalendar"},{"floor":41,"key":"Turnip"},{"floor":43,"key":"Self Forming Clay"}],"event_choices":[{"damage_healed":0,"gold_gain":0,"player_choice":"Ignored","damage_taken":0,"max_hp_gain":0,"max_hp_loss":0,"event_name":"Liars Game","floor":5,"gold_loss":0},{"damage_healed":0,"gold_gain":0,"player_choice":"Grow","damage_taken":0,"max_hp_gain":0,"max_hp_loss":0,"event_name":"Living Wall","floor":6,"gold_loss":0,"cards_upgraded":["Seeing Red"]},{"damage_healed":0,"gold_gain":0,"player_choice":"Searched \u00272\u0027 times","damage_taken":0,"relics_obtained":["Meat on the Bone"],"max_hp_gain":0,"max_hp_loss":0,"event_name":"Dead Adventurer","floor":10,"gold_loss":0},{"damage_healed":0,"gold_gain":100,"player_choice":"Bet on Murderer","damage_taken":0,"max_hp_gain":0,"max_hp_loss":0,"event_name":"The Joust","floor":21,"gold_loss":50},{"damage_healed":0,"gold_gain":0,"player_choice":"Fight","damage_taken":0,"max_hp_gain":0,"max_hp_loss":0,"event_name":"Colosseum","floor":31,"gold_loss":0},{"damage_healed":0,"gold_gain":0,"player_choice":"Fought Nobs","damage_taken":0,"max_hp_gain":0,"max_hp_loss":0,"event_name":"Colosseum","floor":31,"gold_loss":0},{"damage_healed":0,"gold_gain":0,"player_choice":"Fight","damage_taken":0,"max_hp_gain":0,"max_hp_loss":0,"event_name":"MindBloom","floor":38,"gold_loss":0},{"damage_healed":0,"gold_gain":0,"player_choice":"Got Potions","damage_taken":0,"max_hp_gain":0,"max_hp_loss":0,"event_name":"Lab","floor":42,"gold_loss":0}],"is_beta":false,"boss_relics":[{"not_picked":["Calling Bell","Runic Pyramid"],"picked":"Runic Cube"},{"not_picked":["Sozu","Tiny House"],"picked":"Philosopher\u0027s Stone"}],"items_purged_floors":[30,37],"is_endless":false,"potions_floor_spawned":[1,8,10,13,16,18,22,25,28,31,33,35,36,38,39,41,44,45,47,48],"ascension_level":0}}