{"host":"6qo42zgaknezulyg","time":1610080488,"event":{"mods":["2.2 Compatiblity","BaseMod","Colored Map","Downfall","Keyboard Shortcuts","Minty Spire (QoL Compilation)","Permanent Neow","Quick Restart","StSLib","SuperFastMode"],"gold_per_floor":[99,112,131,38,57,57,131,131,143,159,159,169,199,199,214,214,214],"floor_reached":16,"playtime":462,"items_purged":[],"score":208,"play_id":"d3fab619-8b36-42c1-a96a-f041be798c8e","local_time":"20210108133448","is_ascension_mode":true,"campfire_choices":[{"data":"bronze:Replicate","floor":1.0,"key":"SMITH"},{"data":"bronze:Fortify","floor":8.0,"key":"SMITH"}],"circlet_count":0,"master_deck":["AscendersBane","bronze:Strike","bronze:Defend","bronze:Defend","bronze:Defend","bronze:Defend","bronze:Replicate+1","bronze:Goto","bronze:Fortify+1","bronze:Boost","bronze:ChildClass","bronze:ChildClass","bronze:Iterate","bronze:InfiniteBeams","bronze:InfiniteLoop"],"relics":["bronze:BronzeCore","Meat on the Bone","Pear"],"acts_visited":["Exordium"],"potions_floor_usage":[16],"damage_taken":[{"damage":1.0,"enemies":"Cultist","floor":2.0,"turns":3.0},{"damage":11.0,"enemies":"2 Louse","floor":3.0,"turns":3.0},{"damage":0.0,"enemies":"downfall:FleeingMerchant","floor":4.0,"turns":4.0},{"damage":4.0,"enemies":"Jaw Worm","floor":5.0,"turns":5.0},{"damage":3.0,"enemies":"Blue Slaver","floor":9.0,"turns":4.0},{"damage":0.0,"enemies":"3 Louse","floor":10.0,"turns":3.0},{"damage":4.0,"enemies":"Exordium Wildlife","floor":12.0,"turns":4.0},{"damage":13.0,"enemies":"Gremlin Nob","floor":13.0,"turns":4.0},{"damage":2.0,"enemies":"Blue Slaver","floor":15.0,"turns":4.0},{"damage":42,"enemies":"downfall:Silent","floor":16,"turns":8}],"seed_played":"5896482413972808890","potions_obtained":[{"floor":5.0,"key":"Ancient Potion"},{"floor":10.0,"key":"Dexterity Potion"},{"floor":13.0,"key":"Dexterity Potion"}],"is_trial":false,"path_per_floor":["R","M","M","$","M","?","T","R","M","M","?","M","E","?","M","B"],"character_chosen":"THE_AUTOMATON","items_purchased":["bronze:Boost"],"campfire_rested":0,"item_purchase_floors":[4],"current_hp_per_floor":[42,41,30,30,26,26,26,26,35,35,35,43,52,52,50,8,8],"gold":214,"neow_bonus":"REMOVE_TWO","is_daily":false,"chose_seed":false,"campfire_upgraded":2,"win_rate":0.0,"timestamp":1610080488,"path_taken":["R","M","M","?","M","?","T","R","?","M","?","M","E","?","M","BOSS"],"items_purchased_type":["Card"],"build_version":"2020-12-22","purchased_purges":0,"victory":false,"max_hp_per_floor":[63,63,63,63,63,63,63,63,63,63,63,63,73,73,73,73,73],"card_choices":[{"not_picked":["bronze:OilSpill","bronze:Invalidate","bronze:Philosophize"],"picked":"SKIP","floor":2.0},{"not_picked":["bronze:Overheat","bronze:Refactor"],"picked":"bronze:Fortify","floor":3.0},{"not_picked":["bronze:FineTuning","bronze:Optimize","bronze:BuggyMess"],"picked":"SKIP","floor":4.0},{"not_picked":["bronze:Shield","bronze:ChosenStrike","bronze:Turbo"],"picked":"SKIP","floor":5.0},{"not_picked":["bronze:Frontload","bronze:BitShift"],"picked":"bronze:ChildClass","floor":9.0},{"not_picked":["bronze:Shield","bronze:Overheat","bronze:Deprecate"],"picked":"SKIP","floor":10.0},{"not_picked":["bronze:Shield","bronze:Overheat","bronze:Deprecate"],"picked":"SKIP","floor":10.0},{"not_picked":["bronze:BronzeArmor","bronze:Constructor"],"picked":"bronze:Iterate","floor":12.0},{"not_picked":["bronze:Turbo","bronze:Invalidate"],"picked":"bronze:InfiniteBeams","floor":13.0},{"not_picked":["bronze:CloningBeam","bronze:RecursiveStrike"],"picked":"bronze:InfiniteLoop","floor":15.0}],"player_experience":1149403,"relics_obtained":[{"floor":7.0,"key":"Meat on the Bone"},{"floor":13.0,"key":"Pear"}],"event_choices":[{"cards_removed":["bronze:Strike"],"damage_healed":0.0,"max_hp_gain":0.0,"max_hp_loss":0.0,"gold_gain":0.0,"event_name":"Living Wall","player_choice":"Forget","floor":11.0,"gold_loss":0.0,"damage_taken":0.0}],"is_beta":false,"boss_relics":[],"items_purged_floors":[],"is_endless":false,"potions_floor_spawned":[5,10,12,13],"killed_by":"downfall:Silent","ascension_level":20}}