{"host":"g01l53quoe6lrer0","time":1610073669,"event":{"mods":["2.2 Compatiblity","AchievementEnabler","BaseMod","Colored Map","Highlight Path","Keyboard Shortcuts","Minty Spire (QoL Compilation)","Permanent Neow","StSLib","SuperFastMode","everything is the same but u backflip on backflip"],"gold_per_floor":[113,113,126,146,161,161,230,230,255,292,304,336,381,413,425,437,437],"floor_reached":16,"playtime":421,"items_purged":[],"score":187,"play_id":"0c480407-d1b7-440b-b737-0ed61a9b835e","local_time":"20210108114109","is_ascension_mode":true,"campfire_choices":[{"data":"Wild Strike","floor":6.0,"key":"SMITH"},{"data":"Carnage","floor":8.0,"key":"SMITH"},{"data":"Perfected Strike","floor":15.0,"key":"SMITH"}],"circlet_count":0,"master_deck":["AscendersBane","Strike_R","Strike_R","Strike_R","Strike_R","Strike_R","Defend_R","Defend_R","Defend_R","Defend_R","Bash","Headbutt","Carnage+1","Wild Strike+1","Dual Wield","Perfected Strike+1","Twin Strike","Perfected Strike"],"relics":["Burning Blood","TungstenRod","Golden Idol","Darkstone Periapt","MawBank","Regal Pillow"],"acts_visited":["Exordium"],"potions_floor_usage":[],"damage_taken":[{"damage":1.0,"enemies":"2 Louse","floor":1.0,"turns":3.0},{"damage":7.0,"enemies":"Jaw Worm","floor":3.0,"turns":4.0},{"damage":0.0,"enemies":"Cultist","floor":4.0,"turns":3.0},{"damage":26.0,"enemies":"Large Slime","floor":5.0,"turns":8.0},{"damage":0.0,"enemies":"2 Fungi Beasts","floor":10.0,"turns":2.0},{"damage":8.0,"enemies":"Gremlin Gang","floor":12.0,"turns":4.0},{"damage":7.0,"enemies":"Gremlin Nob","floor":13.0,"turns":3.0},{"damage":11.0,"enemies":"Red Slaver","floor":14.0,"turns":3.0},{"damage":39,"enemies":"Hexaghost","floor":16,"turns":7}],"seed_played":"6995233393165182532","potions_obtained":[{"floor":5.0,"key":"SneckoOil"},{"floor":10.0,"key":"AttackPotion"},{"floor":12.0,"key":"BlessingOfTheForge"},{"floor":13.0,"key":"SkillPotion"}],"is_trial":false,"path_per_floor":["M","?","M","M","M","R","T","R","T","M","?","M","E","M","R","B"],"character_chosen":"IRONCLAD","items_purchased":[],"campfire_rested":0,"item_purchase_floors":[],"current_hp_per_floor":[55,55,54,60,40,40,40,40,40,46,46,44,43,38,38,0,0],"gold":437,"neow_bonus":"ONE_RARE_RELIC","is_daily":false,"chose_seed":false,"campfire_upgraded":3,"win_rate":0.0,"timestamp":1610073669,"path_taken":["M","?","M","M","M","R","?","R","T","?","?","M","E","M","R","BOSS"],"items_purchased_type":[],"build_version":"2020-12-22","purchased_purges":0,"victory":false,"max_hp_per_floor":[75,68,68,68,68,68,68,68,68,68,68,68,68,68,68,68,68],"card_choices":[{"not_picked":["Armaments","Cleave"],"picked":"Headbutt","floor":1.0},{"not_picked":["Warcry","Sever Soul"],"picked":"Carnage","floor":3.0},{"not_picked":["Cleave","Warcry"],"picked":"Wild Strike","floor":4.0},{"not_picked":["Warcry","Clothesline"],"picked":"Dual Wield","floor":5.0},{"not_picked":["Juggernaut","Shrug It Off"],"picked":"Perfected Strike","floor":10.0},{"not_picked":["Searing Blow","Armaments"],"picked":"Twin Strike","floor":12.0},{"not_picked":["Thunderclap","Headbutt","Blood for Blood"],"picked":"SKIP","floor":13.0},{"not_picked":["Pummel","Heavy Blade"],"picked":"Perfected Strike","floor":14.0}],"player_experience":86788,"relics_obtained":[{"floor":7.0,"key":"Darkstone Periapt"},{"floor":9.0,"key":"MawBank"},{"floor":13.0,"key":"Regal Pillow"}],"event_choices":[{"damage_healed":0.0,"max_hp_gain":0.0,"max_hp_loss":7.0,"gold_gain":0.0,"event_name":"Golden Idol","player_choice":"Lose Max HP","floor":2.0,"gold_loss":0.0,"damage_taken":0.0,"relics_obtained":["Golden Idol"]},{"damage_healed":0.0,"max_hp_gain":0.0,"max_hp_loss":0.0,"gold_gain":0.0,"event_name":"Liars Game","player_choice":"Ignored","floor":11.0,"gold_loss":0.0,"damage_taken":0.0}],"is_beta":false,"boss_relics":[],"items_purged_floors":[],"is_endless":false,"potions_floor_spawned":[5,10,12,13],"killed_by":"Hexaghost","ascension_level":16}}