{"host":"6749gst1gzuv21qf","time":1610143102,"event":{"mods":["Aspiration","BaseMod","Better Altar","Better Match","Better Note","Better Sensory Stone","Better Skull","Better Third Choice","BetterRewards","Colored Map","Colored Powertips","Downfall","Highlight Path","Minty Spire (QoL Compilation)","Permanent Neow","Replay The Spire","Shop Mod","Spicy Shops","StSLib","The Cursed","Wandering Minibosses"],"gold_per_floor":[99,199,210,229,242,242,266,266,286,312,312,332,182,200,212,310,310,310,323,338,11,11,38,63,74,74,74,101,119,134,147,164,268,268,193,204,221,271,24,40,94,94,4,19,143,159,159,159,177,177,177,177,177,177],"floor_reached":52,"playtime":5089,"items_purged":["Replay:UnknownCurse"],"score":780,"play_id":"1c1ba564-cf68-4cdc-9dd4-5442d51cf2e8","local_time":"20210108165822","is_ascension_mode":false,"campfire_choices":[{"floor":6,"key":"RECALL"},{"data":"Apotheosis","floor":8,"key":"SMITH"},{"data":"Slimebound:Split","floor":13,"key":"SMITH"},{"floor":18,"key":"DIG"},{"floor":27,"key":"REST"},{"data":"Slimebound:SelfFormingGoo","floor":47,"key":"SMITH"}],"circlet_count":0,"master_deck":["Slimebound:Strike_Slimebound","Slimebound:Strike_Slimebound","Slimebound:Tackle","Slimebound:Defend_Slimebound","Slimebound:Defend_Slimebound","Slimebound:Defend_Slimebound","Slimebound:Split+1","Slimebound:CorrosiveSpit","Apotheosis+1","Slimebound:Teamwork","Slimebound:RollThrough","Slimebound:LeadByExample","Slimebound:FinishingTackle","Slimebound:Chomp","Slimebound:WasteNot","Slimebound:ViciousTackle","Slimebound:Teamwork","Slimebound:SlimeBarrage","Slimebound:Overexert","CommonCold","Clumsy","Slimebound:LeechingTouch","Slimebound:Schlurp","Slimebound:LivingWall","Slimebound:MinionMaster","Replay:SS_forest_6","Slimebound:RallyTheTroops","Slimebound:LeechEnergy+1","Slimebound:GoopSpray","Slimebound:FirmFortitude","Slimebound:Equalize","Slimebound:RollThrough","Slimebound:PrepareCrush","Slimebound:AcidTongue+1","Slimebound:OozeBath","Slimebound:LevelUp+1","Slimebound:LeechLife","Slimebound:SplitMire","Slimebound:SplitAcid+1","Slimebound:LevelUp","Slimebound:MegaLick","Slimebound:GoopSpray","Slimebound:ForwardTackle+1","Slimebound:SplitBruiser","Slimebound:FormOfPuddle","Slimebound:LevelUp","Slimebound:SelfFormingGoo+1","Slimebound:OozeBath+1","Slimebound:SplitLeeching+1","Slimebound:ViciousTackle"],"relics":["Slimebound:AbsorbEndCombat","aspiration:FrozenJewel","downfall:HeartBlessingRed","downfall:HeartBlessingBlue","Replay:Ancient Bell","Juzu Bracelet","Replay:Ringing Soul","Incense Burner","Replay:WaspNest","Nunchaku","downfall:RedIOU","aspiration:ArtOfWarUpgrade","aspiration:RitualDagger","downfall:HeartBlessingGreen","Durian","wanderingMiniBosses:CarrionFlame","Orrery","Replay:Baseball","Boot"],"acts_visited":["Exordium","TheCity","TheBeyond","TheEnding"],"potions_floor_usage":[32,33,33,37,37,43,52,52,52,52,52,52,52],"damage_taken":[{"damage":26,"enemies":"Jaw Worm","floor":3,"turns":5},{"damage":8,"enemies":"Small Slimes","floor":4,"turns":4},{"damage":5,"enemies":"Cultist","floor":5,"turns":4},{"damage":16,"enemies":"Red Slaver","floor":9,"turns":3},{"damage":8,"enemies":"Lagavulin","floor":10,"turns":5},{"damage":24,"enemies":"Blue Slaver","floor":12,"turns":3},{"damage":19,"enemies":"Exordium Thugs","floor":14,"turns":4},{"damage":16,"enemies":"2 Fungi Beasts","floor":15,"turns":2},{"damage":44,"enemies":"downfall:Silent","floor":16,"turns":6},{"damage":47,"enemies":"Spheric Guardian","floor":19,"turns":5},{"damage":27,"enemies":"Chosen","floor":20,"turns":5},{"damage":10,"enemies":"downfall:FleeingMerchant","floor":21,"turns":4},{"damage":13,"enemies":"Replay:Snechameleon","floor":23,"turns":7},{"damage":34,"enemies":"Sentry and Sphere","floor":25,"turns":7},{"damage":40,"enemies":"Shelled Parasite and Fungi","floor":29,"turns":7},{"damage":28,"enemies":"Snake Plant","floor":30,"turns":4},{"damage":31,"enemies":"Centurion and Healer","floor":31,"turns":6},{"damage":34,"enemies":"Sentry and Sphere","floor":32,"turns":7},{"damage":28,"enemies":"downfall:Defect","floor":33,"turns":8},{"damage":24,"enemies":"Orb Walker","floor":36,"turns":3},{"damage":14,"enemies":"3 Darklings","floor":37,"turns":5},{"damage":93,"enemies":"Mind Bloom Boss Battle","floor":38,"turns":6},{"damage":15,"enemies":"downfall:FleeingMerchant","floor":39,"turns":4},{"damage":71,"enemies":"Spire Growth","floor":40,"turns":7},{"damage":15,"enemies":"downfall:FleeingMerchant","floor":43,"turns":4},{"damage":3,"enemies":"Sphere and 2 Shapes","floor":44,"turns":2},{"damage":9,"enemies":"downfall:FleeingMerchant","floor":45,"turns":2},{"damage":46,"enemies":"Jaw Worm Horde","floor":46,"turns":4},{"damage":103,"enemies":"Transient","floor":49,"turns":5},{"damage":104,"enemies":"downfall:Ironclad","floor":50,"turns":10},{"damage":223,"enemies":"downfall:CharBossMerchant","floor":52,"turns":7}],"seed_played":"-7686103979212460992","potions_obtained":[{"floor":3,"key":"DuplicationPotion"},{"floor":5,"key":"LifebloodPotion"},{"floor":12,"key":"Guardian:BlockOnCardUsePotion"},{"floor":15,"key":"sneckomod:MuddlingPotion"},{"floor":29,"key":"CultistPotion"},{"floor":33,"key":"champ:CounterPotion"},{"floor":36,"key":"SkillPotion"},{"floor":40,"key":"BlessingOfTheForge"},{"floor":44,"key":"Dexterity Potion"},{"floor":46,"key":"EntropicBrew"}],"is_trial":false,"path_per_floor":["R_BF","?","M","M","M","R","T","R","M","E","?","M","R","M","M","B",null,"R_BF","M","M","$","?","E","T","M","?","R","T","M","M","M","M","B",null,"R_BF","M","M","?","$","M","T","R","?","M","$","M","R","?","M","B",null,"E"],"character_chosen":"SLIMEBOUND","items_purchased":["Slimebound:MinionMaster","Replay:SS_forest_6","Slimebound:LeechLife","Orrery","Slimebound:FormOfPuddle","Slimebound:OozeBath","Boot"],"campfire_rested":1,"item_purchase_floors":[21,21,39,39,43,45,45],"current_hp_per_floor":[42,42,48,56,60,60,60,60,60,60,60,56,66,70,62,50,73,73,33,21,30,30,52,52,43,43,69,69,44,31,23,36,55,103,103,90,96,33,41,118,118,118,123,126,129,116,116,116,66,62,135,0,0,0],"gold":177,"neow_bonus":"RANDOM_COLORLESS_2","is_daily":false,"chose_seed":false,"campfire_upgraded":3,"win_rate":0.0,"timestamp":1610143102,"path_taken":["R_BF","?","M","M","?","R","T","R","M","E","?","M","R","M","M","BOSS","R_BF","M","M","$","?","E","T","M","?","R","?","M","M","M","M","BOSS","R_BF","M","M","?","$","M","T","R","?","M","$","M","R","?","M","BOSS","E"],"items_purchased_type":["Card","Card","Card","Relic","Card","Card","Relic"],"build_version":"2020-12-22","purchased_purges":1,"victory":false,"max_hp_per_floor":[60,60,60,60,60,60,60,60,60,60,60,60,70,70,70,70,73,73,76,79,82,82,85,85,88,88,88,88,91,94,97,100,103,103,103,106,106,114,117,120,120,120,123,126,129,132,132,132,135,135,135,135,135,135],"card_choices":[{"not_picked":["Transmutation","Secret Technique"],"picked":"Apotheosis","floor":0},{"not_picked":["Slimebound:FinishingTackle","Slimebound:SplitBruiser"],"picked":"Slimebound:RollThrough","floor":3},{"not_picked":["Slimebound:SplitLeeching","Slimebound:ProtectTheBoss"],"picked":"Slimebound:LeadByExample","floor":4},{"not_picked":["Slimebound:FormOfPuddle","Slimebound:PressTheAttack"],"picked":"Slimebound:FinishingTackle","floor":5},{"not_picked":["Slimebound:RollThrough","Slimebound:SplitAcid"],"picked":"Slimebound:Chomp","floor":9},{"not_picked":["Slimebound:SplitAcid","Slimebound:GoopSpray"],"picked":"Slimebound:WasteNot","floor":10},{"not_picked":["Slimebound:PressTheAttack","Slimebound:FinishingTackle"],"picked":"Slimebound:ViciousTackle","floor":12},{"not_picked":["Slimebound:LeechingTouch","Slimebound:Schlurp"],"picked":"Slimebound:Teamwork","floor":14},{"not_picked":["Slimebound:SlimeSpikes","Slimebound:AcidTongue"],"picked":"Slimebound:SlimeBarrage","floor":15},{"not_picked":["Slimebound:OneTwoCombo","Slimebound:WasteNot"],"picked":"Slimebound:Overexert","floor":16},{"not_picked":["ReplayTheSpireMod:Doomed","betterMatch:CurseCard"],"picked":"CommonCold","floor":17},{"not_picked":["ReplayTheSpireMod:Doomed","betterMatch:CurseCard"],"picked":"Replay:UnknownCurse","floor":17},{"not_picked":["Delirium","Replay:UnknownCurse"],"picked":"Clumsy","floor":17},{"not_picked":["Slimebound:RejuvenatingLick","Slimebound:SplitAcid"],"picked":"Slimebound:LeechingTouch","floor":19},{"not_picked":["Slimebound:SlimeTap","Slimebound:SlimeSpikes+1"],"picked":"Slimebound:Schlurp","floor":20},{"not_picked":["Slimebound:SlimeBarrage","Slimebound:SplitAcid"],"picked":"Slimebound:LivingWall","floor":21},{"not_picked":["Slimebound:LevelUp+1","Slimebound:LeechingTouch+1"],"picked":"Slimebound:RallyTheTroops","floor":23},{"not_picked":["Slimebound:FlameTackle+1","Slimebound:RollThrough"],"picked":"Slimebound:LeechEnergy+1","floor":25},{"not_picked":["Slimebound:GrowthPunch","Slimebound:SplitLeeching+1"],"picked":"Slimebound:GoopSpray","floor":29},{"not_picked":["Slimebound:SplitLeeching+1","Slimebound:HauntingLick"],"picked":"Slimebound:FirmFortitude","floor":30},{"not_picked":["Slimebound:SamplingLick","Slimebound:HauntingLick"],"picked":"Slimebound:Equalize","floor":31},{"not_picked":["Slimebound:SplitMire","Slimebound:FinishingTackle"],"picked":"Slimebound:RollThrough","floor":32},{"not_picked":["Slimebound:OneTwoCombo","Slimebound:RallyTheTroops"],"picked":"Slimebound:PrepareCrush","floor":33},{"not_picked":["Slimebound:SplitBruiser+1","Slimebound:ComboTackle"],"picked":"Slimebound:AcidTongue+1","floor":36},{"not_picked":["Slimebound:LeechingTouch","Slimebound:GoopSpray","Slimebound:TongueLash"],"picked":"SKIP","floor":37},{"not_picked":["Slimebound:DisruptingSlam","Slimebound:SplitAcid+1"],"picked":"Slimebound:OozeBath","floor":38},{"not_picked":["Slimebound:LeechingTouch","Slimebound:ViciousTackle+1"],"picked":"Slimebound:LevelUp+1","floor":39},{"not_picked":["Slimebound:AcidTongue+1","Slimebound:PressTheAttack+1"],"picked":"Slimebound:SplitMire","floor":39},{"not_picked":["Slimebound:GoopTackle+1","Slimebound:MegaLick"],"picked":"Slimebound:SplitAcid+1","floor":39},{"not_picked":["Slimebound:RallyTheTroops","Slimebound:Replication"],"picked":"Slimebound:LevelUp","floor":39},{"not_picked":["Slimebound:FlameTackle+1","Slimebound:SplitBruiser+1"],"picked":"Slimebound:MegaLick","floor":39},{"not_picked":["Slimebound:ComboTackle","Slimebound:SplitBruiser+1"],"picked":"Slimebound:GoopSpray","floor":39},{"not_picked":["Slimebound:SamplingLick","Slimebound:SlimeBarrage+1"],"picked":"Slimebound:ForwardTackle+1","floor":40},{"not_picked":["Slimebound:SamplingLick","Slimebound:TongueLash"],"picked":"Slimebound:SplitBruiser","floor":43},{"not_picked":["Slimebound:SplitMire+1","Slimebound:ViciousTackle+1"],"picked":"Slimebound:LevelUp","floor":44},{"not_picked":["Slimebound:SamplingLick","Slimebound:RollThrough+1"],"picked":"Slimebound:SelfFormingGoo","floor":45},{"not_picked":["Slimebound:LeechEnergy+1","Slimebound:SlimeBarrage"],"picked":"Slimebound:SplitLeeching+1","floor":46},{"not_picked":["Slimebound:SplitMire","Slimebound:Dissolve+1"],"picked":"Slimebound:ViciousTackle","floor":49}],"player_experience":566075,"relics_obtained":[{"floor":10,"key":"aspiration:FrozenJewel"},{"floor":18,"key":"Replay:WaspNest"},{"floor":23,"key":"Blood Vial"},{"floor":24,"key":"Nunchaku"},{"floor":28,"key":"Art of War"},{"floor":38,"key":"Durian"},{"floor":38,"key":"wanderingMiniBosses:CarrionFlame"},{"floor":41,"key":"Replay:Baseball"}],"event_choices":[{"damage_healed":0,"gold_gain":0,"cards_transformed":["Slimebound:Defend_Slimebound"],"player_choice":"Change","damage_taken":0,"max_hp_gain":0,"max_hp_loss":0,"event_name":"Living Wall","floor":1,"gold_loss":0,"cards_obtained":["Slimebound:Teamwork"]},{"cards_removed":["Apotheosis"],"damage_healed":0,"gold_gain":0,"player_choice":"Give","damage_taken":0,"max_hp_gain":0,"max_hp_loss":0,"event_name":"betterNote:BetterNote","floor":22,"gold_loss":0,"cards_obtained":["Defend_R"]},{"damage_healed":0,"gold_gain":0,"player_choice":"Upgraded","damage_taken":0,"max_hp_gain":0,"max_hp_loss":0,"event_name":"Upgrade Shrine","floor":48,"gold_loss":0,"cards_upgraded":["Slimebound:OozeBath"]}],"is_beta":false,"boss_relics":[{"not_picked":["aspiration:WatcherSkillbook","Replay:Grab Bag"],"picked":"Replay:Ancient Bell"},{"not_picked":["Simple Rune","Vajra"],"picked":"Juzu Bracelet"},{"not_picked":["aspiration:SeaSaltIceCream","HornCleat"],"picked":"Replay:Ringing Soul"},{"not_picked":["Torii","Replay:Arrowhead"],"picked":"Incense Burner"},{"not_picked":["Sozu","aspiration:FutureDiary"],"picked":"aspiration:RitualDagger"}],"items_purged_floors":[21],"is_endless":false,"potions_floor_spawned":[3,5,12,15,16,19,20,25,29,33,36,40,44,46],"killed_by":"downfall:CharBossMerchant","ascension_level":0}}