{"host":"8fup84v061vi31le","time":1610074496,"event":{"mods":["Aspiration","BaseMod","Better Match","Better Third Choice","Minty Spire (QoL Compilation)","Spicy Shops","StSLib"],"gold_per_floor":[111,131,147,147,147,147,182,162,162,162,183,204,16,41,41,166,166,181,181,181,199,210,237,287,287,337,337,370,390,408,258,258,356,356,374,389,409,21,41,41,75,75,75,88,115,115,127,144,144,144],"floor_reached":51,"playtime":1968,"items_purged":["Strike_G","Slice","Strike_G","Strike_G"],"score":921,"play_id":"3eb8bdca-156d-418f-a192-86e0f8930fff","local_time":"20210108105456","is_ascension_mode":true,"campfire_choices":[{"data":"Deadly Poison","floor":6.0,"key":"SMITH"},{"floor":10.0,"key":"REST"},{"data":"Bane","floor":15.0,"key":"SMITH"},{"floor":25.0,"key":"REST"},{"data":"Corpse Explosion","floor":27.0,"key":"SMITH"},{"data":"Poisoned Stab","floor":32,"key":"SMITH"},{"data":"Catalyst","floor":40,"key":"SMITH"},{"data":"Envenom","floor":46,"key":"SMITH"},{"floor":49,"key":"REST"}],"circlet_count":0,"master_deck":["Strike_G","Defend_G","Defend_G","Defend_G","Survivor","Neutralize","Slice","Deadly Poison+1","Catalyst+1","Bane+1","Corpse Explosion+1","Poisoned Stab+1","Catalyst+1","Crippling Poison","Noxious Fumes+1","Envenom+1","Blade Dance+1","Catalyst+1"],"relics":["Ring of the Snake","aspiration:Nostalgia","Burning Blood","Bloody Idol","aspiration:VileToxins","Orichalcum","Membership Card","Empty Cage","Strawberry","Dream Catcher","Gremlin Horn","Snake Skull","aspiration:SecretTechniqueScroll","Incense Burner","Matryoshka","Blood Vial","Mummified Hand","InkBottle","PreservedInsect","Ornamental Fan"],"acts_visited":["Exordium","TheCity","TheBeyond"],"potions_floor_usage":[28,33,35,50],"damage_taken":[{"damage":2.0,"enemies":"Jaw Worm","floor":1.0,"turns":5.0},{"damage":0.0,"enemies":"2 Louse","floor":2.0,"turns":3.0},{"damage":6.0,"enemies":"Cultist","floor":3.0,"turns":3.0},{"damage":21.0,"enemies":"Gremlin Nob","floor":7.0,"turns":4.0},{"damage":4.0,"enemies":"Blue Slaver","floor":11.0,"turns":3.0},{"damage":3.0,"enemies":"Large Slime","floor":12.0,"turns":6.0},{"damage":0.0,"enemies":"3 Louse","floor":14.0,"turns":3.0},{"damage":46.0,"enemies":"The Guardian","floor":16.0,"turns":10.0},{"damage":7.0,"enemies":"3 Byrds","floor":18.0,"turns":3.0},{"damage":11.0,"enemies":"Shell Parasite","floor":21.0,"turns":4.0},{"damage":13.0,"enemies":"Snake Plant","floor":22.0,"turns":3.0},{"damage":53.0,"enemies":"Gremlin Leader","floor":23.0,"turns":8.0},{"damage":9,"enemies":"Book of Stabbing","floor":28,"turns":4},{"damage":10,"enemies":"Cultist and Chosen","floor":29,"turns":4},{"damage":1,"enemies":"Snecko","floor":30,"turns":3},{"damage":73,"enemies":"Automaton","floor":33,"turns":9},{"damage":4,"enemies":"3 Shapes","floor":35,"turns":1},{"damage":21,"enemies":"3 Darklings","floor":36,"turns":3},{"damage":12,"enemies":"Writhing Mass","floor":37,"turns":3},{"damage":0,"enemies":"Transient","floor":39,"turns":5},{"damage":18,"enemies":"Reptomancer","floor":41,"turns":4},{"damage":13,"enemies":"3 Darklings","floor":44,"turns":2},{"damage":7,"enemies":"Nemesis","floor":45,"turns":3},{"damage":24,"enemies":"Sphere and 2 Shapes","floor":47,"turns":5},{"damage":13,"enemies":"Writhing Mass","floor":48,"turns":3},{"damage":71,"enemies":"Awakened One","floor":50,"turns":8}],"seed_played":"-5214324115420566628","potions_obtained":[{"floor":1.0,"key":"Ancient Potion"},{"floor":3.0,"key":"Fruit Juice"},{"floor":7.0,"key":"Ancient Potion"},{"floor":8.0,"key":"Fire Potion"},{"floor":16.0,"key":"SkillPotion"},{"floor":18.0,"key":"EssenceOfSteel"},{"floor":22.0,"key":"SmokeBomb"},{"floor":28,"key":"EntropicBrew"},{"floor":29,"key":"Dexterity Potion"},{"floor":33,"key":"Energy Potion"},{"floor":37,"key":"DistilledChaos"},{"floor":48,"key":"FairyPotion"}],"is_trial":false,"path_per_floor":["M","M","M","?","?","R","E","?","T","R","M","M","$","M","R","B",null,"M","?","?","M","M","E","?","R","T","R","E","M","M","$","R","B",null,"M","M","M","$","M","R","E","?","T","M","E","R","M","M","R","B",null],"character_chosen":"THE_SILENT","items_purchased":["Membership Card","Snake Skull","Incense Burner","Noxious Fumes","Matryoshka","Blood Vial"],"campfire_rested":3,"item_purchase_floors":[13,31,38,38,38,38],"current_hp_per_floor":[70,70,75,68,50,50,35,35,35,57,59,62,62,68,68,28,75,74,74,74,74,72,37,42,66,71,71,73,74,82,82,82,20,82,82,72,71,71,82,82,75,75,75,75,81,81,69,69,82,17],"gold":144,"neow_bonus":"NOSTALGIA","is_daily":false,"chose_seed":false,"campfire_upgraded":6,"win_rate":0.0,"timestamp":1610074496,"path_taken":["M","M","M","?","?","R","E","?","T","R","M","M","$","?","R","BOSS","M","?","?","M","M","E","?","R","T","R","E","M","?","?","R","BOSS","M","M","M","$","M","R","E","?","T","M","E","R","?","M","R","BOSS"],"items_purchased_type":["Relic","Relic","Relic","Card","Relic","Relic"],"build_version":"2020-12-22","purchased_purges":4,"victory":true,"max_hp_per_floor":[70,70,75,75,75,75,75,75,75,75,75,75,75,75,75,75,75,75,75,75,75,75,82,82,82,82,82,82,82,82,82,82,82,82,82,82,82,82,82,82,82,82,82,82,82,82,82,82,82,82],"card_choices":[{"not_picked":["Deflect","Blur"],"picked":"Slice","floor":1.0},{"not_picked":["Setup","Cloak And Dagger"],"picked":"Deadly Poison","floor":2.0},{"not_picked":["Bane","Reflex"],"picked":"Slice","floor":3.0},{"not_picked":["Escape Plan","Underhanded Strike"],"picked":"Catalyst","floor":7.0},{"not_picked":["Poisoned Stab","Blade Dance"],"picked":"Bane","floor":11.0},{"not_picked":["Dagger Spray","Dagger Throw","Bane"],"picked":"SKIP","floor":12.0},{"not_picked":["Dagger Spray","PiercingWail","Expertise"],"picked":"SKIP","floor":14.0},{"not_picked":["Venomology","Wraith Form v2"],"picked":"Corpse Explosion","floor":16.0},{"not_picked":["Deadly Poison","Backflip+1"],"picked":"Poisoned Stab","floor":18.0},{"not_picked":["Blade Dance","Slice","Quick Slash"],"picked":"SKIP","floor":21.0},{"not_picked":["Expertise+1","Flechettes","Dodge and Roll+1"],"picked":"SKIP","floor":22.0},{"not_picked":["Die Die Die","Leg Sweep+1","Bane"],"picked":"SKIP","floor":23.0},{"not_picked":["Slice+1","Underhanded Strike+1"],"picked":"Catalyst+1","floor":28},{"not_picked":["Predator","Blade Dance","Finisher"],"picked":"SKIP","floor":29},{"not_picked":["Predator","Slice"],"picked":"Crippling Poison","floor":30},{"not_picked":["Dash+1","Infinite Blades+1","PiercingWail+1"],"picked":"SKIP","floor":35},{"not_picked":["Prepared+1","Bane+1","Setup"],"picked":"SKIP","floor":36},{"not_picked":["Cloak And Dagger","Expertise+1","Dagger Spray+1"],"picked":"SKIP","floor":37},{"not_picked":["Heel Hook","Choke+1","Tactician+1"],"picked":"SKIP","floor":39},{"not_picked":["Flying Knee+1","Acrobatics","Dagger Spray+1"],"picked":"SKIP","floor":41},{"not_picked":["Dagger Spray","Prepared","Dodge and Roll+1"],"picked":"SKIP","floor":44},{"not_picked":["Cloak And Dagger+1","Bane"],"picked":"Envenom","floor":45},{"not_picked":["Backflip+1","Heel Hook+1"],"picked":"Blade Dance+1","floor":47},{"not_picked":["Backstab","Bane"],"picked":"Catalyst+1","floor":48}],"player_experience":142473,"relics_obtained":[{"floor":7.0,"key":"aspiration:VileToxins"},{"floor":9.0,"key":"Orichalcum"},{"floor":23.0,"key":"Strawberry"},{"floor":26.0,"key":"Dream Catcher"},{"floor":28,"key":"Gremlin Horn"},{"floor":41,"key":"Mummified Hand"},{"floor":43,"key":"InkBottle"},{"floor":43,"key":"PreservedInsect"},{"floor":45,"key":"Ornamental Fan"}],"event_choices":[{"cards_removed":["Defend_G"],"damage_healed":0.0,"max_hp_gain":0.0,"max_hp_loss":0.0,"gold_gain":0.0,"event_name":"Golden Wing","player_choice":"Card Removal","floor":4.0,"gold_loss":0.0,"damage_taken":7.0},{"damage_healed":0.0,"max_hp_gain":0.0,"max_hp_loss":0.0,"gold_gain":0.0,"event_name":"Golden Idol","player_choice":"Take Damage","floor":5.0,"gold_loss":0.0,"damage_taken":18.0,"relics_obtained":["Golden Idol"]},{"damage_healed":0.0,"max_hp_gain":0.0,"max_hp_loss":0.0,"gold_gain":0.0,"event_name":"The Woman in Blue","player_choice":"Bought 1 Potion","floor":8.0,"gold_loss":0.0,"damage_taken":0.0},{"damage_healed":0.0,"max_hp_gain":0.0,"max_hp_loss":0.0,"gold_gain":0.0,"event_name":"Vampires","player_choice":"Ignored","floor":19.0,"gold_loss":0.0,"damage_taken":0.0},{"damage_healed":0.0,"max_hp_gain":0.0,"max_hp_loss":0.0,"gold_gain":0.0,"event_name":"Forgotten Altar","player_choice":"Gave Idol","floor":20.0,"relics_lost":["Golden Idol"],"gold_loss":0.0,"damage_taken":0.0,"relics_obtained":["Bloody Idol"]},{"damage_healed":0.0,"max_hp_gain":0.0,"max_hp_loss":0.0,"gold_gain":100.0,"event_name":"The Joust","player_choice":"Bet on Murderer","floor":24.0,"gold_loss":50.0,"damage_taken":0.0},{"damage_healed":0,"gold_gain":0,"player_choice":"Upgraded","damage_taken":0,"max_hp_gain":0,"max_hp_loss":0,"event_name":"Upgrade Shrine","floor":42,"gold_loss":0,"cards_upgraded":["Noxious Fumes"]}],"is_beta":false,"boss_relics":[{"not_picked":["aspiration:RitualDagger","SacredBark"],"picked":"Empty Cage"},{"not_picked":["Runic Dome","aspiration:DefectSkillbook"],"picked":"aspiration:SecretTechniqueScroll"}],"items_purged_floors":[13,31,31,38],"is_endless":false,"potions_floor_spawned":[1,3,7,16,18,22,28,29,33,37,39,44,45,48],"ascension_level":4}}