{"host":"fm9e0lfunjlbhzxv","time":1610077191,"event":{"mods":["2.2 Compatiblity","Astrologer","BaseMod","Better Match","Better Skull","Better Third Choice","Colored Map","Colored Powertips","Downfall","Friendly Minions","Key Reminder","Kiyohime????","Marisa????????","Minty Spire (QoL Compilation)","Permanent Neow","Rare Cards Sparkle","Relic Stats","Remilia??????","StSLib","The Administrix","The Bug Knight","The Cursed","The Disciple","The Mystic","The Servant 0.9.4","The Vixen","slay the spire mod where everything is the same but ironclad has a cowboy hat"],"gold_per_floor":[119,132,132,149,149,149,149,176,199,211,243,255,255],"floor_reached":12,"playtime":665,"items_purged":[],"score":94,"play_id":"f6dcc5ae-d7c8-4a02-8f67-57635e2c8449","local_time":"20210107193951","is_ascension_mode":true,"campfire_choices":[{"data":"TheVixenMod:SunnyDay","floor":6,"key":"SMITH"}],"circlet_count":0,"master_deck":["TheVixenMod:Strike_TheVixen","TheVixenMod:Strike_TheVixen","TheVixenMod:Strike_TheVixen","TheVixenMod:Defend_TheVixen","TheVixenMod:Defend_TheVixen","TheVixenMod:Defend_TheVixen","TheVixenMod:Defend_TheVixen","TheVixenMod:SunnyDay+1","TheVixenMod:Ember","TheVixenMod:Psybeam","TheVixenMod:Defiant","TheVixenMod:Curse"],"relics":["TheVixenMod:BurningStick","Omamori","Boot","MawBank"],"acts_visited":["Exordium"],"potions_floor_usage":[4,11],"damage_taken":[{"damage":0,"enemies":"Cultist","floor":1,"turns":3},{"damage":2,"enemies":"Jaw Worm","floor":2,"turns":3},{"damage":5,"enemies":"Small Slimes","floor":4,"turns":3},{"damage":32,"enemies":"Gremlin Nob","floor":8,"turns":5},{"damage":14,"enemies":"Looter","floor":11,"turns":3},{"damage":21,"enemies":"3 Sentries","floor":12,"turns":4}],"seed_played":"6906401267378456521","potions_obtained":[{"floor":2,"key":"Slimebound:ThreeZeroPotion"},{"floor":4,"key":"Energy Potion"},{"floor":11,"key":"SteroidPotion"}],"is_trial":false,"path_per_floor":["M","M","?","M","?","R","?","E","T","$","M","E"],"character_chosen":"THE_VIXEN","items_purchased":[],"campfire_rested":0,"item_purchase_floors":[],"current_hp_per_floor":[70,68,68,63,56,56,61,29,29,29,15,0,0],"gold":255,"neow_bonus":"RANDOM_COMMON_RELIC","is_daily":false,"chose_seed":false,"campfire_upgraded":1,"win_rate":0.0,"timestamp":1610077191,"path_taken":["M","?","?","?","?","R","?","E","T","$","M","E"],"items_purchased_type":[],"build_version":"2020-12-22","purchased_purges":0,"victory":false,"max_hp_per_floor":[70,70,70,70,70,70,75,75,75,75,75,75,75],"relic_stats":{"counters":[6,21],"Boot":[8],"MawBank":36,"obtain_stats":[{"Omamori":0,"TheVixenMod:BurningStick":0,"Boot":8,"MawBank":9},{"Omamori":0,"TheVixenMod:BurningStick":0,"Boot":4,"MawBank":4},{"Omamori":0,"TheVixenMod:BurningStick":0,"Boot":14,"MawBank":14}]},"card_choices":[{"not_picked":["TheVixenMod:ShadowBall","TheVixenMod:Extrasensory","TheVixenMod:FlameWheel"],"picked":"SKIP","floor":1},{"not_picked":["TheVixenMod:FireFang","TheVixenMod:CalmMind"],"picked":"TheVixenMod:Psybeam","floor":2},{"not_picked":["TheVixenMod:FlameWheel","TheVixenMod:FlameBurst"],"picked":"TheVixenMod:Defiant","floor":4},{"not_picked":["TheVixenMod:FlameWheel","TheVixenMod:Analytic"],"picked":"TheVixenMod:Curse","floor":8},{"not_picked":["TheVixenMod:CADC","TheVixenMod:Wish","TheVixenMod:MindReader"],"picked":"SKIP","floor":11}],"player_experience":730043,"relics_obtained":[{"floor":8,"key":"Boot"},{"floor":9,"key":"MawBank"}],"event_choices":[{"damage_healed":0,"gold_gain":0,"player_choice":"Cursed","damage_taken":0,"max_hp_gain":0,"max_hp_loss":0,"event_name":"Wheel of Change","floor":3,"gold_loss":0,"cards_obtained":["Decay"]},{"cards_removed":["TheVixenMod:Strike_TheVixen"],"damage_healed":0,"gold_gain":0,"player_choice":"Card Removal","damage_taken":7,"max_hp_gain":0,"max_hp_loss":0,"event_name":"Golden Wing","floor":5,"gold_loss":0},{"damage_healed":0,"gold_gain":0,"player_choice":"Donut","damage_taken":0,"max_hp_gain":5,"max_hp_loss":0,"event_name":"Big Fish","floor":7,"gold_loss":0}],"is_beta":false,"boss_relics":[],"items_purged_floors":[],"is_endless":false,"potions_floor_spawned":[2,4,11],"killed_by":"3 Sentries","ascension_level":4}}