{"host":"fm9e0lfunjlbhzxv","time":1610079832,"event":{"mods":["2.2 Compatiblity","Astrologer","BaseMod","Better Match","Better Skull","Better Third Choice","Colored Map","Colored Powertips","Downfall","Friendly Minions","Key Reminder","Kiyohime????","Marisa????????","Minty Spire (QoL Compilation)","Permanent Neow","Rare Cards Sparkle","Relic Stats","Remilia??????","StSLib","The Administrix","The Bug Knight","The Cursed","The Disciple","The Mystic","The Servant 0.9.4","The Vixen","slay the spire mod where everything is the same but ironclad has a cowboy hat"],"gold_per_floor":[114,126,126,150,150,150,185,73,73,108,108,126,164,12,12,143,143,156,181,181,181,73,73,103,103,103,103,119,139,139,39,39,143,143,161,173,224,243,243,243],"floor_reached":39,"playtime":2581,"items_purged":["Pain","TheCursedMod:Dregs"],"score":488,"play_id":"531b1ba0-e248-48e1-b4c9-b968b5999854","local_time":"20210107202352","is_ascension_mode":true,"campfire_choices":[{"data":"astrologer:CometStrike","floor":6,"key":"SMITH"},{"data":"astrologer:Prismatic","floor":11,"key":"SMITH"},{"floor":15,"key":"REST"},{"data":"astrologer:Confirmation","floor":23,"key":"SMITH"},{"floor":25,"key":"REST"},{"floor":30,"key":"REST"},{"data":"astrologer:DarkMatter","floor":32,"key":"SMITH"}],"circlet_count":0,"master_deck":["astrologer:Strike","astrologer:Defend","astrologer:Defend","astrologer:Defend","astrologer:Defend","astrologer:NorthStar","astrologer:TheFool","astrologer:TheEmpress","astrologer:CometStrike+1","astrologer:Prismatic+1","astrologer:StarOfRegret","astrologer:Justice","astrologer:TheSun","astrologer:ShootingStar","astrologer:NeutronStar","astrologer:Fireball","astrologer:Confirmation+1","astrologer:DarkMatter+1","astrologer:CometStrike+1","astrologer:DarkMatter","astrologer:Still+1","astrologer:BlackHole+1","astrologer:DarkMatter+1","astrologer:TheLovers+1","astrologer:TheHierophant"],"relics":["Cursed Key","Bloody Idol","WarpedTongs","Torii","Lizard Tail","Incense Burner","Singing Bowl","Omamori","SlaversCollar","Pear","Dream Catcher","keyreminder:keyreminder","Enchiridion","Astrolabe","Mango"],"acts_visited":["Exordium","TheCity","TheBeyond"],"potions_floor_usage":[13,16,24,35,37,37],"damage_taken":[{"damage":0,"enemies":"Jaw Worm","floor":1,"turns":4},{"damage":0,"enemies":"2 Louse","floor":2,"turns":3},{"damage":1,"enemies":"Cultist","floor":4,"turns":3},{"damage":20,"enemies":"Gremlin Nob","floor":7,"turns":4},{"damage":10,"enemies":"Lagavulin","floor":10,"turns":6},{"damage":2,"enemies":"3 Louse","floor":12,"turns":4},{"damage":1,"enemies":"Gremlin Nob","floor":13,"turns":4},{"damage":8,"enemies":"The Guardian","floor":16,"turns":11},{"damage":9,"enemies":"Shell Parasite","floor":18,"turns":6},{"damage":14,"enemies":"Chosen","floor":19,"turns":6},{"damage":30,"enemies":"Slavers","floor":24,"turns":4},{"damage":34,"enemies":"Shelled Parasite and Fungi","floor":28,"turns":7},{"damage":11,"enemies":"Cultist and Chosen","floor":29,"turns":6},{"damage":18,"enemies":"Collector","floor":33,"turns":9},{"damage":37,"enemies":"3 Darklings","floor":35,"turns":5},{"damage":0,"enemies":"3 Shapes","floor":36,"turns":6},{"damage":101,"enemies":"2 Orb Walkers","floor":37,"turns":7},{"damage":33,"enemies":"Jaw Worm Horde","floor":38,"turns":4},{"damage":13,"enemies":"Spire Growth","floor":39,"turns":2}],"seed_played":"7784174405595812170","potions_obtained":[{"floor":1,"key":"Explosive Potion"},{"floor":10,"key":"ColorlessPotion"},{"floor":12,"key":"DistilledChaos"},{"floor":28,"key":"GamblersBrew"},{"floor":29,"key":"ColorlessPotion"},{"floor":35,"key":"LiquidBronze"}],"is_trial":false,"path_per_floor":["M","M","?","M","?","R","E","$","T","E","R","M","E","$","R","B",null,"M","M","T","?","$","R","E","R","T","?","M","M","R","$","R","B",null,"M","M","?","M","M"],"character_chosen":"ASTROLOGER","items_purchased":["astrologer:StarOfRegret","Omamori","astrologer:Fireball","astrologer:Confirmation"],"campfire_rested":3,"item_purchase_floors":[8,14,22,22],"current_hp_per_floor":[70,70,53,52,52,52,32,32,32,22,22,20,21,21,42,34,72,63,49,59,59,59,59,34,60,60,44,17,11,38,38,38,25,88,56,63,34,6,0,0],"gold":243,"neow_bonus":"BOSS_RELIC","is_daily":false,"chose_seed":false,"campfire_upgraded":4,"win_rate":0.0,"timestamp":1610079832,"path_taken":["M","M","?","M","?","R","E","$","T","E","R","M","E","$","R","BOSS","M","M","?","?","$","R","E","R","T","?","M","M","R","?","R","BOSS","M","M","?","M","M"],"items_purchased_type":["Card","Relic","Card","Card"],"build_version":"2020-12-22","purchased_purges":2,"victory":false,"max_hp_per_floor":[70,70,70,70,70,70,70,70,70,70,70,70,72,72,72,72,72,72,72,82,82,82,82,82,84,84,84,86,86,88,88,88,88,88,88,90,106,106,106,106],"relic_stats":{"Lizard Tail":45,"Dream Catcher":2,"Torii":43,"Singing Bowl":12,"counters":[19,101],"Bloody Idol":40,"Astrolabe":["astrologer:Still","astrologer:BlackHole","astrologer:DarkMatter"],"Cursed Key":3,"obtain_stats":[{"Pear":20,"Torii":7,"Singing Bowl":13,"Golden Idol":3,"Astrolabe":34,"Enchiridion":27,"Mango":37,"Incense Burner":10,"Omamori":14,"Cursed Key":0,"WarpedTongs":5,"keyreminder:keyreminder":26,"SlaversCollar":17,"Lizard Tail":9,"Dream Catcher":24,"Bloody Idol":21,"astrologer:SkyMirror":0},{"Pear":10,"Torii":4,"Singing Bowl":7,"Golden Idol":2,"Astrolabe":14,"Enchiridion":11,"Mango":17,"Incense Burner":5,"Omamori":7,"Cursed Key":0,"WarpedTongs":3,"keyreminder:keyreminder":11,"SlaversCollar":8,"Lizard Tail":4,"Dream Catcher":11,"Bloody Idol":10,"astrologer:SkyMirror":0},{"Pear":51,"Torii":14,"Singing Bowl":28,"Golden Idol":7,"Astrolabe":77,"Enchiridion":55,"Mango":95,"Incense Burner":20,"Omamori":28,"Cursed Key":0,"WarpedTongs":10,"keyreminder:keyreminder":55,"SlaversCollar":39,"Lizard Tail":14,"Dream Catcher":55,"Bloody Idol":51,"astrologer:SkyMirror":0}],"WarpedTongs":[89]},"card_choices":[{"not_picked":["astrologer:CrystalBall","astrologer:Still"],"picked":"astrologer:TheEmpress","floor":1},{"not_picked":["astrologer:Eclipse","astrologer:SolarFlare","astrologer:Conjunction"],"picked":"SKIP","floor":2},{"not_picked":["astrologer:Opposition","astrologer:Conjunction"],"picked":"astrologer:CometStrike","floor":4},{"not_picked":["astrologer:SpaceDust","astrologer:MeteorShower"],"picked":"astrologer:Prismatic","floor":7},{"not_picked":["astrologer:SolarFlare","astrologer:Radiance"],"picked":"astrologer:Justice","floor":10},{"not_picked":["astrologer:Death","astrologer:SpaceDust","astrologer:CometStrike"],"picked":"SKIP","floor":12},{"not_picked":["astrologer:StarOfCourage","astrologer:Justice","astrologer:FrozenStar"],"picked":"Singing Bowl","floor":13},{"not_picked":["astrologer:TheChariot","astrologer:Alignment"],"picked":"astrologer:TheSun","floor":16},{"not_picked":["astrologer:Moonlight","astrologer:SpaceDust"],"picked":"astrologer:ShootingStar","floor":18},{"not_picked":["astrologer:Judgement","astrologer:Moonlight"],"picked":"astrologer:NeutronStar","floor":19},{"not_picked":["astrologer:Radiance","astrologer:Still"],"picked":"astrologer:DarkMatter","floor":24},{"not_picked":["astrologer:Conjunction","astrologer:Premeditation+1","astrologer:ReadTheStars+1"],"picked":"Singing Bowl","floor":25},{"not_picked":["astrologer:TheEmpress+1","astrologer:Conjunction+1","astrologer:TheEmperor"],"picked":"Singing Bowl","floor":28},{"not_picked":["astrologer:CrystalBall","astrologer:Moonlight"],"picked":"astrologer:CometStrike+1","floor":29},{"not_picked":["astrologer:Novile","astrologer:Opposition","astrologer:Justice"],"picked":"Singing Bowl","floor":30},{"not_picked":["astrologer:Alignment","astrologer:HeatDeath"],"picked":"astrologer:DarkMatter","floor":33},{"not_picked":["astrologer:SolarFlare+1","astrologer:Stardust"],"picked":"astrologer:TheLovers+1","floor":35},{"not_picked":["astrologer:MeteorShower","astrologer:Justice","astrologer:ReadTheStars+1"],"picked":"Singing Bowl","floor":36},{"not_picked":["astrologer:SolarFlare+1","astrologer:Fireball","astrologer:Moonlight"],"picked":"Singing Bowl","floor":37},{"not_picked":["astrologer:LonelyStar","astrologer:TheChariot"],"picked":"astrologer:TheHierophant","floor":38}],"player_experience":730708,"relics_obtained":[{"floor":7,"key":"Torii"},{"floor":9,"key":"Lizard Tail"},{"floor":10,"key":"Incense Burner"},{"floor":13,"key":"Singing Bowl"},{"floor":20,"key":"Pear"},{"floor":24,"key":"Dream Catcher"},{"floor":27,"key":"Enchiridion"},{"floor":37,"key":"Mango"}],"event_choices":[{"damage_healed":0,"gold_gain":0,"player_choice":"Take Damage","damage_taken":17,"relics_obtained":["Golden Idol"],"max_hp_gain":0,"max_hp_loss":0,"event_name":"Golden Idol","floor":3,"gold_loss":0},{"damage_healed":0,"gold_gain":0,"player_choice":"Rummage","damage_taken":0,"relics_obtained":["WarpedTongs"],"max_hp_gain":0,"max_hp_loss":0,"event_name":"Accursed Blacksmith","floor":5,"gold_loss":0,"cards_obtained":["Pain"]},{"damage_healed":0,"gold_gain":0,"player_choice":"Gave Idol","damage_taken":0,"relics_obtained":["Bloody Idol"],"max_hp_gain":0,"max_hp_loss":0,"event_name":"Forgotten Altar","floor":21,"relics_lost":["Golden Idol"],"gold_loss":0},{"damage_healed":0,"gold_gain":0,"player_choice":"Obtained Book","damage_taken":16,"max_hp_gain":0,"max_hp_loss":0,"event_name":"Cursed Tome","floor":27,"gold_loss":0},{"damage_healed":0,"gold_gain":0,"player_choice":"Fight","damage_taken":0,"max_hp_gain":0,"max_hp_loss":0,"event_name":"Mysterious Sphere","floor":37,"gold_loss":0}],"is_beta":false,"boss_relics":[{"not_picked":["Coffee Dripper","Black Star"],"picked":"SlaversCollar"},{"not_picked":["SacredBark","Philosopher\u0027s Stone"],"picked":"Astrolabe"}],"items_purged_floors":[8,31],"is_endless":false,"potions_floor_spawned":[1,10,12,28,29,35],"killed_by":"Spire Growth","ascension_level":1}}