{"host":"rwomhe7k24zy6c7l","time":1610114483,"event":{"mods":["Act Like it!","BaseMod","Colored Powertips","Conspire","Gensokyo","Hallownest","Koishi","Luminous","Minty Spire (QoL Compilation)","Remilia（蕾米莉亚）","RumiaBox-露米娅的神秘盒子","StSLib","The Bug Knight","WarShipGirlsR/战舰少女R mod","【功能Mod】聪明的最终Boss"],"gold_per_floor":[114,114,43,63,63,88,108,126,194,194,194,34,47,47,47,47,47],"floor_reached":16,"playtime":940,"items_purged":[],"score":100,"play_id":"8da1d977-6901-4297-a76d-6b231553d65b","local_time":"20210108220123","is_ascension_mode":false,"campfire_choices":[{"data":"rmod:chargemoney","floor":10,"key":"SMITH"},{"floor":15,"key":"REST"}],"circlet_count":0,"master_deck":["rmod:strick","rmod:strick","rmod:strick","rmod:strick","rmod:defend","rmod:defend","rmod:defend","rmod:defend","rmod:basicallowance","rmod:maingunfire","rmod:luckystar","rmod:fletcher","rmod:chargemoney+1","Pain","rmod:fletcherpendant","rmod:windflower","Injury"],"relics":["rmod:firstchargereward","NeowsBlessing","Gensokyo:LunaticRedEyes","rmod:quickrepair","MagicDraw2","MealTicket","Gensokyo:Bombinomicon"],"acts_visited":["Exordium"],"potions_floor_usage":[],"damage_taken":[{"damage":0,"enemies":"Gensokyo:3_Fairies","floor":1,"turns":2},{"damage":4,"enemies":"Gensokyo:2_Kodama","floor":4,"turns":2},{"damage":15,"enemies":"Gensokyo:Aya","floor":6,"turns":3},{"damage":3,"enemies":"Gensokyo:Python","floor":7,"turns":2},{"damage":2,"enemies":"Gensokyo:LivingMonolith","floor":8,"turns":3},{"damage":8,"enemies":"Gensokyo:Python_and_Kodama","floor":13,"turns":3},{"damage":73,"enemies":"Gensokyo:Yukari","floor":16,"turns":10}],"seed_played":"-9166888266674984031","potions_obtained":[{"floor":6,"key":"Energy Potion"},{"floor":13,"key":"LiquidBronze"}],"is_trial":false,"path_per_floor":["M","?","$","M","?","E","M","M","T","R","?","?","M","?","R","B"],"character_chosen":"PRAEFECT","items_purchased":["rmod:chargemoney"],"campfire_rested":1,"item_purchase_floors":[3],"current_hp_per_floor":[75,75,75,71,71,56,53,51,51,51,51,51,43,43,65,0,0],"gold":47,"neow_bonus":"THREE_ENEMY_KILL","is_daily":false,"chose_seed":false,"campfire_upgraded":1,"win_rate":0.0,"timestamp":1610114483,"path_taken":["M","?","?","?","?","E","M","M","T","R","?","?","?","?","R","BOSS"],"items_purchased_type":["Card"],"build_version":"2020-12-22","purchased_purges":0,"victory":false,"max_hp_per_floor":[75,75,75,75,75,75,75,75,75,75,75,75,75,75,75,75,75],"card_choices":[{"not_picked":["rmod:slowdown","rmod:victimresponsibility"],"picked":"rmod:luckystar","floor":1},{"not_picked":[],"picked":"rmod:fletcher","floor":2},{"not_picked":["rmod:supportescort","rmod:openingtorpedo","rmod:fuelsupply"],"picked":"SKIP","floor":4},{"not_picked":["rmod:unsinkable","rmod:diaomin"],"picked":"rmod:fletcherpendant","floor":6},{"not_picked":["rmod:smokecover","rmod:intelligenceanalysis","rmod:supportescort"],"picked":"SKIP","floor":7},{"not_picked":["rmod:luckystar","rmod:victimresponsibility"],"picked":"rmod:windflower","floor":8},{"not_picked":["rmod:fuelsupply","rmod:aviationdawn","rmod:launchingtorpedo"],"picked":"SKIP","floor":13}],"player_experience":148830,"relics_obtained":[{"floor":6,"key":"rmod:quickrepair"},{"floor":9,"key":"MagicDraw2"}],"event_choices":[{"damage_healed":0,"gold_gain":0,"player_choice":"Leave","damage_taken":0,"max_hp_gain":0,"max_hp_loss":0,"event_name":"conspire:Investor","floor":14,"gold_loss":0}],"is_beta":false,"boss_relics":[],"items_purged_floors":[],"is_endless":false,"potions_floor_spawned":[6,13],"killed_by":"Gensokyo:Yukari","ascension_level":0}}