{"host":"y0hoofe7zdp41twi","time":1610148582,"event":{"mods":["BaseMod","Conspire","Downfall","Minty Spire (QoL Compilation)","Replay The Spire","Shop Mod","StSLib","Waifu the Spire"],"gold_per_floor":[112,51,66,85,7,7,21,21,21,21,48,65,84,84,84],"floor_reached":14,"playtime":1268,"items_purged":[],"score":92,"play_id":"c78ed309-54e1-4aa5-9d05-7f6a2dbef1c4","local_time":"20210108182942","is_ascension_mode":false,"campfire_choices":[{"data":"Heavy Blade","floor":6.0,"key":"SMITH"},{"floor":8.0,"key":"REST"}],"circlet_count":0,"master_deck":["Strike_R","Strike_R","Strike_R","Strike_R","Strike_R","Defend_R","Defend_R","Defend_R","Defend_R","Bash","Heavy Blade+1","Dual Wield","Cleave","Massacre+1","Anger","Flex","Life Link","Shrug It Off"],"relics":["Burning Blood","Golden Egg","Mummified Hand","PreservedInsect"],"acts_visited":["Exordium"],"potions_floor_usage":[11,14,14,14],"damage_taken":[{"damage":0.0,"enemies":"Small Slimes","floor":1.0,"turns":3.0},{"damage":6.0,"enemies":"Cultist","floor":3.0,"turns":3.0},{"damage":18.0,"enemies":"Jaw Worm","floor":4.0,"turns":3.0},{"damage":52.0,"enemies":"Large Slime","floor":7.0,"turns":8.0},{"damage":36,"enemies":"3 Sentries","floor":11,"turns":6},{"damage":10,"enemies":"Exordium Thugs","floor":12,"turns":4},{"damage":10,"enemies":"Looter","floor":13,"turns":2},{"damage":20,"enemies":"Replay:BlueRogue","floor":14,"turns":3}],"seed_played":"7677891753503107610","potions_obtained":[{"floor":3.0,"key":"Toxic Potion"},{"floor":7.0,"key":"SneckoOil"},{"floor":12,"key":"SkillPotion"},{"floor":13,"key":"Reflective Coating"}],"is_trial":false,"path_per_floor":["M","?","M","M","$","R","M","R","T","?","E","M","M","E"],"character_chosen":"IRONCLAD","items_purchased":["Massacre"],"campfire_rested":1,"item_purchase_floors":[5],"current_hp_per_floor":[88,88,88,76,76,76,30,56,56,56,26,22,18,0,0],"gold":84,"neow_bonus":"TEN_PERCENT_HP_BONUS","is_daily":false,"chose_seed":false,"campfire_upgraded":1,"win_rate":0.0,"timestamp":1610148582,"path_taken":["M","?","M","M","?","R","M","R","T","?","E","M","M","E"],"items_purchased_type":["Card"],"build_version":"2020-12-22","purchased_purges":0,"victory":false,"max_hp_per_floor":[88,88,88,88,88,88,88,88,88,88,88,88,88,88,88],"card_choices":[{"not_picked":["ReplayTheSpireMod:Strike From Hell","Replay:Undeath\u0027s Touch"],"picked":"Heavy Blade","floor":1.0},{"not_picked":["Replay:Undeath\u0027s Touch","Run Through"],"picked":"Dual Wield","floor":3.0},{"not_picked":["Combust","Shrug It Off"],"picked":"Cleave","floor":4.0},{"not_picked":["Infernal Blade","Rampage"],"picked":"Anger","floor":7.0},{"not_picked":["Second Wind","Warcry"],"picked":"Flex","floor":11},{"not_picked":["Defy Death","Headbutt"],"picked":"Life Link","floor":12},{"not_picked":["Sentinel","conspire:Purge"],"picked":"Shrug It Off","floor":13}],"player_experience":130408,"relics_obtained":[{"floor":9,"key":"Mummified Hand"},{"floor":11,"key":"PreservedInsect"}],"event_choices":[{"damage_healed":0.0,"max_hp_gain":0.0,"max_hp_loss":0.0,"gold_gain":0.0,"event_name":"WeMeetAgain","player_choice":"Paid Gold","floor":2.0,"gold_loss":61.0,"damage_taken":0.0,"relics_obtained":["Golden Egg"]},{"damage_healed":0,"gold_gain":0,"player_choice":"Leave","damage_taken":0,"max_hp_gain":0,"max_hp_loss":0,"event_name":"conspire:Investor","floor":10,"gold_loss":0}],"is_beta":false,"boss_relics":[],"items_purged_floors":[],"is_endless":false,"potions_floor_spawned":[3,7,12,13],"killed_by":"Replay:BlueRogue","ascension_level":0}}