{"host":"ha6p5pdchuduffeg","time":1610081722,"event":{"mods":["Act Like it!","BaseMod","Gensokyo","KinomotoSakuraMod(ƒæ÷Æ±æ”£)","Koishi","Marisa£®ÏF”Í°°ƒß¿Ì…≥£©","Minty Spire (QoL Compilation)","Reimu£®≤©¿ˆ¡È√Œ£©","Remilia£®¿Ÿ√◊¿Ú—«£©","StSLib","The Servant 0.9.4","Youmu£®ªÍ∆«—˝√Œ£©"],"gold_per_floor":[112,128,128,144,2,2,15,33,59,59,59,59,70,70,70,166,166,185,200,200,200,200],"floor_reached":21,"playtime":1101,"items_purged":[],"score":171,"play_id":"521eb728-47ae-4dd7-9286-0a5a1487697f","local_time":"20210108125522","is_ascension_mode":false,"campfire_choices":[{"floor":6.0,"key":"REST"},{"data":"HellFireSword","floor":15.0,"key":"SMITH"}],"circlet_count":0,"master_deck":["Strike_YM","Strike_YM","Strike_YM","Strike_YM","Defend_YM","Defend_YM","Defend_YM","Defend_YM","WheelOfPainOfLivingAndDead","TwoHundredYojanaInOneSlash","HumanKnowledgeSword","SuddenDivineSeveringOfKarmicWind","EchoesOfTheInclemencyOfAllBeings","DoubleWheelOfPain","HellFireSword+1","CherryBlossomSword","HumanKnowledgeSword","SlashOfMeditation","Decay"],"relics":["HalfPhantom","Bag of Preparation","Happy Flower","Blood Vial","Letter Opener","Sozu"],"acts_visited":["Gensokyo:Gensokyo","TheCity"],"potions_floor_usage":[],"damage_taken":[{"damage":4.0,"enemies":"Gensokyo:3_Fairies","floor":1.0,"turns":6.0},{"damage":13.0,"enemies":"Gensokyo:2_Kodama","floor":2.0,"turns":5.0},{"damage":4.0,"enemies":"Gensokyo:Python","floor":4.0,"turns":4.0},{"damage":0.0,"enemies":"Gensokyo:5_Fairies","floor":7.0,"turns":3.0},{"damage":7.0,"enemies":"Gensokyo:3_Kodama","floor":8.0,"turns":5.0},{"damage":9.0,"enemies":"Gensokyo:Gryphon_and_Rabbit","floor":13.0,"turns":4.0},{"damage":31.0,"enemies":"Gensokyo:Reimu","floor":16.0,"turns":12.0},{"damage":4.0,"enemies":"Shell Parasite","floor":18.0,"turns":3.0},{"damage":0,"enemies":"Chosen","floor":19,"turns":4},{"damage":16,"enemies":"Shelled Parasite and Fungi","floor":21,"turns":2}],"seed_played":"4384250994787158839","potions_obtained":[{"floor":2.0,"key":"Energy Potion"},{"floor":16.0,"key":"Weak Potion"}],"is_trial":false,"path_per_floor":["M","M","?","M","$","R","M","M","T","?","?","$","M","T","R","B",null,"M","M","?","M"],"character_chosen":"YOUMU","items_purchased":["SuddenDivineSeveringOfKarmicWind"],"campfire_rested":1,"item_purchase_floors":[5],"current_hp_per_floor":[71,58,58,54,54,75,75,68,68,68,68,68,61,61,61,32,75,71,73,73,59,59],"gold":200,"neow_bonus":"RANDOM_COMMON_RELIC","is_daily":false,"chose_seed":false,"campfire_upgraded":1,"win_rate":0.0,"timestamp":1610081722,"path_taken":["M","M","?","M","?","R","M","M","T","?","?","$","M","?","R","BOSS","M","M","?","M"],"items_purchased_type":["Card"],"build_version":"2020-12-22","purchased_purges":0,"victory":false,"max_hp_per_floor":[75,75,75,75,75,75,75,75,75,75,75,75,75,75,75,75,75,75,75,75,75,75],"card_choices":[{"not_picked":["ConstancyOfTheConventionalTruth","EchoesOfTheInclemencyOfAllBeings"],"picked":"TwoHundredYojanaInOneSlash","floor":1.0},{"not_picked":["SpiderLilyBurial","ThreeKonsSevenHakus","TwoHundredYojanaInOneSlash"],"picked":"SKIP","floor":2.0},{"not_picked":["BloodOfAsura","SlashClearingTheSixSenses"],"picked":"HumanKnowledgeSword","floor":4.0},{"not_picked":["SwordOfBindingDesires","SwordExtraction"],"picked":"EchoesOfTheInclemencyOfAllBeings","floor":7.0},{"not_picked":["DispleasureOfTheSevenHakus","GreatEnlightenmentAppearingAndDisappearing"],"picked":"DoubleWheelOfPain","floor":8.0},{"not_picked":["SlashOfDepartureFromHesitation","LowerRealmReflectionSlash"],"picked":"HellFireSword","floor":13.0},{"not_picked":["SuddenDivineSeveringOfKarmicWind","IrresoluteSoul"],"picked":"CherryBlossomSword","floor":16.0},{"not_picked":["DispleasureOfTheSevenHakus","ConstancyOfTheConventionalTruth"],"picked":"HumanKnowledgeSword","floor":18.0},{"not_picked":["SpiderLilyBurial","SpiritCuttingSword"],"picked":"SlashOfMeditation","floor":19}],"player_experience":13999,"relics_obtained":[{"floor":9.0,"key":"Blood Vial"},{"floor":14.0,"key":"Letter Opener"}],"event_choices":[{"damage_healed":0,"gold_gain":0,"player_choice":"Smashed Altar","damage_taken":0,"max_hp_gain":0,"max_hp_loss":0,"event_name":"Forgotten Altar","floor":20,"gold_loss":0,"cards_obtained":["Decay"]}],"is_beta":false,"boss_relics":[{"not_picked":["SacredBark","Snecko Eye"],"picked":"Sozu"}],"items_purged_floors":[],"is_endless":false,"potions_floor_spawned":[2,16,18],"killed_by":"Shelled Parasite and Fungi","ascension_level":0}}