{"host":"rjbqai8ni6dsiu37","time":1610137802,"event":{"mods":["BaseMod","Minty Spire (QoL Compilation)","StSLib","The Hierophant","WarShipGirlsR/??á´Ò³R mod"],"gold_per_floor":[111,124,52,52,65,90,106,106,106,126,126,154,154,164,164,267,267,267,267,267,267,267,267,267,267,267,267,267,47,47,47,47,47,47,47,47,47,47,47,47,47,47,47,47,47,47,47,47,47,47,47,47,47,47,47],"floor_reached":56,"playtime":2355,"items_purged":["rmod:seals+1"],"score":1629,"play_id":"85bac523-6077-41b6-8c77-ab21eba4c5fc","local_time":"20210109053002","is_ascension_mode":true,"campfire_choices":[{"data":"rmod:openingtorpedo","floor":8.0,"key":"SMITH"},{"data":"rmod:chargemoney","floor":11.0,"key":"SMITH"},{"data":"rmod:basicallowance","floor":15.0,"key":"SMITH"},{"data":"rmod:seals","floor":23,"key":"SMITH"},{"data":"rmod:royalracing","floor":32,"key":"SMITH"},{"floor":41,"key":"RECALL"},{"data":"1","floor":45,"key":"LIFT"},{"data":"2","floor":49,"key":"LIFT"},{"data":"3","floor":52,"key":"LIFT"}],"circlet_count":0,"master_deck":["rmod:strick","rmod:strick+1","rmod:strick","rmod:strick","rmod:defend","rmod:defend","rmod:defend","rmod:defend","rmod:basicallowance+1","rmod:maingunfire","rmod:intelligenceanalysis","rmod:salvage","rmod:fletcherpendant","rmod:mineteam","rmod:fletcherpendant","rmod:fletcherpendant+1","rmod:chargemoney+1","rmod:fletcherpendant","rmod:windflower","rmod:fletcherpendant","rmod:openingtorpedo+1","rmod:fletcher","rmod:fletcher","rmod:fletcherpendant+1","rmod:fletcher+1","rmod:fletcher","rmod:salvage","rmod:royalracing+1","rmod:fletcherpendant","rmod:fletcherpendant","rmod:fletcherpendant","rmod:fletcherpendant","rmod:fletcher+1","rmod:fletcherpendant"],"relics":["rmod:firstchargereward","Dream Catcher","Question Card","Pocketwatch","Ectoplasm","MutagenicStrength","Bottled Flame","Happy Flower","rmod:quickrepair","HandDrill","Philosopher\u0027s Stone","Old Coin","Girya","Potion Belt","Darkstone Periapt","Kunai","Gambling Chip","Shuriken"],"acts_visited":["Exordium","TheCity","TheBeyond","TheEnding"],"potions_floor_usage":[24,55,55,55,55],"damage_taken":[{"damage":4.0,"enemies":"Cultist","floor":1.0,"turns":3.0},{"damage":1.0,"enemies":"Jaw Worm","floor":2.0,"turns":5.0},{"damage":5.0,"enemies":"Small Slimes","floor":5.0,"turns":6.0},{"damage":11.0,"enemies":"Lagavulin","floor":6.0,"turns":5.0},{"damage":0.0,"enemies":"2 Fungi Beasts","floor":7.0,"turns":3.0},{"damage":0.0,"enemies":"Looter","floor":10.0,"turns":1.0},{"damage":1.0,"enemies":"Gremlin Nob","floor":12.0,"turns":3.0},{"damage":0.0,"enemies":"3 Louse","floor":14.0,"turns":1.0},{"damage":20,"enemies":"Slime Boss","floor":16,"turns":14},{"damage":0,"enemies":"Spheric Guardian","floor":18,"turns":2},{"damage":0,"enemies":"Shell Parasite","floor":22,"turns":1},{"damage":0,"enemies":"Gremlin Leader","floor":24,"turns":1},{"damage":0,"enemies":"Snake Plant","floor":25,"turns":1},{"damage":25,"enemies":"Book of Stabbing","floor":28,"turns":4},{"damage":0,"enemies":"Centurion and Healer","floor":31,"turns":1},{"damage":0,"enemies":"Champ","floor":33,"turns":6},{"damage":0,"enemies":"Orb Walker","floor":35,"turns":1},{"damage":6,"enemies":"3 Shapes","floor":36,"turns":1},{"damage":11,"enemies":"Maw","floor":37,"turns":4},{"damage":0,"enemies":"2 Orb Walkers","floor":38,"turns":1},{"damage":0,"enemies":"Writhing Mass","floor":39,"turns":2},{"damage":0,"enemies":"Nemesis","floor":40,"turns":2},{"damage":4,"enemies":"Giant Head","floor":42,"turns":4},{"damage":0,"enemies":"Nemesis","floor":44,"turns":1},{"damage":0,"enemies":"Reptomancer","floor":48,"turns":1},{"damage":30,"enemies":"Time Eater","floor":50,"turns":5},{"damage":0,"enemies":"Shield and Spear","floor":54,"turns":1},{"damage":18,"enemies":"The Heart","floor":55,"turns":5}],"seed_played":"-5263479420961103936","potions_obtained":[{"floor":7.0,"key":"FearPotion"},{"floor":10.0,"key":"Strength Potion"},{"floor":12.0,"key":"SteroidPotion"},{"floor":14.0,"key":"Regen Potion"},{"floor":16,"key":"Block Potion"},{"floor":24,"key":"LiquidBronze"},{"floor":38,"key":"Swift Potion"},{"floor":44,"key":"PowerPotion"},{"floor":48,"key":"SneckoOil"}],"is_trial":false,"path_per_floor":["M","M","$","?","M","E","M","R","T","M","R","E","?","M","R","B",null,"M","?","?","?","M","R","E","M","T","T","E","$","?","M","R","B",null,"M","M","M","?","M","E","R","E","T","E","R","$","?","E","R","B",null,"R","$","E","B",null],"character_chosen":"PRAEFECT","items_purchased":["rmod:mineteam","HandDrill"],"campfire_rested":0,"item_purchase_floors":[3,29],"current_hp_per_floor":[71,70,70,70,65,54,54,54,54,54,54,53,38,38,38,18,75,75,75,59,59,59,59,59,59,59,59,34,34,34,34,34,34,75,75,69,58,58,58,58,58,54,54,54,54,54,54,54,54,24,75,75,75,75,69],"gold":47,"neow_bonus":"THREE_CARDS","is_daily":false,"chose_seed":false,"campfire_upgraded":5,"win_rate":0.0,"timestamp":1610137802,"path_taken":["M","M","?","?","?","E","M","R","T","M","R","E","?","M","R","BOSS","M","?","?","?","M","R","E","M","T","?","E","$","?","M","R","BOSS","M","M","M","?","M","E","R","E","T","E","R","$","?","E","R","BOSS","R","$","E","BOSS"],"items_purchased_type":["Card","Relic"],"build_version":"2020-12-22","purchased_purges":1,"victory":true,"max_hp_per_floor":[75,75,75,75,75,75,75,75,75,75,75,75,75,75,75,75,75,75,75,75,75,75,75,75,75,75,75,75,75,75,75,75,75,75,75,75,75,75,75,75,75,75,75,75,75,75,75,75,75,75,75,75,75,75,75],"card_choices":[{"not_picked":["rmod:combined","rmod:victimresponsibility"],"picked":"rmod:intelligenceanalysis","floor":0.0},{"not_picked":["rmod:ammunitionsupply","rmod:unsinkable"],"picked":"rmod:salvage","floor":1.0},{"not_picked":["rmod:victimresponsibility","rmod:combined","rmod:steelsupply"],"picked":"SKIP","floor":2.0},{"not_picked":["rmod:bulid","rmod:aviationdawn"],"picked":"rmod:chargemoney","floor":5.0},{"not_picked":["rmod:ammunitionsupply","rmod:aluminumsupply"],"picked":"rmod:windflower","floor":6.0},{"not_picked":["rmod:shuttlebombing","rmod:combined"],"picked":"rmod:openingtorpedo","floor":7.0},{"not_picked":["rmod:luckystar","rmod:aluminumsupply","rmod:intelligenceanalysis","rmod:victimresponsibility"],"picked":"SKIP","floor":10.0},{"not_picked":["rmod:diamondstrike","rmod:punchline","rmod:aviationdawn"],"picked":"rmod:fletcher","floor":12.0},{"not_picked":["rmod:supportescort","rmod:firesupport","rmod:aviationdawn","rmod:unsinkable"],"picked":"SKIP","floor":14.0},{"not_picked":["rmod:desperatesituation","rmod:secretscript","rmod:saltedfish"],"picked":"rmod:seals","floor":16},{"not_picked":["rmod:intelligenceanalysis","rmod:fuelsupply+1","rmod:gendarmerie","rmod:steelsupply"],"picked":"SKIP","floor":18},{"not_picked":["rmod:punchline","rmod:unsinkable","rmod:tearstotiara","rmod:generalist+1"],"picked":"SKIP","floor":22},{"not_picked":["rmod:tearstotiara","rmod:wife+1","rmod:fuelsupply","rmod:ring"],"picked":"SKIP","floor":24},{"not_picked":["rmod:luckystar+1","rmod:advancebysurprise","rmod:fuelsupply+1","rmod:diamondstrike"],"picked":"SKIP","floor":25},{"not_picked":["rmod:auspiciousomen","rmod:generalist","rmod:aviationdawn+1"],"picked":"rmod:salvage","floor":28},{"not_picked":["rmod:gendarmerie","rmod:ammunitionsupply","rmod:circuitoustactics"],"picked":"rmod:royalracing","floor":31},{"not_picked":["rmod:diamondstrike+1","rmod:sl+1","rmod:royalracing","rmod:shuttlebombing"],"picked":"SKIP","floor":35},{"not_picked":["rmod:firesupport","rmod:selfconfidence+1","rmod:aviationdawn","rmod:combined+1"],"picked":"SKIP","floor":36},{"not_picked":["rmod:steelsupply","rmod:aluminumsupply","rmod:ammunitionsupply+1","rmod:expeditionaryescort"],"picked":"SKIP","floor":37},{"not_picked":["rmod:intelligenceanalysis+1","rmod:victimresponsibility+1","rmod:mineteam+1"],"picked":"rmod:fletcherpendant","floor":38},{"not_picked":["rmod:diamondstrike","rmod:selfconfidence","rmod:diaomin+1","rmod:chargemoney+1"],"picked":"SKIP","floor":39},{"not_picked":["rmod:chargemoney+1","rmod:aviationdawn","rmod:aggressivemary","rmod:steelsupply+1"],"picked":"SKIP","floor":40},{"not_picked":["rmod:steelsupply+1","rmod:supriseattacks","rmod:wolves+1"],"picked":"rmod:fletcherpendant","floor":42},{"not_picked":["rmod:supportescort","rmod:selfconfidence+1","rmod:wife","rmod:circuitoustactics+1"],"picked":"SKIP","floor":44},{"not_picked":["rmod:sl+1","rmod:luckystar+1","rmod:unsinkable+1","rmod:aviationdawn+1"],"picked":"SKIP","floor":48},{"not_picked":["rmod:luckystar+1","rmod:steelsupply","rmod:generalist","rmod:combined"],"picked":"SKIP","floor":54}],"player_experience":131308,"relics_obtained":[{"floor":6.0,"key":"Dream Catcher"},{"floor":9.0,"key":"Question Card"},{"floor":12.0,"key":"Pocketwatch"},{"floor":24,"key":"Bottled Flame"},{"floor":27,"key":"Happy Flower"},{"floor":28,"key":"rmod:quickrepair"},{"floor":38,"key":"Old Coin"},{"floor":40,"key":"Girya"},{"floor":42,"key":"Potion Belt"},{"floor":43,"key":"Darkstone Periapt"},{"floor":44,"key":"Kunai"},{"floor":48,"key":"Gambling Chip"},{"floor":54,"key":"Shuriken"}],"event_choices":[{"damage_healed":0.0,"max_hp_gain":0.0,"max_hp_loss":0.0,"gold_gain":0.0,"event_name":"Shining Light","player_choice":"Entered Light","floor":13.0,"gold_loss":0.0,"damage_taken":15.0,"cards_upgraded":["rmod:fletcherpendant","rmod:strick"]},{"damage_healed":0,"gold_gain":0,"player_choice":"Ignored","damage_taken":0,"max_hp_gain":0,"max_hp_loss":0,"event_name":"Vampires","floor":19,"gold_loss":0},{"damage_healed":0,"gold_gain":0,"player_choice":"Obtained Book","damage_taken":16,"max_hp_gain":0,"max_hp_loss":0,"event_name":"Cursed Tome","floor":20,"gold_loss":0},{"damage_healed":0,"gold_gain":0,"player_choice":"Inject Mutagens","damage_taken":0,"relics_obtained":["MutagenicStrength"],"max_hp_gain":0,"max_hp_loss":0,"event_name":"Drug Dealer","floor":21,"gold_loss":0},{"damage_healed":0,"gold_gain":0,"player_choice":"Ignored","damage_taken":0,"max_hp_gain":0,"max_hp_loss":0,"event_name":"Ghosts","floor":30,"gold_loss":0},{"damage_healed":0,"gold_gain":0,"player_choice":"Fight","damage_taken":0,"max_hp_gain":0,"max_hp_loss":0,"event_name":"Mysterious Sphere","floor":38,"gold_loss":0},{"damage_healed":0,"gold_gain":0,"player_choice":"Memory 1","damage_taken":0,"max_hp_gain":0,"max_hp_loss":0,"event_name":"SensoryStone","floor":47,"gold_loss":0}],"is_beta":false,"boss_relics":[{"not_picked":["Pandora\u0027s Box","Velvet Choker"],"picked":"Ectoplasm"},{"not_picked":["Tiny House","Runic Dome"],"picked":"Philosopher\u0027s Stone"}],"items_purged_floors":[29],"is_endless":false,"potions_floor_spawned":[7,10,12,14,16,18,24,33,37,38,39,44,48],"ascension_level":2}}