{"host":"re5tmak5u0qd8bv1","time":1610100601,"event":{"mods":["Act Like it!","BaseMod","Gensokyo","Koishi","Marisa????????","Minty Spire (QoL Compilation)","Reimu??????","Remilia??????","StSLib","The Animator","The Servant 0.9.4","Waifu the Spire","Youmu??????"],"gold_per_floor":[118,35,47,10,24,39,39,54,102,102,130,142,160,195,195,290,290,303,318,318,24,36,36,36,47,47,47,67,67,77,94,94,94,94],"floor_reached":33,"playtime":2676,"items_purged":[],"score":288,"play_id":"472b2aec-19da-4426-b94b-c165e45b9163","local_time":"20210108021001","is_ascension_mode":false,"campfire_choices":[{"data":"Koishi:SubterraneanRose","floor":10,"key":"SMITH"},{"floor":15,"key":"REST"},{"floor":23,"key":"REST"},{"data":"Koishi:PerfectMindControl","floor":27,"key":"SMITH"},{"data":"Gensokyo:SpontaneousHumanCombustion","floor":29,"key":"SMITH"},{"floor":32,"key":"REST"}],"circlet_count":0,"master_deck":["Koishi:BasicStrike+1","Koishi:BasicStrike+1","Koishi:BasicStrike","Koishi:BasicDefend","Koishi:BasicDefend","Koishi:BasicDefend","Koishi:BasicDefend","Koishi:Provoke","Koishi:HauntingSlash","Koishi:UnconsciousUprising","Koishi:SubterraneanRose+1","Koishi:LastRemote","Koishi:MindNumbingTerror","Koishi:PhilosophyOfTheDespised","Koishi:BramblyRoseGarden","Koishi:SubconsciousSweep","Koishi:RoseHell","Koishi:Prune","Koishi:PerfectMindControl+1","Koishi:SprinkleStarAndHeart","Koishi:SubconsciousSweep","Gensokyo:SpontaneousHumanCombustion+1","Koishi:LastRemote","Koishi:UnconsciousUprising","Koishi:Prune","Koishi:UnconsciousUprising+1","Koishi:BramblyRoseGarden+1","Koishi:Ego"],"relics":["Koishi:ImaginaryFriend","NeowsBlessing","Strawberry","ScarletDevilRocket","Mummified Hand","Regal Pillow","Toy Ornithopter","Whetstone","Cursed Key","DollysMirror","Happy Flower"],"acts_visited":["Gensokyo:Gensokyo","Gensokyo:Gensokyoer"],"potions_floor_usage":[11,11,14,16,25,33,33],"damage_taken":[{"damage":0,"enemies":"Gensokyo:Python","floor":1,"turns":1},{"damage":0,"enemies":"Gensokyo:Gryphon","floor":3,"turns":1},{"damage":0,"enemies":"Gensokyo:3_Fairies","floor":5,"turns":1},{"damage":2,"enemies":"Gensokyo:VengefulSpirit","floor":6,"turns":7},{"damage":5,"enemies":"Gensokyo:Kitsune","floor":8,"turns":5},{"damage":18,"enemies":"Gensokyo:Mamizou","floor":11,"turns":9},{"damage":8,"enemies":"Gensokyo:LivingMonolith","floor":12,"turns":4},{"damage":10,"enemies":"Gensokyo:Gryphon_and_Rabbit","floor":13,"turns":4},{"damage":0,"enemies":"Gensokyo:Cirno","floor":14,"turns":7},{"damage":30,"enemies":"Gensokyo:Kokoro","floor":16,"turns":6},{"damage":25,"enemies":"Gensokyo:AngelMirror","floor":18,"turns":6},{"damage":2,"enemies":"Gensokyo:CosmicMonolith","floor":19,"turns":5},{"damage":21,"enemies":"Gensokyo:Slime_Group","floor":22,"turns":4},{"damage":19,"enemies":"Gensokyo:3_Gloops","floor":25,"turns":4},{"damage":10,"enemies":"Gensokyo:Swordslinger","floor":28,"turns":2},{"damage":16,"enemies":"Gensokyo:Wraith","floor":30,"turns":5},{"damage":19,"enemies":"Gensokyo:Mirror_and_Dog","floor":31,"turns":4},{"damage":69,"enemies":"Gensokyo:Eternal_Rivals","floor":33,"turns":6}],"seed_played":"2692214467207997423","potions_obtained":[{"floor":1,"key":"SneckoOil"},{"floor":8,"key":"AttackPotion"},{"floor":12,"key":"Energy Potion"},{"floor":13,"key":"Ancient Potion"},{"floor":16,"key":"Swift Potion"},{"floor":25,"key":"EssenceOfSteel"},{"floor":28,"key":"FairyPotion"},{"floor":30,"key":"DuplicationPotion"},{"floor":31,"key":"Ancient Potion"}],"is_trial":false,"path_per_floor":["M","COS","M","$","M","M","?","M","T","R","E","M","M","E","R","B",null,"M","M","?","$","M","R","?","M","T","R","M","R","M","M","R","B"],"character_chosen":"KOISHI","items_purchased":["Koishi:LastRemote","DollysMirror","Happy Flower"],"campfire_rested":3,"item_purchase_floors":[4,21,21],"current_hp_per_floor":[60,60,60,60,60,60,57,53,53,53,37,30,20,26,61,37,67,43,41,41,41,20,53,53,40,40,40,30,30,14,19,52,0,0],"gold":94,"neow_bonus":"THREE_ENEMY_KILL","is_daily":false,"chose_seed":false,"campfire_upgraded":3,"win_rate":0.0,"timestamp":1610100601,"path_taken":["M","COS","M","$","M","M","?","M","T","R","E","M","M","E","R","BOSS","M","M","?","$","?","R","?","M","T","R","M","R","M","M","R","BOSS"],"items_purchased_type":["Card","Relic","Relic"],"build_version":"2020-12-22","purchased_purges":0,"victory":false,"max_hp_per_floor":[60,60,60,60,60,60,67,67,67,67,67,67,67,67,67,67,67,67,67,61,61,61,61,61,61,61,61,61,61,61,61,61,61,61],"card_choices":[{"not_picked":["Koishi:FleetingPhantom","Koishi:ReflexRadar"],"picked":"Koishi:UnconsciousUprising","floor":1},{"not_picked":["Koishi:FreudianInstinct","Koishi:CatchAndRose"],"picked":"Koishi:SubterraneanRose","floor":3},{"not_picked":["Koishi:ApparitionsStalkTheNight","Koishi:ReflexRadar","Koishi:BramblyRoseGarden"],"picked":"SKIP","floor":5},{"not_picked":["Koishi:ImGoingToCallYouNow","Koishi:PhantomStrike"],"picked":"Koishi:MindNumbingTerror","floor":6},{"not_picked":["Koishi:BloodcurdlingScream","Koishi:CatchAndRose"],"picked":"Koishi:PhilosophyOfTheDespised","floor":8},{"not_picked":["Koishi:DNAsFlaw","Koishi:PredatoryInstincts"],"picked":"Koishi:BramblyRoseGarden","floor":11},{"not_picked":["Koishi:PhantomBarrier","Koishi:RacingHeart"],"picked":"Koishi:SubconsciousSweep","floor":12},{"not_picked":["Koishi:EmbryosDream","Koishi:JumpScare"],"picked":"Koishi:RoseHell","floor":13},{"not_picked":["Koishi:StingingMind","Koishi:GrowingPain"],"picked":"Koishi:Prune","floor":14},{"not_picked":["Koishi:ConditionedTeleport","Koishi:SilentAndRestless"],"picked":"Koishi:PerfectMindControl","floor":16},{"not_picked":["Koishi:CatchAndRose","Koishi:PhantomStrike"],"picked":"Koishi:SprinkleStarAndHeart","floor":18},{"not_picked":["Koishi:BloodcurdlingScream","Koishi:Whimsy"],"picked":"Koishi:SubconsciousSweep","floor":19},{"not_picked":["Gensokyo:RedCapeBlueCape","Gensokyo:MonkeysPaw"],"picked":"Gensokyo:SpontaneousHumanCombustion","floor":20},{"not_picked":["Koishi:BramblyRoseGarden","Koishi:DreadfulBlow+1"],"picked":"Koishi:UnconsciousUprising","floor":22},{"not_picked":["Koishi:ParalyzingFear","Koishi:PhantomStrike"],"picked":"Koishi:Prune","floor":25},{"not_picked":["Koishi:DNAsFlaw","Koishi:SubconsciousSweep"],"picked":"Koishi:UnconsciousUprising+1","floor":28},{"not_picked":["Koishi:UnconsciousUprising","Koishi:MindNumbingTerror"],"picked":"Koishi:BramblyRoseGarden+1","floor":30},{"not_picked":["Koishi:UnansweredLove","Koishi:UnseenTerror"],"picked":"Koishi:Ego","floor":31}],"player_experience":160191,"relics_obtained":[{"floor":9,"key":"Regal Pillow"},{"floor":11,"key":"Toy Ornithopter"},{"floor":14,"key":"Whetstone"}],"event_choices":[],"is_beta":false,"boss_relics":[{"not_picked":["Black Star","Calling Bell"],"picked":"Cursed Key"}],"items_purged_floors":[],"is_endless":false,"potions_floor_spawned":[1,8,12,13,16,25,28,30,31],"killed_by":"Gensokyo:Eternal_Rivals","ascension_level":0}}