{"host":"Connor","time":1610073259,"event":{"mods":["BaseMod","Downfall","Marisa????????","Minty Spire (QoL Compilation)","Replay The Spire","StSLib","The Animator","The Cursed","The Jungle","The Servant 0.9.4"],"gold_per_floor":[10,10,27,40,40,40,58,70,70,103,116,130,145,171,171,271,271,288,319,9,28,28,61,61,81,107,137,153,186,204,204,204,304,304,317,317,69,69,86,121,121,140,163,215,7,24,24,52,52,52,52,52,78,107,107],"floor_reached":56,"playtime":3796,"items_purged":["TheCursedMod:Dregs"],"score":2461,"play_id":"0da39a1d-79e5-40c2-b167-13a5668ebf48","local_time":"20210107183419","is_ascension_mode":true,"campfire_choices":[{"floor":6,"key":"RECALL"},{"floor":15,"key":"REST"},{"data":"Corruption","floor":24,"key":"SMITH"},{"data":"Offering","floor":41,"key":"SMITH"},{"data":"Armaments","floor":47,"key":"SMITH"},{"data":"Armaments","floor":49,"key":"SMITH"},{"data":"Bloodletting","floor":52,"key":"SMITH"}],"circlet_count":0,"master_deck":["AscendersBane","Strike_R","Strike_R","Strike_R","Strike_R","Strike_R","Defend_R+1","Defend_R","Defend_R","Defend_R+1","Bash","Armaments+1","Battle Trance+1","Searing Blow","Pommel Strike","Feel No Pain","Offering+1","Havoc","Warcry","Impervious+1","Corruption+1","ReplayTheSpireMod:Muscle Training+1","Intimidate","Feel No Pain","Flame Barrier","Shockwave","Dark Embrace","Spot Weakness","Offering+1","Necronomicurse","Brutality","Rupture","Warcry+1","Intimidate","Bloodletting+1","True Grit","Shrug It Off","Armaments+1","Intimidate","Feel No Pain","Feel No Pain","Rage"],"relics":["Burning Blood","Another Sword","Dead Branch","Replay:Towering Pillar of Hats","Ginger","Black Star","Red Mask","TungstenRod","MutagenicStrength","Ancient Tea Set","Gremlin Horn","Blue Candle","Simple Rune","War Paint","ReplayTheSpireMod:TigerMarble","Necronomicon","Ooze Armor","Snack Pack","Prayer Wheel","Meat on the Bone","Vajra","Pocketwatch","Bag of Preparation","Red Skull","Bronze Scales","ReplayTheSpireMod:CursedCoin","Anchor","Incense Burner"],"acts_visited":["Exordium","TheCity","TheBeyond","TheEnding"],"potions_floor_usage":[10,10,16,29,55,55],"damage_taken":[{"damage":6,"enemies":"Cultist","floor":1,"turns":3},{"damage":0,"enemies":"2 Louse","floor":3,"turns":2},{"damage":7,"enemies":"Small Slimes","floor":4,"turns":3},{"damage":7,"enemies":"3 Louse","floor":7,"turns":6},{"damage":17,"enemies":"Looter","floor":8,"turns":3},{"damage":6,"enemies":"Lagavulin","floor":10,"turns":3},{"damage":12,"enemies":"Exordium Thugs","floor":11,"turns":4},{"damage":7,"enemies":"Blue Slaver","floor":12,"turns":2},{"damage":13,"enemies":"Looter","floor":13,"turns":2},{"damage":23,"enemies":"3 Sentries","floor":14,"turns":5},{"damage":48,"enemies":"The Guardian","floor":16,"turns":14},{"damage":8,"enemies":"Spheric Guardian","floor":18,"turns":4},{"damage":11,"enemies":"Masked Bandits","floor":19,"turns":4},{"damage":5,"enemies":"2 Thieves","floor":21,"turns":3},{"damage":14,"enemies":"Book of Stabbing","floor":23,"turns":5},{"damage":6,"enemies":"Centurion and Healer","floor":25,"turns":1},{"damage":5,"enemies":"Gremlin Leader","floor":27,"turns":2},{"damage":7,"enemies":"Shelled Parasite and Fungi","floor":28,"turns":2},{"damage":13,"enemies":"Slavers","floor":29,"turns":4},{"damage":10,"enemies":"Sentry and Sphere","floor":30,"turns":2},{"damage":2,"enemies":"Automaton","floor":33,"turns":1},{"damage":7,"enemies":"3 Darklings","floor":35,"turns":1},{"damage":12,"enemies":"3 Shapes","floor":39,"turns":1},{"damage":24,"enemies":"R_Hoarder","floor":40,"turns":6},{"damage":5,"enemies":"Sphere and 2 Shapes","floor":42,"turns":4},{"damage":15,"enemies":"2 Orb Walkers","floor":44,"turns":3},{"damage":10,"enemies":"Maw","floor":46,"turns":2},{"damage":5,"enemies":"Reptomancer","floor":48,"turns":2},{"damage":12,"enemies":"Awakened One","floor":50,"turns":2},{"damage":12,"enemies":"Shield and Spear","floor":54,"turns":3},{"damage":20,"enemies":"The Heart","floor":55,"turns":3}],"seed_played":"-3820621608292025603","potions_obtained":[{"floor":1,"key":"Adrenaline Potion"},{"floor":3,"key":"AttackPotion"},{"floor":14,"key":"LiquidMemories"},{"floor":18,"key":"Strength Potion"},{"floor":21,"key":"Ancient Potion"},{"floor":35,"key":"Doom Potion"}],"is_trial":false,"path_per_floor":["M","$","M","M","$","R","M","M","T","E","M","M","M","E","R","B",null,"M","?","$","M","?","E","R","M","T","E","M","E","M","?","R","B",null,"M","?","$","$","M","E","R","M","T","?","$","M","R","E","R","B",null,"R","$","E","B",null],"character_chosen":"IRONCLAD","items_purchased":["TungstenRod","Snack Pack","Bag of Preparation","Shrug It Off","ReplayTheSpireMod:CursedCoin","Feel No Pain"],"campfire_rested":1,"item_purchase_floors":[20,37,45,45,53,53],"current_hp_per_floor":[72,72,78,77,77,77,76,65,65,65,59,58,51,34,58,16,64,62,57,57,58,58,50,50,50,50,51,50,43,39,27,51,55,74,73,73,73,73,71,57,57,60,60,51,51,51,51,56,56,58,75,75,75,75,67],"gold":107,"neow_bonus":"ONE_RARE_RELIC","is_daily":false,"chose_seed":false,"campfire_upgraded":5,"win_rate":0.0,"timestamp":1610073259,"path_taken":["M","?","M","M","$","R","M","M","T","E","M","M","?","E","R","BOSS","M","?","$","M","?","E","R","M","T","E","M","E","M","?","R","BOSS","M","?","?","$","?","E","R","M","T","?","$","M","R","E","R","BOSS","R","$","E","BOSS"],"items_purchased_type":["Relic","Relic","Relic","Card","Relic","Card"],"build_version":"2020-12-18","purchased_purges":1,"victory":true,"max_hp_per_floor":[80,80,80,80,80,80,80,80,80,80,80,80,80,80,80,80,80,80,80,80,80,80,80,80,80,80,80,80,80,80,80,80,80,80,80,80,80,80,80,80,80,80,80,80,80,80,80,80,80,80,80,80,80,80,80],"card_choices":[{"not_picked":["Carnage","True Grit"],"picked":"Armaments","floor":1},{"not_picked":["Armaments","Thunderclap"],"picked":"Battle Trance","floor":3},{"not_picked":["Cleave","Defy Death"],"picked":"Searing Blow","floor":4},{"not_picked":["Cleave","Heavy Blade"],"picked":"Pommel Strike","floor":7},{"not_picked":["Thunderclap","Wild Strike"],"picked":"Feel No Pain","floor":8},{"not_picked":["Armaments","ReplayTheSpireMod:Muscle Training"],"picked":"Offering","floor":10},{"not_picked":["Cleave","ReplayTheSpireMod:Limb From Limb","Body Slam"],"picked":"SKIP","floor":11},{"not_picked":["Evolve","Armaments"],"picked":"Havoc","floor":12},{"not_picked":["Cleave","Pummel"],"picked":"Warcry","floor":13},{"not_picked":["Perfected Strike","Hemokinesis"],"picked":"Impervious","floor":14},{"not_picked":["Juggernaut","Replay:Many Hands"],"picked":"Corruption","floor":16},{"not_picked":["Blood for Blood+1","Body Slam"],"picked":"ReplayTheSpireMod:Muscle Training","floor":18},{"not_picked":["Body Slam","Warcry"],"picked":"Intimidate","floor":19},{"not_picked":["Iron Wave","Twin Strike+1"],"picked":"Feel No Pain","floor":21},{"not_picked":["Replay:Undeath\u0027s Touch+1","Shrug It Off+1"],"picked":"Flame Barrier","floor":23},{"not_picked":["Clash","Iron Wave"],"picked":"Shockwave","floor":25},{"not_picked":["Flex+1","Cleave"],"picked":"Dark Embrace","floor":27},{"not_picked":["Replay:Undeath\u0027s Touch","Sword Boomerang","Run Through"],"picked":"SKIP","floor":28},{"not_picked":["Battle Trance","Power Through"],"picked":"Spot Weakness","floor":29},{"not_picked":["Rage","Clothesline"],"picked":"Offering","floor":30},{"not_picked":["Replay:Many Hands","Double Tap"],"picked":"Brutality","floor":33},{"not_picked":["Perfected Strike","ReplayTheSpireMod:Strike From Hell"],"picked":"Rupture","floor":35},{"not_picked":["Run Through","Sword Boomerang+1","Carnage"],"picked":"SKIP","floor":39},{"not_picked":["Headbutt+1","Shrug It Off"],"picked":"Warcry+1","floor":40},{"not_picked":["Shrug It Off","Searing Blow"],"picked":"Intimidate","floor":42},{"not_picked":["Carnage","Wild Strike+1"],"picked":"Bloodletting","floor":42},{"not_picked":["Massacre","Demonic Infusion"],"picked":"True Grit","floor":44},{"not_picked":["ReplayTheSpireMod:Strike From Hell","Massacre"],"picked":"Armaments","floor":46},{"not_picked":["Clash","Abandon"],"picked":"Intimidate","floor":46},{"not_picked":["Clothesline+1","Bloodletting","Iron Wave"],"picked":"SKIP","floor":48},{"not_picked":["Whirlwind","Run Through+1"],"picked":"Rage","floor":54}],"player_experience":559984,"relics_obtained":[{"floor":9,"key":"Dead Branch"},{"floor":10,"key":"Replay:Towering Pillar of Hats"},{"floor":14,"key":"Ginger"},{"floor":19,"key":"Red Mask"},{"floor":23,"key":"Ancient Tea Set"},{"floor":23,"key":"Gremlin Horn"},{"floor":27,"key":"Blue Candle"},{"floor":27,"key":"Simple Rune"},{"floor":29,"key":"War Paint"},{"floor":29,"key":"ReplayTheSpireMod:TigerMarble"},{"floor":31,"key":"Necronomicon"},{"floor":40,"key":"Prayer Wheel"},{"floor":40,"key":"Meat on the Bone"},{"floor":43,"key":"Vajra"},{"floor":44,"key":"Pocketwatch"},{"floor":48,"key":"Red Skull"},{"floor":48,"key":"Bronze Scales"},{"floor":54,"key":"Anchor"},{"floor":54,"key":"Incense Burner"}],"event_choices":[{"damage_healed":0,"gold_gain":0,"player_choice":"Fought Bandits","damage_taken":0,"max_hp_gain":0,"max_hp_loss":0,"event_name":"Masked Bandits","floor":19,"gold_loss":0},{"damage_healed":0,"gold_gain":0,"player_choice":"Inject Mutagens","damage_taken":0,"relics_obtained":["MutagenicStrength"],"max_hp_gain":0,"max_hp_loss":0,"event_name":"Drug Dealer","floor":22,"gold_loss":0},{"damage_healed":0,"gold_gain":0,"player_choice":"Obtained Book","damage_taken":16,"max_hp_gain":0,"max_hp_loss":0,"event_name":"Cursed Tome","floor":31,"gold_loss":0},{"damage_healed":0,"gold_gain":0,"player_choice":"Upgraded","damage_taken":0,"max_hp_gain":0,"max_hp_loss":0,"event_name":"Upgrade Shrine","floor":36,"gold_loss":0,"cards_upgraded":["Offering"]},{"damage_healed":0,"gold_gain":0,"player_choice":"Fight","damage_taken":0,"max_hp_gain":0,"max_hp_loss":0,"event_name":"Mysterious Sphere","floor":44,"gold_loss":0}],"is_beta":true,"boss_relics":[{"not_picked":["Runic Dome","Replay:Bronze Core"],"picked":"Black Star"},{"not_picked":["Velvet Choker","Replay:Drink Me"],"picked":"Ooze Armor"}],"items_purged_floors":[53],"is_endless":false,"potions_floor_spawned":[1,3,4,8,14,18,21,23,27,28,35,39,46],"ascension_level":12}}