{"host":"d6jawvx8x8ludskp","time":1610142593,"event":{"mods":["BaseMod","Colored Map","Colored Powertips","DeckTracker","Minty Spire (QoL Compilation)"],"gold_per_floor":[113,113,127,0,0,16,52,72,97,197,212,225,225,8,8,136,136,152,175,194,194,210,251,23,23,23,23,43,43,63,84,84,84,84],"floor_reached":33,"playtime":2315,"items_purged":[],"score":346,"play_id":"3b896fc5-0f0e-4d30-870d-b5c97e8ff76e","local_time":"20210108184953","is_ascension_mode":false,"campfire_choices":[{"floor":13,"key":"REST"},{"data":"Searing Blow","floor":15,"key":"SMITH"},{"floor":27,"key":"REST"},{"floor":32,"key":"REST"}],"circlet_count":0,"master_deck":["Strike_R","Strike_R","Strike_R","Strike_R","Strike_R","Defend_R","Defend_R","Defend_R","Bash","Panacea","Uppercut","Dark Embrace","Sever Soul","Headbutt","Armaments","Anger","Inflame","Blood for Blood","Infernal Blade","Perfected Strike","Headbutt","Sword Boomerang","Anger","Thunderclap","Reckless Charge","Searing Blow+2","Barricade","Body Slam","Warcry+1","Pommel Strike+1","Pummel","Fire Breathing","Dramatic Entrance","Intimidate","Spot Weakness","RitualDagger","Clothesline","Cleave+1","Inflame"],"relics":["Burning Blood","Golden Idol","Orichalcum","PreservedInsect","Orrery","Busted Crown","Regal Pillow","MealTicket","Charon\u0027s Ashes"],"acts_visited":["Exordium","TheCity"],"potions_floor_usage":[16,23,23,30,31,33,33],"damage_taken":[{"damage":3,"enemies":"Small Slimes","floor":1,"turns":4},{"damage":7,"enemies":"2 Louse","floor":3,"turns":2},{"damage":1,"enemies":"Cultist","floor":6,"turns":3},{"damage":9,"enemies":"Gremlin Nob","floor":7,"turns":4},{"damage":31,"enemies":"Gremlin Gang","floor":8,"turns":5},{"damage":10,"enemies":"Large Slime","floor":11,"turns":6},{"damage":17,"enemies":"Exordium Wildlife","floor":12,"turns":4},{"damage":0,"enemies":"Slime Boss","floor":16,"turns":6},{"damage":11,"enemies":"3 Byrds","floor":18,"turns":6},{"damage":4,"enemies":"Spheric Guardian","floor":19,"turns":3},{"damage":27,"enemies":"Snake Plant","floor":20,"turns":4},{"damage":14,"enemies":"Chosen and Byrds","floor":22,"turns":6},{"damage":21,"enemies":"Gremlin Leader","floor":23,"turns":3},{"damage":19,"enemies":"Snecko","floor":28,"turns":4},{"damage":46,"enemies":"Snake Plant","floor":30,"turns":5},{"damage":18,"enemies":"Sentry and Sphere","floor":31,"turns":4},{"damage":69,"enemies":"Champ","floor":33,"turns":6}],"seed_played":"9077603949787450831","potions_obtained":[{"floor":6,"key":"Energy Potion"},{"floor":8,"key":"Explosive Potion"},{"floor":16,"key":"FearPotion"},{"floor":23,"key":"Weak Potion"},{"floor":28,"key":"BloodPotion"},{"floor":31,"key":"Strength Potion"}],"is_trial":false,"path_per_floor":["M","?","M","$","?","M","E","M","T","?","M","M","R","$","R","B",null,"M","M","M","?","M","E","$","?","T","R","M","T","M","M","R","B"],"character_chosen":"IRONCLAD","items_purchased":["Headbutt","BloodPotion","Armaments","Orrery","Searing Blow","Dramatic Entrance","Intimidate","Spot Weakness"],"campfire_rested":3,"item_purchase_floors":[4,4,4,14,14,24,24,24],"current_hp_per_floor":[80,80,79,79,74,74,71,46,46,46,42,31,53,53,53,59,74,69,71,50,50,42,41,41,35,35,72,59,59,33,21,58,0,0],"gold":84,"neow_bonus":"RANDOM_COLORLESS","is_daily":false,"chose_seed":false,"campfire_upgraded":1,"win_rate":0.0,"timestamp":1610142593,"path_taken":["M","?","M","$","?","M","E","M","T","?","M","M","R","$","R","BOSS","M","M","M","?","?","E","$","?","T","R","M","?","M","M","R","BOSS"],"items_purchased_type":["Card","Potion","Card","Relic","Card","Card","Card","Card"],"build_version":"2020-12-22","purchased_purges":0,"victory":false,"max_hp_per_floor":[80,80,80,80,74,74,74,74,74,74,74,74,74,74,74,74,74,74,74,74,74,74,74,74,74,74,74,74,74,74,74,74,74,74],"card_choices":[{"not_picked":["Purity","Madness"],"picked":"Panacea","floor":0},{"not_picked":["Pummel","True Grit"],"picked":"Uppercut","floor":1},{"not_picked":["Shrug It Off","Anger"],"picked":"Sever Soul","floor":3},{"not_picked":["Headbutt","Twin Strike"],"picked":"Anger","floor":6},{"not_picked":["Demon Form","Pommel Strike"],"picked":"Inflame","floor":7},{"not_picked":["Disarm","Warcry"],"picked":"Blood for Blood","floor":8},{"not_picked":["Metallicize","True Grit"],"picked":"Infernal Blade","floor":11},{"not_picked":["Dark Embrace","Flame Barrier"],"picked":"Perfected Strike","floor":12},{"not_picked":["Body Slam","Corruption"],"picked":"Headbutt","floor":14},{"not_picked":["Heavy Blade","Body Slam"],"picked":"Sword Boomerang","floor":14},{"not_picked":["Clothesline","Heavy Blade"],"picked":"Anger","floor":14},{"not_picked":["Armaments","Seeing Red"],"picked":"Thunderclap","floor":14},{"not_picked":["Limit Break","Anger"],"picked":"Reckless Charge","floor":14},{"not_picked":["Feed","Impervious"],"picked":"Barricade","floor":16},{"not_picked":[],"picked":"Body Slam","floor":18},{"not_picked":[],"picked":"Warcry+1","floor":19},{"not_picked":[],"picked":"Pommel Strike+1","floor":20},{"not_picked":[],"picked":"Pummel","floor":22},{"not_picked":[],"picked":"Fire Breathing","floor":23},{"not_picked":[],"picked":"Clothesline","floor":28},{"not_picked":[],"picked":"Cleave+1","floor":30},{"not_picked":[],"picked":"Inflame","floor":31}],"player_experience":3219,"relics_obtained":[{"floor":7,"key":"Orichalcum"},{"floor":9,"key":"PreservedInsect"},{"floor":23,"key":"Regal Pillow"},{"floor":26,"key":"MealTicket"},{"floor":29,"key":"Charon\u0027s Ashes"}],"event_choices":[{"damage_healed":0,"gold_gain":0,"cards_transformed":["Defend_R"],"player_choice":"Change","damage_taken":0,"max_hp_gain":0,"max_hp_loss":0,"event_name":"Living Wall","floor":2,"gold_loss":0,"cards_obtained":["Dark Embrace"]},{"damage_healed":0,"gold_gain":0,"player_choice":"Lose Max HP","damage_taken":0,"relics_obtained":["Golden Idol"],"max_hp_gain":0,"max_hp_loss":6,"event_name":"Golden Idol","floor":5,"gold_loss":0},{"damage_healed":0,"gold_gain":100,"player_choice":"Pray","damage_taken":0,"max_hp_gain":0,"max_hp_loss":0,"event_name":"Golden Shrine","floor":10,"gold_loss":0},{"damage_healed":0,"gold_gain":0,"player_choice":"Forge","damage_taken":0,"max_hp_gain":0,"max_hp_loss":0,"event_name":"Accursed Blacksmith","floor":21,"gold_loss":0,"cards_upgraded":["Searing Blow"]},{"damage_healed":0,"gold_gain":0,"player_choice":"Joined the Cult","damage_taken":6,"max_hp_gain":0,"max_hp_loss":0,"event_name":"Nest","floor":25,"gold_loss":0,"cards_obtained":["RitualDagger"]}],"is_beta":false,"boss_relics":[{"not_picked":["Black Star","Empty Cage"],"picked":"Busted Crown"}],"items_purged_floors":[],"is_endless":false,"potions_floor_spawned":[6,8,16,23,28,31],"killed_by":"Champ","ascension_level":0}}