{"host":"3jjxuhjpio8e4zkv","time":1610085898,"event":{"mods":["BaseMod","Colored Map","Highlight Path","Minty Spire (QoL Compilation)","Permanent Neow","Relic Stats","StSLib"],"gold_per_floor":[363,363,383,383,395,395,421,421,490,4,20,35,53,66,66,145,145,159,170,445,36,55,83,98,128,128,143,143,160,27,56,56,133,133,149,163,163,183,195,195,223,36,89,117,127,158,175,125,125,125,125],"floor_reached":50,"playtime":1754,"items_purged":["Regret","Strike_G","Strike_G"],"score":1371,"play_id":"aab295a9-9c80-4038-ba2a-490965f1a4fc","local_time":"20210108010458","is_ascension_mode":true,"campfire_choices":[{"data":"Blade Dance","floor":6.0,"key":"SMITH"},{"data":"Accuracy","floor":15.0,"key":"SMITH"},{"data":"Trip","floor":28.0,"key":"SMITH"},{"data":"Footwork","floor":32.0,"key":"SMITH"},{"data":"Adrenaline","floor":40,"key":"SMITH"},{"floor":49,"key":"RECALL"}],"circlet_count":0,"master_deck":["AscendersBane","Strike_G","Defend_G","Defend_G","Defend_G","Defend_G","Defend_G","Survivor","Neutralize","Dagger Throw+1","Blade Dance+1","Accuracy+1","Glass Knife","Blade Dance","Phantasmal Killer","Trip+1","Footwork+1","PiercingWail","Leg Sweep","Adrenaline+1","Prepared+1","Calculated Gamble","Dagger Spray+1","Skewer+1"],"relics":["Ring of the Snake","PreservedInsect","Pear","The Courier","OrangePellets","Meat on the Bone","MealTicket","WristBlade","TungstenRod","Lantern","Toy Ornithopter","Shuriken","Bag of Marbles","Smiling Mask","Empty Cage","Molten Egg 2","Bronze Scales","Orichalcum","StrikeDummy"],"acts_visited":["Exordium","TheCity","TheBeyond"],"potions_floor_usage":[50,50],"damage_taken":[{"damage":1.0,"enemies":"Jaw Worm","floor":1.0,"turns":4.0},{"damage":4.0,"enemies":"Small Slimes","floor":3.0,"turns":3.0},{"damage":0.0,"enemies":"Cultist","floor":5.0,"turns":3.0},{"damage":8.0,"enemies":"Gremlin Nob","floor":7.0,"turns":3.0},{"damage":0.0,"enemies":"Lots of Slimes","floor":11.0,"turns":4.0},{"damage":0.0,"enemies":"2 Fungi Beasts","floor":12.0,"turns":3.0},{"damage":1.0,"enemies":"Red Slaver","floor":13.0,"turns":4.0},{"damage":0.0,"enemies":"Exordium Thugs","floor":14.0,"turns":3.0},{"damage":33.0,"enemies":"Hexaghost","floor":16.0,"turns":7.0},{"damage":16.0,"enemies":"Shell Parasite","floor":18.0,"turns":2.0},{"damage":3.0,"enemies":"3 Byrds","floor":19.0,"turns":5.0},{"damage":8.0,"enemies":"Cultist and Chosen","floor":22.0,"turns":5.0},{"damage":10.0,"enemies":"Gremlin Leader","floor":23.0,"turns":2.0},{"damage":32.0,"enemies":"Shelled Parasite and Fungi","floor":24.0,"turns":4.0},{"damage":15.0,"enemies":"Slavers","floor":25.0,"turns":4.0},{"damage":15.0,"enemies":"Sentry and Sphere","floor":27.0,"turns":4.0},{"damage":3.0,"enemies":"Centurion and Healer","floor":29.0,"turns":3.0},{"damage":0.0,"enemies":"Book of Stabbing","floor":31.0,"turns":2.0},{"damage":53.0,"enemies":"Champ","floor":33.0,"turns":10.0},{"damage":0.0,"enemies":"Orb Walker","floor":35.0,"turns":1.0},{"damage":8.0,"enemies":"3 Darklings","floor":36.0,"turns":4.0},{"damage":8.0,"enemies":"Sphere and 2 Shapes","floor":38.0,"turns":4.0},{"damage":16,"enemies":"Jaw Worm Horde","floor":39,"turns":3},{"damage":0,"enemies":"Nemesis","floor":41,"turns":3},{"damage":0,"enemies":"Reptomancer","floor":44,"turns":3},{"damage":12,"enemies":"4 Shapes","floor":45,"turns":7},{"damage":4,"enemies":"Giant Head","floor":46,"turns":3},{"damage":2,"enemies":"3 Darklings","floor":47,"turns":2},{"damage":71,"enemies":"Time Eater","floor":50,"turns":6}],"seed_played":"-846912106280312305","potions_obtained":[{"floor":1.0,"key":"AttackPotion"},{"floor":5.0,"key":"LiquidMemories"},{"floor":12.0,"key":"SteroidPotion"},{"floor":16.0,"key":"DuplicationPotion"},{"floor":24.0,"key":"ColorlessPotion"},{"floor":27.0,"key":"Explosive Potion"},{"floor":29.0,"key":"Block Potion"},{"floor":33.0,"key":"Weak Potion"},{"floor":35.0,"key":"Dexterity Potion"},{"floor":44,"key":"Energy Potion"},{"floor":47,"key":"Strength Potion"}],"is_trial":false,"path_per_floor":["M","?","M","?","M","R","E","?","T","$","M","M","M","M","R","B",null,"M","M","?","$","M","E","M","E","T","M","R","M","$","E","R","B",null,"M","M","?","M","M","R","E","$","T","E","M","E","M","$","R","B"],"character_chosen":"THE_SILENT","items_purchased":["OrangePellets","Meat on the Bone","MealTicket","TungstenRod","Trip","Bag of Marbles","Bronze Scales"],"campfire_rested":0,"item_purchase_floors":[10,10,10,21,21,30,42],"current_hp_per_floor":[43,43,39,34,34,34,36,76,76,76,76,76,75,75,75,42,68,52,49,49,64,56,46,26,23,23,20,20,34,49,54,54,13,60,60,57,57,49,45,45,45,60,60,60,48,44,42,57,57,0,0],"gold":125,"neow_bonus":"TWO_FIFTY_GOLD","is_daily":false,"chose_seed":false,"campfire_upgraded":5,"win_rate":0.0,"timestamp":1610085898,"path_taken":["M","?","M","?","M","R","E","?","T","$","M","M","M","M","R","BOSS","M","M","?","$","M","E","M","E","T","M","R","M","$","E","R","BOSS","M","?","?","M","?","R","E","$","T","E","M","E","M","?","R","BOSS"],"items_purchased_type":["Relic","Relic","Relic","Relic","Card","Relic","Relic"],"build_version":"2020-12-22","purchased_purges":3,"victory":false,"max_hp_per_floor":[66,66,66,66,66,66,76,76,76,76,76,76,76,76,76,76,76,76,76,76,76,76,76,76,76,76,76,76,76,76,76,76,76,76,76,76,76,76,76,76,76,76,76,76,76,76,76,76,76,76,76],"relic_stats":{"counters":[29,111],"PreservedInsect":393,"Orichalcum":[30],"Smiling Mask":80,"OrangePellets":[1],"Shuriken":[36],"Bronze Scales":[54],"MealTicket":60,"obtain_stats":[{"Lantern":23,"Pear":7,"PreservedInsect":4,"The Courier":9,"Orichalcum":44,"Smiling Mask":31,"Empty Cage":34,"OrangePellets":10,"WristBlade":17,"Shuriken":26,"Bronze Scales":42,"MealTicket":10,"Molten Egg 2":41,"Bag of Marbles":30,"StrikeDummy":46,"TungstenRod":21,"Toy Ornithopter":25,"Ring of the Snake":0,"Meat on the Bone":10},{"Lantern":13,"Pear":4,"PreservedInsect":2,"The Courier":4,"Orichalcum":25,"Smiling Mask":18,"Empty Cage":19,"OrangePellets":4,"WristBlade":9,"Shuriken":15,"Bronze Scales":24,"MealTicket":4,"Molten Egg 2":24,"Bag of Marbles":17,"StrikeDummy":27,"TungstenRod":11,"Toy Ornithopter":15,"Ring of the Snake":0,"Meat on the Bone":4},{"Lantern":48,"Pear":13,"PreservedInsect":7,"The Courier":13,"Orichalcum":93,"Smiling Mask":65,"Empty Cage":75,"OrangePellets":13,"WristBlade":34,"Shuriken":56,"Bronze Scales":90,"MealTicket":13,"Molten Egg 2":90,"Bag of Marbles":63,"StrikeDummy":103,"TungstenRod":41,"Toy Ornithopter":56,"Ring of the Snake":0,"Meat on the Bone":13}],"TungstenRod":43,"Toy Ornithopter":25,"Ring of the Snake":[58],"Meat on the Bone":72},"card_choices":[{"not_picked":["Calculated Gamble","Dodge and Roll"],"picked":"Dagger Throw","floor":1.0},{"not_picked":["Dodge and Roll","Quick Slash"],"picked":"Blade Dance","floor":3.0},{"not_picked":["Noxious Fumes","Backflip"],"picked":"Accuracy","floor":5.0},{"not_picked":["Bane","Prepared"],"picked":"Glass Knife","floor":7.0},{"not_picked":["Dagger Throw","Masterful Stab","Catalyst"],"picked":"SKIP","floor":11.0},{"not_picked":["Dodge and Roll","Underhanded Strike"],"picked":"Blade Dance","floor":12.0},{"not_picked":["Distraction","Deadly Poison","Tactician"],"picked":"SKIP","floor":13.0},{"not_picked":["Heel Hook","Slice","Skewer"],"picked":"SKIP","floor":14.0},{"not_picked":["Burst","After Image"],"picked":"Phantasmal Killer","floor":16.0},{"not_picked":["Outmaneuver+1","Prepared","Deadly Poison"],"picked":"SKIP","floor":18.0},{"not_picked":["Slice+1","Masterful Stab","Catalyst"],"picked":"SKIP","floor":19.0},{"not_picked":["Prepared","Bouncing Flask+1","Quick Slash+1"],"picked":"SKIP","floor":22.0},{"not_picked":["Slice+1","Bane+1"],"picked":"Footwork","floor":23.0},{"not_picked":["Masterful Stab","Quick Slash"],"picked":"PiercingWail","floor":24.0},{"not_picked":["Crippling Poison","Deflect","Sucker Punch"],"picked":"SKIP","floor":25.0},{"not_picked":["Tactician","Sucker Punch"],"picked":"Leg Sweep","floor":27.0},{"not_picked":["Endless Agony","Prepared","Distraction"],"picked":"SKIP","floor":29.0},{"not_picked":["Slice","Prepared","Bouncing Flask"],"picked":"SKIP","floor":31.0},{"not_picked":["Unload","Tools of the Trade"],"picked":"Adrenaline","floor":33.0},{"not_picked":["Dagger Throw","Dagger Spray","Heel Hook"],"picked":"SKIP","floor":35.0},{"not_picked":["Sucker Punch","Slice"],"picked":"Prepared+1","floor":36.0},{"not_picked":["Prepared","Underhanded Strike"],"picked":"Calculated Gamble","floor":38.0},{"not_picked":["Crippling Poison+1","Dagger Spray","Footwork"],"picked":"SKIP","floor":39},{"not_picked":["Tools of the Trade","Catalyst","Deflect"],"picked":"SKIP","floor":41},{"not_picked":["Prepared+1","Quick Slash+1"],"picked":"Dagger Spray+1","floor":44},{"not_picked":["Caltrops","Deadly Poison","Underhanded Strike+1"],"picked":"SKIP","floor":45},{"not_picked":["Footwork","Cloak And Dagger","Predator+1"],"picked":"SKIP","floor":46},{"not_picked":["Underhanded Strike+1","Predator+1"],"picked":"Skewer+1","floor":47}],"player_experience":1183230,"relics_obtained":[{"floor":7.0,"key":"Pear"},{"floor":9.0,"key":"The Courier"},{"floor":23.0,"key":"Lantern"},{"floor":25.0,"key":"Toy Ornithopter"},{"floor":26.0,"key":"Shuriken"},{"floor":31.0,"key":"Smiling Mask"},{"floor":41,"key":"Molten Egg 2"},{"floor":44,"key":"Orichalcum"},{"floor":46,"key":"StrikeDummy"}],"event_choices":[{"damage_healed":0.0,"max_hp_gain":0.0,"max_hp_loss":0.0,"gold_gain":0.0,"event_name":"Living Wall","player_choice":"Grow","floor":2.0,"gold_loss":0.0,"damage_taken":0.0,"cards_upgraded":["Dagger Throw"]},{"damage_healed":0.0,"max_hp_gain":0.0,"max_hp_loss":0.0,"gold_gain":0.0,"event_name":"Scrap Ooze","player_choice":"Success","floor":4.0,"gold_loss":0.0,"damage_taken":5.0,"relics_obtained":["PreservedInsect"]},{"damage_healed":40.0,"max_hp_gain":0.0,"max_hp_loss":0.0,"gold_gain":0.0,"event_name":"Wheel of Change","player_choice":"Full Heal","floor":8.0,"gold_loss":0.0,"damage_taken":0.0},{"damage_healed":0.0,"max_hp_gain":0.0,"max_hp_loss":0.0,"gold_gain":275.0,"event_name":"Golden Shrine","player_choice":"Desecrate","floor":20.0,"gold_loss":0.0,"damage_taken":0.0,"cards_obtained":["Regret"]},{"damage_healed":0.0,"max_hp_gain":0.0,"max_hp_loss":0.0,"gold_gain":0.0,"event_name":"Match and Keep!","player_choice":"0 cards matched","floor":37.0,"gold_loss":0.0,"damage_taken":0.0,"cards_obtained":[]}],"is_beta":false,"boss_relics":[{"not_picked":["Tiny House","Velvet Choker"],"picked":"WristBlade"},{"not_picked":["Sozu","Coffee Dripper"],"picked":"Empty Cage"}],"items_purged_floors":[21,42,48],"is_endless":false,"potions_floor_spawned":[1,5,12,14,16,18,24,27,29,33,35,44,46,47],"killed_by":"Time Eater","ascension_level":20}}