{"host":"94qggqh0xz0sp6ai","time":1610070917,"event":{"mods":["Abigail Mod","Act Like it!","BaseMod","CapriCore","Downfall","Friendly Minions","Gensokyo","Hermit","Jorbs\u0027s Wanderer Trilogy","Koishi","Marisa（霧雨　魔理沙）","Minty Spire (QoL Compilation)","Permanent Neow","Reimu（博??梦）","StSLib","The Alterego","The Construct","The Cursed","The Hierophant","The Immortal","The Marked","The Servant 0.9.4","TheBandit","Waifu the Spire"],"gold_per_floor":[112,37,57,68,80,80,80,95,140,154,154,183,133,308,308,405,405,424,424,436,351,365,365,365],"floor_reached":23,"playtime":514,"items_purged":["theMarked:Strike"],"score":255,"play_id":"07ead753-5d33-4f96-b7cf-263d2099b5f8","local_time":"20210107195517","is_ascension_mode":true,"campfire_choices":[{"data":"theMarked:SoldierOfQuellstein","floor":6,"key":"SMITH"},{"data":"theMarked:Indomitable","floor":11,"key":"SMITH"},{"data":"theMarked:ResourceFulStrike","floor":15,"key":"SMITH"}],"circlet_count":0,"master_deck":["theMarked:Strike","theMarked:Strike","theMarked:Strike","theMarked:Defend","theMarked:Defend","theMarked:Defend","theMarked:Defend","theMarked:SoldierOfQuellstein+1","theMarked:EternalStudent","theMarked:ResourceFulStrike+1","theMarked:ElementalBlade+1","theMarked:EmpowerWeapon","theMarked:Indomitable+1","theMarked:SuspiciousRaven","Doubt","theMarked:ThrowWeapon","theMarked:Standoff"],"relics":["theMarked:ArtifactOfAir","Toy Ornithopter","Singing Bowl","theMarked:SpiritSword","MealTicket"],"acts_visited":["Exordium","TheCity"],"potions_floor_usage":[16,23,23],"damage_taken":[{"damage":0,"enemies":"Small Slimes","floor":1,"turns":4},{"damage":0,"enemies":"2 Louse","floor":3,"turns":2},{"damage":6,"enemies":"Jaw Worm","floor":4,"turns":3},{"damage":11,"enemies":"Red Slaver","floor":5,"turns":4},{"damage":0,"enemies":"Gremlin Gang","floor":8,"turns":3},{"damage":0,"enemies":"Large Slime","floor":10,"turns":3},{"damage":21,"enemies":"Lagavulin","floor":12,"turns":5},{"damage":0,"enemies":"Slime Boss","floor":16,"turns":5},{"damage":39,"enemies":"3 Byrds","floor":18,"turns":5},{"damage":5,"enemies":"Spheric Guardian","floor":20,"turns":3},{"damage":12,"enemies":"3 Cultists","floor":22,"turns":3},{"damage":32,"enemies":"Slavers","floor":23,"turns":1}],"seed_played":"-2588820385224581875","potions_obtained":[{"floor":3,"key":"sneckomod:MuddlingPotion"},{"floor":10,"key":"Dexterity Potion"},{"floor":12,"key":"Fire Potion"},{"floor":20,"key":"champ:CounterPotion"}],"is_trial":false,"path_per_floor":["M","$","M","M","M","R","?","M","T","M","R","E","?","?","R","B",null,"M","?","M","?","M","E"],"character_chosen":"THE_DEFAULT","items_purchased":[],"campfire_rested":0,"item_purchase_floors":[],"current_hp_per_floor":[70,70,70,64,53,53,53,53,53,53,53,32,32,32,32,37,70,33,33,30,30,18,0,0],"gold":365,"neow_bonus":"ONE_RANDOM_RARE_CARD","is_daily":false,"chose_seed":false,"campfire_upgraded":3,"win_rate":0.0,"timestamp":1610070917,"path_taken":["M","$","M","M","M","R","?","M","T","M","R","E","?","?","R","BOSS","M","?","M","?","M","E"],"items_purchased_type":[],"build_version":"2020-12-22","purchased_purges":1,"victory":false,"max_hp_per_floor":[70,70,70,70,70,70,70,70,70,70,70,70,70,70,70,70,70,72,72,74,74,74,74,74],"card_choices":[{"not_picked":["theMarked:WastefulDefense","theMarked:KeepCalmAndFightOn"],"picked":"theMarked:ResourceFulStrike","floor":1},{"not_picked":["theMarked:WastefulAttack","theMarked:LightningStrikesTwice","theMarked:ElectricStrings"],"picked":"SKIP","floor":3},{"not_picked":["theMarked:HeightenedSenses","theMarked:BanishingStrike"],"picked":"theMarked:ElementalBlade","floor":4},{"not_picked":["theMarked:WastefulDefense","theMarked:WastefulAttack","theMarked:BanishingStrike"],"picked":"SKIP","floor":5},{"not_picked":["theMarked:Improvise","theMarked:WardOff"],"picked":"theMarked:EmpowerWeapon","floor":8},{"not_picked":["theMarked:MaelstromOfLightning","theMarked:Overthink"],"picked":"theMarked:Indomitable","floor":10},{"not_picked":["theMarked:Seal","theMarked:WastefulDefense"],"picked":"theMarked:SuspiciousRaven","floor":12},{"not_picked":["theMarked:TakeOffHeels","theMarked:SuspiciousRaven"],"picked":"theMarked:ThrowWeapon","floor":16},{"not_picked":["theMarked:WastefulDefense","theMarked:ComboAttacks","theMarked:Improvise"],"picked":"Singing Bowl","floor":18},{"not_picked":["theMarked:Improvise","theMarked:Parkour","theMarked:EnhanceMovement"],"picked":"Singing Bowl","floor":20},{"not_picked":["theMarked:ComboAttacks","theMarked:Parkour"],"picked":"theMarked:Standoff","floor":22}],"player_experience":1359663,"relics_obtained":[{"floor":9,"key":"Toy Ornithopter"},{"floor":12,"key":"Singing Bowl"}],"event_choices":[{"damage_healed":0,"gold_gain":0,"player_choice":"Grow","damage_taken":0,"max_hp_gain":0,"max_hp_loss":0,"event_name":"Living Wall","floor":7,"gold_loss":0,"cards_upgraded":["theMarked:ElementalBlade"]},{"cards_removed":["theMarked:Strike"],"damage_healed":0,"gold_gain":0,"player_choice":"Card Removal","damage_taken":0,"max_hp_gain":0,"max_hp_loss":0,"event_name":"The Cleric","floor":13,"gold_loss":50},{"damage_healed":0,"gold_gain":175,"player_choice":"AGREE","damage_taken":0,"max_hp_gain":0,"max_hp_loss":0,"event_name":"Liars Game","floor":14,"gold_loss":0,"cards_obtained":["Doubt"]},{"damage_healed":0,"gold_gain":0,"player_choice":"Ignored","damage_taken":0,"max_hp_gain":0,"max_hp_loss":0,"event_name":"Vampires","floor":19,"gold_loss":0},{"damage_healed":0,"gold_gain":0,"player_choice":"Obtained Relic","damage_taken":0,"relics_obtained":["MealTicket"],"max_hp_gain":0,"max_hp_loss":0,"event_name":"Addict","floor":21,"gold_loss":85}],"is_beta":false,"boss_relics":[{"not_picked":["Black Star","SlaversCollar"],"picked":"theMarked:SpiritSword"}],"items_purged_floors":[2],"is_endless":false,"potions_floor_spawned":[3,10,12,20,22],"killed_by":"Slavers","ascension_level":1}}