{"host":"1a3cjta80tad0aqj","time":1610084660,"event":{"mods":["2.2 Compatiblity","AchievementEnabler","BaseMod","Colored Map","DeckTracker","KOR Keyword Fix","Keyboard Shortcuts","Minty Spire (QoL Compilation)","Permanent Neow","Quick Restart","Random Character Button","StSLib","SuperFastMode","everything is the same but u backflip on backflip"],"gold_per_floor":[115,290,192,212,112,112,112,112,112,142,161,172,172,187,187,287,287,301,301,314,327,202,202,215,215,215,215,65,65,81,95,95,196,196,211,211,231,56,56,56],"floor_reached":39,"playtime":1621,"items_purged":["Doubt","Defend_P","Defend_P","Strike_P","Strike_P"],"score":431,"play_id":"7051e582-b640-4faa-b686-8dc2ea15fe6d","local_time":"20210108144420","is_ascension_mode":false,"campfire_choices":[{"data":"Eruption","floor":6.0,"key":"SMITH"},{"data":"FlurryOfBlows","floor":8.0,"key":"SMITH"},{"data":"SashWhip","floor":13.0,"key":"SMITH"},{"data":"FearNoEvil","floor":15.0,"key":"SMITH"},{"data":"Ragnarok","floor":23,"key":"SMITH"},{"data":"CutThroughFate","floor":25,"key":"SMITH"},{"floor":32,"key":"REST"}],"circlet_count":0,"master_deck":["Strike_P","Strike_P","Defend_P","Defend_P","Eruption+1","Vigilance","FlurryOfBlows+1","CutThroughFate+1","SashWhip+1","Indignation","FearNoEvil+1","Ragnarok+1","Halt","Tantrum","Vault","Trip"],"relics":["Cursed Key"],"acts_visited":["Exordium","TheCity","TheBeyond"],"potions_floor_usage":[21,33],"damage_taken":[{"damage":0.0,"enemies":"Jaw Worm","floor":1.0,"turns":4.0},{"damage":0.0,"enemies":"Small Slimes","floor":4.0,"turns":3.0},{"damage":13.0,"enemies":"3 Sentries","floor":10.0,"turns":6.0},{"damage":0.0,"enemies":"Cultist","floor":11.0,"turns":2.0},{"damage":0.0,"enemies":"3 Louse","floor":12.0,"turns":1.0},{"damage":0.0,"enemies":"2 Fungi Beasts","floor":14.0,"turns":3.0},{"damage":0.0,"enemies":"Slime Boss","floor":16.0,"turns":4.0},{"damage":2.0,"enemies":"Shell Parasite","floor":18.0,"turns":2.0},{"damage":10.0,"enemies":"2 Thieves","floor":20.0,"turns":2.0},{"damage":16,"enemies":"Centurion and Healer","floor":21,"turns":4},{"damage":8,"enemies":"Cultist and Chosen","floor":24,"turns":3},{"damage":0,"enemies":"Snake Plant","floor":30,"turns":1},{"damage":12,"enemies":"3 Cultists","floor":31,"turns":3},{"damage":11,"enemies":"Collector","floor":33,"turns":3},{"damage":46,"enemies":"3 Darklings","floor":35,"turns":5},{"damage":7,"enemies":"Orb Walker","floor":37,"turns":3},{"damage":23,"enemies":"Jaw Worm Horde","floor":39,"turns":2}],"seed_played":"5307346780381883643","potions_obtained":[{"floor":4.0,"key":"Dexterity Potion"},{"floor":12.0,"key":"Energy Potion"},{"floor":14.0,"key":"BlessingOfTheForge"},{"floor":18.0,"key":"Ambrosia"},{"floor":24,"key":"DistilledChaos"},{"floor":30,"key":"StancePotion"},{"floor":33,"key":"Ancient Potion"}],"is_trial":false,"path_per_floor":["M","?","$","M","$","R","?","R","T","E","M","M","R","M","R","B",null,"M","?","M","M","$","R","M","R","T","?","$","T","M","M","R","B",null,"M","?","M","$","M"],"character_chosen":"WATCHER","items_purchased":["CutThroughFate"],"campfire_rested":1,"item_purchase_floors":[3],"current_hp_per_floor":[72,72,72,72,72,72,72,72,72,59,59,59,59,59,59,59,72,70,70,60,44,44,44,36,36,36,36,36,36,36,24,45,34,72,26,26,19,19,0,0],"gold":56,"neow_bonus":"BOSS_RELIC","is_daily":false,"chose_seed":true,"campfire_upgraded":6,"win_rate":0.0,"timestamp":1610084660,"path_taken":["M","?","$","M","$","R","?","R","T","E","?","M","R","M","R","BOSS","M","?","M","M","$","R","M","R","T","?","$","?","?","M","R","BOSS","M","?","M","$","M"],"items_purchased_type":["Card"],"build_version":"2020-12-22","purchased_purges":5,"victory":false,"max_hp_per_floor":[72,72,72,72,72,72,72,72,72,72,72,72,72,72,72,72,72,72,72,72,72,72,72,72,72,72,72,72,72,72,72,72,72,72,72,72,72,72,72,72],"card_choices":[{"not_picked":["FollowUp","ForeignInfluence"],"picked":"FlurryOfBlows","floor":1.0},{"not_picked":["Prostrate","FlyingSleeves"],"picked":"SashWhip","floor":4.0},{"not_picked":["Vengeance","Swivel"],"picked":"Indignation","floor":10.0},{"not_picked":["Halt","CrushJoints"],"picked":"FearNoEvil","floor":11.0},{"not_picked":["Perseverance","EmptyFist","WheelKick"],"picked":"SKIP","floor":12.0},{"not_picked":["Fasting2","Sanctity","FlurryOfBlows"],"picked":"SKIP","floor":14.0},{"not_picked":["SpiritShield","Wish"],"picked":"Ragnarok","floor":16.0},{"not_picked":["FlyingSleeves","ForeignInfluence+1"],"picked":"Halt","floor":18.0},{"not_picked":["Crescendo+1","CrushJoints","Collect"],"picked":"SKIP","floor":20.0},{"not_picked":["Halt","SandsOfTime+1","Evaluate"],"picked":"SKIP","floor":21},{"not_picked":["FlurryOfBlows","JustLucky","Halt"],"picked":"SKIP","floor":24},{"not_picked":["FollowUp","Consecrate","CrushJoints"],"picked":"SKIP","floor":30},{"not_picked":["ForeignInfluence+1","WreathOfFlame","Conclude+1"],"picked":"SKIP","floor":31},{"not_picked":["MasterReality","SpiritShield"],"picked":"Vault","floor":33},{"not_picked":["Pray+1","MentalFortress+1","DeceiveReality+1"],"picked":"SKIP","floor":35},{"not_picked":["Bandage Up","Discovery"],"picked":"Trip","floor":36},{"not_picked":["Halt","Swivel","FlyingSleeves"],"picked":"SKIP","floor":37}],"player_experience":195077,"relics_obtained":[],"event_choices":[{"damage_healed":0.0,"max_hp_gain":0.0,"max_hp_loss":0.0,"gold_gain":175.0,"event_name":"Liars Game","player_choice":"AGREE","floor":2.0,"gold_loss":0.0,"damage_taken":0.0,"cards_obtained":["Doubt"]},{"damage_healed":0.0,"max_hp_gain":0.0,"max_hp_loss":0.0,"gold_gain":0.0,"event_name":"Match and Keep!","player_choice":"0 cards matched","floor":7.0,"gold_loss":0.0,"damage_taken":0.0,"cards_obtained":[]},{"damage_healed":0.0,"max_hp_gain":0.0,"max_hp_loss":0.0,"gold_gain":0.0,"event_name":"Ghosts","player_choice":"Ignored","floor":19.0,"gold_loss":0.0,"damage_taken":0.0},{"damage_healed":0,"gold_gain":0,"player_choice":"Read","damage_taken":0,"max_hp_gain":0,"max_hp_loss":0,"event_name":"The Library","floor":27,"gold_loss":0,"cards_obtained":["Tantrum"]},{"damage_healed":0,"gold_gain":0,"player_choice":"Memory 1","damage_taken":0,"max_hp_gain":0,"max_hp_loss":0,"event_name":"SensoryStone","floor":36,"gold_loss":0}],"is_beta":false,"boss_relics":[{"not_picked":["Runic Pyramid","Busted Crown","Tiny House"]},{"not_picked":[]}],"items_purged_floors":[3,5,22,28,38],"is_endless":false,"potions_floor_spawned":[4,12,14,18,24,30,31,33],"killed_by":"Jaw Worm Horde","ascension_level":0}}