{"host":"f0gpob8hq9vgebej","time":1610083684,"event":{"mods":["AchievementEnabler","BaseMod","Minty Spire (QoL Compilation)","Quick Restart","SuperFastMode"],"gold_per_floor":[112,126,139,152,152,152,162,178,232,253,270,270,259,13,13,115,115,133,133,115,115],"floor_reached":20,"playtime":834,"items_purged":[],"score":179,"play_id":"dd589de6-907d-4354-a96b-3d35dedec376","local_time":"20210108142804","is_ascension_mode":true,"campfire_choices":[{"data":"Bouncing Flask","floor":6,"key":"SMITH"},{"floor":15,"key":"REST"}],"circlet_count":0,"master_deck":["Strike_G","Strike_G","Strike_G","Defend_G","Defend_G","Defend_G","Defend_G","Survivor","Neutralize","Prepared","Bouncing Flask+1","Escape Plan","Well Laid Plans","Acrobatics","After Image","Malaise","Concentrate+1"],"relics":["Ring of the Snake","Happy Flower","Odd Mushroom","Question Card","Black Star"],"acts_visited":["Exordium","TheCity"],"potions_floor_usage":[10,16,20],"damage_taken":[{"damage":0,"enemies":"2 Louse","floor":1,"turns":3},{"damage":0,"enemies":"Small Slimes","floor":2,"turns":3},{"damage":0,"enemies":"Jaw Worm","floor":3,"turns":3},{"damage":0,"enemies":"Blue Slaver","floor":4,"turns":4},{"damage":5,"enemies":"Red Slaver","floor":7,"turns":3},{"damage":5,"enemies":"2 Fungi Beasts","floor":8,"turns":3},{"damage":33,"enemies":"The Mushroom Lair","floor":10,"turns":4},{"damage":0,"enemies":"Looter","floor":11,"turns":3},{"damage":5,"enemies":"Exordium Thugs","floor":13,"turns":5},{"damage":19,"enemies":"The Guardian","floor":16,"turns":10},{"damage":3,"enemies":"Chosen","floor":18,"turns":6},{"damage":16,"enemies":"2 Thieves","floor":20,"turns":4}],"seed_played":"-8708209042490221799","potions_obtained":[{"floor":2,"key":"Poison Potion"},{"floor":7,"key":"Swift Potion"},{"floor":11,"key":"Block Potion"},{"floor":16,"key":"DuplicationPotion"}],"is_trial":false,"path_per_floor":["M","M","M","M","?","R","M","M","T","?","M","?","M","$","R","B",null,"M","?","M"],"character_chosen":"THE_SILENT","items_purchased":["Question Card"],"campfire_rested":1,"item_purchase_floors":[14],"current_hp_per_floor":[63,63,63,63,68,68,63,58,58,25,25,18,13,13,33,14,68,65,65,49,49],"gold":115,"neow_bonus":"REMOVE_TWO","is_daily":false,"chose_seed":false,"campfire_upgraded":1,"win_rate":0.0,"timestamp":1610083684,"path_taken":["M","M","M","M","?","R","M","M","T","?","M","?","M","$","R","BOSS","M","?","M"],"items_purchased_type":["Relic"],"build_version":"2020-12-22","purchased_purges":0,"victory":false,"max_hp_per_floor":[63,63,63,63,68,68,68,68,68,68,68,68,68,68,68,68,68,68,68,68,68],"card_choices":[{"not_picked":["Slice","Cloak And Dagger"],"picked":"Prepared","floor":1},{"not_picked":["Slice","Acrobatics"],"picked":"Bouncing Flask","floor":2},{"not_picked":["Outmaneuver","Choke"],"picked":"Escape Plan","floor":3},{"not_picked":["Dodge and Roll","Finisher"],"picked":"Well Laid Plans","floor":4},{"not_picked":["Quick Slash","Prepared","A Thousand Cuts"],"picked":"SKIP","floor":7},{"not_picked":["Underhanded Strike","Cloak And Dagger"],"picked":"Acrobatics","floor":8},{"not_picked":["Heel Hook","Backstab"],"picked":"After Image","floor":11},{"not_picked":["Slice","Deflect","Prepared"],"picked":"SKIP","floor":13},{"not_picked":["Glass Knife","Venomology","Unload"],"picked":"Malaise","floor":16},{"not_picked":["Outmaneuver+1","Terror+1","Acrobatics","Underhanded Strike+1"],"picked":"SKIP","floor":18},{"not_picked":["Infinite Blades","Reflex","Flechettes"],"picked":"Concentrate+1","floor":20}],"player_experience":125348,"relics_obtained":[{"floor":9,"key":"Happy Flower"},{"floor":10,"key":"Odd Mushroom"}],"event_choices":[{"damage_healed":0,"gold_gain":0,"player_choice":"Donut","damage_taken":0,"max_hp_gain":5,"max_hp_loss":0,"event_name":"Big Fish","floor":5,"gold_loss":0},{"damage_healed":0,"gold_gain":0,"player_choice":"Fought Mushrooms","damage_taken":0,"max_hp_gain":0,"max_hp_loss":0,"event_name":"Mushrooms","floor":10,"gold_loss":0},{"cards_removed":["Strike_G"],"damage_healed":0,"gold_gain":0,"player_choice":"Card Removal","damage_taken":7,"max_hp_gain":0,"max_hp_loss":0,"event_name":"Golden Wing","floor":12,"gold_loss":0},{"damage_healed":0,"gold_gain":0,"player_choice":"Ignored","damage_taken":0,"max_hp_gain":0,"max_hp_loss":0,"event_name":"Ghosts","floor":19,"gold_loss":0}],"is_beta":false,"boss_relics":[{"not_picked":["Runic Dome","Coffee Dripper"],"picked":"Black Star"}],"items_purged_floors":[],"is_endless":false,"potions_floor_spawned":[2,7,11,16],"killed_by":"2 Thieves","ascension_level":1}}