{"host":"88gj1a6q1iuldet9","time":1610132455,"event":{"mods":["Act Like it!","Arknights The Spire","BaseMod","Better Note","Better Third Choice","BetterRewards","Conspire","Downfall","Energized Spire","Gensokyo","GungeonMod","Hubris","Jorbs\u0027s Wanderer Trilogy","Magitek Elite","Melee Mod","Minty Spire (QoL Compilation)","Quick Restart","Reimu??????","Replay The Spire","Robot Space Explorer","Shop Mod","StSLib","The Administrix","The Dragon Tamer","The Hayseed","The Marked","The Mystic","The Necromancer","The Runesmith","The Sage","TheArtist","TheFirefly","Wandering Minibosses","Yakumo Yukari mod"],"gold_per_floor":[112,122,122,122,122,149,149,179,179,129,129,149,163,205,205,313,313,333,357,381,390,411,449,467,467,494,509,529,529,6,19,19,132,132,157,177,186,186,30,30,74,86,86,86,125,144,194,216,216,216,216,216,43,77,77],"floor_reached":56,"playtime":13646,"items_purged":["AdministrixMod:Strike_Administrix"],"score":1524,"play_id":"da8e48dd-9ac1-4cde-ba5b-a18cd08e48d1","local_time":"20210108140055","is_ascension_mode":false,"campfire_choices":[{"data":"AdministrixMod:TouchOfCinnabar","floor":7.0,"key":"SMITH"},{"data":"AdministrixMod:SyncreticSurge","floor":15.0,"key":"SMITH"},{"data":"AdministrixMod:WifeLightning","floor":29.0,"key":"SMITH"},{"data":"expansioncontent:QuickStudy","floor":32.0,"key":"SMITH"},{"floor":40.0,"key":"RECALL"},{"data":"AdministrixMod:Mastermind","floor":44.0,"key":"SMITH"},{"data":"AdministrixMod:ImmortalGrace+1","floor":49.0,"key":"SMITH"},{"data":"AdministrixMod:ImmortalGrace+2","floor":52,"key":"SMITH"}],"circlet_count":0,"master_deck":["AdministrixMod:Strike_Administrix+1","AdministrixMod:RedCloak+1","AdministrixMod:Defend_Administrix+1","AdministrixMod:Defend_Administrix+1","AdministrixMod:Defend_Administrix+1","AdministrixMod:BlueCloak+1","AdministrixMod:TouchOfCinnabar+1","AdministrixMod:ExtolVirtue+1","AdministrixMod:ChooseYourEnd+1","AdministrixMod:SyncreticSurge+1","AdministrixMod:RebukeDesires+1","AdministrixMod:PassageOfAges+1","AdministrixMod:SeventeenArticleLaser+1","AdministrixMod:BishamonBlessing+1","AdministrixMod:WifeLightning+1","AdministrixMod:ImmortalPurity+2","AdministrixMod:RisingSunPrince+1","AdministrixMod:ExtolVirtue+1","expansioncontent:DashGenerateEvil+1","AdministrixMod:BegetEternity+1","AdministrixMod:FaithfulFlames+1","AdministrixMod:DreamsMausoleum+1","AdministrixMod:BloodlessSapphire+1","expansioncontent:QuickStudy+1","AdministrixMod:CosmosControl+1","AdministrixMod:FeastOfDew+1","hubris:EnhanceAbility+1","AdministrixMod:Mastermind+1","AdministrixMod:ArmillarySphere+1","AdministrixMod:ImmortalGrace+3","AdministrixMod:XianArts","AdministrixMod:DeathByGlamour"],"relics":["AdministrixMod:ConductorRitualBaton","NeowsBlessing","Bag of Preparation","Boot","Potion Belt","DemoMod:GlassGuonStoneRelic","CeramicFish","hubris:VirtuousBlindfold","Whetstone","Ginger","Gem_Box","DemoMod:WhiteGuonStone","hubris:TenFootPole","hubris:Metronome","The Courier","Ribbon","DemoMod:ClearGuonStone"],"acts_visited":["Exordium","TheCity","TheBeyond","TheEnding"],"potions_floor_usage":[54,55,55],"damage_taken":[{"damage":0.0,"enemies":"Jaw Worm","floor":1.0,"turns":1.0},{"damage":0.0,"enemies":"Small Slimes","floor":2.0,"turns":2.0},{"damage":0.0,"enemies":"2 Louse","floor":5.0,"turns":1.0},{"damage":7.0,"enemies":"Replay:BlueRogue","floor":6.0,"turns":7.0},{"damage":1.0,"enemies":"Gremlin Nob","floor":8.0,"turns":6.0},{"damage":0.0,"enemies":"Red Slaver","floor":12.0,"turns":3.0},{"damage":0.0,"enemies":"Exordium Wildlife","floor":13.0,"turns":3.0},{"damage":0.0,"enemies":"Replay:BlueRogue","floor":14.0,"turns":4.0},{"damage":0.0,"enemies":"Hexaghost","floor":16.0,"turns":13.0},{"damage":0.0,"enemies":"2 Thieves","floor":18.0,"turns":4.0},{"damage":0.0,"enemies":"conspire:FuzzyDice","floor":19.0,"turns":7.0},{"damage":0.0,"enemies":"3 Cultists","floor":20.0,"turns":6.0},{"damage":0.0,"enemies":"Shelled Parasite and Fungi","floor":22.0,"turns":4.0},{"damage":0.0,"enemies":"Slavers","floor":23.0,"turns":5.0},{"damage":0.0,"enemies":"Snake Plant","floor":27.0,"turns":3.0},{"damage":2.0,"enemies":"Centurion and Healer","floor":28.0,"turns":7.0},{"damage":0.0,"enemies":"Cultist and Chosen","floor":31.0,"turns":5.0},{"damage":0.0,"enemies":"conspire:MysteriousRune","floor":33.0,"turns":12.0},{"damage":7.0,"enemies":"3 Shapes","floor":35.0,"turns":5.0},{"damage":0.0,"enemies":"3 Darklings","floor":36.0,"turns":5.0},{"damage":0.0,"enemies":"3 Darklings","floor":38.0,"turns":12.0},{"damage":0.0,"enemies":"Nemesis","floor":41.0,"turns":7.0},{"damage":0.0,"enemies":"Sphere and 2 Shapes","floor":42.0,"turns":4.0},{"damage":0.0,"enemies":"Giant Head","floor":45.0,"turns":5.0},{"damage":0.0,"enemies":"Transient","floor":46.0,"turns":5.0},{"damage":0.0,"enemies":"2 Orb Walkers","floor":47.0,"turns":4.0},{"damage":0.0,"enemies":"Spire Growth","floor":48.0,"turns":4.0},{"damage":0.0,"enemies":"Awakened One","floor":50.0,"turns":10.0},{"damage":0,"enemies":"Shield and Spear","floor":54,"turns":11},{"damage":16,"enemies":"The Heart","floor":55,"turns":9}],"seed_played":"-217450710696124959","potions_obtained":[{"floor":1.0,"key":"BlessingOfTheForge"},{"floor":8.0,"key":"DemoMod:LeadSkinPotion"},{"floor":12.0,"key":"ColorlessPotion"},{"floor":13.0,"key":"champ:CounterPotion"},{"floor":18.0,"key":"Adrenaline Potion"},{"floor":20.0,"key":"Weak Potion"},{"floor":22.0,"key":"DuplicationPotion"},{"floor":28.0,"key":"Elixir"},{"floor":33.0,"key":"Block Potion"},{"floor":36.0,"key":"SkillPotion"},{"floor":45.0,"key":"hexamod:EctoCoolerPotion"},{"floor":46.0,"key":"AdministrixMod:AttunementTonic"},{"floor":54,"key":"ZuzhouPotion:ReiMu"}],"is_trial":false,"path_per_floor":["M","M","?","?","M","E","R","E","T","?","?","M","M","E","R","B",null,"M","M","M","?","M","E","?","?","T","M","M","R","$","M","R","B",null,"M","M","?","?","$","R","E","M","T","R","E","M","?","M","R","B",null,"R","$","E","B",null],"character_chosen":"TheAdministrix","items_purchased":["Ginger","expansioncontent:QuickStudy","DemoMod:WhiteGuonStone","AdministrixMod:XianArts","AdministrixMod:DeathByGlamour"],"campfire_rested":0,"item_purchase_floors":[30,30,39,53,53],"current_hp_per_floor":[65,65,65,58,58,51,51,50,50,50,50,50,50,50,50,50,65,65,65,65,65,65,65,65,59,59,59,61,61,61,65,65,65,65,65,65,65,65,65,65,65,65,65,65,65,65,65,65,65,65,65,65,65,65,62],"gold":77,"neow_bonus":"THREE_ENEMY_KILL","is_daily":false,"chose_seed":false,"campfire_upgraded":7,"win_rate":0.0,"timestamp":1610132455,"path_taken":["M","M","?","?","M","E","R","E","T","?","?","M","M","E","R","BOSS","M","M","M","?","?","E","?","?","T","M","M","R","$","M","R","BOSS","M","M","?","?","$","R","E","?","T","R","E","M","?","M","R","BOSS","R","$","E","BOSS"],"items_purchased_type":["Relic","Card","Relic","Card","Card"],"build_version":"2020-12-22","purchased_purges":1,"victory":true,"max_hp_per_floor":[65,65,65,65,65,65,65,65,65,65,65,65,65,65,65,65,65,65,65,65,65,65,65,65,65,65,65,65,65,65,65,65,65,65,65,65,65,65,65,65,65,65,65,65,65,65,65,65,65,65,65,65,65,65,65],"card_choices":[{"not_picked":["AdministrixMod:RebukeDesires","AdministrixMod:Metempsychosis"],"picked":"AdministrixMod:TouchOfCinnabar","floor":1.0},{"not_picked":["AdministrixMod:DreamsMausoleum","AdministrixMod:Transition"],"picked":"AdministrixMod:ExtolVirtue","floor":2.0},{"not_picked":["AdministrixMod:RegentEdict","AdministrixMod:Metempsychosis"],"picked":"AdministrixMod:ChooseYourEnd","floor":5.0},{"not_picked":["AdministrixMod:LightOfYourLife","AdministrixMod:PlateOfAntiquity"],"picked":"AdministrixMod:SyncreticSurge","floor":6.0},{"not_picked":["AdministrixMod:NewWardrobe","AdministrixMod:SyncreticSurge"],"picked":"AdministrixMod:RebukeDesires","floor":8.0},{"not_picked":["AdministrixMod:UnstableVigor","AdministrixMod:SealAway"],"picked":"AdministrixMod:PassageOfAges","floor":12.0},{"not_picked":["AdministrixMod:ChooseYourEnd","AdministrixMod:SealAway"],"picked":"AdministrixMod:SeventeenArticleLaser","floor":13.0},{"not_picked":["AdministrixMod:FuneraryRites","AdministrixMod:Mastermind"],"picked":"AdministrixMod:BishamonBlessing","floor":14.0},{"not_picked":["AdministrixMod:FaithfulFlames","AdministrixMod:LifeforceNet"],"picked":"AdministrixMod:WifeLightning","floor":16.0},{"not_picked":["AdministrixMod:SealAway","AdministrixMod:TrickOfTheLight"],"picked":"AdministrixMod:ImmortalPurity+1","floor":18.0},{"not_picked":["AdministrixMod:RegentEdict","AdministrixMod:NewWardrobe"],"picked":"AdministrixMod:RisingSunPrince","floor":19.0},{"not_picked":["AdministrixMod:SipOfSparks","AdministrixMod:PassageOfAges"],"picked":"AdministrixMod:ExtolVirtue","floor":20.0},{"not_picked":["AdministrixMod:FeastOfDew","AdministrixMod:LightOfYourLife+1"],"picked":"AdministrixMod:BegetEternity","floor":22.0},{"not_picked":["AdministrixMod:Untouchable","AdministrixMod:SyncreticSurge"],"picked":"AdministrixMod:FaithfulFlames","floor":23.0},{"not_picked":["AdministrixMod:MixOfMercury","AdministrixMod:SyncreticSurge","AdministrixMod:RegentEdict"],"picked":"SKIP","floor":27.0},{"not_picked":["AdministrixMod:ExtolVirtue","AdministrixMod:TrickOfTheLight+1","AdministrixMod:DiversionaryTactic"],"picked":"SKIP","floor":28.0},{"not_picked":["AdministrixMod:QuietConspiracy+1","AdministrixMod:RebukeDesires","AdministrixMod:TrickOfTheLight"],"picked":"SKIP","floor":31.0},{"not_picked":["AdministrixMod:Schism","AdministrixMod:BattleforgedBonds"],"picked":"AdministrixMod:CosmosControl","floor":33.0},{"not_picked":["AdministrixMod:ImmortalPurity","AdministrixMod:Overdrive+1"],"picked":"AdministrixMod:FeastOfDew+1","floor":35.0},{"not_picked":["AdministrixMod:TrickOfTheLight","AdministrixMod:UnstableVigor","AdministrixMod:RebukeDesires"],"picked":"SKIP","floor":36.0},{"not_picked":["expansioncontent:PolyBeam","Crow Ritual"],"picked":"hubris:EnhanceAbility","floor":37.0},{"not_picked":["AdministrixMod:HarmonicReverence+1","AdministrixMod:Transition+1"],"picked":"AdministrixMod:Mastermind","floor":41.0},{"not_picked":["AdministrixMod:FiendishCrimson","AdministrixMod:PassageOfAges","AdministrixMod:Katabasis"],"picked":"SKIP","floor":42.0},{"not_picked":["AdministrixMod:Transition+1","AdministrixMod:SipOfSparks+1"],"picked":"AdministrixMod:ArmillarySphere+1","floor":45.0},{"not_picked":["AdministrixMod:Metempsychosis","AdministrixMod:QuietConspiracy","AdministrixMod:RegentEdict"],"picked":"SKIP","floor":46.0},{"not_picked":["AdministrixMod:NoblePath","AdministrixMod:SealAway+1"],"picked":"AdministrixMod:ImmortalGrace+1","floor":48.0},{"not_picked":["AdministrixMod:Wuji+1","AdministrixMod:HarmonicReverence","AdministrixMod:ShadowPlay+1"],"picked":"SKIP","floor":54}],"player_experience":1057456,"relics_obtained":[{"floor":6.0,"key":"Bag of Preparation"},{"floor":8.0,"key":"Boot"},{"floor":9.0,"key":"Potion Belt"},{"floor":14.0,"key":"CeramicFish"},{"floor":23.0,"key":"Whetstone"},{"floor":41.0,"key":"hubris:TenFootPole"},{"floor":43.0,"key":"hubris:Metronome"},{"floor":45.0,"key":"The Courier"},{"floor":47.0,"key":"Ribbon"},{"floor":54,"key":"DemoMod:ClearGuonStone"}],"event_choices":[{"damage_healed":65.0,"max_hp_gain":0.0,"max_hp_loss":65.0,"gold_gain":0.0,"event_name":"betterThird:BetterShining","player_choice":"Embrace Burn","floor":3.0,"gold_loss":0.0,"damage_taken":0.0},{"cards_removed":["Burn"],"damage_healed":0.0,"max_hp_gain":0.0,"max_hp_loss":0.0,"gold_gain":0.0,"event_name":"Golden Wing","player_choice":"Card Removal","floor":4.0,"gold_loss":0.0,"damage_taken":7.0},{"cards_removed":["AdministrixMod:Strike_Administrix"],"damage_healed":0.0,"max_hp_gain":0.0,"max_hp_loss":0.0,"gold_gain":0.0,"event_name":"The Cleric","player_choice":"Card Removal","floor":10.0,"gold_loss":50.0,"damage_taken":0.0},{"damage_healed":0.0,"max_hp_gain":0.0,"max_hp_loss":0.0,"gold_gain":0.0,"cards_transformed":["AdministrixMod:Strike_Administrix"],"event_name":"Transmorgrifier","player_choice":"Transformed","floor":11.0,"gold_loss":0.0,"damage_taken":0.0,"cards_obtained":["AdministrixMod:FalseDeath"]},{"cards_removed":["AdministrixMod:WifeLightning"],"damage_healed":0.0,"max_hp_gain":0.0,"max_hp_loss":0.0,"gold_gain":0.0,"event_name":"betterNote:BetterNote","player_choice":"Take \u0026 Give","floor":21.0,"gold_loss":0.0,"damage_taken":0.0,"cards_obtained":["expansioncontent:DashGenerateEvil"]},{"damage_healed":0.0,"max_hp_gain":0.0,"max_hp_loss":0.0,"gold_gain":0.0,"cards_transformed":["AdministrixMod:FalseDeath","AdministrixMod:Defend_Administrix"],"event_name":"Drug Dealer","player_choice":"Became Test Subject","floor":24.0,"gold_loss":0.0,"damage_taken":0.0,"cards_obtained":["AdministrixMod:DreamsMausoleum","AdministrixMod:BloodlessSapphire"]},{"damage_healed":0.0,"max_hp_gain":0.0,"max_hp_loss":0.0,"gold_gain":0.0,"event_name":"Wheel of Change","player_choice":"Damaged","floor":25.0,"gold_loss":0.0,"damage_taken":6.0},{"damage_healed":0.0,"max_hp_gain":0.0,"max_hp_loss":0.0,"gold_gain":0.0,"event_name":"SensoryStone","player_choice":"Memory 1","floor":37.0,"gold_loss":0.0,"damage_taken":0.0},{"damage_healed":0.0,"max_hp_gain":0.0,"max_hp_loss":0.0,"gold_gain":0.0,"event_name":"Mysterious Sphere","player_choice":"Fight","floor":47.0,"gold_loss":0.0,"damage_taken":0.0}],"is_beta":false,"boss_relics":[{"not_picked":["Astrolabe","hubris:GrandSneckoEye"],"picked":"hubris:VirtuousBlindfold"},{"not_picked":["energizedSpire:SpiderWeb","hubris:BlackHole"],"picked":"Gem_Box"}],"items_purged_floors":[30],"is_endless":false,"potions_floor_spawned":[1,8,12,13,18,20,22,28,33,36,38,45,46,54],"ascension_level":0}}