{"host":"6ilae7ewjeys3uzr","time":1610129241,"event":{"mods":["AchievementEnabler","BaseMod","Hermit","Marisa????????","Minty Spire (QoL Compilation)","Quick Restart","StSLib","The Cursed"],"gold_per_floor":[118,118,43,118,130,130,147,147,147,47,57,75,75,75,75,173,173,185,110,110,129,140,165,165,165,234,246,246,265,265,265,265],"floor_reached":31,"playtime":1072,"items_purged":["Defend_P","Strike_P"],"score":245,"play_id":"670f09a0-d228-49c6-a32a-edb7aa99a8a9","local_time":"20210108190721","is_ascension_mode":false,"campfire_choices":[{"data":"Eruption","floor":6,"key":"SMITH"},{"data":"Vigilance","floor":8,"key":"SMITH"},{"data":"Strike_P","floor":13,"key":"SMITH"},{"data":"Strike_P","floor":15,"key":"SMITH"},{"floor":24,"key":"REST"}],"circlet_count":0,"master_deck":["Strike_P+1","Strike_P","Strike_P+1","Defend_P","Defend_P","Eruption+1","Vigilance+1"],"relics":["PureWater","Ice Cream","Incense Burner","Busted Crown","Ginger","Singing Bowl","InkBottle"],"acts_visited":["Exordium","TheCity"],"potions_floor_usage":[1,11,11,11,23,23,29,31],"damage_taken":[{"damage":0,"enemies":"Small Slimes","floor":1,"turns":2},{"damage":0,"enemies":"Cultist","floor":5,"turns":2},{"damage":3,"enemies":"Jaw Worm","floor":7,"turns":2},{"damage":0,"enemies":"3 Louse","floor":11,"turns":3},{"damage":0,"enemies":"Blue Slaver","floor":12,"turns":3},{"damage":25,"enemies":"Slime Boss","floor":16,"turns":8},{"damage":0,"enemies":"Spheric Guardian","floor":18,"turns":3},{"damage":9,"enemies":"3 Byrds","floor":21,"turns":5},{"damage":6,"enemies":"Snake Plant","floor":22,"turns":4},{"damage":59,"enemies":"Slavers","floor":23,"turns":8},{"damage":25,"enemies":"Cultist and Chosen","floor":27,"turns":6},{"damage":0,"enemies":"Snecko","floor":29,"turns":4},{"damage":0,"enemies":"Centurion and Healer","floor":31,"turns":1}],"seed_played":"4659389126377565812","potions_obtained":[{"floor":0,"key":"Swift Potion"},{"floor":0,"key":"SkillPotion"},{"floor":0,"key":"Fire Potion"},{"floor":5,"key":"DuplicationPotion"},{"floor":11,"key":"Ancient Potion"},{"floor":12,"key":"LiquidBronze"},{"floor":27,"key":"Strength Potion"},{"floor":29,"key":"CultistPotion"}],"is_trial":false,"path_per_floor":["M","?","$","?","M","R","M","R","T","$","M","M","R","?","R","B",null,"M","?","$","M","M","E","R","?","T","M","?","M","T","M"],"character_chosen":"WATCHER","items_purchased":[],"campfire_rested":1,"item_purchase_floors":[],"current_hp_per_floor":[72,69,69,62,62,62,59,59,59,59,59,59,59,64,64,39,77,77,77,77,68,62,3,26,26,26,1,1,1,1,1,1],"gold":265,"neow_bonus":"THREE_SMALL_POTIONS","is_daily":false,"chose_seed":false,"campfire_upgraded":4,"win_rate":0.0,"timestamp":1610129241,"path_taken":["M","?","$","?","?","R","M","R","T","$","M","M","R","?","R","BOSS","M","?","$","M","M","E","R","?","T","M","?","M","?","?"],"items_purchased_type":[],"build_version":"2020-12-22","purchased_purges":2,"victory":false,"max_hp_per_floor":[72,72,72,72,72,72,72,72,72,72,72,72,72,77,77,77,77,77,77,77,77,77,77,77,77,77,77,77,77,77,77,77],"card_choices":[{"not_picked":["Pray","FlyingSleeves","PathToVictory"],"picked":"SKIP","floor":1},{"not_picked":["Pray","PathToVictory","Crescendo"],"picked":"SKIP","floor":5},{"not_picked":["CarveReality","ForeignInfluence","Omniscience"],"picked":"SKIP","floor":7},{"not_picked":["Prostrate","WheelKick","PathToVictory"],"picked":"SKIP","floor":11},{"not_picked":["FollowUp","Halt","ForeignInfluence"],"picked":"SKIP","floor":12},{"not_picked":["JustLucky+1"],"picked":"SKIP","floor":18},{"not_picked":["EmptyFist+1"],"picked":"SKIP","floor":21},{"not_picked":["Wallop+1"],"picked":"SKIP","floor":22},{"not_picked":["FlurryOfBlows"],"picked":"SKIP","floor":23},{"not_picked":["Halt"],"picked":"SKIP","floor":27},{"not_picked":["TalkToTheHand+1"],"picked":"SKIP","floor":29}],"player_experience":245056,"relics_obtained":[{"floor":9,"key":"Incense Burner"},{"floor":23,"key":"Ginger"},{"floor":26,"key":"Singing Bowl"},{"floor":30,"key":"InkBottle"}],"event_choices":[{"damage_healed":0,"gold_gain":0,"player_choice":"Success","damage_taken":3,"relics_obtained":["Ice Cream"],"max_hp_gain":0,"max_hp_loss":0,"event_name":"Scrap Ooze","floor":2,"gold_loss":0},{"damage_healed":0,"gold_gain":75,"player_choice":"Touch","damage_taken":7,"max_hp_gain":0,"max_hp_loss":0,"event_name":"FaceTrader","floor":4,"gold_loss":0},{"damage_healed":0,"gold_gain":0,"player_choice":"Donut","damage_taken":0,"max_hp_gain":5,"max_hp_loss":0,"event_name":"Big Fish","floor":14,"gold_loss":0},{"cards_removed":["Defend_P"],"damage_healed":0,"gold_gain":0,"player_choice":"Gave Gold","damage_taken":0,"max_hp_gain":0,"max_hp_loss":0,"event_name":"Beggar","floor":19,"gold_loss":75},{"damage_healed":0,"gold_gain":0,"player_choice":"Ignored","damage_taken":0,"max_hp_gain":0,"max_hp_loss":0,"event_name":"Cursed Tome","floor":25,"gold_loss":0},{"damage_healed":0,"gold_gain":0,"player_choice":"Ignored","damage_taken":0,"max_hp_gain":0,"max_hp_loss":0,"event_name":"The Mausoleum","floor":28,"gold_loss":0}],"is_beta":false,"boss_relics":[{"not_picked":["Runic Dome","Black Star"],"picked":"Busted Crown"}],"items_purged_floors":[3,10],"is_endless":false,"potions_floor_spawned":[5,11,12,27,29],"killed_by":"Centurion and Healer","ascension_level":0}}