{"host":"rylkjufw9dlhr07b","time":1610116640,"event":{"mods":["AchievementEnabler","BaseMod","Better Note","BetterRewards","Hubris","Minty Spire (QoL Compilation)","Quick Restart","Replay The Spire","StSLib"],"gold_per_floor":[116,116,116,191,466,500,513,531,555,555,555,307,322,338,338,435,435,402,425,425,116,130,130,141,160,160,180,180,196,196,207,207,311,311,329,341,341,108,108,108,122,122,122,155,155,155,361,374,374,374],"floor_reached":51,"playtime":2634,"items_purged":["Strike_G"],"score":2024,"play_id":"139b20f7-6806-445f-9bc7-1d623b100783","local_time":"20210108153720","is_ascension_mode":true,"campfire_choices":[{"floor":15.0,"key":"REST"},{"floor":23.0,"key":"REST"},{"floor":28.0,"key":"REST"},{"data":"ReplayUltimateDefense","floor":30.0,"key":"SMITH"},{"data":"Bane","floor":32.0,"key":"SMITH"},{"data":"Specialist","floor":40.0,"key":"SMITH"},{"data":"Accuracy","floor":46,"key":"SMITH"},{"floor":49,"key":"REST"}],"circlet_count":0,"master_deck":["AscendersBane","Strike_G","Strike_G","Strike_G","Strike_G","Defend_G+1","Defend_G","Defend_G","Defend_G","Defend_G+1","Survivor","Neutralize","Blade Dance","Dagger Spray+1","Dodge and Roll","Sucker Punch","Heel Hook","Underhanded Strike","Cloak And Dagger","Backflip","Glass Knife","Specialist+1","Tools of the Trade","Caltrops","Quick Slash","Tools of the Trade","Footwork","Panacea+1","ReplayUltimateDefense+1","Cloak And Dagger","Accuracy+1","Sucker Punch+1","ReplayTheSpireMod:Scrap Shanks","Deadly Poison+1","Dodge and Roll+1","Cloak And Dagger+1","Bane+1","Adrenaline","Dodge and Roll+1","hubris:Counter+1","Good Instincts","Cloak And Dagger+1","Slice","Infinite Blades+1","Deflect"],"relics":["Ring of the Snake","War Paint","Boot","Omamori","ReplayTheSpireMod:Lightbulb","Durian","Replay:Ringing Soul","BargainBundle","Philosopher\u0027s Stone","hubris:AncientText","Membership Card","Iron Hammer","Calling Bell","PreservedInsect","Byrd Skull","ReplayTheSpireMod:Ninjato","hubris:Icosahedron","Juzu Bracelet","ClockworkSouvenir","StoneCalendar","hubris:CrystalStatue","ReplayTheSpireMod:Ring of Challenge","Ring of Hypnosis"],"acts_visited":["Exordium","TheCity","TheBeyond"],"potions_floor_usage":[41,50,50],"damage_taken":[{"damage":0.0,"enemies":"Jaw Worm","floor":1.0,"turns":2.0},{"damage":3.0,"enemies":"3 Sentries","floor":6.0,"turns":5.0},{"damage":4.0,"enemies":"2 Louse","floor":7.0,"turns":2.0},{"damage":0.0,"enemies":"Cultist","floor":8.0,"turns":3.0},{"damage":0.0,"enemies":"2 Fungi Beasts","floor":13.0,"turns":2.0},{"damage":0.0,"enemies":"Exordium Wildlife","floor":14.0,"turns":3.0},{"damage":0.0,"enemies":"Slime Boss","floor":16.0,"turns":7.0},{"damage":9.0,"enemies":"2 Thieves","floor":18.0,"turns":5.0},{"damage":11.0,"enemies":"3 Byrds","floor":22.0,"turns":4.0},{"damage":13.0,"enemies":"Sentry and Sphere","floor":24.0,"turns":7.0},{"damage":30.0,"enemies":"Snake Plant","floor":25.0,"turns":5.0},{"damage":1.0,"enemies":"Centurion and Healer","floor":27.0,"turns":7.0},{"damage":16.0,"enemies":"3 Cultists","floor":29.0,"turns":5.0},{"damage":0.0,"enemies":"Snecko","floor":31.0,"turns":5.0},{"damage":12.0,"enemies":"Pondfish","floor":33.0,"turns":11.0},{"damage":0.0,"enemies":"3 Darklings","floor":35.0,"turns":6.0},{"damage":5.0,"enemies":"Orb Walker","floor":36.0,"turns":4.0},{"damage":24,"enemies":"Writhing Mass","floor":41,"turns":6},{"damage":9,"enemies":"Giant Head","floor":44,"turns":8},{"damage":0,"enemies":"Transient","floor":48,"turns":5},{"damage":0,"enemies":"Awakened One","floor":50,"turns":8}],"seed_played":"-7525567513131722426","potions_obtained":[{"floor":13.0,"key":"CultistPotion"},{"floor":22.0,"key":"Block Potion"},{"floor":24.0,"key":"SpeedPotion"},{"floor":27.0,"key":"BlessingOfTheForge"},{"floor":33.0,"key":"Fire Potion"},{"floor":36.0,"key":"Strength Potion"},{"floor":44,"key":"SpeedPotion"}],"is_trial":false,"path_per_floor":["M","?","?","?","?","E","M","M","T","?","$","$","M","M","R","B",null,"M","T","?","$","M","R","M","M","T","M","R","M","R","M","R","B",null,"M","M","?","$","?","R","M","?","T","E","?","R","?","M","R","B",null],"character_chosen":"THE_SILENT","items_purchased":["Blade Dance","War Paint","Dagger Spray+1","Boot","Block Potion","AttackPotion","Durian","Replay:Ringing Soul","BargainBundle","Cloak And Dagger","Backflip","Glass Knife","Fire Potion","Specialist","Tools of the Trade","Membership Card","ReplayUltimateDefense","Cloak And Dagger","Accuracy","Good Instincts","Juzu Bracelet","ClockworkSouvenir"],"campfire_rested":4,"item_purchase_floors":[0,0,0,0,0,0,11,11,12,12,12,12,12,12,12,21,21,21,21,38,38,38],"current_hp_per_floor":[48,51,51,40,40,37,33,33,33,33,1,4,7,10,36,39,77,71,71,74,77,69,99,89,62,62,64,97,84,84,87,87,78,110,113,111,111,114,129,129,108,108,108,102,102,102,51,54,96,96],"gold":374,"neow_bonus":"","is_daily":false,"chose_seed":false,"campfire_upgraded":4,"win_rate":0.0,"timestamp":1610116640,"path_taken":["M","?","?","?","?","E","?","M","T","?","?","$","M","M","R","BOSS","M","?","?","$","M","R","M","M","T","?","R","?","R","M","R","BOSS","M","M","?","$","?","R","M","?","T","E","?","R","?","M","R","BOSS"],"items_purchased_type":["Card","Relic","Card","Relic","Potion","Potion","Relic","Relic","Relic","Card","Card","Card","Potion","Card","Card","Relic","Card","Card","Card","Card","Relic","Relic"],"build_version":"2020-12-22","purchased_purges":1,"victory":true,"max_hp_per_floor":[70,73,73,73,73,73,73,73,73,73,78,81,84,87,87,90,90,93,93,96,99,102,102,105,108,108,111,111,114,114,117,117,120,120,123,126,126,129,129,129,132,132,132,135,135,135,138,141,141,141],"card_choices":[{"not_picked":["Prepared","hubris:SlightOfHand"],"picked":"Dodge and Roll","floor":1.0},{"not_picked":["Flying Knee","Deflect"],"picked":"Sucker Punch","floor":6.0},{"not_picked":["PiercingWail","Flechettes"],"picked":"Heel Hook","floor":7.0},{"not_picked":["hubris:SlightOfHand","Setup"],"picked":"Underhanded Strike","floor":8.0},{"not_picked":["Backstab","Skewer"],"picked":"Caltrops","floor":13.0},{"not_picked":["Poison Darts","Toxin Wave"],"picked":"Quick Slash","floor":14.0},{"not_picked":["Phantasmal Killer","Replay:Bag of Tricks"],"picked":"Tools of the Trade","floor":16.0},{"not_picked":["Caltrops","Terror"],"picked":"Footwork","floor":18.0},{"not_picked":["Backflip+1","All Out Attack+1"],"picked":"Sucker Punch+1","floor":22.0},{"not_picked":["Prepared","Sucker Punch"],"picked":"ReplayTheSpireMod:Scrap Shanks","floor":24.0},{"not_picked":["Backflip","Well Laid Plans"],"picked":"Deadly Poison+1","floor":25.0},{"not_picked":["Deadly Poison","Hidden Blade+1"],"picked":"Dodge and Roll+1","floor":27.0},{"not_picked":["Backflip","Skewer"],"picked":"Cloak And Dagger+1","floor":29.0},{"not_picked":["Deadly Poison+1","Blade Dance"],"picked":"Bane","floor":31.0},{"not_picked":["Bullet Time","Unload"],"picked":"Adrenaline","floor":33.0},{"not_picked":["PiercingWail","Backflip+1"],"picked":"Dodge and Roll+1","floor":35.0},{"not_picked":["Flying Knee+1","Dodge and Roll"],"picked":"hubris:Counter+1","floor":36.0},{"not_picked":["Blade Dance","Slice+1"],"picked":"Cloak And Dagger+1","floor":41},{"not_picked":["Tactician","ReplayTheSpireMod:Speed Training"],"picked":"Slice","floor":44},{"not_picked":["Poisoned Stab","ReplayTheSpireMod:Tripwire+1"],"picked":"Infinite Blades+1","floor":47},{"not_picked":["Bouncing Flask+1","Poisoned Stab"],"picked":"Deflect","floor":48}],"player_experience":525665,"relics_obtained":[{"floor":6.0,"key":"Omamori"},{"floor":9.0,"key":"ReplayTheSpireMod:Lightbulb"},{"floor":19.0,"key":"hubris:AncientText"},{"floor":26.0,"key":"Iron Hammer"},{"floor":34.0,"key":"PreservedInsect"},{"floor":34.0,"key":"Byrd Skull"},{"floor":34.0,"key":"ReplayTheSpireMod:Ninjato"},{"floor":43,"key":"StoneCalendar"},{"floor":44,"key":"hubris:CrystalStatue"},{"floor":45,"key":"ReplayTheSpireMod:Ring of Challenge"},{"floor":45,"key":"Ring of Hypnosis"}],"event_choices":[{"damage_healed":0.0,"max_hp_gain":0.0,"max_hp_loss":0.0,"gold_gain":0.0,"event_name":"Golden Wing","player_choice":"Ignored","floor":3.0,"gold_loss":0.0,"damage_taken":0.0},{"damage_healed":0.0,"max_hp_gain":0.0,"max_hp_loss":0.0,"gold_gain":75.0,"event_name":"World of Goop","player_choice":"Gather Gold","floor":4.0,"gold_loss":0.0,"damage_taken":11.0},{"damage_healed":0.0,"max_hp_gain":0.0,"max_hp_loss":0.0,"gold_gain":275.0,"event_name":"Golden Shrine","player_choice":"Desecrate","floor":5.0,"gold_loss":0.0,"damage_taken":0.0,"cards_obtained":["Regret"]},{"cards_removed":["Regret"],"damage_healed":0.0,"max_hp_gain":0.0,"max_hp_loss":0.0,"gold_gain":0.0,"event_name":"Living Wall","player_choice":"Forget","floor":10.0,"gold_loss":0.0,"damage_taken":0.0},{"cards_removed":["Dagger Spray"],"damage_healed":0.0,"max_hp_gain":0.0,"max_hp_loss":0.0,"gold_gain":0.0,"event_name":"betterNote:BetterNote","player_choice":"Take \u0026 Give","floor":20.0,"gold_loss":0.0,"damage_taken":0.0,"cards_obtained":["Panacea"]},{"damage_healed":15.0,"max_hp_gain":0.0,"max_hp_loss":0.0,"gold_gain":0.0,"event_name":"Wheel of Change","player_choice":"Full Heal","floor":39.0,"gold_loss":0.0,"damage_taken":0.0},{"damage_healed":0,"gold_gain":0,"player_choice":"Bought 0 Potions","damage_taken":0,"max_hp_gain":0,"max_hp_loss":0,"event_name":"The Woman in Blue","floor":42,"gold_loss":0}],"is_beta":false,"boss_relics":[{"not_picked":["Pandora\u0027s Box","Coffee Dripper"],"picked":"Philosopher\u0027s Stone"},{"not_picked":["Fusion Hammer","hubris:RunicObelisk"],"picked":"Calling Bell"}],"items_purged_floors":[38],"is_endless":false,"potions_floor_spawned":[1,13,22,24,27,33,36,44],"ascension_level":11}}