{"host":"6r341r9cz00j2qc1","time":1610065179,"event":{"mods":["BaseMod","Better Third Choice","Downfall","GungeonMod","Hermit","Lobotomy","LobotomyExtend","Minty Spire (QoL Compilation)","Replay The Spire","Shop Mod","StSLib"],"gold_per_floor":[115,127,127,127,147,182,198,198,221,238,238,257,0,14,14,114,414,428,428,352,332,349,383,383,393,393,405,405,405,405,10,10,112,112,129,129,140,140,156,156,156,156,156,171,171,171],"floor_reached":45,"playtime":4463,"items_purged":["Looming Evil"],"score":535,"play_id":"4aa06192-e927-4f6b-b7ca-8d7232b325d5","local_time":"20210108011939","is_ascension_mode":false,"campfire_choices":[{"floor":8,"key":"REST"},{"data":"Replay:Undeath\u0027s Touch","floor":11,"key":"SMITH"},{"data":"ReplayTheSpireMod:Strike From Hell","floor":15,"key":"SMITH"},{"floor":24,"key":"REST"},{"floor":30,"key":"REST"},{"data":"ReplayTheSpireMod:Brewmster","floor":32,"key":"SMITH"},{"floor":41,"key":"REST"}],"circlet_count":0,"master_deck":["Strike_R","Strike_R","Strike_R","Strike_R","Defend_R","Defend_R","Defend_R","Defend_R","Bash","Replay:Undeath\u0027s Touch+1","Sever Soul","Feel No Pain","Burning Pact","Flex","True Grit","Replay:Undeath\u0027s Touch","Feel No Pain","Feel No Pain","ReplayTheSpireMod:Strike From Hell+1","Wild Strike","Sentinel","Anger","Havoc","Defy Death","Headbutt","Fiend Fire","Spreading Infection","ReplayTheSpireMod:Corrosion Curse","Perfected Strike+1","Rampage+1","Clash","ReplayTheSpireMod:Strike From Hell","Writhe","ReplayTheSpireMod:Brewmster+1","Disarm","Disarm","Hemogenesis","ReplayTheSpireMod:Strike From Hell+1","Bash","Eclipse","Good Instincts","ReplayTheSpireMod:Strike From Hell","Power Through+1","Eclipse"],"relics":["Burning Blood","LetterFromLob","DemoMod:Metronome","MealTicket","DemoMod:WhiteGuonStone","DemoMod:PinkGuonStone","MerchantsRug","Torii","ReplayTheSpireMod:Shallot","Meat on the Bone","Blood Vial","Juzu Bracelet","Electric Blood","Regal Pillow","Snack Pack"],"acts_visited":["Exordium","TheCity","TheBeyond"],"potions_floor_usage":[16,16,23,23,27,33,33,33,33,33,33,33,33,33,33,33,33,33,35,35,35,35,35,35,35,37,39,44,44,44,45,45,45,45,45],"damage_taken":[{"damage":6,"enemies":"Jaw Worm","floor":1,"turns":3},{"damage":5,"enemies":"Small Slimes","floor":2,"turns":3},{"damage":1,"enemies":"Cultist","floor":5,"turns":3},{"damage":27,"enemies":"3 Sentries","floor":6,"turns":17},{"damage":20,"enemies":"Gremlin Gang","floor":7,"turns":5},{"damage":12,"enemies":"3 Louse","floor":10,"turns":3},{"damage":25,"enemies":"Lots of Slimes","floor":12,"turns":6},{"damage":4,"enemies":"2 Fungi Beasts","floor":14,"turns":5},{"damage":17,"enemies":"The Guardian","floor":16,"turns":13},{"damage":14,"enemies":"Chosen","floor":18,"turns":8},{"damage":36,"enemies":"3 Byrds","floor":22,"turns":8},{"damage":60,"enemies":"Book of Stabbing","floor":23,"turns":7},{"damage":45,"enemies":"Shelled Parasite and Fungi","floor":25,"turns":8},{"damage":13,"enemies":"Cultist and Chosen","floor":27,"turns":10},{"damage":34,"enemies":"Automaton","floor":33,"turns":13},{"damage":31,"enemies":"3 Shapes","floor":35,"turns":9},{"damage":8,"enemies":"Orb Walker","floor":37,"turns":4},{"damage":41,"enemies":"Sphere and 2 Shapes","floor":39,"turns":8},{"damage":33,"enemies":"Transient","floor":44,"turns":5},{"damage":102,"enemies":"Giant Head","floor":45,"turns":9}],"seed_played":"99330062864579903","potions_obtained":[{"floor":6,"key":"Languid Potion"},{"floor":12,"key":"Adrenaline Potion"},{"floor":16,"key":"Doom Potion"},{"floor":18,"key":"ColorlessPotion"},{"floor":21,"key":"BloodPotion"},{"floor":23,"key":"Regen Potion"},{"floor":33,"key":"LifebloodPotion"},{"floor":35,"key":"Weak Potion"},{"floor":39,"key":"Energy Potion"}],"is_trial":false,"path_per_floor":["M","M","?","?","M","E","M","R","T","M","R","M","$","M","R","B",null,"M","?","$","?","M","E","R","M","T","M","?","T","R","$","R","B",null,"M","?","M","?","M","T","R","?","T","M","E"],"character_chosen":"IRONCLAD","items_purchased":["Feel No Pain","ReplayTheSpireMod:Strike From Hell","Orrery","MerchantsRug","Juzu Bracelet","ReplayTheSpireMod:Brewmster","Disarm"],"campfire_rested":4,"item_purchase_floors":[13,13,13,20,31,31,31],"current_hp_per_floor":[88,88,88,88,88,67,53,79,79,73,73,54,69,71,71,60,95,87,87,95,95,65,30,58,19,19,27,27,27,55,70,70,56,95,87,87,87,78,56,56,95,95,95,70,0,0],"gold":171,"neow_bonus":"TEN_PERCENT_HP_BONUS","is_daily":false,"chose_seed":false,"campfire_upgraded":3,"win_rate":0.0,"timestamp":1610065179,"path_taken":["M","M","?","?","M","E","?","R","T","?","R","M","$","M","R","BOSS","M","?","$","?","M","E","R","M","T","?","?","?","R","?","R","BOSS","M","?","M","?","M","?","R","?","T","M","E"],"items_purchased_type":["Card","Card","Relic","Relic","Relic","Card","Card"],"build_version":"2020-12-22","purchased_purges":1,"victory":false,"max_hp_per_floor":[88,88,88,88,88,88,88,88,88,88,88,88,88,88,88,88,95,95,95,95,95,95,95,95,95,95,95,95,95,95,95,95,95,95,95,95,95,95,95,95,95,95,95,95,95,95],"card_choices":[{"not_picked":["Run Through","Iron Wave"],"picked":"Replay:Undeath\u0027s Touch","floor":1},{"not_picked":["Body Slam","Sword Boomerang"],"picked":"Sever Soul","floor":2},{"not_picked":["Evolve","Shrug It Off"],"picked":"Feel No Pain","floor":5},{"not_picked":["Combust","Warcry"],"picked":"Burning Pact","floor":6},{"not_picked":["Sword Boomerang","Cleave"],"picked":"Flex","floor":7},{"not_picked":["Perfected Strike","Clothesline"],"picked":"True Grit","floor":10},{"not_picked":["Uppercut","Flex"],"picked":"Replay:Undeath\u0027s Touch","floor":12},{"not_picked":["Thunderclap","Shrug It Off"],"picked":"Wild Strike","floor":13},{"not_picked":["Whirlwind","ReplayTheSpireMod:Muscle Training"],"picked":"Sentinel","floor":13},{"not_picked":["Evolve","True Grit"],"picked":"Anger","floor":13},{"not_picked":["Corruption","Body Slam"],"picked":"Havoc","floor":13},{"not_picked":["Cleave","Pommel Strike"],"picked":"Defy Death","floor":13},{"not_picked":["Wild Strike","Twin Strike"],"picked":"Headbutt","floor":14},{"not_picked":["Corruption","Berserk"],"picked":"Fiend Fire","floor":16},{"not_picked":["Parasite","sneckomod:Bewildered"],"picked":"Spreading Infection","floor":17},{"not_picked":["ReplayTheSpireMod:IOU","Overencumbered"],"picked":"Looming Evil","floor":17},{"not_picked":["ReplayTheSpireMod:IOU","ReplayTheSpireMod:Faulty Equipment"],"picked":"ReplayTheSpireMod:Doomed","floor":17},{"not_picked":["Shrug It Off+1","DemoMod:BlackBlade"],"picked":"ReplayTheSpireMod:Corrosion Curse","floor":18},{"not_picked":["Burning Pact","Armaments"],"picked":"Perfected Strike+1","floor":22},{"not_picked":["Cleave","True Grit"],"picked":"Rampage+1","floor":23},{"not_picked":["Shrug It Off","ReplayReversal+1"],"picked":"Clash","floor":25},{"not_picked":["True Grit","Iron Wave"],"picked":"ReplayTheSpireMod:Strike From Hell","floor":27},{"not_picked":["Bludgeon","Feed"],"picked":"Hemogenesis","floor":33},{"not_picked":["Twin Strike+1","Anger+1"],"picked":"ReplayTheSpireMod:Strike From Hell+1","floor":35},{"not_picked":["Sword Boomerang","Perfected Strike"],"picked":"ReplayTheSpireMod:Strike From Hell","floor":37},{"not_picked":["Intimidate+1","Rage"],"picked":"Power Through+1","floor":39},{"not_picked":["Dropkick","Perfected Strike"],"picked":"Eclipse","floor":44}],"player_experience":479432,"relics_obtained":[{"floor":1,"key":"LetterFromLob"},{"floor":6,"key":"DemoMod:Metronome"},{"floor":9,"key":"MealTicket"},{"floor":23,"key":"Torii"},{"floor":26,"key":"ReplayTheSpireMod:Shallot"},{"floor":29,"key":"Blood Vial"},{"floor":40,"key":"Regal Pillow"},{"floor":43,"key":"Snack Pack"}],"event_choices":[{"damage_healed":0,"gold_gain":0,"player_choice":"Leave","damage_taken":0,"max_hp_gain":0,"max_hp_loss":0,"event_name":"The Cleric","floor":3,"gold_loss":0},{"cards_removed":["Strike_R"],"damage_healed":0,"gold_gain":0,"player_choice":"Purged","damage_taken":0,"max_hp_gain":0,"max_hp_loss":0,"event_name":"Purifier","floor":4,"gold_loss":0},{"cards_removed":["ReplayTheSpireMod:Doomed"],"damage_healed":0,"gold_gain":0,"player_choice":"Elegance","damage_taken":0,"max_hp_gain":0,"max_hp_loss":0,"event_name":"betterThird:BetterWriting","floor":19,"gold_loss":0},{"damage_healed":0,"gold_gain":0,"player_choice":"Bought 1 Potion","damage_taken":0,"max_hp_gain":0,"max_hp_loss":0,"event_name":"The Woman in Blue","floor":21,"gold_loss":0},{"damage_healed":0,"gold_gain":0,"player_choice":"Opened","damage_taken":0,"relics_obtained":["Meat on the Bone"],"max_hp_gain":0,"max_hp_loss":0,"event_name":"The Mausoleum","floor":28,"gold_loss":0,"cards_obtained":["Writhe"]},{"damage_healed":0,"gold_gain":0,"player_choice":"3 cards matched","damage_taken":0,"max_hp_gain":0,"max_hp_loss":0,"event_name":"Match and Keep!","floor":36,"gold_loss":0,"cards_obtained":["Bash","Eclipse","Good Instincts"]},{"damage_healed":0,"gold_gain":0,"player_choice":"Damaged","damage_taken":9,"max_hp_gain":0,"max_hp_loss":0,"event_name":"Wheel of Change","floor":38,"gold_loss":0}],"is_beta":false,"boss_relics":[{"not_picked":["Ooze Armor","Runic Dome"],"picked":"Replay:Ancient Bell"},{"not_picked":["Red Skull","King of Hearts"],"picked":"DemoMod:WeirdEgg"},{"not_picked":["Replay:Accelerometer","Frozen Egg 2"],"picked":"DemoMod:PinkGuonStone"},{"not_picked":["Pondfish Scales","Another Sword"],"picked":"Old Coin"},{"not_picked":["Replay:Grab Bag","Runic Cube"],"picked":"Electric Blood"}],"items_purged_floors":[20],"is_endless":false,"potions_floor_spawned":[6,12,16,18,23,33,35,39],"killed_by":"Giant Head","ascension_level":0}}