{"host":"pqs17sqrgflf4eqa","time":1610140541,"event":{"mods":["AchievementEnabler","BaseMod","Bestiary","Better Altar","Colored Map","Colored Powertips","Emptier Cage","Googly Eyes","Highlight Path","Minty Spire (QoL Compilation)","Quick Restart","StSLib","SuperFastMode","Transform Curses","slay the spire mod where everything is the same but ironclad has a cowboy hat"],"gold_per_floor":[11,11,86,86,102,127,127,127,127,150,27,57,57,82,82,82,82],"floor_reached":16,"playtime":333,"items_purged":["Injury"],"score":118,"play_id":"0185dd27-5427-44f2-9a42-d02e077adff1","local_time":"20210108161541","is_ascension_mode":true,"campfire_choices":[{"data":"Zap","floor":7,"key":"SMITH"},{"data":"Dualcast","floor":13,"key":"SMITH"},{"floor":15,"key":"REST"}],"circlet_count":0,"master_deck":["Strike_B","Strike_B","Strike_B","Strike_B","Defend_B","Defend_B","Defend_B","Defend_B","Zap+1","Dualcast+1","Creative AI+1","Loop","Go for the Eyes","Leap","Sunder","Cold Snap","Capacitor","Barrage"],"relics":["Cracked Core","Sundial","Golden Idol","Bottled Lightning","Odd Mushroom"],"acts_visited":["Exordium"],"potions_floor_usage":[6,16],"damage_taken":[{"damage":18,"enemies":"Jaw Worm","floor":1,"turns":4},{"damage":0,"enemies":"Small Slimes","floor":5,"turns":4},{"damage":32,"enemies":"Gremlin Nob","floor":6,"turns":5},{"damage":0,"enemies":"2 Louse","floor":10,"turns":3},{"damage":26,"enemies":"The Mushroom Lair","floor":12,"turns":4},{"damage":2,"enemies":"2 Fungi Beasts","floor":14,"turns":3},{"damage":34,"enemies":"Hexaghost","floor":16,"turns":11}],"seed_played":"-5889923719752244089","potions_obtained":[{"floor":1,"key":"Swift Potion"},{"floor":12,"key":"Dexterity Potion"}],"is_trial":false,"path_per_floor":["M","?","?","?","M","E","R","?","T","M","$","?","R","M","R","B"],"character_chosen":"DEFECT","items_purchased":["Cold Snap"],"campfire_rested":1,"item_purchase_floors":[11],"current_hp_per_floor":[57,57,46,71,71,39,39,39,39,39,39,13,13,11,33,0,0],"gold":82,"neow_bonus":"THREE_RARE_CARDS","is_daily":false,"chose_seed":false,"campfire_upgraded":2,"win_rate":0.0,"timestamp":1610140541,"path_taken":["M","?","?","?","M","E","R","?","T","M","?","?","R","M","R","BOSS"],"items_purchased_type":["Card"],"build_version":"2020-12-22","purchased_purges":1,"victory":false,"max_hp_per_floor":[75,75,75,75,75,75,75,75,75,75,75,75,75,75,75,75,75],"card_choices":[{"not_picked":["Biased Cognition","Hyperbeam"],"picked":"Creative AI","floor":0},{"not_picked":["FTL","Turbo"],"picked":"Loop","floor":1},{"not_picked":["Stack","Hello World"],"picked":"Go for the Eyes","floor":5},{"not_picked":["Aggregate","Recycle"],"picked":"Leap","floor":6},{"not_picked":["Cold Snap","Redo"],"picked":"Sunder","floor":10},{"not_picked":["Blizzard","Rebound"],"picked":"Capacitor","floor":12},{"not_picked":["Multi-Cast","Melter"],"picked":"Barrage","floor":14}],"player_experience":139420,"relics_obtained":[{"floor":6,"key":"Sundial"},{"floor":9,"key":"Bottled Lightning"},{"floor":12,"key":"Odd Mushroom"}],"event_choices":[{"damage_healed":0,"gold_gain":0,"player_choice":"Grow","damage_taken":0,"max_hp_gain":0,"max_hp_loss":0,"event_name":"Living Wall","floor":2,"gold_loss":0,"cards_upgraded":["Creative AI"]},{"damage_healed":0,"gold_gain":75,"player_choice":"Gather Gold","damage_taken":11,"max_hp_gain":0,"max_hp_loss":0,"event_name":"World of Goop","floor":3,"gold_loss":0},{"damage_healed":25,"gold_gain":0,"player_choice":"Banana","damage_taken":0,"max_hp_gain":0,"max_hp_loss":0,"event_name":"Big Fish","floor":4,"gold_loss":0},{"damage_healed":0,"gold_gain":0,"player_choice":"Take Wound","damage_taken":0,"relics_obtained":["Golden Idol"],"max_hp_gain":0,"max_hp_loss":0,"event_name":"Golden Idol","floor":8,"gold_loss":0,"cards_obtained":["Injury"]},{"damage_healed":0,"gold_gain":0,"player_choice":"Fought Mushrooms","damage_taken":0,"max_hp_gain":0,"max_hp_loss":0,"event_name":"Mushrooms","floor":12,"gold_loss":0}],"is_beta":false,"boss_relics":[],"items_purged_floors":[11],"is_endless":false,"potions_floor_spawned":[1,12],"killed_by":"Hexaghost","ascension_level":4}}