{"host":"91blwi3hgehj6ch9","time":1610083929,"event":{"mods":["2.2 Compatiblity","AchievementEnabler","BaseMod","Colored Map","DeckTracker","Keyboard Shortcuts","Minty Spire (QoL Compilation)","Permanent Neow","Quick Restart","StSLib","SuperFastMode"],"gold_per_floor":[115,0,0,14,29,29,29,54,80,103,103,103],"floor_reached":11,"playtime":243,"items_purged":["Strike_P"],"score":101,"play_id":"39ca6627-0a81-4c1b-8acf-f496af7499d4","local_time":"20210108143209","is_ascension_mode":true,"campfire_choices":[{"data":"Eruption","floor":6,"key":"SMITH"}],"circlet_count":0,"master_deck":["AscendersBane","Strike_P","Strike_P","Strike_P","Defend_P","Defend_P","Defend_P","Eruption+1","Vigilance","TalkToTheHand","Adaptation","CutThroughFate","Evaluate"],"relics":["PureWater","Golden Idol","PreservedInsect","Boot"],"acts_visited":["Exordium"],"potions_floor_usage":[],"damage_taken":[{"damage":5,"enemies":"2 Louse","floor":1,"turns":2},{"damage":1,"enemies":"Cultist","floor":4,"turns":4},{"damage":0,"enemies":"Small Slimes","floor":5,"turns":2},{"damage":0,"enemies":"2 Fungi Beasts","floor":8,"turns":2},{"damage":14,"enemies":"3 Louse","floor":10,"turns":2},{"damage":27,"enemies":"3 Sentries","floor":11,"turns":8}],"seed_played":"-7899779568293664828","potions_obtained":[{"floor":4,"key":"Fire Potion"}],"is_trial":false,"path_per_floor":["M","$","?","M","M","R","?","M","T","M","E"],"character_chosen":"WATCHER","items_purchased":["Adaptation"],"campfire_rested":0,"item_purchase_floors":[2],"current_hp_per_floor":[60,60,42,41,41,41,41,41,41,27,0,0],"gold":103,"neow_bonus":"REMOVE_CARD","is_daily":false,"chose_seed":false,"campfire_upgraded":1,"win_rate":0.0,"timestamp":1610083929,"path_taken":["M","$","?","M","M","R","?","M","T","?","E"],"items_purchased_type":["Card"],"build_version":"2020-12-22","purchased_purges":1,"victory":false,"max_hp_per_floor":[72,72,72,72,72,72,72,72,72,72,72,72],"card_choices":[{"not_picked":["FlurryOfBlows","PathToVictory"],"picked":"TalkToTheHand","floor":1},{"not_picked":["Study","ClearTheMind"],"picked":"CutThroughFate","floor":4},{"not_picked":["Devotion","ForeignInfluence","Protect"],"picked":"SKIP","floor":5},{"not_picked":["Consecrate","Nirvana","PathToVictory"],"picked":"SKIP","floor":8},{"not_picked":["CrushJoints","Conclude"],"picked":"Evaluate","floor":10}],"player_experience":136023,"relics_obtained":[{"floor":9,"key":"Boot"}],"event_choices":[{"damage_healed":0,"gold_gain":0,"player_choice":"Take Damage","damage_taken":18,"relics_obtained":["Golden Idol"],"max_hp_gain":0,"max_hp_loss":0,"event_name":"Golden Idol","floor":3,"gold_loss":0},{"damage_healed":0,"gold_gain":0,"player_choice":"Gave Potion","damage_taken":0,"relics_obtained":["PreservedInsect"],"max_hp_gain":0,"max_hp_loss":0,"event_name":"WeMeetAgain","floor":7,"gold_loss":0}],"is_beta":false,"boss_relics":[],"items_purged_floors":[2],"is_endless":false,"potions_floor_spawned":[4],"killed_by":"3 Sentries","ascension_level":11}}