{"host":"gb9pilk70hujf88i","time":1610123053,"event":{"mods":["AchievementEnabler","BaseMod","Better Altar","Better Match","Better Sensory Stone","Better Third Choice","Better Vampires","Colored Map","Colored Powertips","Downfall","Hubris","Infinite Spire","KinomotoSakuraMod(????)","Koishi","Minty Spire (QoL Compilation)","Replay The Spire","StSLib","The Jungle","The Marked"],"gold_per_floor":[366,366,386,386,405,405,437,200,200,169,199,199,217,248,248,352,352,369,369,369,385,404,435,453,482,508,508,508,534,552,552,552,569,569,702,702,768,768,768,369,406,464,464,522,522,561,561,628,628,728,728,728,728,728,143,180,180],"floor_reached":58,"playtime":5526,"items_purged":["ClowCardTheShield","ClowCardTheSweet+1","ClowCardTheWood+1","ClowCardTheLittle+1"],"score":2405,"play_id":"e7f12542-00c6-4a00-bb29-9e17276fc4e0","local_time":"20210108142413","is_ascension_mode":true,"campfire_choices":[{"data":"ClowCardTheWatery","floor":6,"key":"SMITH"},{"data":"Mayhem","floor":12,"key":"SMITH"},{"data":"ClowCardTheWindy","floor":15,"key":"SMITH"},{"floor":34,"key":"REST"},{"data":"ClowCardTheArrow","floor":43,"key":"SMITH"},{"floor":49,"key":"RECALL"},{"data":"infinitespire:Collect","floor":51,"key":"SMITH"},{"data":"ClowCardTheEarthy","floor":54,"key":"SMITH"}],"circlet_count":0,"master_deck":["SakuraCardTheGlow+","SakuraCardTheSword+","ClowCardTheSword+1","ClowCardTheShield+1","SpellCardSeal","SpellCardRelease","ClowCardTheWatery+1","ClowCardTheIllusion","ClowCardTheWindy+1","Mayhem+1","ClowCardTheFight+1","ClowCardTheArrow+1","Ghostly","Ghostly","Ghostly","Ghostly","Ghostly","ClowCardTheWave+1","ClowCardTheShadow","ClowCardTheDash","ClowCardTheNothing+1","ClowCardTheEarthy+1","infinitespire:Collect+1","ClowCardTheBig+1"],"relics":["KSMOD_SealedBook","KSMOD_SealedWand","ReplayTheSpireMod:TigerMarble","hubris:CrystalStatue","betterThird:SlimedRelic","Frozen Egg 2","Oddly Smooth Stone","Busted Crown","infinitespire:Satchel","Centennial Puzzle","Gremlin Food","Runic Pyramid","Gremlin Horn","Nunchaku","infinitespire:EvilPickle","Empty Cage","KSMOD_TeddyBear","Pet Ghost","Replay:Mystery Machine","CaptainsWheel","hubris:DisguiseKit","Dead Branch","hubris:TenFootPole","KSMOD_GemBrooch","Pear","KSMOD_YukitosBentoBox"],"acts_visited":["Exordium","TheCity","TheBeyond","TheEnding"],"potions_floor_usage":[7,11,16,16,25,35,35,42,57,57],"damage_taken":[{"damage":0,"enemies":"Cultist","floor":1,"turns":3},{"damage":3,"enemies":"Small Slimes","floor":3,"turns":2},{"damage":2,"enemies":"2 Louse","floor":5,"turns":2},{"damage":6,"enemies":"3 Sentries","floor":7,"turns":9},{"damage":3,"enemies":"Replay:BlueRogue","floor":11,"turns":7},{"damage":0,"enemies":"2 Fungi Beasts","floor":13,"turns":2},{"damage":17,"enemies":"Gremlin Nob","floor":14,"turns":4},{"damage":12,"enemies":"The Guardian","floor":16,"turns":8},{"damage":0,"enemies":"Spheric Guardian","floor":18,"turns":1},{"damage":0,"enemies":"Chosen","floor":21,"turns":2},{"damage":0,"enemies":"Centurion and Healer","floor":22,"turns":1},{"damage":0,"enemies":"Gremlin Leader","floor":23,"turns":5},{"damage":0,"enemies":"Shelled Parasite and Fungi","floor":24,"turns":3},{"damage":0,"enemies":"Book of Stabbing","floor":25,"turns":2},{"damage":1,"enemies":"Replay:Snechameleon","floor":29,"turns":4},{"damage":0,"enemies":"Sentry and Sphere","floor":30,"turns":1},{"damage":0,"enemies":"Cultist and Chosen","floor":33,"turns":4},{"damage":1,"enemies":"Pondfish","floor":35,"turns":6},{"damage":1,"enemies":"3 Shapes","floor":37,"turns":2},{"damage":0,"enemies":"3 Darklings","floor":41,"turns":5},{"damage":0,"enemies":"R_Hoarder","floor":42,"turns":2},{"damage":0,"enemies":"Nemesis","floor":44,"turns":5},{"damage":0,"enemies":"KSMOD_TheNothingMonster","floor":46,"turns":5},{"damage":0,"enemies":"R_Hoarder","floor":48,"turns":2},{"damage":0,"enemies":"Time Eater","floor":52,"turns":2},{"damage":0,"enemies":"Shield and Spear","floor":56,"turns":5},{"damage":4,"enemies":"The Heart","floor":57,"turns":4}],"seed_played":"-5664519511384047260","potions_obtained":[{"floor":1,"key":"Explosive Potion"},{"floor":7,"key":"Swift Potion"},{"floor":13,"key":"Elixir"},{"floor":14,"key":"KSMOD_MagickBottle"},{"floor":18,"key":"Fire Potion"},{"floor":23,"key":"SkillPotion"},{"floor":29,"key":"EntropicBrew"},{"floor":30,"key":"Slimebound:ThreeZeroPotion"},{"floor":37,"key":"KSMOD_MagickBottle"},{"floor":42,"key":"Weak Potion"},{"floor":56,"key":"CultistPotion"}],"is_trial":false,"path_per_floor":["M","?","M","?","M","R","E","$","T","?","E","R","M","E","R","B",null,"M","?","?","M","M","E","M","E","T","AVR","?","E","M","PTL","PTL","M","R_BF","B",null,"M","?","T","$","M","E","R","E","T","?","AVR","E","R","?","R","B",null,"R","$","E","B",null],"character_chosen":"KINOMOTOSAKURA","items_purchased":["Mayhem","Pet Ghost","Replay:Mystery Machine","KSMOD_GemBrooch","Pear","ClowCardTheBig+1"],"campfire_rested":1,"item_purchase_floors":[8,40,40,55,55,55],"current_hp_per_floor":[63,68,65,65,68,68,68,68,68,57,63,63,68,56,56,49,63,63,63,63,63,68,68,68,68,68,68,34,33,33,33,33,33,34,33,34,33,33,33,33,33,33,33,33,33,33,33,34,34,34,34,34,34,34,44,44,44],"gold":180,"neow_bonus":"TWO_FIFTY_GOLD","is_daily":false,"chose_seed":false,"campfire_upgraded":6,"win_rate":0.0,"timestamp":1610123053,"path_taken":["M","?","M","?","M","R","E","$","T","?","E","R","M","E","R","BOSS","M","?","?","M","?","E","M","E","T","AVR","?","E","M","PTL","PTL","M","R_BF","BOSS","M","?","?","$","?","E","R","E","T","?","AVR","E","R","?","R","BOSS","R","$","E","BOSS"],"items_purchased_type":["Card","Relic","Relic","Relic","Relic","Card"],"build_version":"2020-12-22","purchased_purges":4,"victory":true,"max_hp_per_floor":[63,68,68,68,68,68,68,68,68,68,68,68,68,68,68,68,68,68,68,68,68,68,68,68,68,68,68,34,34,34,34,34,34,34,34,34,34,34,34,34,34,34,34,34,34,34,34,34,34,34,34,34,34,34,44,44,44],"card_choices":[{"not_picked":["ClowCardTheMist","ClowCardTheVoice"],"picked":"ClowCardTheWatery","floor":1},{"not_picked":["ClowCardTheSilent","ClowCardTheDream"],"picked":"ClowCardTheRain","floor":3},{"not_picked":["ClowCardTheWood","ClowCardTheWave"],"picked":"ClowCardTheIllusion","floor":5},{"not_picked":["ClowCardTheLibra","ClowCardTheIllusion"],"picked":"ClowCardTheWindy","floor":7},{"not_picked":["ClowCardTheSnow","ClowCardTheLock","ClowCardTheErase"],"picked":"SKIP","floor":11},{"not_picked":["ClowCardTheSweet","ClowCardTheWood","ClowCardTheIllusion"],"picked":"SKIP","floor":13},{"not_picked":["ClowCardTheJump","ClowCardTheGlow"],"picked":"ClowCardTheLittle+1","floor":14},{"not_picked":["ClowCardTheTime","ClowCardTheThrough"],"picked":"ClowCardTheFight","floor":16},{"not_picked":[],"picked":"ClowCardTheArrow","floor":18},{"not_picked":["ClowCardTheArrow"],"picked":"SKIP","floor":21},{"not_picked":[],"picked":"ClowCardTheWood+1","floor":22},{"not_picked":["ClowCardTheWood+1"],"picked":"SKIP","floor":23},{"not_picked":[],"picked":"ClowCardTheGlow+1","floor":24},{"not_picked":["ClowCardTheLibra"],"picked":"SKIP","floor":25},{"not_picked":[],"picked":"ClowCardTheWave+1","floor":29},{"not_picked":[],"picked":"ClowCardTheShadow","floor":30},{"not_picked":["ClowCardTheLibra+1"],"picked":"SKIP","floor":33},{"not_picked":[],"picked":"ClowCardTheDash","floor":35},{"not_picked":["ClowCardTheArrow"],"picked":"SKIP","floor":37},{"not_picked":["ClowCardTheArrow"],"picked":"SKIP","floor":41},{"not_picked":["ClowCardTheFreeze"],"picked":"SKIP","floor":42},{"not_picked":["ClowCardTheShadow+1"],"picked":"SKIP","floor":44},{"not_picked":["Koishi:YoukaiPolygraph"],"picked":"ClowCardTheEarthy","floor":46},{"not_picked":["ClowCardTheShadow+1","Koishi:IdleWhim"],"picked":"SKIP","floor":48},{"not_picked":["ClowCardTheMove","Koishi:EmbryosDream"],"picked":"SKIP","floor":56}],"player_experience":66888,"relics_obtained":[{"floor":7,"key":"ReplayTheSpireMod:TigerMarble"},{"floor":9,"key":"hubris:CrystalStatue"},{"floor":11,"key":"Frozen Egg 2"},{"floor":14,"key":"Oddly Smooth Stone"},{"floor":23,"key":"infinitespire:Satchel"},{"floor":25,"key":"Centennial Puzzle"},{"floor":26,"key":"Gremlin Food"},{"floor":29,"key":"Nunchaku"},{"floor":39,"key":"KSMOD_TeddyBear"},{"floor":42,"key":"CaptainsWheel"},{"floor":44,"key":"hubris:DisguiseKit"},{"floor":48,"key":"hubris:TenFootPole"},{"floor":56,"key":"KSMOD_YukitosBentoBox"}],"event_choices":[{"damage_healed":0,"gold_gain":0,"player_choice":"Donut","damage_taken":0,"max_hp_gain":5,"max_hp_loss":0,"event_name":"Big Fish","floor":2,"gold_loss":0},{"damage_healed":0,"gold_gain":0,"player_choice":"Slimed","damage_taken":11,"max_hp_gain":0,"max_hp_loss":0,"event_name":"betterThird:BetterGoop","floor":10,"gold_loss":31},{"cards_removed":["ClowCardTheSword"],"damage_healed":0,"gold_gain":0,"player_choice":"Offered Basic","damage_taken":0,"max_hp_gain":0,"max_hp_loss":0,"event_name":"Bonfire Elementals","floor":20,"gold_loss":0},{"damage_healed":0,"gold_gain":0,"player_choice":"Became a Ghost","damage_taken":0,"max_hp_gain":0,"max_hp_loss":34,"event_name":"Ghosts","floor":28,"gold_loss":0,"cards_obtained":["Ghostly","Ghostly","Ghostly","Ghostly","Ghostly"]},{"damage_healed":0,"gold_gain":0,"player_choice":"Ignored","damage_taken":0,"max_hp_gain":0,"max_hp_loss":0,"event_name":"Tomb of Lord Red Mask","floor":38,"gold_loss":0},{"damage_healed":0,"gold_gain":100,"player_choice":"Pray","damage_taken":0,"max_hp_gain":0,"max_hp_loss":0,"event_name":"Golden Shrine","floor":50,"gold_loss":0}],"is_beta":false,"boss_relics":[{"not_picked":["hubris:HollowSoul","Replay:Wanted Poster"],"picked":"Busted Crown"},{"not_picked":["Calling Bell","Black Star"],"picked":"Empty Cage"}],"items_purged_floors":[8,27,40,55],"is_endless":false,"potions_floor_spawned":[1,7,13,14,18,23,29,30,37,41,42,48,56],"ascension_level":5}}