{"host":"cv77zuuuekizn3ic","time":1610107267,"event":{"mods":["AchievementEnabler","BaseMod","Marisa£®ÏF”Í°°ƒß¿Ì…≥£©","Minty Spire (QoL Compilation)","StSLib","Waifu the Spire","everything is the same but u backflip on backflip","slay the spire mod where everything is the same but ironclad has a cowboy hat"],"gold_per_floor":[11,11,11,34,50,102,102,102,102],"floor_reached":8,"playtime":304,"items_purged":[],"score":112,"play_id":"24639717-4a8b-4087-b52d-0acb9ac35803","local_time":"20210108200107","is_ascension_mode":true,"campfire_choices":[{"data":"Sadistic Nature","floor":7,"key":"SMITH"}],"circlet_count":0,"master_deck":["AscendersBane","Strike_R","Strike_R","Strike_R","Strike_R","Strike_R","Defend_R","Defend_R","Defend_R","Defend_R","Bash","Sadistic Nature+1","Spot Weakness","Fire Breathing","Rage","True Grit"],"relics":["Burning Blood","Golden Idol","CeramicFish"],"acts_visited":["Exordium"],"potions_floor_usage":[6,8],"damage_taken":[{"damage":7.0,"enemies":"Small Slimes","floor":1.0,"turns":5.0},{"damage":1.0,"enemies":"2 Louse","floor":4.0,"turns":3.0},{"damage":6.0,"enemies":"Cultist","floor":5.0,"turns":4.0},{"damage":39,"enemies":"Gremlin Nob","floor":6,"turns":4},{"damage":48,"enemies":"Lagavulin","floor":8,"turns":8}],"seed_played":"-5107137545683909228","potions_obtained":[{"floor":3.0,"key":"Strength Potion"},{"floor":3.0,"key":"DistilledChaos"},{"floor":6,"key":"Energy Potion"}],"is_trial":false,"path_per_floor":["M","?","?","M","M","E","R","E"],"character_chosen":"IRONCLAD","items_purchased":[],"campfire_rested":0,"item_purchase_floors":[],"current_hp_per_floor":[67,67,67,68,68,35,35,0,0],"gold":102,"neow_bonus":"RANDOM_COLORLESS_2","is_daily":false,"chose_seed":false,"campfire_upgraded":1,"win_rate":0.0,"timestamp":1610107267,"path_taken":["M","?","?","?","M","E","R","E"],"items_purchased_type":[],"build_version":"2020-12-22","purchased_purges":0,"victory":false,"max_hp_per_floor":[75,68,68,68,68,68,68,68,68],"card_choices":[{"not_picked":["Secret Weapon","Chrysalis"],"picked":"Sadistic Nature","floor":0.0},{"not_picked":["Intimidate","Warcry"],"picked":"Spot Weakness","floor":1.0},{"not_picked":["Hemokinesis","Body Slam"],"picked":"Fire Breathing","floor":4.0},{"not_picked":["Feel No Pain","Seeing Red"],"picked":"Rage","floor":5.0},{"not_picked":["Sentinel","Cleave"],"picked":"True Grit","floor":6}],"player_experience":790660,"relics_obtained":[{"floor":6,"key":"CeramicFish"}],"event_choices":[{"damage_healed":0.0,"max_hp_gain":0.0,"max_hp_loss":7.0,"gold_gain":0.0,"event_name":"Golden Idol","player_choice":"Lose Max HP","floor":2.0,"gold_loss":0.0,"damage_taken":0.0,"relics_obtained":["Golden Idol"]},{"damage_healed":0.0,"max_hp_gain":0.0,"max_hp_loss":0.0,"gold_gain":0.0,"event_name":"Lab","player_choice":"Got Potions","floor":3.0,"gold_loss":0.0,"damage_taken":0.0}],"is_beta":false,"boss_relics":[],"items_purged_floors":[],"is_endless":false,"potions_floor_spawned":[4,6],"killed_by":"Lagavulin","ascension_level":20}}