{"host":"hxqmxu97ax4h93y4","time":1610135263,"event":{"mods":["BaseMod","Downfall","Hermit","Marisa????????","Minty Spire (QoL Compilation)","Random Character Button","StSLib","The Cursed","The Necromancer","The Runesmith"],"gold_per_floor":[119,69,89,14,14,14,43,43,90,109,126,126,146,160,160,269,269,287,30,42,42,142,142,165,165,165,165,192,208,230,254,254,254,254],"floor_reached":33,"playtime":2288,"items_purged":["hermit:Defend_Hermit","Regret"],"score":269,"play_id":"aa6905da-8662-495b-a494-4b552486e4e8","local_time":"20210108114743","is_ascension_mode":false,"campfire_choices":[{"data":"hermit:TakeCover","floor":6,"key":"SMITH"},{"floor":12,"key":"REST"},{"data":"hermit:Maintenance","floor":15,"key":"SMITH"},{"data":"Slimebound:CheckThePlaybook","floor":23,"key":"SMITH"},{"floor":27,"key":"REST"},{"floor":32,"key":"REST"}],"circlet_count":0,"master_deck":["hermit:Strike_Hermit","hermit:Strike_Hermit+1","hermit:Strike_Hermit+1","hermit:Defend_Hermit","hermit:Defend_Hermit","hermit:Defend_Hermit","hermit:Snapshot+1","hermit:Covet","hermit:Ricochet","hermit:TakeCover+1","hermit:GoldenBullet","hermit:ShadowCloak","hermit:Misfire","hermit:Scavenge","hermit:Maintenance+1","hermit:Reprieve","hermit:Manifest+1","hermit:Quickdraw","Slimebound:CheckThePlaybook+1","Slimebound:Icky","hermit:BigShot","hermit:Combo","hermit:HighCaliber","hermit:Dive+1","hermit:EyeOfTheStorm"],"relics":["hermit:ClaspedLocket","Darkstone Periapt","Vajra","Regal Pillow","Whetstone","Centennial Puzzle","Pen Nib","Anchor"],"acts_visited":["Exordium","TheCity"],"potions_floor_usage":[11,13,16,28,28,29,33],"damage_taken":[{"damage":3,"enemies":"Small Slimes","floor":1,"turns":3},{"damage":0,"enemies":"2 Louse","floor":3,"turns":1},{"damage":43,"enemies":"Lagavulin","floor":7,"turns":7},{"damage":0,"enemies":"Cultist","floor":10,"turns":3},{"damage":7,"enemies":"Exordium Wildlife","floor":11,"turns":7},{"damage":0,"enemies":"Red Slaver","floor":13,"turns":1},{"damage":10,"enemies":"Exordium Thugs","floor":14,"turns":4},{"damage":8,"enemies":"Slime Boss","floor":16,"turns":15},{"damage":38,"enemies":"2 Thieves","floor":18,"turns":5},{"damage":0,"enemies":"Spheric Guardian","floor":20,"turns":3},{"damage":20,"enemies":"Snecko","floor":24,"turns":3},{"damage":41,"enemies":"Gremlin Leader","floor":28,"turns":6},{"damage":17,"enemies":"Snake Plant","floor":29,"turns":6},{"damage":6,"enemies":"Cultist and Chosen","floor":30,"turns":5},{"damage":5,"enemies":"3 Cultists","floor":31,"turns":4},{"damage":60,"enemies":"Collector","floor":33,"turns":6}],"seed_played":"3300565840544740110","potions_obtained":[{"floor":3,"key":"Ancient Potion"},{"floor":10,"key":"Swift Potion"},{"floor":11,"key":"LiquidMemories"},{"floor":16,"key":"Dexterity Potion"},{"floor":18,"key":"Fire Potion"},{"floor":24,"key":"BlessingOfTheForge"},{"floor":31,"key":"DistilledChaos"}],"is_trial":false,"path_per_floor":["M","?","M","$","?","R","E","?","T","M","M","R","M","M","R","B",null,"M","$","M","?","?","R","M","T","T","R","E","M","M","M","R","B"],"character_chosen":"HERMIT","items_purchased":["Whetstone"],"campfire_rested":3,"item_purchase_floors":[19],"current_hp_per_floor":[72,72,72,72,78,78,35,35,35,35,28,67,67,57,57,49,81,44,44,44,50,50,50,30,30,30,71,30,13,7,6,47,0,0],"gold":254,"neow_bonus":"UPGRADE_CARD","is_daily":false,"chose_seed":false,"campfire_upgraded":3,"win_rate":0.0,"timestamp":1610135263,"path_taken":["M","?","M","$","?","R","E","?","T","M","M","R","M","M","R","BOSS","M","$","M","?","?","R","?","?","T","R","E","M","M","M","R","BOSS"],"items_purchased_type":["Relic"],"build_version":"2020-12-22","purchased_purges":2,"victory":false,"max_hp_per_floor":[75,75,75,75,81,81,81,81,81,81,81,81,81,81,81,81,81,81,81,81,87,87,87,87,87,87,87,87,87,87,87,87,87,87],"card_choices":[{"not_picked":["hermit:WideOpen","hermit:LuckOfTheDraw"],"picked":"hermit:Ricochet","floor":1},{"not_picked":["hermit:HoleUp","hermit:Glare"],"picked":"hermit:TakeCover","floor":3},{"not_picked":["hermit:Glare","hermit:ItchyTrigger"],"picked":"hermit:GoldenBullet","floor":7},{"not_picked":["hermit:FromBeyond","hermit:SprayPray"],"picked":"hermit:ShadowCloak","floor":10},{"not_picked":["hermit:Desperado","hermit:Virtue"],"picked":"hermit:Misfire","floor":11},{"not_picked":["hermit:SprayPray","hermit:Virtue"],"picked":"hermit:Scavenge","floor":13},{"not_picked":["hermit:SprayPray","hermit:Brawl"],"picked":"hermit:Maintenance","floor":14},{"not_picked":["hermit:Gambit","hermit:FinalCanter"],"picked":"hermit:Reprieve","floor":16},{"not_picked":["hermit:Glare","hermit:SprayPray"],"picked":"hermit:Manifest+1","floor":18},{"not_picked":["hermit:Manifest","hermit:BigShot+1"],"picked":"hermit:Quickdraw","floor":20},{"not_picked":["hermit:SprayPray","hermit:Horror"],"picked":"hermit:BigShot","floor":24},{"not_picked":["hermit:Gambit","hermit:Manifest+1"],"picked":"hermit:Combo","floor":28},{"not_picked":["hermit:Coalescence","hermit:Maintenance"],"picked":"hermit:HighCaliber","floor":29},{"not_picked":["hermit:Manifest","hermit:Ricochet+1"],"picked":"hermit:Dive+1","floor":30},{"not_picked":["hermit:LowProfile","hermit:Deadeye"],"picked":"hermit:EyeOfTheStorm","floor":31}],"player_experience":31558,"relics_obtained":[{"floor":7,"key":"Vajra"},{"floor":9,"key":"Regal Pillow"},{"floor":25,"key":"Centennial Puzzle"},{"floor":26,"key":"Pen Nib"},{"floor":28,"key":"Anchor"}],"event_choices":[{"cards_removed":["hermit:Strike_Hermit"],"damage_healed":0,"gold_gain":0,"player_choice":"Card Removal","damage_taken":0,"max_hp_gain":0,"max_hp_loss":0,"event_name":"The Cleric","floor":2,"gold_loss":50},{"damage_healed":0,"gold_gain":0,"player_choice":"Box","damage_taken":0,"relics_obtained":["Darkstone Periapt"],"max_hp_gain":0,"max_hp_loss":0,"event_name":"Big Fish","floor":5,"gold_loss":0,"cards_obtained":["Regret"]},{"damage_healed":0,"gold_gain":0,"player_choice":"Ignored","damage_taken":0,"max_hp_gain":0,"max_hp_loss":0,"event_name":"NoteForYourself","floor":8,"gold_loss":0},{"damage_healed":0,"gold_gain":100,"player_choice":"Pray","damage_taken":0,"max_hp_gain":0,"max_hp_loss":0,"event_name":"Golden Shrine","floor":22,"gold_loss":0}],"is_beta":false,"boss_relics":[{"not_picked":["Sozu","Empty Cage"],"picked":"hermit:ClaspedLocket"}],"items_purged_floors":[4,19],"is_endless":false,"potions_floor_spawned":[3,10,11,16,18,24,31],"killed_by":"Collector","ascension_level":0}}