{"host":"raai0vtvcfkt8csp","time":1610111125,"event":{"mods":["2.2 Compatiblity","BaseMod","Beaked The Cultist","Block Reminder","Booster Modes","DeckTracker","Defective Defect","Dio Mod","Downfall","GifTheSpireLib","Infinite Spire","Minty Spire (QoL Compilation)","Quick Restart","Random Character Button","Rare Cards Sparkle","StSLib","Unceasing Turn Reminder"],"gold_per_floor":[116,116,116,127,31,66,66,100,127,127,127,127,141,141,141,241,241,252,252,252,267,284,284,312,325,349,349,349,3,3,20,20,120,170,181,194,210,210,210],"floor_reached":38,"playtime":2106,"items_purged":[],"score":500,"play_id":"dc1ebfb1-a088-4d2e-97b7-5d58ecd860ad","local_time":"20210108140525","is_ascension_mode":true,"campfire_choices":[{"data":"beaked:Ceremony","floor":7,"key":"SMITH"},{"data":"beaked:Ceremony","floor":12,"key":"SMITH"},{"data":"beaked:Ceremony","floor":15,"key":"SMITH"},{"floor":23,"key":"RECALL"},{"data":"beaked:Ceremony","floor":28,"key":"SMITH"},{"data":"infinitespire:UltimateForm","floor":30,"key":"SMITH"},{"data":"infinitespire:UltimateForm","floor":32,"key":"SMITH"}],"circlet_count":0,"master_deck":["beaked:Strike_Y","beaked:Strike_Y","beaked:Strike_Y+1","beaked:Strike_Y","beaked:Strike_Y+1","beaked:Strike_Y+1","beaked:Defend_Y","beaked:Defend_Y","beaked:Defend_Y","beaked:Defend_Y","beaked:Ceremony+1","beaked:Ceremony+1","beaked:Ceremony+1","beaked:Recite","beaked:MachineSpirit","beaked:Insight","beaked:Daydream","beaked:DigDeep","beaked:RitualOfBody","infinitespire:UltimateForm+1","beaked:Brace","beaked:Sacrifice","beaked:Foresight","infinitespire:UltimateForm+1","beaked:CursingBlood","infinitespire:NeuralNetwork","beaked:WildInstinct","beaked:Foresight","beaked:RuinSticks","beaked:Ceremony+1","beaked:DesperateSwing","beaked:LiftOff","beaked:Hexing","beaked:WarriorEssence"],"relics":["beaked:MendingPlumage","NeowsBlessing","PreservedInsect","Whetstone","TungstenRod","beaked:SacrificeDoll","Kunai","Sozu","infinitespire:EmpoweringShard","Omamori","Unceasing Top","Tiny House"],"acts_visited":["Exordium","TheCity","TheBeyond"],"potions_floor_usage":[8,16,33],"damage_taken":[{"damage":0,"enemies":"Cultist","floor":1,"turns":1},{"damage":0,"enemies":"Small Slimes","floor":4,"turns":1},{"damage":0,"enemies":"Gremlin Nob","floor":6,"turns":2},{"damage":19,"enemies":"Lagavulin","floor":8,"turns":7},{"damage":24,"enemies":"2 Louse","floor":13,"turns":9},{"damage":41,"enemies":"The Guardian","floor":16,"turns":10},{"damage":14,"enemies":"3 Byrds","floor":18,"turns":7},{"damage":10,"enemies":"Spheric Guardian","floor":21,"turns":5},{"damage":33,"enemies":"Centurion and Healer","floor":22,"turns":8},{"damage":41,"enemies":"Nightmare","floor":24,"turns":31},{"damage":45,"enemies":"Snake Plant","floor":25,"turns":6},{"damage":22,"enemies":"Snecko","floor":31,"turns":8},{"damage":54,"enemies":"Champ","floor":33,"turns":10},{"damage":28,"enemies":"Orb Walker","floor":35,"turns":6},{"damage":30,"enemies":"3 Shapes","floor":36,"turns":11},{"damage":64,"enemies":"Writhing Mass","floor":37,"turns":12},{"damage":100,"enemies":"2 Orb Walkers","floor":38,"turns":5}],"seed_played":"5679546423714326192","potions_obtained":[{"floor":6,"key":"BlessingOfTheForge"},{"floor":13,"key":"DistilledChaos"},{"floor":18,"key":"BlessingOfTheForge"}],"is_trial":false,"path_per_floor":["M","?","?","M","$","E","R","E","T","?","?","R","M","T","R","B",null,"M","?","AVR","M","M","R","NM","M","T","?","R","$","R","M","R","B",null,"M","M","M","?"],"character_chosen":"BEAKED_THE_CULTIST","items_purchased":["beaked:Insight","beaked:Daydream","Unceasing Top","beaked:DesperateSwing"],"campfire_rested":0,"item_purchase_floors":[5,5,29,29],"current_hp_per_floor":[50,50,50,50,50,50,50,50,50,39,39,39,50,50,50,38,50,48,48,48,53,56,56,58,49,49,49,49,49,49,51,51,55,67,57,61,52,0,0],"gold":210,"neow_bonus":"THREE_ENEMY_KILL","is_daily":false,"chose_seed":false,"campfire_upgraded":6,"win_rate":0.0,"timestamp":1610111125,"path_taken":["M","?","?","M","$","E","R","E","T","?","?","R","M","?","R","BOSS","M","?","AVR","M","M","R","NM","M","T","?","R","$","R","?","R","BOSS","M","M","M","?"],"items_purchased_type":["Card","Card","Relic","Card"],"build_version":"2020-12-22","purchased_purges":0,"victory":false,"max_hp_per_floor":[50,50,50,50,50,50,50,50,50,50,50,50,50,50,50,50,50,50,50,50,53,56,56,59,59,59,59,59,59,59,59,59,62,67,70,73,76,76,76],"card_choices":[{"not_picked":["beaked:Windmill","beaked:Mantra"],"picked":"beaked:Recite","floor":1},{"not_picked":["beaked:Poke","beaked:Tradeoff"],"picked":"beaked:MachineSpirit","floor":4},{"not_picked":["beaked:Cower","beaked:Insight"],"picked":"beaked:DigDeep","floor":6},{"not_picked":["beaked:ShadowFade","beaked:Overexert"],"picked":"beaked:RitualOfBody","floor":8},{"not_picked":["infinitespire:Oblivion","infinitespire:DeathsTouch"],"picked":"infinitespire:UltimateForm","floor":10},{"not_picked":["beaked:Windmill","beaked:Flinch"],"picked":"beaked:Brace","floor":13},{"not_picked":["beaked:SacrificialScars","beaked:FakeOut"],"picked":"beaked:Sacrifice","floor":16},{"not_picked":["beaked:DesperateSwing","beaked:VigorBurst"],"picked":"beaked:Foresight","floor":18},{"not_picked":["beaked:TuckingFeathers+1","beaked:Brace","beaked:DigDeep"],"picked":"SKIP","floor":21},{"not_picked":["beaked:Tradeoff","beaked:Redirect"],"picked":"beaked:CursingBlood","floor":22},{"not_picked":["infinitespire:SevenWalls","infinitespire:Menacing"],"picked":"infinitespire:NeuralNetwork","floor":24},{"not_picked":["beaked:Tweet","beaked:CursingBlood"],"picked":"beaked:WildInstinct","floor":24},{"not_picked":["beaked:DigDeep","beaked:Windmill+1"],"picked":"beaked:Foresight","floor":25},{"not_picked":["beaked:Mantra+1","beaked:FeelMyPain","beaked:Tradeoff"],"picked":"SKIP","floor":31},{"not_picked":["beaked:Caw","beaked:ShadowFade"],"picked":"beaked:LiftOff","floor":33},{"not_picked":["beaked:Windmill","beaked:DigDeep+1"],"picked":"beaked:Hexing","floor":34},{"not_picked":["beaked:FeelMyPain","beaked:Cower","beaked:Tweet+1"],"picked":"SKIP","floor":35},{"not_picked":["beaked:CursingBlood","beaked:Evade+1","beaked:Resilience"],"picked":"SKIP","floor":36},{"not_picked":["beaked:Hexing","beaked:TuckingFeathers+1"],"picked":"beaked:WarriorEssence","floor":37}],"player_experience":865756,"relics_obtained":[{"floor":6,"key":"PreservedInsect"},{"floor":8,"key":"Whetstone"},{"floor":14,"key":"TungstenRod"},{"floor":24,"key":"infinitespire:EmpoweringShard"},{"floor":26,"key":"Omamori"}],"event_choices":[{"damage_healed":0,"gold_gain":0,"player_choice":"Leave","damage_taken":0,"max_hp_gain":0,"max_hp_loss":0,"event_name":"The Cleric","floor":2,"gold_loss":0},{"damage_healed":0,"gold_gain":0,"player_choice":"Ignored","damage_taken":0,"max_hp_gain":0,"max_hp_loss":0,"event_name":"Golden Wing","floor":11,"gold_loss":0},{"damage_healed":0,"gold_gain":0,"player_choice":"Ignored","damage_taken":0,"max_hp_gain":0,"max_hp_loss":0,"event_name":"Beggar","floor":19,"gold_loss":0},{"damage_healed":0,"gold_gain":0,"player_choice":"2 cards matched","damage_taken":0,"max_hp_gain":0,"max_hp_loss":0,"event_name":"Match and Keep!","floor":27,"gold_loss":0,"cards_obtained":["beaked:RuinSticks","beaked:Ceremony"]},{"damage_healed":0,"gold_gain":0,"player_choice":"Fight","damage_taken":0,"max_hp_gain":0,"max_hp_loss":0,"event_name":"Mysterious Sphere","floor":38,"gold_loss":0}],"is_beta":false,"boss_relics":[{"not_picked":["beaked:FlawlessSticks","Pandora\u0027s Box"],"picked":"beaked:SacrificeDoll"},{"not_picked":["Runic Dome","Empty Cage"],"picked":"Tiny House"}],"items_purged_floors":[],"is_endless":false,"potions_floor_spawned":[6,13,18,33,36,37],"killed_by":"2 Orb Walkers","ascension_level":1}}