{"host":"873t0y8ybyo38pfq","time":1610100470,"event":{"mods":["BaseMod","Bestiary","Colored Map","Colored Powertips","Highlight Path","Minty Spire (QoL Compilation)","Quick Restart","RNG Fix","Rare Cards Sparkle","Relic Stats","StSLib"],"gold_per_floor":[114,125,140,8,8,8,36,36,63,63,79,79,26,38,38,117,117,136,150,75,94,94,94,94],"floor_reached":23,"playtime":800,"items_purged":["Strike_B"],"score":382,"play_id":"f51b18d8-42d8-443c-b683-083d32c615b9","local_time":"20210108050750","is_ascension_mode":true,"campfire_choices":[{"data":"Doom and Gloom","floor":6.0,"key":"SMITH"},{"data":"Coolheaded","floor":8,"key":"SMITH"},{"data":"Dualcast","floor":12,"key":"SMITH"},{"floor":15,"key":"REST"}],"circlet_count":0,"master_deck":["AscendersBane","Defend_B","Defend_B","Defend_B","Zap+1","Dualcast+1","Doom and Gloom+1","Ball Lightning","Coolheaded+1","Steam","Conserve Battery","Redo","Multi-Cast","Skim+1","Sunder+1","Chill+1","Glacier+1","Writhe"],"relics":["Cracked Core","Lizard Tail","Bottled Flame","Pen Nib","Astrolabe","Shuriken"],"acts_visited":["TheCity"],"potions_floor_usage":[18,19,21],"damage_taken":[{"damage":1.0,"enemies":"2 Louse","floor":1.0,"turns":2.0},{"damage":1.0,"enemies":"Cultist","floor":2.0,"turns":3.0},{"damage":7.0,"enemies":"Small Slimes","floor":3.0,"turns":3.0},{"damage":8.0,"enemies":"Gremlin Nob","floor":7.0,"turns":3.0},{"damage":0,"enemies":"3 Louse","floor":11,"turns":1},{"damage":0,"enemies":"2 Fungi Beasts","floor":14,"turns":2},{"damage":19,"enemies":"The Guardian","floor":16,"turns":9},{"damage":0,"enemies":"Chosen","floor":18,"turns":3},{"damage":3,"enemies":"Shell Parasite","floor":19,"turns":8},{"damage":22,"enemies":"Centurion and Healer","floor":21,"turns":7},{"damage":85,"enemies":"Book of Stabbing","floor":23,"turns":6}],"seed_played":"-1553651602042403845","potions_obtained":[{"floor":1.0,"key":"DuplicationPotion"},{"floor":14,"key":"SneckoOil"},{"floor":16,"key":"SkillPotion"},{"floor":19,"key":"AttackPotion"}],"is_trial":false,"path_per_floor":["M","M","M","$","?","R","E","R","T","?","M","R","$","M","R","B",null,"M","M","?","M","?","E"],"character_chosen":"DEFECT","items_purchased":["Fire Potion","Conserve Battery"],"campfire_rested":1,"item_purchase_floors":[4,13],"current_hp_per_floor":[63,62,55,55,37,37,29,29,29,29,29,29,29,29,50,31,61,61,58,58,36,36,0,0],"gold":94,"neow_bonus":"UPGRADE_CARD","is_daily":false,"chose_seed":false,"campfire_upgraded":3,"win_rate":0.0,"timestamp":1610100470,"path_taken":["M","M","M","$","?","R","E","R","T","?","M","R","?","M","R","BOSS","M","M","?","M","?","E"],"items_purchased_type":["Potion","Card"],"build_version":"2020-12-22","purchased_purges":1,"victory":false,"max_hp_per_floor":[71,71,71,71,71,71,71,71,71,71,71,71,71,71,71,71,71,71,71,71,71,71,71,71],"relic_stats":{"Lizard Tail":35,"counters":[11,47],"Shuriken":[0],"Astrolabe":["Skim","Sunder","Chill"],"Pen Nib":[2],"obtain_stats":[{"Lizard Tail":5,"Bottled Flame":7,"Shuriken":22,"Astrolabe":17,"Pen Nib":9,"Cracked Core":0},{"Lizard Tail":3,"Bottled Flame":4,"Shuriken":10,"Astrolabe":7,"Pen Nib":4,"Cracked Core":0},{"Lizard Tail":8,"Bottled Flame":11,"Shuriken":41,"Astrolabe":23,"Pen Nib":11,"Cracked Core":0}]},"card_choices":[{"not_picked":["Hello World","Defragment"],"picked":"Doom and Gloom","floor":1.0},{"not_picked":["BootSequence","Sweeping Beam","Barrage"],"picked":"SKIP","floor":2.0},{"not_picked":["Heatsinks","Hologram"],"picked":"Ball Lightning","floor":3.0},{"not_picked":["Streamline","Static Discharge"],"picked":"Coolheaded","floor":7},{"not_picked":["Static Discharge","All For One"],"picked":"Steam","floor":11},{"not_picked":["Steam","Sweeping Beam"],"picked":"Redo","floor":14},{"not_picked":["All For One","Reboot"],"picked":"Multi-Cast","floor":16},{"not_picked":["Barrage+1","Lockon","Static Discharge"],"picked":"SKIP","floor":18},{"not_picked":["Cold Snap","Sweeping Beam"],"picked":"Glacier+1","floor":19},{"not_picked":["Coolheaded","Cold Snap","Beam Cell"],"picked":"SKIP","floor":21}],"player_experience":1544881,"relics_obtained":[{"floor":7,"key":"Bottled Flame"},{"floor":9,"key":"Pen Nib"}],"event_choices":[{"damage_healed":0.0,"max_hp_gain":0.0,"max_hp_loss":0.0,"gold_gain":0.0,"event_name":"Scrap Ooze","player_choice":"Success","floor":5.0,"gold_loss":0.0,"damage_taken":18.0,"relics_obtained":["Lizard Tail"]},{"damage_healed":0,"gold_gain":0,"player_choice":"Ignored","damage_taken":0,"max_hp_gain":0,"max_hp_loss":0,"event_name":"Liars Game","floor":10,"gold_loss":0},{"cards_removed":["Defend_B"],"damage_healed":0,"gold_gain":0,"player_choice":"Gave Gold","damage_taken":0,"max_hp_gain":0,"max_hp_loss":0,"event_name":"Beggar","floor":20,"gold_loss":75},{"damage_healed":0,"gold_gain":0,"player_choice":"Opened","damage_taken":0,"relics_obtained":["Shuriken"],"max_hp_gain":0,"max_hp_loss":0,"event_name":"The Mausoleum","floor":22,"gold_loss":0,"cards_obtained":["Writhe"]}],"is_beta":false,"boss_relics":[{"not_picked":["Inserter","Runic Dome"],"picked":"Astrolabe"}],"items_purged_floors":[4],"is_endless":false,"potions_floor_spawned":[1,14,16,19],"killed_by":"Book of Stabbing","ascension_level":20}}