{"host":"qy0m86b6j0qgj9ra","time":1610103588,"event":{"mods":["Act Like it!","Aspiration","Astrologer","Bartender","BaseMod","CCEM","Clockwork Mod","Conspire","Downfall","Duelist Mod","Energized Spire","Friendly Minions","Gensokyo","GifTheSpireLib","Googly Eyes","GungeonMod","Halation","Hallownest","Hermit","Hubris","Infinite Spire","Ironclad Rager","Jorbs\u0027s Wanderer Trilogy","Koishi","KomeijiMod","Lobotomy","LobotomyExtend","Mad Scientist","Marisa????????","Minty Spire (QoL Compilation)","Pale of the Ancients","Quarter Circle Forward PUNCH!","RRrroohrrRGHHhhh!!","Random Character Button","Rare Cards Sparkle","Reimu??????","Replay The Spire","Retaliation","RumiaBox-????????","SCP261 Mod","Slumbering Mod","Spicy Shops","Spikes Relics","StSLib","Stuff the Spire","The Administrix","The Animator","The Bug Knight","The Construct","The Cursed","The Hierophant","The Jungle","The Sage","The Saiyan","The Vixen","TheBandit","TheFirefly","Trackpad","Wandering Minibosses","WarShipGirlsR/????R mod","Yuri Mod","vexMod"],"gold_per_floor":[143,143,156,166,166,200,200,229,282,457,473,95,111,143,143,241,241,255,267,267,286,286,312,312,345,372,372,372,384,384,35,35,159,159,175,226,226,243,261,261,279,290,290,290,290,304,317,337,337,337,337],"floor_reached":50,"playtime":5431,"items_purged":["theDuelist:CurseArmaments","theDuelist:ArmoredZombie"],"score":630,"play_id":"9b0a10e2-e6e7-482a-aa93-0b5c0b52729f","local_time":"20210108115948","is_ascension_mode":true,"campfire_choices":[{"data":"theDuelist:Metronome","floor":7,"key":"SMITH"},{"data":"theDuelist:FossilKnight","floor":15,"key":"SMITH"},{"data":"theDuelist:CustomResummonCard","floor":24,"key":"SMITH"},{"floor":28,"key":"RECALL"},{"floor":30,"key":"REST"},{"floor":40,"key":"REST"},{"floor":45,"key":"REST"},{"floor":49,"key":"REST"}],"circlet_count":0,"master_deck":["theDuelist:ZombieCorpse","theDuelist:ZombieCorpse","theDuelist:ZombieCorpse","theDuelist:ZombieCorpse","theDuelist:ZombieCorpse","theDuelist:ZombieCorpse","theDuelist:ZombieCorpse","theDuelist:ZombieCorpse","theDuelist:ArchfiendZombieSkull","theDuelist:ArmoredZombie","theDuelist:ArmoredZombie","theDuelist:ClownZombie","theDuelist:ClownZombie","theDuelist:PatricianDarkness","theDuelist:ShallowGrave","theDuelist:SkullConductor","theDuelist:TutanMask","theDuelist:Metronome+1","theDuelist:FossilDragon","theDuelist:Kasha","Doubt","theDuelist:FossilDragon","theDuelist:CustomResummonCard+1","theDuelist:BookEclipse","theDuelist:VampireGenesis","StuffTheSpire:DeathNote","theDuelist:VampireLady+1","theDuelist:GhostrickMummy","theDuelist:VampireGenesis","theDuelist:VampireScarletScourge","theDuelist:Miscellaneousaurus","theDuelist:VendreadStriges+1","theDuelist:DimensionBurial","Parasite","theDuelist:GoblinZombie","theDuelist:VendreadNightmare","theDuelist:CustomResummonCard","theDuelist:Polymerization","theDuelist:DimensionFusion"],"relics":["theDuelist:MillenniumPuzzle","theDuelist:CardPoolRelic","theDuelist:CardPoolBasicRelic","theDuelist:BoosterPackPoolRelic","theDuelist:CardPoolAddRelic","theDuelist:CardPoolMinusRelic","theDuelist:CardPoolSaveRelic","theDuelist:CardPoolOptionsRelic","LetterFromLob","sagemod:Red_Beast_Statue","theDuelist:TributeEggRelic","Vampiric Spirits","qcfpunch:Red_Headband","Runic Cube","StuffTheSpire:PointBlank","DemoMod:PinkGuonStone","MiniBlackHole","DemoMod:Metronome","theDuelist:GraveToken","CCEMRelics:TinyMinotavrHorn","aspiration:PoetsPen_weak","trackpad:ZombieHeart","CCEMRelics:CocoNut","MiracleMallet"],"acts_visited":["Exordium","TheCity","TheBeyond"],"potions_floor_usage":[14,33,39,46,50,50,50],"damage_taken":[{"damage":0,"enemies":"Cultist","floor":1,"turns":4},{"damage":4,"enemies":"Jaw Worm","floor":3,"turns":3},{"damage":2,"enemies":"2 Louse","floor":4,"turns":2},{"damage":2,"enemies":"Gremlin Nob","floor":6,"turns":2},{"damage":9,"enemies":"3 Sentries","floor":8,"turns":6},{"damage":7,"enemies":"Exordium Thugs","floor":11,"turns":5},{"damage":0,"enemies":"Looter","floor":13,"turns":1},{"damage":10,"enemies":"Lagavulin","floor":14,"turns":4},{"damage":22,"enemies":"The Guardian","floor":16,"turns":6},{"damage":5,"enemies":"Spheric Guardian","floor":18,"turns":4},{"damage":0,"enemies":"Shell Parasite","floor":19,"turns":3},{"damage":11,"enemies":"Chosen and Byrds","floor":21,"turns":4},{"damage":26,"enemies":"conspire:SneckoGhost","floor":23,"turns":4},{"damage":7,"enemies":"theDuelist:KaibaA2","floor":25,"turns":3},{"damage":8,"enemies":"Cultist and Chosen","floor":29,"turns":5},{"damage":30,"enemies":"Champ","floor":33,"turns":7},{"damage":33,"enemies":"3 Shapes","floor":35,"turns":3},{"damage":0,"enemies":"2 Orb Walkers","floor":36,"turns":4},{"damage":31,"enemies":"3 Darklings","floor":38,"turns":5},{"damage":19,"enemies":"Sphere and 2 Shapes","floor":39,"turns":5},{"damage":71,"enemies":"Spire Growth","floor":41,"turns":6},{"damage":4,"enemies":"Writhing Mass","floor":42,"turns":4},{"damage":27,"enemies":"Jaw Worm Horde","floor":46,"turns":3},{"damage":23,"enemies":"Maw","floor":47,"turns":6},{"damage":0,"enemies":"4 Shapes","floor":48,"turns":3},{"damage":72,"enemies":"Time Eater","floor":50,"turns":8}],"seed_played":"5889805568494882290","potions_obtained":[{"floor":4,"key":"Block Potion"},{"floor":6,"key":"hexamod:EctoCoolerPotion"},{"floor":11,"key":"Explosive Potion"},{"floor":23,"key":"CalmPotion"},{"floor":29,"key":"Slimebound:ThreeZeroPotion"},{"floor":33,"key":"theDuelist:SummonFuryPotion"},{"floor":38,"key":"theDuelist:GiftPotion"},{"floor":41,"key":"theDuelist:BurningPotion"},{"floor":47,"key":"theDuelist:BottledKuriboh"}],"is_trial":false,"path_per_floor":["M","?","M","M","?","E","R","E","T","?","M","$","M","E","R","B",null,"M","M","?","M","T","E","R","E","T","?","R","M","R","$","R","B",null,"M","?","$","M","M","R","M","M","T","?","R","M","M","M","R","B"],"character_chosen":"THE_DUELIST","items_purchased":["Vampiric Spirits","CCEMRelics:TinyMinotavrHorn"],"campfire_rested":4,"item_purchase_floors":[12,31],"current_hp_per_floor":[80,80,76,74,74,72,72,63,63,63,56,56,69,64,64,47,80,75,80,60,54,54,38,38,33,33,27,27,27,53,53,53,32,87,54,62,62,40,37,66,15,21,26,26,57,37,23,31,64,0,0],"gold":337,"neow_bonus":"THREE_CARDS","is_daily":false,"chose_seed":false,"campfire_upgraded":3,"win_rate":0.0,"timestamp":1610103588,"path_taken":["M","?","M","M","?","E","R","E","T","?","M","$","M","E","R","BOSS","M","M","?","M","?","E","R","E","T","?","R","M","R","$","R","BOSS","M","?","$","M","M","R","M","M","T","?","R","M","M","M","R","BOSS"],"items_purchased_type":["Relic","Relic"],"build_version":"2020-12-22","purchased_purges":2,"victory":false,"max_hp_per_floor":[80,80,80,80,80,80,80,80,80,80,80,80,80,80,80,80,80,80,80,80,80,80,87,87,87,87,87,87,87,87,87,87,87,87,87,87,87,94,97,97,98,99,104,104,104,107,108,112,112,112,112],"card_choices":[{"not_picked":["theDuelist:GhostrickMummy","theDuelist:VampireBaby"],"picked":"theDuelist:MechMoleZombie","floor":0},{"not_picked":["theDuelist:PMCaptor","theDuelist:GhostrickNekomusume","theDuelist:ShiranuiSquire","theDuelist:DestructPotion"],"picked":"theDuelist:FlameGhost","floor":1},{"not_picked":["theDuelist:VampireKingdom","theDuelist:DimensionFusion","theDuelist:CardSafeReturn","theDuelist:AntiFusionDevice"],"picked":"theDuelist:SoulAbsorbingBone","floor":3},{"not_picked":["theDuelist:CorrodingShark","theDuelist:ShiranuiSpectralsword","theDuelist:SkullFlame","theDuelist:FuryFire"],"picked":"theDuelist:FossilDragon","floor":4},{"not_picked":["theDuelist:NecroworldBanshee","theDuelist:GhostrickSpecter","theDuelist:Wightprincess","theDuelist:RevendreadSlayer"],"picked":"theDuelist:Kasha","floor":6},{"not_picked":["theDuelist:SouleatingOviraptor","theDuelist:VampireAwakening","theDuelist:RevendreadSlayer","theDuelist:Wightmare"],"picked":"theDuelist:Chopman","floor":8},{"not_picked":["theDuelist:ShiranuiSquire","theDuelist:DarkCreator","theDuelist:ReturnToDoomed","theDuelist:EarthGiant"],"picked":"theDuelist:FossilDragon","floor":11},{"not_picked":["theDuelist:VampireDragon","theDuelist:GhostrickMummy","theDuelist:GhostrickJiangshi","theDuelist:Tsukahagi"],"picked":"theDuelist:VampireLord","floor":13},{"not_picked":["theDuelist:CorrodingShark","theDuelist:FlameGhost","theDuelist:SkullFlame","theDuelist:PMCaptor"],"picked":"theDuelist:FossilKnight","floor":14},{"not_picked":["theDuelist:VendreadStriges","theDuelist:VendreadDaybreak","theDuelist:Scapeghost","theDuelist:OverpoweringEye"],"picked":"theDuelist:BookLife","floor":16},{"not_picked":["theDuelist:ZombieMaster","theDuelist:YukiOnnaAbsolute","theDuelist:VendreadDaybreak","theDuelist:BookLife"],"picked":"theDuelist:BookEclipse","floor":18},{"not_picked":["theDuelist:VampireGrace+1","theDuelist:GhostrickSkeleton","theDuelist:GhostrickJiangshi","theDuelist:Hajun"],"picked":"theDuelist:VampireGenesis","floor":19},{"not_picked":["theDuelist:VampireHunter","theDuelist:VendreadCore+1","theDuelist:RevendreadSlayer","theDuelist:RevendreadExecutor"],"picked":"theDuelist:VampireLady+1","floor":21},{"not_picked":["theDuelist:MechMoleZombie+1","theDuelist:VampireFraulein","theDuelist:BoneMouse","theDuelist:FossilSkullknight"],"picked":"theDuelist:GhostrickMummy","floor":23},{"not_picked":["theDuelist:VampireSucker","theDuelist:GhostrickJackfrost","theDuelist:GhostrickGhoul+1","theDuelist:Tengu"],"picked":"theDuelist:VampireGenesis","floor":25},{"not_picked":["theDuelist:CrimsonKnightVampire","theDuelist:GhostrickSpecter","theDuelist:GhostrickJiangshi+1","theDuelist:YukiMusume+1"],"picked":"theDuelist:VampireScarletScourge","floor":29},{"not_picked":["theDuelist:OverpoweringEye","theDuelist:MayakashiWinter","theDuelist:InstantFusion+1","theDuelist:FusionGuard"],"picked":"theDuelist:DecayedCommander","floor":33},{"not_picked":["theDuelist:FossilSkullknight","theDuelist:FossilSkullKing+1","theDuelist:FossilSkullConvoy+1","theDuelist:FossilSkullbuggy"],"picked":"theDuelist:GigastoneOmega","floor":35},{"not_picked":["theDuelist:Miscellaneousaurus+1","theDuelist:MammothGraveyard","theDuelist:FossilSkullKing","theDuelist:FossilSkullbuggy+1"],"picked":"theDuelist:SouleatingOviraptor+1","floor":36},{"not_picked":["theDuelist:GhostrickNight","theDuelist:FossilSkullKing+1","theDuelist:Bonecrusher","theDuelist:VampireGrace"],"picked":"theDuelist:Miscellaneousaurus","floor":38},{"not_picked":["theDuelist:VendreadRevenants","theDuelist:VendreadHoundhorde+1","theDuelist:VendreadChimera+1","theDuelist:VendreadBattlelord+1"],"picked":"theDuelist:VendreadStriges+1","floor":39},{"not_picked":["theDuelist:ZombieWarrior+1","theDuelist:ParallelWorldFusion+1","theDuelist:GhostOgre","theDuelist:Wightmare+1"],"picked":"theDuelist:DimensionBurial","floor":41},{"not_picked":["theDuelist:VampireGrimson+1","theDuelist:SkullServant","theDuelist:FossilSkullknight","theDuelist:Pumpking+1"],"picked":"theDuelist:GoblinZombie","floor":42},{"not_picked":["theDuelist:VendreadChimera+1","theDuelist:Dakki+1","theDuelist:YukiOnnaIce","theDuelist:VendreadNights+1"],"picked":"theDuelist:VendreadNightmare","floor":44},{"not_picked":["theDuelist:FuryFire+1","theDuelist:FossilDragon+1","theDuelist:ShiranuiSwordmaster","theDuelist:SkullFlame+1","theDuelist:FlameGhost"],"picked":"SKIP","floor":46},{"not_picked":["theDuelist:NecroworldBanshee+1","theDuelist:Hajun","theDuelist:Yasha","theDuelist:VampireDesire"],"picked":"theDuelist:Polymerization","floor":47},{"not_picked":["theDuelist:ZombiePowerStruggle","theDuelist:VendreadReunion","theDuelist:GhostrickMansion+1","theDuelist:MayakashiWinter"],"picked":"theDuelist:DimensionFusion","floor":48}],"player_experience":548918,"relics_obtained":[{"floor":1,"key":"LetterFromLob"},{"floor":6,"key":"sagemod:Red_Beast_Statue"},{"floor":8,"key":"theDuelist:TributeEggRelic"},{"floor":14,"key":"qcfpunch:Red_Headband"},{"floor":22,"key":"StuffTheSpire:PointBlank"},{"floor":23,"key":"DemoMod:PinkGuonStone"},{"floor":25,"key":"MiniBlackHole"},{"floor":26,"key":"DemoMod:Metronome"},{"floor":36,"key":"trackpad:ZombieHeart"},{"floor":43,"key":"CCEMRelics:CocoNut"},{"floor":44,"key":"MiracleMallet"}],"event_choices":[{"damage_healed":0,"gold_gain":0,"player_choice":"Took item - Received: Millennium Metronome","duelist":true,"damage_taken":0,"max_hp_gain":0,"max_hp_loss":0,"event_name":"Millennium Items","floor":2,"gold_loss":0},{"total_magic_score":38,"gold_gain":0,"duelist":true,"damage_taken":0,"relics_obtained":[],"points":2,"max_hp_gain":0,"max_hp_loss":0,"spent_points":{"magic":0,"greed":0,"war":0,"power":0,"hunger":0},"event_name":"Nameless Tomb","floor":5,"gold_loss":0,"cards_obtained":[]},{"damage_healed":0,"gold_gain":175,"player_choice":"AGREE","damage_taken":0,"max_hp_gain":0,"max_hp_loss":0,"event_name":"Liars Game","floor":10,"gold_loss":0,"cards_obtained":["Doubt"]},{"damage_healed":0,"gold_gain":0,"player_choice":"Dig - random Duelist relic","duelist":true,"damage_taken":0,"max_hp_gain":0,"max_hp_loss":0,"event_name":"Aknamkanon\u0027s Tomb","floor":27,"gold_loss":0},{"damage_healed":0,"gold_gain":0,"player_choice":"Ignored","damage_taken":0,"max_hp_gain":0,"max_hp_loss":0,"event_name":"Vampires","floor":32,"gold_loss":0},{"damage_healed":0,"gold_gain":0,"player_choice":"Fight","damage_taken":0,"max_hp_gain":0,"max_hp_loss":0,"event_name":"Mysterious Sphere","floor":36,"gold_loss":0}],"is_beta":false,"boss_relics":[{"not_picked":["vexMod:EndlessSickness","Honey Jar"],"picked":"Runic Cube"},{"not_picked":["vexMod:ImprovementManual","energizedSpire:HugeHouse"],"picked":"aspiration:PoetsPen_weak"}],"items_purged_floors":[12,31],"is_endless":false,"potions_floor_spawned":[4,6,11,13,23,29,33,36,38,41,42,47],"killed_by":"Time Eater","ascension_level":1}}