{"host":"cfluht5kr2kfk9p9","time":1610144484,"event":{"mods":["ATMod(阿瑾Mod)","Arknights The Spire","BaseMod","GungeonMod","Highlight Path","Library of Ruina","Library of Ruina Extra","Minty Spire (QoL Compilation)","Quick Restart","Rare Cards Sparkle","Relic Stats","RumiaBox-露米娅的神秘盒子","Spicy Shops","StSLib","TestMod","The Alterego","【功能Mod】混沌之环修复补丁"],"gold_per_floor":[99,99,99,99,19,19,19,19,19,0,0,0,0,0,0,0,0,0,0,0,0,0,0,0,0,0,0,0,0,0,0,0,0,0,0,0,0,0],"floor_reached":37,"playtime":762,"items_purged":[],"score":1266,"play_id":"848d7321-2020-4272-bfe2-7b9a0e0eb63b","local_time":"20210109062124","is_ascension_mode":true,"campfire_choices":[{"data":"AT_ArcaneSupremacy","floor":6.0,"key":"SMITH"},{"data":"Tactician","floor":11.0,"key":"SMITH"},{"data":"Acrobatics","floor":15.0,"key":"SMITH"},{"data":"AT_FamilyPortrait","floor":32.0,"key":"SMITH"}],"circlet_count":0,"master_deck":["AscendersBane","Strike_G","Strike_G","Strike_G","Strike_G","Strike_G","Defend_G","Defend_G","Defend_G","Defend_G","Defend_G","Survivor","Neutralize","AT_FamilyPortrait+1","Footwork","AT_ArcaneSupremacy+1","Tactician+1","Acrobatics+1","AT_WindFlip","Backflip","Blade Dance","AT_KingSlayer","Wraith Form v2","AT_Desolate+1","Reflex","AT_ThistleTea","AT_ShadowStep","Ghostly","Ghostly","Ghostly"],"relics":["testmod-TestBox","AT_ATBox","testmod-HeartOfDaVinci","Ectoplasm","Baka","DemoMod:GlassGuonStoneRelic","AT_ArchangelStaff","Odd Mushroom","MawBank","Question Card","testmod-AssaultLearning","testmod-ArcanaOfDestiny","testmod-Prudence","AT_MibuBalloonWealth","PageOfScarecrow","Bronze Scales","testmod-FatalChain","Black Star"],"acts_visited":["Exordium","TheCity","TheBeyond"],"potions_floor_usage":[],"damage_taken":[{"damage":0.0,"enemies":"Cultist","floor":1.0,"turns":3.0},{"damage":0.0,"enemies":"Jaw Worm","floor":2.0,"turns":2.0},{"damage":5.0,"enemies":"2 Louse","floor":3.0,"turns":3.0},{"damage":0.0,"enemies":"The Mushroom Lair","floor":7.0,"turns":2.0},{"damage":0.0,"enemies":"Gremlin Nob","floor":8.0,"turns":2.0},{"damage":0.0,"enemies":"Lagavulin","floor":10.0,"turns":3.0},{"damage":0.0,"enemies":"Gremlin Nob","floor":12.0,"turns":2.0},{"damage":0.0,"enemies":"Blue Slaver","floor":13.0,"turns":1.0},{"damage":0.0,"enemies":"Looter","floor":14.0,"turns":1.0},{"damage":0.0,"enemies":"The Guardian","floor":16.0,"turns":4.0},{"damage":0.0,"enemies":"Shell Parasite","floor":18.0,"turns":1.0},{"damage":0.0,"enemies":"3 Byrds","floor":20.0,"turns":1.0},{"damage":2.0,"enemies":"Shelled Parasite and Fungi","floor":21.0,"turns":2.0},{"damage":0.0,"enemies":"Cultist and Chosen","floor":22.0,"turns":2.0},{"damage":27.0,"enemies":"Slavers","floor":23.0,"turns":2.0},{"damage":0.0,"enemies":"Centurion and Healer","floor":24.0,"turns":3.0},{"damage":0.0,"enemies":"Chosen and Byrds","floor":25.0,"turns":2.0},{"damage":0.0,"enemies":"Book of Stabbing","floor":28.0,"turns":2.0},{"damage":0.0,"enemies":"Snecko","floor":30.0,"turns":1.0},{"damage":0.0,"enemies":"Collector","floor":33.0,"turns":4.0},{"damage":0.0,"enemies":"3 Darklings","floor":35.0,"turns":1.0},{"damage":0.0,"enemies":"Orb Walker","floor":36.0,"turns":1.0},{"damage":35,"enemies":"4 Shapes","floor":37,"turns":1}],"seed_played":"-7528062775621966313","potions_obtained":[{"floor":1.0,"key":"Ancient Potion"},{"floor":2.0,"key":"Energy Potion"},{"floor":10.0,"key":"Weak Potion"},{"floor":24.0,"key":"testmod-SpacePotion"},{"floor":25.0,"key":"Explosive Potion"},{"floor":28.0,"key":"LiquidBronze"}],"is_trial":false,"path_per_floor":["M","M","M","T","$","R","?","E","T","E","R","E","M","M","R","B",null,"M","?","M","M","M","E","M","M","T","?","E","?","M","T","R","B",null,"M","M","M"],"character_chosen":"THE_SILENT","items_purchased":["AT_ArchangelStaff"],"campfire_rested":0,"item_purchase_floors":[5],"current_hp_per_floor":[59,59,54,54,54,54,54,54,54,54,54,54,54,54,54,54,63,63,63,63,61,61,34,34,34,34,34,46,33,33,33,33,33,33,33,33,0,0],"gold":0,"neow_bonus":"BOSS_RELIC","is_daily":false,"chose_seed":false,"campfire_upgraded":4,"win_rate":0.0,"timestamp":1610144484,"path_taken":["M","M","M","?","$","R","?","E","T","E","R","E","M","M","R","BOSS","M","?","?","M","M","E","M","M","T","?","E","?","M","?","R","BOSS","M","M","M"],"items_purchased_type":["Relic"],"build_version":"2020-12-22","purchased_purges":0,"victory":false,"max_hp_per_floor":[66,66,66,66,66,66,66,66,66,66,66,66,66,66,66,66,66,66,66,66,66,66,66,66,66,66,66,66,33,33,33,33,33,33,33,33,33,33],"relic_stats":{"counters":[23,46],"Bronze Scales":[12],"Ectoplasm":1231,"Black Star":0,"MawBank":0,"Question Card":26,"obtain_stats":[{"testmod-TestBox":0,"AT_ATBox":0,"AT_MibuBalloonWealth":23,"testmod-FatalChain":31,"DemoMod:GlassGuonStoneRelic":1,"Baka":1,"Odd Mushroom":7,"AT_ArchangelStaff":5,"MawBank":8,"Question Card":9,"PageOfScarecrow":26,"testmod-Prudence":17,"testmod-AssaultLearning":10,"Bronze Scales":28,"Ectoplasm":0,"Black Star":34,"testmod-ArcanaOfDestiny":12,"Ring of the Snake":0,"testmod-HeartOfDaVinci":0},{"testmod-TestBox":0,"AT_ATBox":0,"AT_MibuBalloonWealth":15,"testmod-FatalChain":19,"DemoMod:GlassGuonStoneRelic":1,"Baka":1,"Odd Mushroom":4,"AT_ArchangelStaff":3,"MawBank":5,"Question Card":5,"PageOfScarecrow":17,"testmod-Prudence":10,"testmod-AssaultLearning":6,"Bronze Scales":18,"Ectoplasm":0,"Black Star":20,"testmod-ArcanaOfDestiny":7,"Ring of the Snake":0,"testmod-HeartOfDaVinci":0},{"testmod-TestBox":0,"AT_ATBox":0,"AT_MibuBalloonWealth":31,"testmod-FatalChain":39,"DemoMod:GlassGuonStoneRelic":3,"Baka":3,"Odd Mushroom":10,"AT_ArchangelStaff":8,"MawBank":12,"Question Card":12,"PageOfScarecrow":36,"testmod-Prudence":23,"testmod-AssaultLearning":15,"Bronze Scales":38,"Ectoplasm":0,"Black Star":43,"testmod-ArcanaOfDestiny":17,"Ring of the Snake":0,"testmod-HeartOfDaVinci":0}]},"card_choices":[{"not_picked":["Setup","AT_TwilightShroud"],"picked":"Footwork","floor":1.0},{"not_picked":["Predator","Infinite Blades"],"picked":"AT_ArcaneSupremacy","floor":2.0},{"not_picked":["Noxious Fumes","Underhanded Strike"],"picked":"Tactician","floor":3.0},{"not_picked":["Blade Dance","Blur"],"picked":"Acrobatics","floor":7.0},{"not_picked":["Dagger Spray","Quick Slash"],"picked":"AT_WindFlip","floor":8.0},{"not_picked":["Night Terror","Sucker Punch","Catalyst","Dagger Throw"],"picked":"SKIP","floor":10.0},{"not_picked":["Well Laid Plans","Expertise","Dagger Throw"],"picked":"Backflip","floor":12.0},{"not_picked":["AT_KneejerkReflex","AT_Desolate","Backflip"],"picked":"Blade Dance","floor":13.0},{"not_picked":["Cloak And Dagger","Prepared","Dagger Spray"],"picked":"AT_KingSlayer","floor":14.0},{"not_picked":["A Thousand Cuts","Doppelganger","Bullet Time"],"picked":"Wraith Form v2","floor":16.0},{"not_picked":["Outmaneuver","Footwork+1","PiercingWail"],"picked":"AT_Desolate","floor":18.0},{"not_picked":["AT_FocusSwordFire","Deadly Poison","Bouncing Flask","PiercingWail"],"picked":"SKIP","floor":20.0},{"not_picked":["AT_KneejerkReflex","Blade Dance","Crippling Poison+1"],"picked":"Reflex","floor":21.0},{"not_picked":["Well Laid Plans","Concentrate","Sucker Punch","AT_TwilightShroud"],"picked":"SKIP","floor":22.0},{"not_picked":["Bane+1","Tools of the Trade","PiercingWail","Footwork"],"picked":"SKIP","floor":23.0},{"not_picked":["Eviscerate","Poisoned Stab","Concentrate"],"picked":"AT_ThistleTea","floor":24.0},{"not_picked":["AT_Desolate+1","Bane","Poisoned Stab","AT_WindFlip"],"picked":"SKIP","floor":25.0},{"not_picked":["Quick Slash","Slice","Blade Dance"],"picked":"AT_ShadowStep","floor":28.0},{"not_picked":["AT_WindFlip+1","Eviscerate","Choke+1","Dagger Spray"],"picked":"SKIP","floor":30.0},{"not_picked":["Dagger Spray+1","AT_TwilightShroud","Dodge and Roll","AT_WindFlip+1"],"picked":"SKIP","floor":35.0},{"not_picked":["Noxious Fumes","Poisoned Stab","AT_KneejerkReflex","Flying Knee"],"picked":"SKIP","floor":36.0}],"player_experience":68113,"relics_obtained":[{"floor":1.0,"key":"Baka"},{"floor":7.0,"key":"Odd Mushroom"},{"floor":8.0,"key":"MawBank"},{"floor":9.0,"key":"Question Card"},{"floor":10.0,"key":"testmod-AssaultLearning"},{"floor":12.0,"key":"testmod-ArcanaOfDestiny"},{"floor":23.0,"key":"AT_MibuBalloonWealth"},{"floor":26.0,"key":"PageOfScarecrow"},{"floor":28.0,"key":"Bronze Scales"},{"floor":31.0,"key":"testmod-FatalChain"}],"event_choices":[{"damage_healed":0.0,"max_hp_gain":0.0,"max_hp_loss":0.0,"gold_gain":0.0,"event_name":"Mushrooms","player_choice":"Fought Mushrooms","floor":7.0,"gold_loss":0.0,"damage_taken":0.0},{"damage_healed":0.0,"max_hp_gain":0.0,"max_hp_loss":0.0,"gold_gain":0.0,"event_name":"Accursed Blacksmith","player_choice":"Forge","floor":19.0,"gold_loss":0.0,"damage_taken":0.0,"cards_upgraded":["AT_Desolate"]},{"damage_healed":0.0,"max_hp_gain":0.0,"max_hp_loss":0.0,"gold_gain":50.0,"event_name":"Nest","player_choice":"Stole From Cult","floor":27.0,"gold_loss":0.0,"damage_taken":0.0},{"damage_healed":0.0,"max_hp_gain":0.0,"max_hp_loss":33.0,"gold_gain":0.0,"event_name":"Ghosts","player_choice":"Became a Ghost","floor":29.0,"gold_loss":0.0,"damage_taken":0.0,"cards_obtained":["Ghostly","Ghostly","Ghostly"]}],"is_beta":false,"boss_relics":[{"not_picked":["Mark of Pain","Pandora\u0027s Box"],"picked":"testmod-Prudence"},{"not_picked":["DemoMod:Wolf","testmod-TimeTraveler"],"picked":"Black Star"}],"items_purged_floors":[],"is_endless":false,"potions_floor_spawned":[1,2,10,16,20,24,25,28,30,35,36],"killed_by":"4 Shapes","ascension_level":20}}