{"host":"4c7oxphrh4ok8x7u","time":1610125194,"event":{"mods":["100% Spire Juice","2.2 Compatiblity","Act Like it!","Arknights The Spire","Aspiration","BaseMod","Better Skull","Better Vampires","BetterRewards","Challenge The Spire","Conjunction","Conspire","Custom Start","Dota2Spire","Ekko","Evolution","Fiend Mod","Friendly Minions","FruityMod","GifTheSpireLib","Halation","Hermit","HololiveMod","Hubris","Hyrulean Relics","Jedi Mod","Kratos Character Expansion","Minty Spire (QoL Compilation)","MostiFishMod","Permanent Neow","Poor People Problems","Prisma Mod","Quarter Circle Forward PUNCH!","RatMod","Replay The Spire","Robot Space Explorer","SCP261 Mod","Shade Mod","Slay the Relics Exporter","Small Relic Pack","Spicy Shops","Spikes Relics","Spires And Sneckos","StSLib","Stuff the Spire","The Animator","The Blue Laboratory","The Death Knight","The Edgeheg","The Exalted","The Fake Hero","The Trickster","TheVacant","TheWitcher","Wandering Minibosses"],"gold_per_floor":[114,114,133,133,152,152,168,168,168,193,210,210,225,257,257,361,361,374,374,374,385,397,424,424,451,474,490,490,509,509,529,529,626,626,640,652,652,652,664,693,693,726,762,774,802,814,832,832,832,832,832,832,832,866,866],"floor_reached":56,"playtime":3193,"items_purged":["Defend_R"],"score":1684,"play_id":"8d5c6d2e-426d-41f1-bb1f-70101a2d2595","local_time":"20210108195954","is_ascension_mode":false,"campfire_choices":[{"floor":6,"key":"RECALL"},{"data":"MostiFishMod:GrandStart","floor":12,"key":"SMITH"},{"data":"Metallicize","floor":24,"key":"SMITH"},{"data":"Evolve","floor":28,"key":"SMITH"},{"data":"Inflame","floor":32,"key":"SMITH"},{"data":"Headbutt","floor":41,"key":"SMITH"},{"data":"conspire:Banana","floor":49,"key":"SMITH"},{"data":"Madness","floor":52,"key":"SMITH"}],"circlet_count":0,"master_deck":["Strike_R","Defend_R","Bash+1","Cleave","Headbutt+1","MostiFishMod:GrandStart+1","Carnage+1","Entrench+1","Evolve+1","conspire:Purge+1","Metallicize+1","Inflame+1","Demon Form","Disarm","Madness+1","Madness","conspire:Banana+1","Iron Wave+1","jedi:MakeshiftSword+1","Feel No Pain"],"relics":["EVO:Axolotl","DaveBox","PatriotShield","NightmareShop","SynthV:TestCard","jedi:shrinkray","Oddly Smooth Stone","PreservedInsect","ReplayTheSpireMod:Ninjato","qcfpunch:Red_Headband","DiscerningMonocle","qcfpunch:Handcuffs","Singing Bowl","ReplayTheSpireMod:Lightbulb","hubris:Potato","Guide Book","Bronze Scales","hubris:BundleOfHerbs","halation:PinkSoulGem","conspire:SpecialSausage","jedi:Pinwheel","Omamori","qcfpunch:Red_Beret","Ice Cream","Replay:PocketPolymizer","MawBank","Happy Flower","ShockBauble","halation:Komachan","StuffTheSpire:Gunfinga","StuffTheSpire:HeavyRock","Bromod:ArcaneConsequence","halation:KoshaPiece","InkBottle","Medical Kit","aspiration:ChemicalBlood","Orrery","Dota2Spire:DrumOfEndurance"],"acts_visited":["Exordium","TheCity","TheBeyond","TheEnding"],"potions_floor_usage":[55,55,55],"damage_taken":[{"damage":0,"enemies":"Jaw Worm","floor":1,"turns":1},{"damage":0,"enemies":"Cultist","floor":3,"turns":1},{"damage":0,"enemies":"2 Louse","floor":5,"turns":1},{"damage":0,"enemies":"Red Slaver","floor":7,"turns":1},{"damage":0,"enemies":"3 Sentries","floor":10,"turns":1},{"damage":0,"enemies":"Lots of Slimes","floor":11,"turns":1},{"damage":0,"enemies":"Exordium Thugs","floor":13,"turns":1},{"damage":0,"enemies":"Lagavulin","floor":14,"turns":1},{"damage":0,"enemies":"Hexaghost","floor":16,"turns":1},{"damage":5,"enemies":"3 Byrds","floor":18,"turns":1},{"damage":0,"enemies":"Shell Parasite","floor":21,"turns":1},{"damage":0,"enemies":"Snecko","floor":22,"turns":2},{"damage":0,"enemies":"Gremlin Leader","floor":23,"turns":1},{"damage":0,"enemies":"Replay:Snechameleon","floor":25,"turns":1},{"damage":0,"enemies":"Centurion and Healer","floor":27,"turns":1},{"damage":0,"enemies":"Snake Plant","floor":29,"turns":1},{"damage":0,"enemies":"Shelled Parasite and Fungi","floor":31,"turns":1},{"damage":0,"enemies":"Collector","floor":33,"turns":1},{"damage":0,"enemies":"3 Darklings","floor":35,"turns":1},{"damage":0,"enemies":"3 Shapes","floor":36,"turns":1},{"damage":0,"enemies":"Writhing Mass","floor":39,"turns":1},{"damage":0,"enemies":"R_Hoarder","floor":40,"turns":2},{"damage":0,"enemies":"Nemesis","floor":42,"turns":1},{"damage":0,"enemies":"Spire Growth","floor":45,"turns":1},{"damage":0,"enemies":"Sphere and 2 Shapes","floor":47,"turns":1},{"damage":0,"enemies":"hubris:GrandSnecko","floor":50,"turns":4},{"damage":0,"enemies":"Shield and Spear","floor":54,"turns":2},{"damage":0,"enemies":"The Heart","floor":55,"turns":5}],"seed_played":"-3459702606412401309","potions_obtained":[{"floor":1,"key":"blueLaboratory:FrostheartPotion"},{"floor":5,"key":"blueLaboratory:Moonshine"},{"floor":11,"key":"Block Potion"},{"floor":14,"key":"PowerPotion"},{"floor":25,"key":"Weak Potion"},{"floor":33,"key":"Adrenaline Potion"}],"is_trial":false,"path_per_floor":["M","?","M","?","M","R","M","?","T","E","M","R","M","E","R","B",null,"M","?","$","M","M","E","R","E","T","M","R","M","?","M","R","B",null,"M","M","$","?","M","E","R","E","T","?","M","$","M","?","R","B",null,"R","$","E","B",null],"character_chosen":"IRONCLAD","items_purchased":["qcfpunch:Handcuffs","Singing Bowl","ReplayTheSpireMod:Lightbulb","hubris:Potato","Guide Book","Metallicize","Adrenaline Potion","jedi:Pinwheel","Omamori","qcfpunch:Red_Beret","Ice Cream","ShockBauble","halation:Komachan","StuffTheSpire:Gunfinga","StuffTheSpire:HeavyRock","Bromod:ArcaneConsequence","halation:KoshaPiece","InkBottle","Medical Kit","aspiration:ChemicalBlood","Orrery"],"campfire_rested":0,"item_purchase_floors":[20,20,20,20,20,20,20,37,37,37,37,46,46,46,46,46,53,53,53,53,53],"current_hp_per_floor":[80,80,80,80,80,80,80,45,45,45,45,45,45,45,45,45,80,75,90,90,92,94,94,94,96,96,98,98,100,100,102,102,104,104,106,108,108,108,110,110,110,112,112,98,100,100,102,102,102,104,118,118,122,126,128],"gold":866,"neow_bonus":"BOSS_RELIC","is_daily":false,"chose_seed":false,"campfire_upgraded":7,"win_rate":0.0,"timestamp":1610125194,"path_taken":["M","?","?","?","M","R","M","?","T","E","?","R","?","E","R","BOSS","M","?","$","M","M","E","R","E","T","?","R","M","?","M","R","BOSS","M","M","$","?","?","E","R","E","T","?","M","$","M","?","R","BOSS","R","$","E","BOSS"],"items_purchased_type":["Relic","Relic","Relic","Relic","Relic","Card","Potion","Relic","Relic","Relic","Relic","Relic","Relic","Relic","Relic","Relic","Relic","Relic","Relic","Relic","Relic"],"build_version":"2020-12-22","purchased_purges":1,"victory":true,"max_hp_per_floor":[80,80,80,80,80,80,80,80,80,80,80,80,80,80,80,80,80,80,90,90,92,94,94,94,96,96,98,98,100,100,102,102,104,104,106,108,108,108,110,110,110,112,112,112,114,114,116,116,116,118,118,118,122,126,128],"card_choices":[{"not_picked":["Body Slam","Pummel"],"picked":"Cleave","floor":1},{"not_picked":["Bloodletting","Wild Strike","Shrug It Off","Clash"],"picked":"Headbutt","floor":3},{"not_picked":["hubris:CleavingFinish","hubris:ReadiedAction","ReplayTheSpireMod:Stacked","Carnage","StuffTheSpire:Incineration"],"picked":"SKIP","floor":5},{"not_picked":["hubris:CleavingFinish","hubris:ReadiedAction","ReplayTheSpireMod:Stacked","Carnage","StuffTheSpire:Incineration"],"picked":"SKIP","floor":5},{"not_picked":["BarbarianYell","ReplayTheSpireMod:Stacked","Replay:Undeath\u0027s Touch","StuffTheSpire:RockThrow"],"picked":"Carnage","floor":7},{"not_picked":["Bloodletting","StuffTheSpire:TitanForm","Shockwave","ReplayTheSpireMod:Limb From Limb","Sword Boomerang"],"picked":"SKIP","floor":10},{"not_picked":["Sword Boomerang","Perfected Strike","Flex","Replay:Undeath\u0027s Touch","Pommel Strike"],"picked":"SKIP","floor":11},{"not_picked":["Anger","MostiFishMod:#F4004","True Grit","Dropkick"],"picked":"Entrench","floor":13},{"not_picked":["Blood for Blood","Ghostly Armor","hubris:ReadiedAction","Flame Barrier"],"picked":"Evolve","floor":14},{"not_picked":["Corruption","Eclipse","Brutality","MostiFishMod:PerfectStrikeMKII"],"picked":"conspire:Purge","floor":16},{"not_picked":["jedi:fear","Heavy Blade","Warcry+1","Pummel","Run Through+1"],"picked":"SKIP","floor":18},{"not_picked":["Replay:Many Hands","Thunderclap","Run Through+1","Burning Pact","Flex"],"picked":"Singing Bowl","floor":21},{"not_picked":["StuffTheSpire:Slingshot+1","Pommel Strike","Seeing Red","Run Through","Invigoration"],"picked":"Singing Bowl","floor":22},{"not_picked":["StuffTheSpire:Slingshot","Headbutt","Sword Boomerang+1","Iron Wave+1"],"picked":"Inflame","floor":23},{"not_picked":["Perfected Strike","jedi:controlledanger","Hemokinesis+1","Rampage+1","Wild Strike"],"picked":"Singing Bowl","floor":25},{"not_picked":["MostiFishMod:OrdinaryWorld","Searing Blow+1","Pommel Strike","Ghostly Armor+1","StuffTheSpire:Slingshot"],"picked":"Singing Bowl","floor":27},{"not_picked":["Shockwave","conspire:Charge","Armaments+1","True Grit","Anger"],"picked":"Singing Bowl","floor":29},{"not_picked":["Battle Trance+1","ReplayTheSpireMod:Stacked","Pommel Strike","Sever Soul+1","jedi:MakeshiftSword"],"picked":"Singing Bowl","floor":31},{"not_picked":["MostiFishMod:KnuckleDown","jedi:strikingstrike","MostiFishMod:DarkDeal","jedi:bloodyhammer","MostiFishMod:RacingGame"],"picked":"Singing Bowl","floor":33},{"not_picked":["Pommel Strike+1","Heavy Blade","Warcry+1","Rampage+1","Armaments+1"],"picked":"Singing Bowl","floor":35},{"not_picked":["Sever Soul+1","StuffTheSpire:Resist","Wild Strike","Anger","Shrug It Off"],"picked":"Singing Bowl","floor":36},{"not_picked":["Clash+1","jedi:fear","Bloodletting","Fire Breathing","Rupture+1"],"picked":"Singing Bowl","floor":39},{"not_picked":["Run Through","Iron Wave+1","conspire:ExplosiveBarrier","Abandon+1"],"picked":"Demon Form","floor":40},{"not_picked":["Run Through","Perfected Strike+1","Pommel Strike","StuffTheSpire:RockThrow+1","Entrench+1"],"picked":"Singing Bowl","floor":42},{"not_picked":["Body Slam","Ghostly Armor+1","conspire:ExplosiveBarrier+1","Immolate","Rupture"],"picked":"Singing Bowl","floor":45},{"not_picked":["Burning Pact+1","StuffTheSpire:Incineration","StuffTheSpire:Slingshot+1","Clash","rat:Decimate"],"picked":"Singing Bowl","floor":47},{"not_picked":["Thinking Ahead","ReplayUltimateDefense","Panache","MostiFishMod:MusicBox"],"picked":"conspire:Banana","floor":48},{"not_picked":["Invigoration+1","StuffTheSpire:Incineration","Pommel Strike+1","StuffTheSpire:Slingshot"],"picked":"Iron Wave+1","floor":53},{"not_picked":["Massacre","Havoc+1","Wild Strike","Warcry+1","jedi:controlledanger"],"picked":"Singing Bowl","floor":53},{"not_picked":["StuffTheSpire:Slingshot","Wild Strike+1","Bloodletting","ReplayTheSpireMod:LeadingStrike"],"picked":"jedi:MakeshiftSword+1","floor":53},{"not_picked":["hubris:CleavingFinish","ReplayTheSpireMod:Strike From Hell+1","Rampage","StuffTheSpire:Incineration","Body Slam+1"],"picked":"Singing Bowl","floor":53},{"not_picked":["Warcry","Offering","Anger+1","StuffTheSpire:Slingshot+1"],"picked":"Feel No Pain","floor":53},{"not_picked":["Infernal Blade","Combust","Body Slam","Headbutt","Anger+1"],"picked":"Singing Bowl","floor":54}],"player_experience":683155,"relics_obtained":[{"floor":1,"key":"SynthV:TestCard"},{"floor":9,"key":"PreservedInsect"},{"floor":10,"key":"ReplayTheSpireMod:Ninjato"},{"floor":14,"key":"qcfpunch:Red_Headband"},{"floor":23,"key":"Bronze Scales"},{"floor":25,"key":"hubris:BundleOfHerbs"},{"floor":40,"key":"Replay:PocketPolymizer"},{"floor":42,"key":"MawBank"},{"floor":43,"key":"Happy Flower"},{"floor":54,"key":"Dota2Spire:DrumOfEndurance"}],"event_choices":[{"damage_healed":0,"gold_gain":0,"player_choice":"Forge","damage_taken":0,"max_hp_gain":0,"max_hp_loss":0,"event_name":"Accursed Blacksmith","floor":2,"gold_loss":0,"cards_upgraded":["Bash"]},{"damage_healed":0,"gold_gain":0,"player_choice":"RE RE ","damage_taken":39,"relics_obtained":["jedi:shrinkray","Oddly Smooth Stone"],"max_hp_gain":0,"max_hp_loss":0,"event_name":"betterSkull:BetterSkull","floor":8,"gold_loss":0,"cards_upgraded":[]},{"damage_healed":0,"gold_gain":0,"player_choice":"Upgraded","damage_taken":0,"max_hp_gain":0,"max_hp_loss":0,"event_name":"Upgrade Shrine","floor":15,"gold_loss":0,"cards_upgraded":["Carnage"]},{"cards_removed":["MostiFishMod:Confrontation"],"damage_healed":5,"gold_gain":0,"player_choice":"Offered Rare","damage_taken":0,"max_hp_gain":10,"max_hp_loss":0,"event_name":"Bonfire Elementals","floor":19,"gold_loss":0},{"damage_healed":0,"gold_gain":0,"player_choice":"Bought 0 Potions","damage_taken":0,"max_hp_gain":0,"max_hp_loss":0,"event_name":"The Woman in Blue","floor":38,"gold_loss":0},{"damage_healed":0,"gold_gain":0,"player_choice":"Embrace Madness","damage_taken":14,"max_hp_gain":0,"max_hp_loss":0,"event_name":"Winding Halls","floor":44,"gold_loss":0,"cards_obtained":["Madness","Madness"]},{"damage_healed":0,"gold_gain":0,"player_choice":"Memory 1","damage_taken":0,"max_hp_gain":0,"max_hp_loss":0,"event_name":"SensoryStone","floor":48,"gold_loss":0}],"is_beta":false,"boss_relics":[{"not_picked":["GuanYuAspect","Runic Pyramid"],"picked":"DiscerningMonocle"},{"not_picked":["Replay:Wanted Poster","FrostBlade"],"picked":"conspire:SpecialSausage"}],"items_purged_floors":[37],"is_endless":false,"potions_floor_spawned":[1,5,11,14,22,25,27,31,33,40,42,45,47],"ascension_level":0}}