{"host":"ec9su878rez08avc","time":1610065770,"event":{"mods":["AchievementEnabler","BaseMod","Colored Map","Colored Powertips","DeckTracker","Minty Spire (QoL Compilation)","StSLib"],"gold_per_floor":[110,125,50,68,68,68,99,114,138,138,153,153,167,184,184,288,288,305,322,7,26,26,59,158,158,212,237,306,306,326,336,336,336,336],"floor_reached":33,"playtime":2633,"items_purged":["Strike_R"],"score":303,"play_id":"5f0b900b-8851-49a1-a41e-6d53901a703b","local_time":"20210107162930","is_ascension_mode":true,"campfire_choices":[{"data":"Wild Strike","floor":6,"key":"SMITH"},{"data":"Defend_R","floor":10,"key":"SMITH"},{"data":"Carnage","floor":12,"key":"SMITH"},{"floor":15,"key":"REST"},{"floor":25,"key":"REST"},{"data":"Fire Breathing","floor":29,"key":"SMITH"},{"data":"Pommel Strike","floor":32,"key":"SMITH"}],"circlet_count":0,"master_deck":["Strike_R","Strike_R","Strike_R","Strike_R","Defend_R+1","Defend_R","Defend_R+1","Defend_R","Bash","Metallicize","Wild Strike+1","Infernal Blade","Rampage","Cleave","Carnage+1","Shrug It Off","Fire Breathing+1","Pommel Strike+1","Exhume","Cleave","Ghostly Armor+1","Thunderclap+1","Clothesline+1","Clumsy","Disarm+1","Parasite","Carnage+1","Dark Embrace+1"],"relics":["Burning Blood","Dream Catcher","Nunchaku","Cursed Key","HornCleat","Bag of Marbles","Orichalcum","War Paint","Question Card"],"acts_visited":["Exordium","TheCity"],"potions_floor_usage":[7,13,16,23,33],"damage_taken":[{"damage":1,"enemies":"Cultist","floor":1,"turns":3},{"damage":1,"enemies":"Jaw Worm","floor":2,"turns":3},{"damage":0,"enemies":"Small Slimes","floor":4,"turns":3},{"damage":21,"enemies":"Lagavulin","floor":7,"turns":6},{"damage":9,"enemies":"Blue Slaver","floor":8,"turns":3},{"damage":15,"enemies":"Exordium Wildlife","floor":11,"turns":4},{"damage":10,"enemies":"Exordium Thugs","floor":13,"turns":5},{"damage":13,"enemies":"3 Louse","floor":14,"turns":3},{"damage":12,"enemies":"Slime Boss","floor":16,"turns":7},{"damage":2,"enemies":"Chosen","floor":18,"turns":4},{"damage":14,"enemies":"2 Thieves","floor":19,"turns":3},{"damage":2,"enemies":"Cultist and Chosen","floor":21,"turns":4},{"damage":44,"enemies":"Slavers","floor":23,"turns":7},{"damage":19,"enemies":"Book of Stabbing","floor":27,"turns":5},{"damage":2,"enemies":"Snake Plant","floor":30,"turns":4},{"damage":1,"enemies":"Chosen and Byrds","floor":31,"turns":6},{"damage":82,"enemies":"Collector","floor":33,"turns":7}],"seed_played":"863892744841875129","potions_obtained":[{"floor":4,"key":"BlessingOfTheForge"},{"floor":11,"key":"FearPotion"},{"floor":13,"key":"DuplicationPotion"},{"floor":21,"key":"BlessingOfTheForge"},{"floor":27,"key":"Dexterity Potion"}],"is_trial":false,"path_per_floor":["M","M","$","M","?","R","E","M","T","R","M","R","M","M","R","B",null,"M","M","$","M","?","E","?","R","T","E","T","R","M","M","R","B"],"character_chosen":"IRONCLAD","items_purchased":["HornCleat","Ghostly Armor"],"campfire_rested":2,"item_purchase_floors":[20,20],"current_hp_per_floor":[80,80,80,80,90,90,75,72,72,72,63,63,59,52,79,73,90,90,82,82,86,86,48,48,75,75,62,62,62,66,71,71,0,0],"gold":336,"neow_bonus":"ONE_RANDOM_RARE_CARD","is_daily":false,"chose_seed":false,"campfire_upgraded":5,"win_rate":0.0,"timestamp":1610065770,"path_taken":["M","M","?","M","?","R","E","M","T","R","?","R","M","M","R","BOSS","M","M","$","M","?","E","?","R","T","E","?","R","M","?","R","BOSS"],"items_purchased_type":["Relic","Card"],"build_version":"2020-12-22","purchased_purges":1,"victory":false,"max_hp_per_floor":[80,80,80,80,90,90,90,90,90,90,90,90,90,90,90,90,90,90,90,90,90,90,90,90,90,90,90,90,90,90,90,90,90,90],"card_choices":[{"not_picked":["Headbutt","Sword Boomerang"],"picked":"Metallicize","floor":1},{"not_picked":["Heavy Blade","Iron Wave"],"picked":"Wild Strike","floor":2},{"not_picked":["Perfected Strike","Warcry"],"picked":"Infernal Blade","floor":4},{"not_picked":["Inflame","Demon Form"],"picked":"Rampage","floor":7},{"not_picked":["Havoc","Heavy Blade"],"picked":"Cleave","floor":8},{"not_picked":["Sever Soul","Body Slam"],"picked":"Carnage","floor":11},{"not_picked":["Rage","Metallicize"],"picked":"Shrug It Off","floor":13},{"not_picked":["Hemokinesis","Twin Strike"],"picked":"Fire Breathing","floor":14},{"not_picked":["Searing Blow","Anger"],"picked":"Pommel Strike","floor":15},{"not_picked":["Limit Break","Berserk"],"picked":"Exhume","floor":16},{"not_picked":["Body Slam+1","Warcry"],"picked":"Cleave","floor":18},{"not_picked":["Uppercut","Body Slam+1","Thunderclap"],"picked":"SKIP","floor":19},{"not_picked":["Flex","Anger"],"picked":"Thunderclap+1","floor":21},{"not_picked":["Thunderclap","Havoc"],"picked":"Clothesline+1","floor":23},{"not_picked":["Iron Wave","Uppercut"],"picked":"Disarm+1","floor":27},{"not_picked":["Rampage+1","Sword Boomerang","Burning Pact+1"],"picked":"Carnage+1","floor":30},{"not_picked":["Wild Strike","Ghostly Armor+1","Havoc+1"],"picked":"Dark Embrace+1","floor":31}],"player_experience":182156,"relics_obtained":[{"floor":7,"key":"Dream Catcher"},{"floor":9,"key":"Nunchaku"},{"floor":23,"key":"Bag of Marbles"},{"floor":26,"key":"Orichalcum"},{"floor":27,"key":"War Paint"},{"floor":28,"key":"Question Card"}],"event_choices":[{"cards_removed":["Fiend Fire"],"damage_healed":0,"gold_gain":0,"player_choice":"Offered Rare","damage_taken":0,"max_hp_gain":10,"max_hp_loss":0,"event_name":"Bonfire Elementals","floor":5,"gold_loss":0},{"damage_healed":0,"gold_gain":0,"player_choice":"Ignored","damage_taken":0,"max_hp_gain":0,"max_hp_loss":0,"event_name":"Vampires","floor":22,"gold_loss":0},{"damage_healed":0,"gold_gain":99,"player_choice":"Stole From Cult","damage_taken":0,"max_hp_gain":0,"max_hp_loss":0,"event_name":"Nest","floor":24,"gold_loss":0}],"is_beta":false,"boss_relics":[{"not_picked":["Pandora\u0027s Box","Calling Bell"],"picked":"Cursed Key"}],"items_purged_floors":[3],"is_endless":false,"potions_floor_spawned":[4,11,13,21,27],"killed_by":"Collector","ascension_level":1}}