{"host":"Jinnai","time":1610079418,"event":{"mods":["BaseMod","Bestiary","Block Reminder","Colored Map","Colored Powertips","Highlight Path","Minty Spire (QoL Compilation)","Quick Restart","Relic Stats","StSLib"],"gold_per_floor":[111,111,28,38,50,83,96,130,130,130,130,156,176,187,187,187,187],"floor_reached":16,"playtime":781,"items_purged":[],"score":226,"play_id":"87d8dbfe-733c-4316-b7e5-269461e481f8","local_time":"20210107231658","is_ascension_mode":true,"campfire_choices":[{"floor":10,"key":"REST"},{"data":"Blade Dance","floor":15,"key":"SMITH"}],"circlet_count":0,"master_deck":["AscendersBane","Strike_G","Strike_G","Strike_G","Strike_G","Defend_G","Defend_G","Defend_G","Defend_G","Defend_G","Survivor","Neutralize","Glass Knife","Blade Dance+1","Accuracy","Underhanded Strike","Dash","Tactician","Dagger Spray","Backflip","Calculated Gamble"],"relics":["Ring of the Snake","NlothsMask","FossilizedHelix","Nunchaku","Blue Candle"],"acts_visited":["Exordium"],"potions_floor_usage":[6,8,16],"damage_taken":[{"damage":0,"enemies":"Jaw Worm","floor":1,"turns":5},{"damage":0,"enemies":"Cultist","floor":4,"turns":3},{"damage":3,"enemies":"2 Louse","floor":5,"turns":3},{"damage":17,"enemies":"3 Sentries","floor":6,"turns":8},{"damage":0,"enemies":"Blue Slaver","floor":7,"turns":2},{"damage":10,"enemies":"Lagavulin","floor":8,"turns":8},{"damage":17,"enemies":"3 Sentries","floor":12,"turns":8},{"damage":0,"enemies":"Looter","floor":13,"turns":2},{"damage":0,"enemies":"2 Fungi Beasts","floor":14,"turns":2},{"damage":31,"enemies":"Hexaghost","floor":16,"turns":11}],"seed_played":"-5816185998427714166","potions_obtained":[{"floor":4,"key":"Explosive Potion"},{"floor":6,"key":"GhostInAJar"},{"floor":14,"key":"PowerPotion"}],"is_trial":false,"path_per_floor":["M","?","$","M","M","E","M","E","T","R","?","E","M","M","R","B"],"character_chosen":"THE_SILENT","items_purchased":["Accuracy"],"campfire_rested":1,"item_purchase_floors":[3],"current_hp_per_floor":[59,59,59,59,56,39,39,29,29,47,47,30,30,30,30,0,0],"gold":187,"neow_bonus":"THREE_RARE_CARDS","is_daily":false,"chose_seed":false,"campfire_upgraded":1,"win_rate":0.0,"timestamp":1610079418,"path_taken":["M","?","$","M","?","E","M","E","T","R","?","E","?","M","R","BOSS"],"items_purchased_type":["Card"],"build_version":"2020-12-18","purchased_purges":0,"victory":false,"max_hp_per_floor":[60,60,60,60,60,60,60,60,60,60,60,60,60,60,60,60,60],"relic_stats":{"Nunchaku":[6],"counters":[10,52],"Blue Candle":[0],"obtain_stats":[{"Nunchaku":8,"Blue Candle":12,"FossilizedHelix":6,"Ring of the Snake":0,"NlothsMask":2},{"Nunchaku":6,"Blue Candle":7,"FossilizedHelix":4,"Ring of the Snake":0,"NlothsMask":1},{"Nunchaku":29,"Blue Candle":37,"FossilizedHelix":19,"Ring of the Snake":0,"NlothsMask":5}],"Ring of the Snake":[20]},"card_choices":[{"not_picked":["Venomology","A Thousand Cuts"],"picked":"Glass Knife","floor":0},{"not_picked":["Dodge and Roll","Backflip"],"picked":"Blade Dance","floor":1},{"not_picked":["Dodge and Roll","Reflex"],"picked":"Underhanded Strike","floor":4},{"not_picked":["Blur","Setup","Outmaneuver"],"picked":"SKIP","floor":5},{"not_picked":["Terror","Doppelganger"],"picked":"Dash","floor":6},{"not_picked":["Dodge and Roll","Flying Knee","Bane"],"picked":"SKIP","floor":7},{"not_picked":["Flying Knee","Deflect"],"picked":"Tactician","floor":8},{"not_picked":["Backstab","Concentrate"],"picked":"Dagger Spray","floor":12},{"not_picked":["Flechettes","Catalyst"],"picked":"Backflip","floor":13},{"not_picked":["Quick Slash","Doppelganger"],"picked":"Calculated Gamble","floor":14}],"player_experience":1500471,"relics_obtained":[{"floor":6,"key":"FossilizedHelix"},{"floor":8,"key":"Nunchaku"},{"floor":12,"key":"Blue Candle"}],"event_choices":[{"damage_healed":0,"gold_gain":0,"player_choice":"Trade","damage_taken":0,"relics_obtained":["NlothsMask"],"max_hp_gain":0,"max_hp_loss":0,"event_name":"FaceTrader","floor":2,"gold_loss":0},{"cards_removed":["Strike_G"],"damage_healed":0,"gold_gain":0,"player_choice":"Purged","damage_taken":0,"max_hp_gain":0,"max_hp_loss":0,"event_name":"Purifier","floor":11,"gold_loss":0}],"is_beta":true,"boss_relics":[],"items_purged_floors":[],"is_endless":false,"potions_floor_spawned":[4,6,14],"killed_by":"Hexaghost","ascension_level":17}}