{"host":"64agj841g523yxf2","time":1610130322,"event":{"mods":["BaseMod","ChefMod","Hermit","Minty Spire (QoL Compilation)","Remilia??????","Replay The Spire","StSLib","SuperFastMode","The Bug Knight","The Construct","The Cursed","The Disciple","The Hierophant","The Marked","The Mystic","The Necromancer","The Poker Player","The Senshi","The Servant 0.9.4","Yuyuko"],"gold_per_floor":[117,67,67,86,102,102,117,117,167,177,177,204,106,124,124,224,224,241,256,271,291,309,309,321,321,321,352,370,370,401,414,414,414,414],"floor_reached":33,"playtime":2722,"items_purged":["theMarked:Strike"],"score":273,"play_id":"d2cc321f-bf4c-4e4b-b3d4-27e04069f087","local_time":"20210108192522","is_ascension_mode":false,"campfire_choices":[{"data":"theMarked:SoldierOfQuellstein","floor":6,"key":"SMITH"},{"data":"theMarked:Improvise","floor":8,"key":"SMITH"},{"data":"theMarked:WastefulDefense","floor":11,"key":"SMITH"},{"data":"theMarked:HeightenedSenses","floor":23,"key":"SMITH"},{"floor":25,"key":"REST"},{"data":"theMarked:Defy","floor":29,"key":"SMITH"},{"floor":32,"key":"DIG"}],"circlet_count":0,"master_deck":["theMarked:Strike","theMarked:Strike","theMarked:Strike","theMarked:Defend","theMarked:Defend","theMarked:Defend","theMarked:Defend","theMarked:SoldierOfQuellstein+1","theMarked:Improvise+1","Replay:BasicMightCard","theMarked:Frustration","theMarked:SwordAndMagic","theMarked:EnhanceMovement","theMarked:ElectricStrings","theMarked:WastefulDefense+1","theMarked:BanishingStrike+1","theMarked:RepellingDischarge","theMarked:TwofoldDefense","theMarked:Defy+1","theMarked:PowerFlow","theMarked:MuscleMemory","theMarked:WastefulDefense+1","theMarked:MysticalArsenal","theMarked:HeightenedSenses+1","theMarked:EnhanceMovement","theMarked:Opportunist","theMarked:SummonStrength","theMarked:Aftermath","theMarked:CreepingChasm"],"relics":["theMarked:ArtifactOfAir","Replay:Baseball","Replay:Rubber Ducky","ReplayTheSpireMod:DimensionalGlitch","ReplayFunnel","Red Mask","theMarked:DemonDagger","theMarked:NailFile"],"acts_visited":["Exordium","TheCity"],"potions_floor_usage":[16,20,20,30,30,33,33],"damage_taken":[{"damage":1,"enemies":"Cultist","floor":1,"turns":4},{"damage":0,"enemies":"Small Slimes","floor":4,"turns":3},{"damage":3,"enemies":"2 Louse","floor":5,"turns":3},{"damage":0,"enemies":"2 Fungi Beasts","floor":7,"turns":2},{"damage":0,"enemies":"Looter","floor":10,"turns":2},{"damage":8,"enemies":"Gremlin Nob","floor":12,"turns":3},{"damage":18,"enemies":"Exordium Thugs","floor":14,"turns":4},{"damage":16,"enemies":"Fading Forest","floor":16,"turns":11},{"damage":10,"enemies":"2 Thieves","floor":18,"turns":4},{"damage":0,"enemies":"3 Byrds","floor":19,"turns":4},{"damage":11,"enemies":"Snake Plant","floor":20,"turns":6},{"damage":0,"enemies":"Centurion and Healer","floor":21,"turns":5},{"damage":14,"enemies":"Chosen and Byrds","floor":22,"turns":5},{"damage":34,"enemies":"Snecko","floor":24,"turns":6},{"damage":0,"enemies":"Masked Bandits","floor":27,"turns":2},{"damage":0,"enemies":"Centurion and Healer","floor":28,"turns":7},{"damage":17,"enemies":"Book of Stabbing","floor":30,"turns":6},{"damage":9,"enemies":"Snake Plant","floor":31,"turns":4},{"damage":6,"enemies":"Automaton","floor":33,"turns":8}],"seed_played":"7195843747642555445","potions_obtained":[{"floor":1,"key":"Adrenaline Potion"},{"floor":5,"key":"Explosive Potion"},{"floor":10,"key":"Dexterity Potion"},{"floor":16,"key":"Weak Potion"},{"floor":20,"key":"Strength Potion"},{"floor":22,"key":"Explosive Potion"},{"floor":31,"key":"Dexterity Potion"}],"is_trial":false,"path_per_floor":["M","?","?","M","M","R","M","R","T","M","R","E","$","M","R","B",null,"M","M","M","M","M","R","M","R","T","?","M","R","E","M","R","B"],"character_chosen":"THE_DEFAULT","items_purchased":["theMarked:RepellingDischarge"],"campfire_rested":1,"item_purchase_floors":[13],"current_hp_per_floor":[76,76,76,76,73,73,73,73,73,73,73,65,65,47,70,54,77,67,67,56,56,42,42,8,31,31,31,31,31,14,5,5,0,0],"gold":414,"neow_bonus":"TEN_PERCENT_HP_BONUS","is_daily":false,"chose_seed":false,"campfire_upgraded":5,"win_rate":0.0,"timestamp":1610130322,"path_taken":["M","?","?","M","M","R","M","R","T","?","R","E","?","M","R","BOSS","M","M","M","M","M","R","M","R","T","?","M","R","E","M","R","BOSS"],"items_purchased_type":["Card"],"build_version":"2020-12-22","purchased_purges":1,"victory":false,"max_hp_per_floor":[77,77,77,77,77,77,77,77,77,77,77,77,77,77,77,77,77,77,77,77,77,77,77,77,77,77,77,77,77,77,77,77,77,77],"card_choices":[{"not_picked":["theMarked:Polarize","theMarked:EmpowerWeapon"],"picked":"theMarked:Improvise","floor":1},{"not_picked":["theMarked:Convert","theMarked:ResourceFulStrike"],"picked":"theMarked:SwordAndMagic","floor":4},{"not_picked":["theMarked:ShockingTouch","theMarked:TunnelVision"],"picked":"theMarked:EnhanceMovement","floor":5},{"not_picked":["theMarked:Convert","theMarked:Seal"],"picked":"theMarked:ElectricStrings","floor":7},{"not_picked":["theMarked:StartUp","theMarked:SwordAndMagic"],"picked":"theMarked:WastefulDefense","floor":10},{"not_picked":["theMarked:Frustration","theMarked:StartUp"],"picked":"theMarked:BanishingStrike","floor":12},{"not_picked":["theMarked:Convert","theMarked:HeightenedSenses"],"picked":"theMarked:TwofoldDefense","floor":14},{"not_picked":["theMarked:Levitate","theMarked:UnarmedFury"],"picked":"theMarked:Defy","floor":16},{"not_picked":["theMarked:BanishingStrike","theMarked:RepellingDischarge"],"picked":"theMarked:PowerFlow","floor":18},{"not_picked":["theMarked:WastefulAttack+1","theMarked:SwordAndMagic"],"picked":"theMarked:MuscleMemory","floor":19},{"not_picked":["theMarked:Frustration","theMarked:SwordAndMagic"],"picked":"theMarked:WastefulDefense+1","floor":20},{"not_picked":["theMarked:BanishingWave","theMarked:BanishingStrike"],"picked":"theMarked:MysticalArsenal","floor":21},{"not_picked":["theMarked:WastefulAttack","theMarked:ElectricStrings"],"picked":"theMarked:HeightenedSenses","floor":22},{"not_picked":["theMarked:WastefulAttack+1","theMarked:SwordAndMagic+1"],"picked":"theMarked:EnhanceMovement","floor":24},{"not_picked":["theMarked:Panic","theMarked:WastefulAttack+1"],"picked":"theMarked:Opportunist","floor":27},{"not_picked":["theMarked:Polarize","theMarked:Improvise"],"picked":"theMarked:SummonStrength","floor":28},{"not_picked":["theMarked:AttractMetal","theMarked:Frustration"],"picked":"theMarked:Aftermath","floor":30},{"not_picked":["theMarked:WastefulDefense","theMarked:TunnelVision+1"],"picked":"theMarked:CreepingChasm","floor":31}],"player_experience":296956,"relics_obtained":[{"floor":9,"key":"Replay:Baseball"},{"floor":12,"key":"Replay:Rubber Ducky"},{"floor":26,"key":"ReplayFunnel"},{"floor":27,"key":"Red Mask"},{"floor":30,"key":"theMarked:DemonDagger"},{"floor":32,"key":"theMarked:NailFile"}],"event_choices":[{"cards_removed":["theMarked:Strike"],"damage_healed":0,"gold_gain":0,"player_choice":"Card Removal","damage_taken":0,"max_hp_gain":0,"max_hp_loss":0,"event_name":"The Cleric","floor":2,"gold_loss":50},{"damage_healed":0,"gold_gain":0,"player_choice":"2 cards matched","damage_taken":0,"max_hp_gain":0,"max_hp_loss":0,"event_name":"Match and Keep!","floor":3,"gold_loss":0,"cards_obtained":["Replay:BasicMightCard","theMarked:Frustration"]},{"damage_healed":0,"gold_gain":0,"player_choice":"Fought Bandits","damage_taken":0,"max_hp_gain":0,"max_hp_loss":0,"event_name":"Masked Bandits","floor":27,"gold_loss":0}],"is_beta":false,"boss_relics":[{"not_picked":["Runic Dome","theMarked:BronzeBlade"],"picked":"ReplayTheSpireMod:DimensionalGlitch"}],"items_purged_floors":[13],"is_endless":false,"potions_floor_spawned":[1,5,10,14,16,19,20,22,27,31],"killed_by":"Automaton","ascension_level":0}}