{"host":"61r95uy0hn86b9iu","time":1610073116,"event":{"mods":["AchievementEnabler","BaseMod","Better Vampires","BetterRewards","Colored Powertips","Hubris","Minty Spire (QoL Compilation)","Shop Mod","StSLib"],"gold_per_floor":[112,2,10,10,10,10,38,38,90,90,90,105,119,19,19,96,96,114,134,134,134,134,134,149,167,167,180,0,48,23,23,23,111,111,123,173,183,195,207,241,266,37,37,54,70,70,70],"floor_reached":46,"playtime":2192,"items_purged":["Strike_R","Writhe","Strike_R"],"score":1283,"play_id":"6bef412d-eb09-4b17-9b2b-a0983018dd24","local_time":"20210107203156","is_ascension_mode":true,"campfire_choices":[{"data":"Apotheosis","floor":6.0,"key":"SMITH"},{"floor":8.0,"key":"REST"},{"data":"Chrysalis","floor":15.0,"key":"SMITH"},{"data":"Berserk","floor":23.0,"key":"SMITH"},{"floor":32.0,"key":"REST"}],"circlet_count":0,"master_deck":["AscendersBane","Strike_R","Defend_R","Defend_R","Bash","Apotheosis+1","Inflame","Flash of Steel","Chrysalis+1","Inflame","Headbutt","Battle Trance","Pommel Strike","Shrug It Off","Iron Wave","Reaper","Seeing Red","Berserk+1","Heavy Blade+1","Demon Form","Juggernaut","Whirlwind","Feed","Ghostly Armor"],"relics":["Burning Blood","Membership Card","MerchantsRug","Happy Flower","Lantern","Akabeko","Boot","hubris:Icosahedron","Tiny Chest","hubris:RunicObelisk","hubris:Towel","hubris:SlimyHat","HandDrill","CeramicFish","hubris:Backtick","hubris:Potato","Bottled Lightning","Bag of Preparation"],"acts_visited":["Exordium","TheCity","TheBeyond"],"potions_floor_usage":[],"damage_taken":[{"damage":0.0,"enemies":"Cultist","floor":1.0,"turns":3.0},{"damage":12.0,"enemies":"Gremlin Nob","floor":7.0,"turns":3.0},{"damage":7.0,"enemies":"Jaw Worm","floor":12.0,"turns":3.0},{"damage":10.0,"enemies":"Small Slimes","floor":13.0,"turns":2.0},{"damage":15.0,"enemies":"The Guardian","floor":16.0,"turns":8.0},{"damage":35.0,"enemies":"2 Thieves","floor":18.0,"turns":4.0},{"damage":25.0,"enemies":"Spheric Guardian","floor":19.0,"turns":4.0},{"damage":24.0,"enemies":"Snake Plant","floor":24.0,"turns":4.0},{"damage":0.0,"enemies":"Sentry and Sphere","floor":25.0,"turns":4.0},{"damage":13.0,"enemies":"Snecko","floor":27.0,"turns":5.0},{"damage":20.0,"enemies":"hubris:MusketHawk","floor":33.0,"turns":5.0},{"damage":16.0,"enemies":"Orb Walker","floor":35.0,"turns":3.0},{"damage":19.0,"enemies":"3 Shapes","floor":37.0,"turns":4.0},{"damage":37.0,"enemies":"Jaw Worm Horde","floor":38.0,"turns":5.0},{"damage":28.0,"enemies":"Maw","floor":39.0,"turns":6.0},{"damage":77.0,"enemies":"Reptomancer","floor":40.0,"turns":7.0},{"damage":20.0,"enemies":"3 Darklings","floor":41.0,"turns":3.0},{"damage":26.0,"enemies":"Sphere and 2 Shapes","floor":44.0,"turns":4.0},{"damage":46,"enemies":"Maw","floor":45,"turns":5},{"damage":37,"enemies":"Spire Growth","floor":46,"turns":2}],"seed_played":"2329902635247727335","potions_obtained":[{"floor":12.0,"key":"LiquidBronze"},{"floor":16.0,"key":"HeartOfIron"},{"floor":18.0,"key":"SteroidPotion"},{"floor":24.0,"key":"Block Potion"},{"floor":27.0,"key":"Weak Potion"},{"floor":35.0,"key":"ElixirPotion"},{"floor":39.0,"key":"GamblersBrew"},{"floor":45,"key":"LiquidBronze"}],"is_trial":false,"path_per_floor":["M","$","$","?","?","R","E","R","T","?","?","M","M","$","R","B",null,"M","M","?","?","?","R","M","M","T","M","$","T","$","$","R","B",null,"M","?","M","M","M","E","M","$","T","M","M","M"],"character_chosen":"IRONCLAD","items_purchased":["Membership Card","Apotheosis","Inflame","Flash of Steel","Inflame","MerchantsRug","Strawberry","BloodPotion","Pommel Strike","Tiny Chest","Iron Wave","Demon Form","HandDrill","DistilledChaos","Feed","Ghostly Armor","Bag of Preparation"],"campfire_rested":2,"item_purchase_floors":[0,0,0,0,0,0,2,2,3,14,14,28,28,30,42,42,42],"current_hp_per_floor":[58,65,65,58,58,58,52,76,76,65,65,81,77,77,77,68,79,66,47,47,47,47,47,29,35,35,40,40,40,40,40,64,50,74,71,71,69,54,66,29,39,39,39,39,18,0,0],"gold":70,"neow_bonus":"","is_daily":false,"chose_seed":false,"campfire_upgraded":3,"win_rate":0.0,"timestamp":1610073116,"path_taken":["M","?","$","?","?","R","E","R","T","?","?","M","M","?","R","BOSS","M","M","?","?","?","R","M","M","T","M","$","?","?","$","R","BOSS","M","?","M","M","M","E","M","?","T","M","M","M"],"items_purchased_type":["Relic","Card","Card","Card","Card","Relic","Relic","Potion","Card","Relic","Card","Card","Relic","Potion","Card","Card","Relic"],"build_version":"2020-12-22","purchased_purges":3,"victory":false,"max_hp_per_floor":[75,82,82,82,82,82,82,82,82,82,82,82,82,82,82,82,82,82,82,82,82,82,82,82,82,82,82,82,82,82,82,82,82,82,82,82,82,82,82,82,82,82,82,86,90,90,90],"card_choices":[{"not_picked":["Iron Wave","Combust"],"picked":"Battle Trance","floor":1.0},{"not_picked":["Armaments","Battle Trance","Clothesline"],"picked":"SKIP","floor":7.0},{"not_picked":["Feel No Pain","Havoc"],"picked":"Shrug It Off","floor":12.0},{"not_picked":["Anger","Burning Pact","Sword Boomerang"],"picked":"SKIP","floor":13.0},{"not_picked":["Feed","Double Tap"],"picked":"Reaper","floor":16.0},{"not_picked":["Armaments","Sword Boomerang","Shrug It Off"],"picked":"SKIP","floor":18.0},{"not_picked":["Reckless Charge","True Grit","hubris:ReadiedAction"],"picked":"SKIP","floor":19.0},{"not_picked":["Shrug It Off","Warcry","Clothesline"],"picked":"SKIP","floor":24.0},{"not_picked":["Headbutt","Clothesline","Clash+1"],"picked":"SKIP","floor":25.0},{"not_picked":["Sword Boomerang","Searing Blow"],"picked":"Heavy Blade+1","floor":27.0},{"not_picked":["Berserk","Exhume"],"picked":"Juggernaut","floor":33.0},{"not_picked":["Wild Strike+1","Flex","Pommel Strike"],"picked":"SKIP","floor":35.0},{"not_picked":["Wild Strike+1","Flex","Pommel Strike"],"picked":"SKIP","floor":35.0},{"not_picked":["Wild Strike+1","Body Slam","Seeing Red"],"picked":"SKIP","floor":37.0},{"not_picked":["Anger","Clothesline","Iron Wave"],"picked":"SKIP","floor":38.0},{"not_picked":["Pommel Strike","hubris:SharpeningStone","Exhume"],"picked":"SKIP","floor":39.0},{"not_picked":["Entrench","Cleave","Burning Pact"],"picked":"SKIP","floor":40.0},{"not_picked":["Dropkick","hubris:CleavingFinish"],"picked":"Whirlwind","floor":41.0},{"not_picked":["Flex","Pommel Strike","Evolve"],"picked":"SKIP","floor":44.0},{"not_picked":["Dual Wield","hubris:ReadiedAction","Ghostly Armor+1"],"picked":"SKIP","floor":45}],"player_experience":3251418,"relics_obtained":[{"floor":7.0,"key":"Lantern"},{"floor":9.0,"key":"Akabeko"},{"floor":26.0,"key":"hubris:SlimyHat"},{"floor":29.0,"key":"CeramicFish"},{"floor":40.0,"key":"Bottled Lightning"}],"event_choices":[{"cards_removed":["Strike_R"],"damage_healed":0.0,"max_hp_gain":0.0,"max_hp_loss":0.0,"gold_gain":0.0,"event_name":"Golden Wing","player_choice":"Card Removal","floor":4.0,"gold_loss":0.0,"damage_taken":7.0},{"damage_healed":0.0,"max_hp_gain":0.0,"max_hp_loss":0.0,"gold_gain":0.0,"event_name":"Liars Game","player_choice":"Ignored","floor":5.0,"gold_loss":0.0,"damage_taken":0.0},{"damage_healed":0.0,"max_hp_gain":0.0,"max_hp_loss":0.0,"gold_gain":0.0,"event_name":"Scrap Ooze","player_choice":"Success","floor":10.0,"gold_loss":0.0,"damage_taken":11.0,"relics_obtained":["Boot"]},{"damage_healed":0.0,"max_hp_gain":0.0,"max_hp_loss":0.0,"gold_gain":0.0,"cards_transformed":["Strike_R","Defend_R"],"event_name":"Drug Dealer","player_choice":"Became Test Subject","floor":21.0,"gold_loss":0.0,"damage_taken":0.0,"cards_obtained":["Seeing Red","Berserk"]},{"damage_healed":0.0,"max_hp_gain":0.0,"max_hp_loss":0.0,"gold_gain":0.0,"event_name":"The Mausoleum","player_choice":"Opened","floor":22.0,"gold_loss":0.0,"damage_taken":0.0,"relics_obtained":["Art of War"],"cards_obtained":["Writhe"]},{"damage_healed":0.0,"max_hp_gain":0.0,"max_hp_loss":0.0,"gold_gain":50.0,"event_name":"Golden Shrine","player_choice":"Pray","floor":36.0,"gold_loss":0.0,"damage_taken":0.0}],"is_beta":false,"boss_relics":[{"not_picked":["Runic Dome","Busted Crown"],"picked":"hubris:RunicObelisk"},{"not_picked":["Calling Bell","Tiny House"],"picked":"hubris:Backtick"}],"items_purged_floors":[0,28,42],"is_endless":false,"potions_floor_spawned":[12,16,18,24,27,35,39,45],"killed_by":"Spire Growth","ascension_level":18}}