{"host":"08sn1703g14rasc1","time":1610098204,"event":{"mods":["AchievementEnabler","BaseMod","Colored Map","Colored Powertips","Hermit","Minty Spire (QoL Compilation)","StSLib"],"gold_per_floor":[10,28,28,5,5,5,49,70,152,168,187,187,4,18,18,141,141,159,159,180,23,23,23,41,41,115,136,157,157,177,177,177,177,177],"floor_reached":33,"playtime":991,"items_purged":[],"score":349,"play_id":"91dd13a6-4241-42df-a104-b631b509173d","local_time":"20210108013004","is_ascension_mode":true,"campfire_choices":[{"data":"Armaments","floor":6,"key":"SMITH"},{"floor":12,"key":"REST"},{"data":"Hemokinesis","floor":15,"key":"SMITH"},{"floor":23,"key":"REST"},{"floor":25,"key":"REST"},{"floor":29,"key":"REST"},{"floor":32,"key":"REST"}],"circlet_count":0,"master_deck":["Strike_R","Strike_R","Strike_R","Strike_R","Defend_R","Defend_R","Defend_R","Defend_R","Bash","Pommel Strike","Thunderclap","Injury","Armaments+1","Intimidate","Flex","Impervious","Iron Wave","Metallicize","Juggernaut","True Grit","Hemokinesis+1","Reaper","Flame Barrier","Rage","Juggernaut","Uppercut+1","Sword Boomerang"],"relics":["Burning Blood","WingedGreaves","Bloody Idol","Red Skull","Letter Opener","SacredBark","Enchiridion","MealTicket","Akabeko","Darkstone Periapt"],"acts_visited":["Exordium","TheCity"],"potions_floor_usage":[16,27,27],"damage_taken":[{"damage":18,"enemies":"Jaw Worm","floor":1,"turns":4},{"damage":2,"enemies":"Small Slimes","floor":2,"turns":4},{"damage":43,"enemies":"Lagavulin","floor":7,"turns":10},{"damage":0,"enemies":"Cultist","floor":8,"turns":3},{"damage":4,"enemies":"Red Slaver","floor":10,"turns":4},{"damage":0,"enemies":"Looter","floor":11,"turns":3},{"damage":4,"enemies":"Exordium Wildlife","floor":14,"turns":8},{"damage":55,"enemies":"Slime Boss","floor":16,"turns":11},{"damage":15,"enemies":"Shell Parasite","floor":18,"turns":9},{"damage":9,"enemies":"Spheric Guardian","floor":20,"turns":6},{"damage":48,"enemies":"Snake Plant","floor":24,"turns":5},{"damage":53,"enemies":"Centurion and Healer","floor":27,"turns":9},{"damage":23,"enemies":"Snecko","floor":28,"turns":5},{"damage":35,"enemies":"Snake Plant","floor":30,"turns":4},{"damage":57,"enemies":"Automaton","floor":33,"turns":8}],"seed_played":"-4747637142414088710","potions_obtained":[{"floor":8,"key":"BlessingOfTheForge"},{"floor":11,"key":"BlessingOfTheForge"},{"floor":14,"key":"LiquidMemories"},{"floor":16,"key":"Ancient Potion"},{"floor":24,"key":"LiquidBronze"}],"is_trial":false,"path_per_floor":["M","M","?","$","?","R","E","M","T","M","M","R","$","M","R","B",null,"M","?","M","$","?","R","M","R","T","M","M","R","M","?","R","B"],"character_chosen":"IRONCLAD","items_purchased":["Armaments","Juggernaut","True Grit","MealTicket"],"campfire_rested":5,"item_purchase_floors":[4,13,13,21],"current_hp_per_floor":[60,64,64,64,64,64,27,33,33,35,41,65,65,67,67,18,65,56,40,37,37,37,61,31,55,55,24,17,41,12,12,36,0,0],"gold":177,"neow_bonus":"ONE_RARE_RELIC","is_daily":false,"chose_seed":false,"campfire_upgraded":2,"win_rate":0.0,"timestamp":1610098204,"path_taken":["M","M","?","$","?","R","E","M","T","?","M","R","?","M","R","BOSS","M","?","M","$","?","R","M","R","T","M","M","R","M","?","R","BOSS"],"items_purchased_type":["Card","Card","Card","Relic"],"build_version":"2020-12-22","purchased_purges":0,"victory":false,"max_hp_per_floor":[80,80,80,80,80,80,80,80,80,80,80,80,80,80,80,80,80,80,80,80,80,80,80,80,80,80,80,80,80,80,80,80,80,80],"card_choices":[{"not_picked":["Evolve","Warcry"],"picked":"Pommel Strike","floor":1},{"not_picked":["Wild Strike","Headbutt"],"picked":"Thunderclap","floor":2},{"not_picked":["Iron Wave","Havoc"],"picked":"Flex","floor":7},{"not_picked":["Searing Blow","Body Slam"],"picked":"Impervious","floor":8},{"not_picked":["Anger","Pommel Strike"],"picked":"Iron Wave","floor":10},{"not_picked":["Battle Trance","Heavy Blade"],"picked":"Metallicize","floor":11},{"not_picked":["Carnage","Feel No Pain"],"picked":"Hemokinesis","floor":14},{"not_picked":["Corruption","Feed"],"picked":"Reaper","floor":16},{"not_picked":["Iron Wave+1","Shrug It Off"],"picked":"Flame Barrier","floor":18},{"not_picked":["True Grit+1","Reckless Charge"],"picked":"Rage","floor":20},{"not_picked":["Feel No Pain","Seeing Red"],"picked":"Juggernaut","floor":24},{"not_picked":["Clothesline+1","Flex"],"picked":"Uppercut+1","floor":27},{"not_picked":["Armaments","Havoc"],"picked":"Sword Boomerang","floor":28},{"not_picked":["Armaments+1","Blood for Blood","Burning Pact"],"picked":"SKIP","floor":30}],"player_experience":469502,"relics_obtained":[{"floor":7,"key":"Red Skull"},{"floor":9,"key":"Letter Opener"},{"floor":19,"key":"Enchiridion"},{"floor":26,"key":"Darkstone Periapt"}],"event_choices":[{"damage_healed":0,"gold_gain":0,"player_choice":"Take Wound","damage_taken":0,"relics_obtained":["Golden Idol"],"max_hp_gain":0,"max_hp_loss":0,"event_name":"Golden Idol","floor":3,"gold_loss":0,"cards_obtained":["Injury"]},{"damage_healed":0,"gold_gain":0,"cards_transformed":["Strike_R"],"player_choice":"Transformed","damage_taken":0,"max_hp_gain":0,"max_hp_loss":0,"event_name":"Transmorgrifier","floor":5,"gold_loss":0,"cards_obtained":["Intimidate"]},{"damage_healed":0,"gold_gain":0,"player_choice":"Obtained Book","damage_taken":16,"max_hp_gain":0,"max_hp_loss":0,"event_name":"Cursed Tome","floor":19,"gold_loss":0},{"damage_healed":0,"gold_gain":0,"player_choice":"Opened","damage_taken":0,"relics_obtained":["Akabeko"],"max_hp_gain":0,"max_hp_loss":0,"event_name":"The Mausoleum","floor":22,"gold_loss":0},{"damage_healed":0,"gold_gain":0,"player_choice":"Gave Idol","damage_taken":0,"relics_obtained":["Bloody Idol"],"max_hp_gain":0,"max_hp_loss":0,"event_name":"Forgotten Altar","floor":31,"relics_lost":["Golden Idol"],"gold_loss":0}],"is_beta":false,"boss_relics":[{"not_picked":["Velvet Choker","Coffee Dripper"],"picked":"SacredBark"}],"items_purged_floors":[],"is_endless":false,"potions_floor_spawned":[8,11,14,16,20,24],"killed_by":"Automaton","ascension_level":8}}