{"host":"ky4fpkow6stmf9da","time":1610131946,"event":{"mods":["2.2 Compatiblity","AchievementEnabler","BaseMod","Better Third Choice","Gold Saver","Minty Spire (QoL Compilation)","Rare Cards Sparkle","Spicy Shops","StSLib","The Bug Knight"],"gold_per_floor":[109,126,141,65,165,193,193,205,251,281,281,315,328,346,346,448,448,468,479,492,492,492,492,523,523,546,563,580,40,51,71,71,175,225,240,254,272,289,308,308,308],"floor_reached":40,"playtime":3008,"items_purged":[],"score":449,"play_id":"0f2912d8-6f31-4653-9bf4-e8e68f6466fc","local_time":"20210108195226","is_ascension_mode":true,"campfire_choices":[{"floor":7,"key":"REST"},{"floor":15,"key":"RECALL"},{"floor":23,"key":"REST"},{"floor":32,"key":"REST"}],"circlet_count":0,"master_deck":["Strike_G","Strike_G","Strike_G","Strike_G","Strike_G+1","Defend_G","Defend_G","Defend_G","Defend_G","Defend_G","Survivor","Neutralize","Deadly Poison","Noxious Fumes","Outmaneuver","Catalyst","Venomology","Predator+1","Blade Dance+1","Poisoned Stab","Noxious Fumes","Corpse Explosion","Outmaneuver+1","Parasite","Bouncing Flask","Adrenaline"],"relics":["Fusion Hammer","InkBottle","PreservedInsect","Snake Skull","Torii","SacredBark","Potion Belt","HollowMod:PaleOreRelic","Nunchaku","Toy Ornithopter","Happy Flower","Lee\u0027s Waffle","Tiny House"],"acts_visited":["Exordium","TheCity","TheBeyond"],"potions_floor_usage":[6,12,18,18,19,19,20,22,24,24,27,27,28,30,30,31,31,33,35,37,37,37,38,39,39,40,40],"damage_taken":[{"damage":2,"enemies":"2 Louse","floor":1,"turns":4},{"damage":0,"enemies":"Cultist","floor":2,"turns":4},{"damage":0,"enemies":"Small Slimes","floor":3,"turns":3},{"damage":32,"enemies":"Gremlin Nob","floor":6,"turns":6},{"damage":4,"enemies":"Exordium Thugs","floor":8,"turns":4},{"damage":6,"enemies":"HollowMod:MossKnight","floor":12,"turns":7},{"damage":3,"enemies":"Gremlin Gang","floor":13,"turns":5},{"damage":1,"enemies":"Looter","floor":14,"turns":4},{"damage":34,"enemies":"The Guardian","floor":16,"turns":9},{"damage":8,"enemies":"3 Byrds","floor":18,"turns":4},{"damage":2,"enemies":"Chosen","floor":19,"turns":3},{"damage":31,"enemies":"Shelled Parasite and Fungi","floor":20,"turns":6},{"damage":0,"enemies":"Sentry and Sphere","floor":22,"turns":1},{"damage":8,"enemies":"HollowMod:Nosk","floor":24,"turns":5},{"damage":21,"enemies":"Centurion and Healer","floor":27,"turns":5},{"damage":0,"enemies":"Chosen and Byrds","floor":28,"turns":4},{"damage":16,"enemies":"Shelled Parasite and Fungi","floor":30,"turns":5},{"damage":1,"enemies":"Cultist and Chosen","floor":31,"turns":4},{"damage":37,"enemies":"Collector","floor":33,"turns":7},{"damage":27,"enemies":"3 Shapes","floor":35,"turns":3},{"damage":23,"enemies":"3 Darklings","floor":36,"turns":3},{"damage":12,"enemies":"Writhing Mass","floor":37,"turns":5},{"damage":19,"enemies":"Sphere and 2 Shapes","floor":38,"turns":3},{"damage":10,"enemies":"Transient","floor":39,"turns":5},{"damage":34,"enemies":"Nemesis","floor":40,"turns":3}],"seed_played":"4639368518771292397","potions_obtained":[{"floor":2,"key":"PowerPotion"},{"floor":6,"key":"Ancient Potion"},{"floor":14,"key":"Strength Potion"},{"floor":16,"key":"Poison Potion"},{"floor":18,"key":"Weak Potion"},{"floor":19,"key":"EssenceOfSteel"},{"floor":28,"key":"SpeedPotion"},{"floor":30,"key":"PowerPotion"},{"floor":33,"key":"CunningPotion"},{"floor":34,"key":"PowerPotion"},{"floor":35,"key":"FearPotion"},{"floor":37,"key":"AttackPotion"},{"floor":38,"key":"SpeedPotion"}],"is_trial":false,"path_per_floor":["M","M","M","$","?","E","R","M","T","?","?","E","M","M","R","B",null,"M","M","M","?","M","R","E","?","T","M","M","$","M","M","R","B",null,"M","M","M","M","M","E"],"character_chosen":"THE_SILENT","items_purchased":["Noxious Fumes","Toy Ornithopter","Happy Flower","Lee\u0027s Waffle","Noxious Fumes"],"campfire_rested":3,"item_purchase_floors":[4,29,29,29,29],"current_hp_per_floor":[68,68,68,68,68,36,57,53,53,53,70,64,61,60,60,26,70,62,60,29,52,52,70,62,62,62,41,41,77,61,70,77,45,82,55,32,35,21,21,0,0],"gold":308,"neow_bonus":"BOSS_RELIC","is_daily":false,"chose_seed":false,"campfire_upgraded":0,"win_rate":0.0,"timestamp":1610131946,"path_taken":["M","M","M","$","?","E","R","?","T","?","?","E","M","M","R","BOSS","M","M","M","?","M","R","E","?","T","M","M","?","M","M","R","BOSS","M","M","M","M","?","E"],"items_purchased_type":["Card","Relic","Relic","Relic","Card"],"build_version":"2020-12-22","purchased_purges":0,"victory":false,"max_hp_per_floor":[70,70,70,70,70,70,70,70,70,70,70,70,70,70,70,70,70,70,70,70,70,70,70,70,70,70,70,70,77,77,77,77,77,82,82,82,82,82,82,82,82],"card_choices":[{"not_picked":["Deflect","Flying Knee"],"picked":"Deadly Poison","floor":1},{"not_picked":["Caltrops","Calculated Gamble","Blade Dance"],"picked":"SKIP","floor":2},{"not_picked":["Blade Dance","PiercingWail","Well Laid Plans"],"picked":"SKIP","floor":3},{"not_picked":["Eviscerate","Crippling Poison","Acrobatics"],"picked":"SKIP","floor":6},{"not_picked":["Leg Sweep","Distraction","Unload"],"picked":"SKIP","floor":8},{"not_picked":["Tools of the Trade","Blade Dance"],"picked":"Outmaneuver","floor":12},{"not_picked":["Acrobatics","Tactician","Dagger Spray"],"picked":"SKIP","floor":13},{"not_picked":["Dagger Spray","PiercingWail"],"picked":"Catalyst","floor":14},{"not_picked":["Bullet Time","After Image"],"picked":"Venomology","floor":16},{"not_picked":["Acrobatics+1","Deflect"],"picked":"Predator+1","floor":18},{"not_picked":["Underhanded Strike+1","Acrobatics","Heel Hook+1"],"picked":"SKIP","floor":19},{"not_picked":["Terror","Heel Hook+1","Choke"],"picked":"SKIP","floor":20},{"not_picked":["Quick Slash","Caltrops"],"picked":"Blade Dance+1","floor":24},{"not_picked":["Sucker Punch","Masterful Stab","Dagger Throw"],"picked":"SKIP","floor":27},{"not_picked":["Leg Sweep","Footwork"],"picked":"Poisoned Stab","floor":28},{"not_picked":["Deflect+1","Backstab","Quick Slash+1"],"picked":"SKIP","floor":30},{"not_picked":["Deflect","Well Laid Plans","Sucker Punch"],"picked":"SKIP","floor":31},{"not_picked":["Bullet Time","Tools of the Trade"],"picked":"Corpse Explosion","floor":33},{"not_picked":["Underhanded Strike+1","Escape Plan","Dagger Spray+1"],"picked":"SKIP","floor":35},{"not_picked":["Poisoned Stab","Deflect+1"],"picked":"Outmaneuver+1","floor":36},{"not_picked":["Phantasmal Killer","Underhanded Strike+1","Flechettes+1"],"picked":"SKIP","floor":37},{"not_picked":["Backflip+1","Quick Slash+1"],"picked":"Bouncing Flask","floor":38},{"not_picked":["Underhanded Strike+1","Outmaneuver+1"],"picked":"Adrenaline","floor":39}],"player_experience":37152,"relics_obtained":[{"floor":6,"key":"InkBottle"},{"floor":9,"key":"PreservedInsect"},{"floor":12,"key":"Torii"},{"floor":24,"key":"Potion Belt"},{"floor":26,"key":"Nunchaku"}],"event_choices":[{"damage_healed":0,"gold_gain":100,"player_choice":"Pray","damage_taken":0,"max_hp_gain":0,"max_hp_loss":0,"event_name":"Golden Shrine","floor":5,"gold_loss":0},{"damage_healed":0,"gold_gain":30,"player_choice":"Searched \u00272\u0027 times","damage_taken":0,"relics_obtained":["Snake Skull"],"max_hp_gain":0,"max_hp_loss":0,"event_name":"Dead Adventurer","floor":10,"gold_loss":0},{"damage_healed":23,"gold_gain":0,"player_choice":"Banana","damage_taken":0,"max_hp_gain":0,"max_hp_loss":0,"event_name":"Big Fish","floor":11,"gold_loss":0},{"damage_healed":23,"gold_gain":0,"player_choice":"Heal","damage_taken":0,"max_hp_gain":0,"max_hp_loss":0,"event_name":"The Library","floor":21,"gold_loss":0},{"damage_healed":0,"gold_gain":0,"player_choice":"Opened","damage_taken":0,"relics_obtained":["HollowMod:PaleOreRelic"],"max_hp_gain":0,"max_hp_loss":0,"event_name":"The Mausoleum","floor":25,"gold_loss":0}],"is_beta":false,"boss_relics":[{"not_picked":["Philosopher\u0027s Stone","Runic Dome"],"picked":"SacredBark"},{"not_picked":["Runic Pyramid","Astrolabe"],"picked":"Tiny House"}],"items_purged_floors":[],"is_endless":false,"potions_floor_spawned":[2,6,14,16,18,19,28,30,33,35,37,38],"killed_by":"Nemesis","ascension_level":1}}