{"host":"fevvm7bbzuh4s1jc","time":1610089985,"event":{"mods":["BaseMod","Highlight Path","Minty Spire (QoL Compilation)","Relic Stats"],"gold_per_floor":[115,85,105,105,105,105,130,130,130,141,171,171,206,226,226,299,299,311,13,13,32,42,67,82,102,102,135,135,163,163,0,0,77,77,88,88,106,117,134,160,160,192,218,234,267,277,28,45,45,45,45,45,45,16,44,44],"floor_reached":57,"playtime":6325,"items_purged":["Sweeping Beam"],"score":3419,"play_id":"fdc2433e-3449-4427-a324-516826ff36ea","local_time":"20210108021305","is_ascension_mode":true,"campfire_choices":[{"data":"Zap","floor":6.0,"key":"SMITH"},{"data":"Defragment","floor":8.0,"key":"SMITH"},{"data":"Reboot","floor":12.0,"key":"SMITH"},{"data":"Coolheaded","floor":15.0,"key":"SMITH"},{"data":"Defragment","floor":28.0,"key":"SMITH"},{"data":"Capacitor","floor":32.0,"key":"SMITH"},{"floor":41,"key":"RECALL"},{"data":"Aggregate","floor":49,"key":"SMITH"},{"data":"Skim","floor":53,"key":"SMITH"}],"circlet_count":0,"master_deck":["AscendersBane","Zap+1","Dualcast","Coolheaded+1","Reboot+1","Defragment+1","Ball Lightning","Undo","Conserve Battery","Core Surge","Undo","Skim+1","Reinforced Body","FTL","Aggregate+1","Chill","Ghostly+1","Ghostly+1","Ghostly+1","Ball Lightning","Recycle+1","Hologram+1","Defragment+1","Compile Driver","Reboot+1","Capacitor+1","Doom and Gloom+1","Seek+1","Amplify+1","Hologram+1","Coolheaded+1","Coolheaded+1","Darkness+1","Recycle+1","Hologram+1","Capacitor+1"],"relics":["Cracked Core","NeowsBlessing","Calipers","Matryoshka","Strawberry","Akabeko","Symbiotic Virus","Pear","Pandora\u0027s Box","Membership Card","Toxic Egg 2","TungstenRod","Orichalcum","Emotion Chip","Meat on the Bone","Molten Egg 2","Nuclear Battery","Darkstone Periapt","Turnip","Pantograph","Dead Branch","Blue Candle"],"acts_visited":["Exordium","TheCity","TheBeyond","TheEnding"],"potions_floor_usage":[56,56],"damage_taken":[{"damage":0.0,"enemies":"Small Slimes","floor":1.0,"turns":1.0},{"damage":0.0,"enemies":"Cultist","floor":3.0,"turns":1.0},{"damage":0.0,"enemies":"Lagavulin","floor":7.0,"turns":1.0},{"damage":2.0,"enemies":"2 Louse","floor":10.0,"turns":3.0},{"damage":0.0,"enemies":"Gremlin Nob","floor":11.0,"turns":3.0},{"damage":11.0,"enemies":"Lagavulin","floor":13.0,"turns":5.0},{"damage":0.0,"enemies":"2 Fungi Beasts","floor":14.0,"turns":2.0},{"damage":1.0,"enemies":"The Guardian","floor":16.0,"turns":9.0},{"damage":7.0,"enemies":"2 Thieves","floor":18.0,"turns":3.0},{"damage":0.0,"enemies":"Spheric Guardian","floor":21.0,"turns":3.0},{"damage":0.0,"enemies":"Snake Plant","floor":22.0,"turns":3.0},{"damage":4.0,"enemies":"Book of Stabbing","floor":23.0,"turns":5.0},{"damage":0.0,"enemies":"3 Cultists","floor":24.0,"turns":6.0},{"damage":0.0,"enemies":"Centurion and Healer","floor":25.0,"turns":4.0},{"damage":0.0,"enemies":"Gremlin Leader","floor":27.0,"turns":10.0},{"damage":2.0,"enemies":"Slavers","floor":29.0,"turns":5.0},{"damage":2.0,"enemies":"Automaton","floor":33.0,"turns":10.0},{"damage":0.0,"enemies":"3 Darklings","floor":35.0,"turns":5.0},{"damage":0.0,"enemies":"3 Shapes","floor":37.0,"turns":6.0},{"damage":1.0,"enemies":"Transient","floor":38.0,"turns":6.0},{"damage":0,"enemies":"Jaw Worm Horde","floor":39,"turns":5},{"damage":0,"enemies":"Nemesis","floor":40,"turns":7},{"damage":0,"enemies":"Giant Head","floor":42,"turns":8},{"damage":0,"enemies":"Maw","floor":44,"turns":8},{"damage":0,"enemies":"Reptomancer","floor":45,"turns":7},{"damage":0,"enemies":"3 Darklings","floor":46,"turns":8},{"damage":0,"enemies":"Writhing Mass","floor":48,"turns":7},{"damage":0,"enemies":"Donu and Deca","floor":50,"turns":8},{"damage":0,"enemies":"Awakened One","floor":51,"turns":14},{"damage":0,"enemies":"Shield and Spear","floor":55,"turns":6},{"damage":14,"enemies":"The Heart","floor":56,"turns":9}],"seed_played":"5038887887800377246","potions_obtained":[{"floor":2.0,"key":"EntropicBrew"},{"floor":2.0,"key":"FearPotion"},{"floor":3.0,"key":"GamblersBrew"},{"floor":11.0,"key":"Strength Potion"},{"floor":16.0,"key":"FearPotion"},{"floor":21.0,"key":"Strength Potion"},{"floor":25.0,"key":"PowerPotion"},{"floor":29.0,"key":"EssenceOfSteel"},{"floor":35.0,"key":"Swift Potion"},{"floor":36.0,"key":"Swift Potion"}],"is_trial":false,"path_per_floor":["M","?","M","?","?","R","E","R","T","M","E","R","E","M","R","B",null,"M","$","?","M","M","E","M","M","T","E","R","E","?","$","R","B",null,"M","?","M","M","M","E","R","E","T","M","E","M","$","M","R","B","B",null,"R","$","E","B",null],"character_chosen":"DEFECT","items_purchased":["Membership Card","Toxic Egg 2","Capacitor","Doom and Gloom+1","Seek+1","Dead Branch","Darkness+1","Hologram+1"],"campfire_rested":0,"item_purchase_floors":[19,19,31,31,31,47,47,54],"current_hp_per_floor":[64,64,64,64,59,59,59,59,66,64,64,64,63,63,63,62,82,75,75,44,44,44,40,40,40,40,40,40,38,38,38,38,36,42,42,42,42,41,41,41,41,41,41,41,41,41,41,41,41,44,44,44,44,44,44,30],"gold":44,"neow_bonus":"THREE_ENEMY_KILL","is_daily":false,"chose_seed":false,"campfire_upgraded":8,"win_rate":0.0,"timestamp":1610089985,"path_taken":["M","?","?","?","?","R","E","R","T","M","E","R","E","M","R","BOSS","M","$","?","M","M","E","M","M","T","E","R","E","?","$","R","BOSS","M","?","M","M","M","E","R","E","T","M","E","M","$","?","R","BOSS","BOSS","R","$","E","BOSS"],"items_purchased_type":["Relic","Relic","Card","Card","Card","Relic","Card","Card"],"build_version":"2020-12-22","purchased_purges":1,"victory":true,"max_hp_per_floor":[71,71,71,71,71,71,71,71,78,78,78,78,88,88,88,88,88,88,88,44,44,44,44,44,44,44,44,44,44,44,44,44,44,44,44,44,44,44,44,44,44,44,44,44,44,44,44,44,44,44,44,44,44,44,44,44],"relic_stats":{"Darkstone Periapt":0,"Emotion Chip":[27,10,11,5,1],"counters":[31,178],"Pantograph":3,"Dead Branch":[83],"Blue Candle":[0],"Pandora\u0027s Box":["Conserve Battery","Core Surge","Undo","Skim","Reinforced Body","FTL","Aggregate"],"Turnip":[7],"Orichalcum":[72],"obtain_stats":[{"Darkstone Periapt":40,"Calipers":5,"Pear":13,"NeowsBlessing":0,"Dead Branch":47,"Blue Candle":55,"Orichalcum":26,"Akabeko":9,"Nuclear Battery":34,"Emotion Chip":26,"Matryoshka":7,"Strawberry":9,"Pantograph":45,"Pandora\u0027s Box":17,"Molten Egg 2":29,"Turnip":42,"Membership Card":19,"Toxic Egg 2":19,"Cracked Core":0,"Symbiotic Virus":11,"TungstenRod":23,"Meat on the Bone":27},{"Darkstone Periapt":22,"Calipers":2,"Pear":6,"NeowsBlessing":0,"Dead Branch":26,"Blue Candle":30,"Orichalcum":14,"Akabeko":3,"Nuclear Battery":17,"Emotion Chip":14,"Matryoshka":3,"Strawberry":3,"Pantograph":25,"Pandora\u0027s Box":8,"Molten Egg 2":16,"Turnip":23,"Membership Card":9,"Toxic Egg 2":9,"Cracked Core":0,"Symbiotic Virus":5,"TungstenRod":12,"Meat on the Bone":15},{"Darkstone Periapt":103,"Calipers":2,"Pear":14,"NeowsBlessing":0,"Dead Branch":134,"Blue Candle":169,"Orichalcum":49,"Akabeko":3,"Nuclear Battery":74,"Emotion Chip":49,"Matryoshka":3,"Strawberry":3,"Pantograph":126,"Pandora\u0027s Box":25,"Molten Egg 2":64,"Turnip":111,"Membership Card":28,"Toxic Egg 2":28,"Cracked Core":0,"Symbiotic Virus":9,"TungstenRod":39,"Meat on the Bone":59}],"TungstenRod":24,"Meat on the Bone":0},"card_choices":[{"not_picked":["Gash","Stack"],"picked":"Auto Shields","floor":1.0},{"not_picked":["Fusion","Go for the Eyes"],"picked":"Coolheaded","floor":3.0},{"not_picked":["Scrape","Rebound"],"picked":"Defragment","floor":7.0},{"not_picked":["Turbo","Conserve Battery","BootSequence"],"picked":"SKIP","floor":10.0},{"not_picked":["Go for the Eyes","Steam"],"picked":"Ball Lightning","floor":11.0},{"not_picked":["Streamline","Beam Cell"],"picked":"Undo","floor":13.0},{"not_picked":["Steam","Reinforced Body"],"picked":"Sweeping Beam","floor":14.0},{"not_picked":["Leap","Double Energy"],"picked":"Chill","floor":18.0},{"not_picked":["Static Discharge","Go for the Eyes"],"picked":"Ball Lightning","floor":21.0},{"not_picked":["Rebound","Cold Snap"],"picked":"Recycle+1","floor":22.0},{"not_picked":["Streamline","Chill+1"],"picked":"Hologram+1","floor":23.0},{"not_picked":["Blizzard","Barrage"],"picked":"Defragment","floor":24.0},{"not_picked":["Beam Cell","Stack+1"],"picked":"Compile Driver","floor":25.0},{"not_picked":["Force Field+1","Stack+1"],"picked":"Reboot+1","floor":27.0},{"not_picked":["Scrape+1","Ball Lightning+1","Rip and Tear+1"],"picked":"SKIP","floor":29.0},{"not_picked":["Seek+1","Biased Cognition"],"picked":"Amplify+1","floor":33.0},{"not_picked":["Turbo+1","Cold Snap+1","Self Repair"],"picked":"SKIP","floor":35.0},{"not_picked":["Consume+1","Melter+1"],"picked":"Hologram+1","floor":37.0},{"not_picked":["Leap+1","Reinforced Body+1","Ball Lightning+1"],"picked":"SKIP","floor":38.0},{"not_picked":["Conserve Battery+1","Turbo+1","Steam Power+1"],"picked":"SKIP","floor":39},{"not_picked":["Sweeping Beam+1","All For One+1","Go for the Eyes+1"],"picked":"SKIP","floor":40},{"not_picked":["Fission+1","Capacitor"],"picked":"Coolheaded+1","floor":42},{"not_picked":["Chill+1","Go for the Eyes+1","Beam Cell+1"],"picked":"SKIP","floor":44},{"not_picked":["Turbo+1","Ball Lightning+1"],"picked":"Coolheaded+1","floor":45},{"not_picked":["Conserve Battery+1","Redo+1","Sunder+1"],"picked":"SKIP","floor":46},{"not_picked":["Steam+1","Auto Shields+1"],"picked":"Recycle+1","floor":48},{"not_picked":["Gash+1","Buffer"],"picked":"Capacitor+1","floor":55}],"player_experience":2662817,"relics_obtained":[{"floor":7.0,"key":"Matryoshka"},{"floor":9.0,"key":"Strawberry"},{"floor":9.0,"key":"Akabeko"},{"floor":11.0,"key":"Symbiotic Virus"},{"floor":13.0,"key":"Pear"},{"floor":23.0,"key":"TungstenRod"},{"floor":26.0,"key":"Orichalcum"},{"floor":26.0,"key":"Emotion Chip"},{"floor":27.0,"key":"Meat on the Bone"},{"floor":29.0,"key":"Molten Egg 2"},{"floor":40,"key":"Darkstone Periapt"},{"floor":42,"key":"Turnip"},{"floor":45,"key":"Pantograph"},{"floor":55,"key":"Blue Candle"}],"event_choices":[{"damage_healed":0.0,"max_hp_gain":0.0,"max_hp_loss":0.0,"gold_gain":0.0,"event_name":"The Woman in Blue","player_choice":"Bought 2 Potions","floor":2.0,"gold_loss":0.0,"damage_taken":0.0},{"damage_healed":0.0,"max_hp_gain":0.0,"max_hp_loss":0.0,"gold_gain":0.0,"cards_transformed":["Strike_B"],"event_name":"Living Wall","player_choice":"Change","floor":4.0,"gold_loss":0.0,"damage_taken":0.0,"cards_obtained":["Reboot"]},{"damage_healed":0.0,"max_hp_gain":0.0,"max_hp_loss":0.0,"gold_gain":0.0,"event_name":"Scrap Ooze","player_choice":"Success","floor":5.0,"gold_loss":0.0,"damage_taken":5.0,"relics_obtained":["Calipers"]},{"damage_healed":0.0,"max_hp_gain":0.0,"max_hp_loss":44.0,"gold_gain":0.0,"event_name":"Ghosts","player_choice":"Became a Ghost","floor":20.0,"gold_loss":0.0,"damage_taken":0.0,"cards_obtained":["Ghostly","Ghostly","Ghostly"]},{"cards_removed":["Auto Shields"],"damage_healed":0.0,"max_hp_gain":0.0,"max_hp_loss":0.0,"gold_gain":0.0,"event_name":"Back to Basics","player_choice":"Elegance","floor":30.0,"gold_loss":0.0,"damage_taken":0.0},{"damage_healed":0.0,"max_hp_gain":0.0,"max_hp_loss":0.0,"gold_gain":0.0,"event_name":"Lab","player_choice":"Got Potions","floor":36.0,"gold_loss":0.0,"damage_taken":0.0}],"is_beta":false,"boss_relics":[{"not_picked":["Empty Cage","Ectoplasm"],"picked":"Pandora\u0027s Box"},{"not_picked":["Runic Dome","Astrolabe"],"picked":"Nuclear Battery"}],"items_purged_floors":[47],"is_endless":false,"potions_floor_spawned":[3,11,13,16,21,25,27,29,35,37,39,46],"ascension_level":20}}