{"host":"axrdhsaugr8t8srp","time":1610109352,"event":{"mods":["BaseMod","Minty Spire (QoL Compilation)","StSLib"],"gold_per_floor":[117,117,117,42,59,94,94,113,163,179,254,234,259,279,279,384,384,369,389,389,389,98,132,132,158,181,197,209,209,10,30,30,30,30],"floor_reached":33,"playtime":1114,"items_purged":["Regret","Shame"],"score":368,"play_id":"30229cd2-92bc-4804-8c2a-a45e090c5802","local_time":"20210108233552","is_ascension_mode":true,"campfire_choices":[{"data":"Vigilance","floor":7,"key":"SMITH"},{"data":"FollowUp","floor":15,"key":"SMITH"},{"floor":24,"key":"REST"},{"floor":32,"key":"REST"}],"circlet_count":0,"master_deck":["Strike_P","Defend_P","Defend_P","Defend_P","Eruption+1","Vigilance+1","Protect","Prostrate","FlurryOfBlows","Consecrate","FollowUp+1","Judgement+1","DevaForm+1","Swivel+1","SignatureMove+1","Protect+1","MentalFortress+1","Consecrate","EmptyFist+1","FlurryOfBlows"],"relics":["PureWater","NeowsBlessing","Ancient Tea Set","Bronze Scales","Strawberry","Dream Catcher","Astrolabe","Question Card","WingedGreaves","Potion Belt","Tiny Chest","Centennial Puzzle","Shovel"],"acts_visited":["Exordium","TheCity"],"potions_floor_usage":[13,13,16,23,27,28,33],"damage_taken":[{"damage":0,"enemies":"Small Slimes","floor":1,"turns":1},{"damage":0,"enemies":"2 Louse","floor":5,"turns":2},{"damage":0,"enemies":"Lagavulin","floor":6,"turns":1},{"damage":0,"enemies":"Cultist","floor":8,"turns":3},{"damage":0,"enemies":"Gremlin Gang","floor":10,"turns":4},{"damage":16,"enemies":"Gremlin Nob","floor":13,"turns":3},{"damage":7,"enemies":"Blue Slaver","floor":14,"turns":4},{"damage":39,"enemies":"Slime Boss","floor":16,"turns":12},{"damage":2,"enemies":"2 Thieves","floor":18,"turns":4},{"damage":10,"enemies":"Chosen","floor":19,"turns":5},{"damage":38,"enemies":"Book of Stabbing","floor":23,"turns":6},{"damage":14,"enemies":"Gremlin Leader","floor":25,"turns":6},{"damage":3,"enemies":"Snake Plant","floor":27,"turns":3},{"damage":2,"enemies":"3 Cultists","floor":28,"turns":3},{"damage":2,"enemies":"Chosen and Byrds","floor":31,"turns":4},{"damage":59,"enemies":"Collector","floor":33,"turns":7}],"seed_played":"7441069582168977907","potions_obtained":[{"floor":6,"key":"Explosive Potion"},{"floor":10,"key":"BlessingOfTheForge"},{"floor":12,"key":"Ancient Potion"},{"floor":13,"key":"GamblersBrew"},{"floor":14,"key":"Dexterity Potion"},{"floor":18,"key":"SkillPotion"},{"floor":23,"key":"Weak Potion"}],"is_trial":false,"path_per_floor":["M","?","?","$","M","E","R","M","T","M","?","?","E","M","R","B",null,"M","M","?","T","$","E","R","E","T","M","M","?","$","M","R","B"],"character_chosen":"WATCHER","items_purchased":["WingedGreaves","FlurryOfBlows","Energy Potion"],"campfire_rested":2,"item_purchase_floors":[22,30,30],"current_hp_per_floor":[72,72,72,72,72,72,72,72,79,79,68,68,52,45,45,6,79,77,67,67,67,67,29,52,38,38,35,33,33,33,31,54,0,0],"gold":30,"neow_bonus":"THREE_ENEMY_KILL","is_daily":false,"chose_seed":false,"campfire_upgraded":2,"win_rate":0.0,"timestamp":1610109352,"path_taken":["M","?","?","$","M","E","R","M","T","M","?","?","E","?","R","BOSS","M","?","?","?","?","E","R","E","T","M","M","?","$","M","R","BOSS"],"items_purchased_type":["Relic","Card","Potion"],"build_version":"2020-12-22","purchased_purges":2,"victory":false,"max_hp_per_floor":[72,72,72,72,72,72,72,72,79,79,79,79,79,79,79,79,79,79,79,79,79,79,79,79,79,79,79,79,79,79,79,79,79,79],"card_choices":[{"not_picked":["ThirdEye","Halt"],"picked":"Protect","floor":1},{"not_picked":["ReachHeaven","CrushJoints","BattleHymn"],"picked":"SKIP","floor":5},{"not_picked":["ClearTheMind","EmptyBody"],"picked":"Prostrate","floor":6},{"not_picked":["PathToVictory","Tantrum"],"picked":"FlurryOfBlows","floor":8},{"not_picked":["Protect","Halt","ClearTheMind"],"picked":"SKIP","floor":10},{"not_picked":["Omniscience","TalkToTheHand"],"picked":"Consecrate","floor":13},{"not_picked":["Study","EmptyFist"],"picked":"FollowUp","floor":14},{"not_picked":["PathToVictory","Perseverance","CrushJoints"],"picked":"SKIP","floor":18},{"not_picked":["Crescendo","Pray+1"],"picked":"SignatureMove+1","floor":19},{"not_picked":["Evaluate","MasterReality","BowlingBash"],"picked":"Protect+1","floor":23},{"not_picked":["DeceiveReality","CrushJoints","FlurryOfBlows+1"],"picked":"MentalFortress+1","floor":24},{"not_picked":["BowlingBash","Collect+1","LessonLearned"],"picked":"Consecrate","floor":25},{"not_picked":["Worship","Evaluate","ThirdEye"],"picked":"EmptyFist+1","floor":27},{"not_picked":["MentalFortress","BowlingBash+1","FlyingSleeves+1","CrushJoints"],"picked":"SKIP","floor":28},{"not_picked":["EmptyFist","Indignation","Protect+1","CutThroughFate"],"picked":"SKIP","floor":31}],"player_experience":795296,"relics_obtained":[{"floor":6,"key":"Bronze Scales"},{"floor":9,"key":"Strawberry"},{"floor":13,"key":"Dream Catcher"},{"floor":21,"key":"Question Card"},{"floor":23,"key":"Potion Belt"},{"floor":25,"key":"Tiny Chest"},{"floor":26,"key":"Centennial Puzzle"}],"event_choices":[{"damage_healed":0,"gold_gain":0,"player_choice":"Grow","damage_taken":0,"max_hp_gain":0,"max_hp_loss":0,"event_name":"Living Wall","floor":2,"gold_loss":0,"cards_upgraded":["Eruption"]},{"damage_healed":0,"gold_gain":0,"player_choice":"Box","damage_taken":0,"relics_obtained":["Ancient Tea Set"],"max_hp_gain":0,"max_hp_loss":0,"event_name":"Big Fish","floor":3,"gold_loss":0,"cards_obtained":["Regret"]},{"damage_healed":0,"gold_gain":75,"player_choice":"Gather Gold","damage_taken":11,"max_hp_gain":0,"max_hp_loss":0,"event_name":"World of Goop","floor":11,"gold_loss":0},{"damage_healed":0,"gold_gain":0,"player_choice":"Bought 1 Potion","damage_taken":0,"max_hp_gain":0,"max_hp_loss":0,"event_name":"The Woman in Blue","floor":12,"gold_loss":0},{"cards_removed":["Defend_P"],"damage_healed":0,"gold_gain":0,"player_choice":"Elegance","damage_taken":0,"max_hp_gain":0,"max_hp_loss":0,"event_name":"Back to Basics","floor":20,"gold_loss":0},{"damage_healed":0,"gold_gain":0,"player_choice":"Stole Relic","damage_taken":0,"relics_obtained":["Shovel"],"max_hp_gain":0,"max_hp_loss":0,"event_name":"Addict","floor":29,"gold_loss":0,"cards_obtained":["Shame"]}],"is_beta":false,"boss_relics":[{"not_picked":["Coffee Dripper","HolyWater"],"picked":"Astrolabe"}],"items_purged_floors":[4,30],"is_endless":false,"potions_floor_spawned":[6,10,13,14,18,19,23],"killed_by":"Collector","ascension_level":3}}