{"host":"foq4mrde4mssg7vt","time":1610119982,"event":{"mods":["AchievementEnabler","BaseMod","Colored Map","Colored Powertips","Highlight Path","Minty Spire (QoL Compilation)","Relic Stats","everything is the same but u backflip on backflip"],"gold_per_floor":[114,134,53,63,74,74,105,123,123,158,158,170,170,201,201,277,277,291,132,132,151,183,216,230,230,256,256,291,306,306,324,324,401,401,413,432,444,463,463,489,711,740,740,783,783,801,816,816,816,816,816,816,5,44,44],"floor_reached":56,"playtime":3352,"items_purged":["Defend_P","Strike_P"],"score":2531,"play_id":"25e98013-698b-4e45-b86b-add0042fab53","local_time":"20210108233302","is_ascension_mode":true,"campfire_choices":[{"data":"Eruption","floor":6.0,"key":"SMITH"},{"data":"TalkToTheHand","floor":13.0,"key":"SMITH"},{"data":"Wallop","floor":15.0,"key":"SMITH"},{"data":"Blasphemy","floor":27.0,"key":"SMITH"},{"data":"Protect","floor":30.0,"key":"SMITH"},{"data":"Omniscience","floor":32.0,"key":"SMITH"},{"floor":45.0,"key":"RECALL"},{"data":"TalkToTheHand","floor":49.0,"key":"SMITH"},{"data":"Wallop","floor":52.0,"key":"SMITH"}],"circlet_count":0,"master_deck":["AscendersBane","Strike_P+1","Strike_P+1","Strike_P+1","Defend_P+1","Defend_P","Defend_P","Eruption+1","Vigilance","ReachHeaven+1","BowlingBash+1","Tantrum+1","EmptyBody+1","Protect+1","Wallop+1","FearNoEvil+1","ThirdEye+1","TalkToTheHand+1","Omniscience+1","Wallop+1","Ghostly+1","Ghostly+1","Ghostly+1","Blasphemy+1","FlurryOfBlows","LessonLearned+1","TalkToTheHand+1","CutThroughFate","Omniscience+1","EmptyFist+1","Adaptation+1","WaveOfTheHand+1"],"relics":["Coffee Dripper","White Beast Statue","Letter Opener","Whetstone","Peace Pipe","VioletLotus","Red Mask","Lantern","Centennial Puzzle","Juzu Bracelet","SacredBark","CeramicFish","Art of War","Potion Belt","Boot","OrangePellets","Anchor","Oddly Smooth Stone","Happy Flower"],"acts_visited":["Exordium","TheCity","TheBeyond","TheEnding"],"potions_floor_usage":[55,55,55],"damage_taken":[{"damage":7.0,"enemies":"Jaw Worm","floor":1.0,"turns":3.0},{"damage":6.0,"enemies":"Small Slimes","floor":2.0,"turns":5.0},{"damage":3.0,"enemies":"2 Louse","floor":4.0,"turns":3.0},{"damage":8.0,"enemies":"Blue Slaver","floor":5.0,"turns":2.0},{"damage":8.0,"enemies":"Lagavulin","floor":7.0,"turns":6.0},{"damage":1.0,"enemies":"3 Louse","floor":8.0,"turns":3.0},{"damage":0.0,"enemies":"3 Sentries","floor":10.0,"turns":4.0},{"damage":2.0,"enemies":"Lots of Slimes","floor":12.0,"turns":4.0},{"damage":0.0,"enemies":"Gremlin Nob","floor":14.0,"turns":3.0},{"damage":0.0,"enemies":"The Guardian","floor":16.0,"turns":8.0},{"damage":0.0,"enemies":"Chosen","floor":18.0,"turns":3.0},{"damage":4.0,"enemies":"2 Thieves","floor":21.0,"turns":3.0},{"damage":0.0,"enemies":"Masked Bandits","floor":22.0,"turns":5.0},{"damage":7.0,"enemies":"Gremlin Leader","floor":23.0,"turns":3.0},{"damage":11.0,"enemies":"3 Cultists","floor":24.0,"turns":6.0},{"damage":0.0,"enemies":"Slavers","floor":25.0,"turns":2.0},{"damage":5.0,"enemies":"Gremlin Leader","floor":28.0,"turns":5.0},{"damage":2.0,"enemies":"Shelled Parasite and Fungi","floor":29.0,"turns":4.0},{"damage":1.0,"enemies":"Snecko","floor":31.0,"turns":4.0},{"damage":5.0,"enemies":"Champ","floor":33.0,"turns":15.0},{"damage":2.0,"enemies":"3 Shapes","floor":35.0,"turns":3.0},{"damage":3.0,"enemies":"3 Darklings","floor":36.0,"turns":8.0},{"damage":0.0,"enemies":"Jaw Worm Horde","floor":37.0,"turns":4.0},{"damage":18.0,"enemies":"Maw","floor":38.0,"turns":9.0},{"damage":0.0,"enemies":"Giant Head","floor":40.0,"turns":8.0},{"damage":0.0,"enemies":"Reptomancer","floor":42.0,"turns":5.0},{"damage":11.0,"enemies":"Giant Head","floor":44.0,"turns":11.0},{"damage":4.0,"enemies":"Sphere and 2 Shapes","floor":46.0,"turns":4.0},{"damage":0.0,"enemies":"Jaw Worm Horde","floor":47.0,"turns":6.0},{"damage":19.0,"enemies":"Awakened One","floor":50.0,"turns":11.0},{"damage":24.0,"enemies":"Shield and Spear","floor":54.0,"turns":9.0},{"damage":29,"enemies":"The Heart","floor":55,"turns":10}],"seed_played":"2535118579226633493","potions_obtained":[{"floor":1.0,"key":"Fruit Juice"},{"floor":2.0,"key":"SpeedPotion"},{"floor":5.0,"key":"DuplicationPotion"},{"floor":10.0,"key":"Swift Potion"},{"floor":16.0,"key":"FearPotion"},{"floor":21.0,"key":"StancePotion"},{"floor":22.0,"key":"SmokeBomb"},{"floor":23.0,"key":"Fire Potion"},{"floor":28.0,"key":"Fruit Juice"},{"floor":29.0,"key":"Energy Potion"},{"floor":33.0,"key":"CultistPotion"},{"floor":36.0,"key":"Fruit Juice"},{"floor":37.0,"key":"Explosive Potion"},{"floor":44.0,"key":"Weak Potion"},{"floor":46.0,"key":"LiquidBronze"},{"floor":54.0,"key":"Explosive Potion"}],"is_trial":false,"path_per_floor":["M","M","$","M","M","R","E","M","T","E","?","M","R","E","R","B",null,"M","$","?","M","?","E","M","E","T","R","E","M","R","M","R","B",null,"M","M","M","M","?","E","?","E","T","E","R","M","M","T","R","B",null,"R","$","E","B",null],"character_chosen":"WATCHER","items_purchased":["Tantrum","Wallop","OrangePellets","Anchor","Oddly Smooth Stone","FairyPotion","SteroidPotion","AttackPotion"],"campfire_rested":0,"item_purchase_floors":[3,19,53,53,53,53,53,53],"current_hp_per_floor":[54,48,48,45,42,42,34,33,33,33,57,55,55,55,55,55,69,69,69,36,32,32,25,14,14,14,14,9,12,12,11,11,6,32,30,27,37,19,42,42,42,42,42,31,31,27,27,27,27,8,34,34,34,10,6],"gold":44,"neow_bonus":"BOSS_RELIC","is_daily":false,"chose_seed":false,"campfire_upgraded":8,"win_rate":0.0,"timestamp":1610119982,"path_taken":["M","M","$","M","M","R","E","M","T","E","?","M","R","E","R","BOSS","M","$","?","M","?","E","M","E","T","R","E","M","R","M","R","BOSS","M","M","M","M","?","E","?","E","T","E","R","M","M","?","R","BOSS","R","$","E","BOSS"],"items_purchased_type":["Card","Card","Relic","Relic","Relic","Potion","Potion","Potion"],"build_version":"2020-12-22","purchased_purges":2,"victory":true,"max_hp_per_floor":[68,68,68,68,73,73,73,73,73,73,73,73,73,73,73,73,73,73,73,36,36,36,36,36,36,36,36,36,41,41,41,41,41,41,41,41,51,51,42,42,42,42,42,42,42,42,42,42,42,42,42,42,42,42,42],"relic_stats":{"Happy Flower":[3],"counters":[32,179],"CeramicFish":18,"Juzu Bracelet":0,"Letter Opener":[218],"Whetstone":["Strike_P","FearNoEvil"],"Boot":[38],"Peace Pipe":0,"OrangePellets":[5],"Centennial Puzzle":[36],"VioletLotus":[26],"Art of War":[2],"obtain_stats":[{"Potion Belt":44,"Lantern":23,"Happy Flower":54,"SacredBark":34,"CeramicFish":40,"Oddly Smooth Stone":53,"Juzu Bracelet":28,"Letter Opener":9,"Whetstone":10,"Boot":48,"White Beast Statue":7,"Peace Pipe":14,"OrangePellets":53,"Centennial Puzzle":26,"Anchor":53,"VioletLotus":17,"Coffee Dripper":0,"Red Mask":22,"Art of War":42,"PureWater":0},{"Potion Belt":27,"Lantern":14,"Happy Flower":31,"SacredBark":20,"CeramicFish":25,"Oddly Smooth Stone":30,"Juzu Bracelet":17,"Letter Opener":6,"Whetstone":7,"Boot":29,"White Beast Statue":5,"Peace Pipe":9,"OrangePellets":30,"Centennial Puzzle":16,"Anchor":30,"VioletLotus":10,"Coffee Dripper":0,"Red Mask":13,"Art of War":26,"PureWater":0},{"Potion Belt":139,"Lantern":55,"Happy Flower":169,"SacredBark":91,"CeramicFish":123,"Oddly Smooth Stone":160,"Juzu Bracelet":68,"Letter Opener":22,"Whetstone":26,"Boot":149,"White Beast Statue":19,"Peace Pipe":33,"OrangePellets":160,"Centennial Puzzle":63,"Anchor":160,"VioletLotus":41,"Coffee Dripper":0,"Red Mask":52,"Art of War":128,"PureWater":0}]},"card_choices":[{"not_picked":["SignatureMove","Crescendo"],"picked":"ReachHeaven","floor":1.0},{"not_picked":["WaveOfTheHand","SashWhip"],"picked":"BowlingBash","floor":2.0},{"not_picked":["PathToVictory","Consecrate"],"picked":"EmptyBody","floor":4.0},{"not_picked":["SashWhip","WindmillStrike"],"picked":"Protect","floor":5.0},{"not_picked":["EmptyMind","FlurryOfBlows"],"picked":"Wallop","floor":7.0},{"not_picked":["Prostrate","FollowUp"],"picked":"FearNoEvil","floor":8.0},{"not_picked":["InnerPeace","Prostrate"],"picked":"ThirdEye","floor":10.0},{"not_picked":["CutThroughFate","Vault"],"picked":"TalkToTheHand","floor":12.0},{"not_picked":["Protect","CrushJoints","Halt"],"picked":"SKIP","floor":14.0},{"not_picked":["Vault","SpiritShield"],"picked":"Omniscience","floor":16.0},{"not_picked":["CrushJoints","FlyingSleeves+1","Prostrate+1"],"picked":"SKIP","floor":18.0},{"not_picked":["BowlingBash+1","ClearTheMind","WreathOfFlame"],"picked":"SKIP","floor":21.0},{"not_picked":["Tantrum","Consecrate"],"picked":"Blasphemy","floor":22.0},{"not_picked":["EmptyFist","Prostrate"],"picked":"FlurryOfBlows","floor":23.0},{"not_picked":["Tantrum","FlurryOfBlows"],"picked":"LessonLearned","floor":24.0},{"not_picked":["ThirdEye","ReachHeaven"],"picked":"TalkToTheHand","floor":28.0},{"not_picked":["WreathOfFlame","EmptyFist"],"picked":"CutThroughFate","floor":29.0},{"not_picked":["FollowUp","Prostrate+1","PathToVictory"],"picked":"SKIP","floor":31.0},{"not_picked":["Blasphemy","SpiritShield"],"picked":"Omniscience","floor":33.0},{"not_picked":["PathToVictory","SandsOfTime","ClearTheMind"],"picked":"SKIP","floor":35.0},{"not_picked":["CrushJoints+1","EmptyBody","Crescendo+1"],"picked":"SKIP","floor":36.0},{"not_picked":["Conclude","ThirdEye"],"picked":"EmptyFist+1","floor":37.0},{"not_picked":["EmptyBody+1","WindmillStrike","Crescendo+1"],"picked":"SKIP","floor":38.0},{"not_picked":["CutThroughFate","Protect","SashWhip"],"picked":"SKIP","floor":40.0},{"not_picked":["Tantrum","SignatureMove","Prostrate"],"picked":"SKIP","floor":42.0},{"not_picked":["WaveOfTheHand","Alpha"],"picked":"Adaptation","floor":44.0},{"not_picked":["Prostrate","Conclude","Collect"],"picked":"SKIP","floor":46.0},{"not_picked":["Protect","EmptyBody","Indignation"],"picked":"SKIP","floor":47.0},{"not_picked":["ThirdEye","FollowUp"],"picked":"WaveOfTheHand+1","floor":54.0}],"player_experience":411246,"relics_obtained":[{"floor":7.0,"key":"White Beast Statue"},{"floor":9.0,"key":"Letter Opener"},{"floor":10.0,"key":"Whetstone"},{"floor":14.0,"key":"Peace Pipe"},{"floor":22.0,"key":"Red Mask"},{"floor":23.0,"key":"Lantern"},{"floor":26.0,"key":"Centennial Puzzle"},{"floor":28.0,"key":"Juzu Bracelet"},{"floor":40.0,"key":"CeramicFish"},{"floor":42.0,"key":"Art of War"},{"floor":44.0,"key":"Potion Belt"},{"floor":48.0,"key":"Boot"},{"floor":54.0,"key":"Happy Flower"}],"event_choices":[{"damage_healed":24.0,"max_hp_gain":0.0,"max_hp_loss":0.0,"gold_gain":0.0,"event_name":"Big Fish","player_choice":"Banana","floor":11.0,"gold_loss":0.0,"damage_taken":0.0},{"damage_healed":0.0,"max_hp_gain":0.0,"max_hp_loss":37.0,"gold_gain":0.0,"event_name":"Ghosts","player_choice":"Became a Ghost","floor":20.0,"gold_loss":0.0,"damage_taken":0.0,"cards_obtained":["Ghostly","Ghostly","Ghostly"]},{"damage_healed":0.0,"max_hp_gain":0.0,"max_hp_loss":0.0,"gold_gain":0.0,"event_name":"Masked Bandits","player_choice":"Fought Bandits","floor":22.0,"gold_loss":0.0,"damage_taken":0.0},{"damage_healed":42.0,"max_hp_gain":0.0,"max_hp_loss":9.0,"gold_gain":0.0,"event_name":"The Moai Head","player_choice":"Heal","floor":39.0,"gold_loss":0.0,"damage_taken":0.0},{"damage_healed":0.0,"max_hp_gain":0.0,"max_hp_loss":0.0,"gold_gain":222.0,"event_name":"Tomb of Lord Red Mask","player_choice":"Wore Mask","floor":41.0,"gold_loss":0.0,"damage_taken":0.0}],"is_beta":false,"boss_relics":[{"not_picked":["Calling Bell","Black Star"],"picked":"VioletLotus"},{"not_picked":["SlaversCollar","Velvet Choker"],"picked":"SacredBark"}],"items_purged_floors":[19,53],"is_endless":false,"potions_floor_spawned":[1,2,5,8,10,12,14,16,18,21,22,23,24,25,28,29,31,33,35,36,37,38,40,42,44,46,47,54],"ascension_level":19}}