{"host":"tgr1xoidyjfo4u0n","time":1610118648,"event":{"mods":["Act Like it!","BaseMod","Better Vampires","CapriCore","Colored Powertips","GifTheSpireLib","Highlight Path","Minty Spire (QoL Compilation)","StSLib"],"gold_per_floor":[16,34,52,68,79,79,79,412,462,462,25,43,61,86,86,86,86],"floor_reached":16,"playtime":824,"items_purged":["Strike_B"],"score":109,"play_id":"b1abacaf-ca4b-4c37-b343-888ac2ff64d9","local_time":"20210108231048","is_ascension_mode":true,"campfire_choices":[{"data":"Zap","floor":6,"key":"SMITH"},{"data":"Dualcast","floor":10,"key":"SMITH"},{"data":"Consume","floor":15,"key":"SMITH"}],"circlet_count":0,"master_deck":["Strike_B","Defend_B","Defend_B","Defend_B","Defend_B","Zap+1","Dualcast+1","Hologram","Consume+1","Coolheaded","Multi-Cast","Leap","Melter","Coolheaded","Glacier","Self Repair","Forethought","Turbo","Glacier","Seek"],"relics":["Cracked Core","Old Coin","Membership Card","Sundial","Odd Mushroom"],"acts_visited":["Exordium"],"potions_floor_usage":[14,16],"damage_taken":[{"damage":0,"enemies":"Cultist","floor":1,"turns":3},{"damage":0,"enemies":"2 Louse","floor":2,"turns":3},{"damage":6,"enemies":"Small Slimes","floor":3,"turns":3},{"damage":2,"enemies":"Blue Slaver","floor":4,"turns":4},{"damage":13,"enemies":"2 Fungi Beasts","floor":5,"turns":4},{"damage":8,"enemies":"Lagavulin","floor":8,"turns":8},{"damage":8,"enemies":"Exordium Wildlife","floor":12,"turns":9},{"damage":0,"enemies":"Blue Slaver","floor":13,"turns":5},{"damage":19,"enemies":"The Mushroom Lair","floor":14,"turns":7},{"damage":3,"enemies":"Hexaghost","floor":16,"turns":8}],"seed_played":"-1260199976827963523","potions_obtained":[{"floor":2,"key":"PotionOfCapacity"},{"floor":5,"key":"SkillPotion"},{"floor":12,"key":"SteroidPotion"}],"is_trial":false,"path_per_floor":["M","M","M","M","M","R","?","E","T","R","$","M","M","?","R","B"],"character_chosen":"DEFECT","items_purchased":["Membership Card","Coolheaded","Glacier","Self Repair","Forethought","Sundial"],"campfire_rested":0,"item_purchase_floors":[11,11,11,11,11,11],"current_hp_per_floor":[75,75,69,67,54,54,47,39,39,39,39,38,38,26,26,23,23],"gold":86,"neow_bonus":"REMOVE_TWO","is_daily":false,"chose_seed":false,"campfire_upgraded":3,"win_rate":0.0,"timestamp":1610118648,"path_taken":["M","?","M","M","M","R","?","E","T","R","$","M","?","?","R","BOSS"],"items_purchased_type":["Relic","Card","Card","Card","Card","Relic"],"build_version":"2020-12-22","purchased_purges":1,"victory":false,"max_hp_per_floor":[75,75,75,75,75,75,75,75,75,75,75,75,75,75,75,75,75],"card_choices":[{"not_picked":["Rebound","Fusion"],"picked":"Hologram","floor":1},{"not_picked":["Turbo","Stack"],"picked":"Consume","floor":2},{"not_picked":["Streamline","Genetic Algorithm"],"picked":"Coolheaded","floor":3},{"not_picked":["Genetic Algorithm","Streamline"],"picked":"Multi-Cast","floor":4},{"not_picked":["Compile Driver","Reinforced Body"],"picked":"Leap","floor":5},{"not_picked":["Cold Snap","Hologram"],"picked":"Melter","floor":8},{"not_picked":["Gash","Beam Cell"],"picked":"Turbo","floor":12},{"not_picked":["Barrage","Rebound"],"picked":"Glacier","floor":13},{"not_picked":["Conserve Battery","Turbo"],"picked":"Seek","floor":14}],"player_experience":341676,"relics_obtained":[{"floor":8,"key":"Old Coin"},{"floor":14,"key":"Odd Mushroom"}],"event_choices":[{"damage_healed":0,"gold_gain":0,"player_choice":"Damaged","damage_taken":7,"max_hp_gain":0,"max_hp_loss":0,"event_name":"Wheel of Change","floor":7,"gold_loss":0},{"damage_healed":0,"gold_gain":0,"player_choice":"Fought Mushrooms","damage_taken":0,"max_hp_gain":0,"max_hp_loss":0,"event_name":"Mushrooms","floor":14,"gold_loss":0}],"is_beta":false,"boss_relics":[],"items_purged_floors":[11],"is_endless":false,"potions_floor_spawned":[2,5,12],"killed_by":"Hexaghost","ascension_level":1}}