{"host":"8ohk72e3leaymhq4","time":1610099932,"event":{"mods":["ATMod(阿瑾Mod)","Act Like it!","BaseMod","BetterRewards","Colored Powertips","Downfall","Hallownest","Hunter 猎人","Infinite Spire","LagranYue(拉格朗・月)","Lobotomy","LobotomyExtend","Marisa（F雨　魔理沙）","Mimic Mod","Minty Spire (QoL Compilation)","Nova Terra(诺娃・泰拉)","Relic Stats","Remilia（蕾米莉亚）","Replay The Spire","Reworked Bosses","Shop Mod","Spicy Shops","StSLib","Td1madao Mod","The Administrix","The Bug Knight","WarShipGirlsR/战舰少女R mod","Youmu（魂魄妖梦）","Yuri Mod","[IsaacMod]以撒尖塔","【遗物卡牌】REMEMod","篝火指南"],"gold_per_floor":[116,156,31,106,106,106,135,154,191,221,221],"floor_reached":10,"playtime":642,"items_purged":[],"score":64,"play_id":"108ee0db-c9cb-4b6b-99dd-4aa3bcf48627","local_time":"20210108175852","is_ascension_mode":false,"campfire_choices":[{"data":"rmod:steelsupply","floor":6,"key":"SMITH"}],"circlet_count":0,"master_deck":["rmod:strick","rmod:strick","rmod:strick","rmod:strick","rmod:defend","rmod:defend","rmod:defend","rmod:defend","rmod:basicallowance","rmod:maingunfire","Bomb","AT_ChampionKick","AT_OneInchPunch","FairyFestival","rmod:steelsupply+1","rmod:fletcherpendant","rmod:firesupport","infinitespire:Collect","VoidDream","rmod:tearstotiara","UniverseFragment","rmod:firesupport","OSAHOGD","rmod:fuelsupply"],"relics":["rmod:firstchargereward","HushsDoor","REME_ComplimentaryCards","AT_ATBox","SatanicBible","LagranYue:RandomDrawCardRelic","CogitoBucket","LetterFromLob","StoneCalendar","HollowMod:PaleOreRelic","Darkstone Periapt"],"acts_visited":["Exordium"],"potions_floor_usage":[10],"damage_taken":[{"damage":7,"enemies":"2 Louse","floor":1,"turns":3},{"damage":16,"enemies":"Gremlin Nob","floor":7,"turns":3},{"damage":0,"enemies":"Jaw Worm","floor":8,"turns":3},{"damage":4,"enemies":"Small Slimes","floor":9,"turns":4},{"damage":32,"enemies":"3 Sentries","floor":10,"turns":3}],"seed_played":"5282116782820838300","potions_obtained":[{"floor":7,"key":"Fire Potion"},{"floor":8,"key":"REME_GoldPotion"}],"is_trial":false,"path_per_floor":["M","?","$","?","?","R","E","M","MIM","E"],"character_chosen":"PRAEFECT","items_purchased":["HollowMod:PaleOreRelic","rmod:firesupport"],"campfire_rested":0,"item_purchase_floors":[3,3],"current_hp_per_floor":[68,68,68,57,39,39,23,23,19,0,0],"gold":221,"neow_bonus":"","is_daily":false,"chose_seed":false,"campfire_upgraded":1,"win_rate":0.0,"timestamp":1610099932,"path_taken":["M","?","$","?","?","R","E","?","MIM","E"],"items_purchased_type":["Relic","Card"],"build_version":"2020-12-22","purchased_purges":0,"victory":false,"max_hp_per_floor":[75,75,75,75,75,75,75,75,75,75,75],"relic_stats":{"Darkstone Periapt":0,"counters":[5,16],"StoneCalendar":[0],"obtain_stats":[{"KeepersGift":0,"Darkstone Periapt":7,"CogitoBucket":0,"AT_ATBox":0,"LagranYue:RandomDrawCardRelic":0,"StoneCalendar":2,"rmod:firstchargereward":0,"LetterFromLob":1,"HollowMod:PaleOreRelic":3,"HushsDoor":0,"REME_ComplimentaryCards":0,"SatanicBible":0},{"KeepersGift":0,"Darkstone Periapt":2,"CogitoBucket":0,"AT_ATBox":0,"LagranYue:RandomDrawCardRelic":0,"StoneCalendar":1,"rmod:firstchargereward":0,"LetterFromLob":1,"HollowMod:PaleOreRelic":1,"HushsDoor":0,"REME_ComplimentaryCards":0,"SatanicBible":0},{"KeepersGift":0,"Darkstone Periapt":6,"CogitoBucket":0,"AT_ATBox":0,"LagranYue:RandomDrawCardRelic":0,"StoneCalendar":3,"rmod:firstchargereward":0,"LetterFromLob":3,"HollowMod:PaleOreRelic":3,"HushsDoor":0,"REME_ComplimentaryCards":0,"SatanicBible":0}]},"card_choices":[{"not_picked":[],"picked":"Bomb","floor":0},{"not_picked":["Wellcheers","Scorched"],"picked":"FairyFestival","floor":1},{"not_picked":["rmod:punchline","rmod:aviationdawn"],"picked":"rmod:steelsupply","floor":1},{"not_picked":["rmod:wolves","rmod:aggressivemary"],"picked":"rmod:fletcherpendant","floor":2},{"not_picked":["infinitespire:SealOfDarkness+","ReplayTheSpireMod:Haul"],"picked":"infinitespire:Collect","floor":5},{"not_picked":["BeautyBeast","ShyLook"],"picked":"VoidDream","floor":7},{"not_picked":["Bomb","rmod:intelligenceanalysis"],"picked":"rmod:tearstotiara","floor":7},{"not_picked":["Scorched","OldLady"],"picked":"UniverseFragment","floor":8},{"not_picked":["rmod:advancebysurprise","Bomb"],"picked":"rmod:firesupport","floor":8},{"not_picked":["Wellcheers","ShyLook"],"picked":"OSAHOGD","floor":9},{"not_picked":["rmod:gendarmerie","rmod:garrisonisland"],"picked":"rmod:fuelsupply","floor":9}],"player_experience":28452,"relics_obtained":[{"floor":1,"key":"LetterFromLob"},{"floor":2,"key":"StoneCalendar"},{"floor":7,"key":"Darkstone Periapt"}],"event_choices":[{"damage_healed":0,"gold_gain":75,"player_choice":"Gather Gold","damage_taken":11,"max_hp_gain":0,"max_hp_loss":0,"event_name":"World of Goop","floor":4,"gold_loss":0}],"is_beta":false,"boss_relics":[],"items_purged_floors":[],"is_endless":false,"potions_floor_spawned":[7,8],"killed_by":"3 Sentries","ascension_level":0}}