{"host":"3498uni0c31c9bdm","time":1610119536,"event":{"mods":["BaseMod","Better Third Choice","Minty Spire (QoL Compilation)","Replay The Spire","StSLib"],"gold_per_floor":[112,122,122,122,83,115,115,126,180,194,157,184,91,111,111,215,215,234,234,250,269,369,369,369,402,402,419,419,439,467,484,20,20,20,115,115,126,126,126,139,162,162,196,196,196,227,239,117,117,134,134,134,134,134,62,91,91,91],"floor_reached":57,"playtime":3267,"items_purged":[],"score":1421,"play_id":"584cc162-bc5c-4e1b-ab59-777208fa0480","local_time":"20210109022536","is_ascension_mode":true,"campfire_choices":[{"floor":7.0,"key":"RECALL"},{"data":"Armaments","floor":15.0,"key":"SMITH"},{"floor":26.0,"key":"REST"},{"data":"Crow Ritual","floor":34.0,"key":"SMITH"},{"floor":42,"key":"REST"},{"data":"Crow Ritual","floor":44,"key":"SMITH"},{"floor":54,"key":"REST"}],"circlet_count":0,"master_deck":["Strike_R","Strike_R","Strike_R","Strike_R","Strike_R","Defend_R","Defend_R","Defend_R","Defend_R","Life Link","Clash","Survivor","Neutralize","Seek+1","Reckless Charge","Thunderclap+1","Infernal Blade","Thunderclap","Shockwave","Armaments+1","Eclipse","CurseOfTheBell","Heavy Blade","Clothesline","Power Through+1","Iron Wave","Perfected Strike+1","Pot Of Greed","Pot Of Greed","Twin Strike","Shrug It Off","Burning Pact+1","Crow Ritual+1","Crow Ritual+1","Decay","Demon Form","Infernal Blade+1","Madness","Madness","Pot Of Greed","Twin Strike","Feed","Armaments+1","ReplayTheSpireMod:Corrosion Curse+1","Mayhem","Dark Shackles","Replay:Sssssssssstrike","Magnetism","Parasite","Twin Strike+1","Fire Breathing","Pot Of Greed","Searing Blow+1"],"relics":["Black Blood","NeowsBlessing","Orichalcum","Mercury Hourglass","betterThird:SlimedRelic","Replay:Accelerometer","Onion Ring","Calling Bell","Replay:Baseball","Matryoshka","Ginger","Another Sword","Replay:WaspNest","Grinning Jar","Tiny Chest","MealTicket","DollysMirror","Replay:Grab Bag","Philosopher\u0027s Stone","Replay:Bronze Core","Pet Ghost","Red Skull","Strawberry","Divine Protection","Blue Candle","ReplayTheSpireMod:ShopPack","King of Hearts"],"acts_visited":["Exordium","TheCity","TheBeyond","TheEnding"],"potions_floor_usage":[46,56,57],"damage_taken":[{"damage":0.0,"enemies":"Small Slimes","floor":1.0,"turns":1.0},{"damage":0.0,"enemies":"Cultist","floor":2.0,"turns":1.0},{"damage":0.0,"enemies":"Lagavulin","floor":6.0,"turns":1.0},{"damage":0.0,"enemies":"2 Louse","floor":8.0,"turns":2.0},{"damage":10.0,"enemies":"2 Fungi Beasts","floor":10.0,"turns":2.0},{"damage":11.0,"enemies":"3 Sentries","floor":12.0,"turns":4.0},{"damage":0.0,"enemies":"Lots of Slimes","floor":14.0,"turns":1.0},{"damage":22.0,"enemies":"Fading Forest","floor":16.0,"turns":11.0},{"damage":4.0,"enemies":"3 Byrds","floor":18.0,"turns":5.0},{"damage":5.0,"enemies":"Spheric Guardian","floor":20.0,"turns":4.0},{"damage":5.0,"enemies":"Snake Plant","floor":21.0,"turns":3.0},{"damage":42.0,"enemies":"Gremlin Leader","floor":25.0,"turns":8.0},{"damage":0.0,"enemies":"Shelled Parasite and Fungi","floor":27.0,"turns":2.0},{"damage":1.0,"enemies":"Snecko","floor":29.0,"turns":3.0},{"damage":17.0,"enemies":"Slavers","floor":30.0,"turns":4.0},{"damage":3.0,"enemies":"3 Cultists","floor":31.0,"turns":4.0},{"damage":16.0,"enemies":"Pondfish","floor":35.0,"turns":6.0},{"damage":11.0,"enemies":"3 Darklings","floor":37.0,"turns":4.0},{"damage":18,"enemies":"3 Shapes","floor":40,"turns":5},{"damage":17,"enemies":"R_Hoarder","floor":43,"turns":8},{"damage":54,"enemies":"Giant Head","floor":46,"turns":8},{"damage":2,"enemies":"Transient","floor":47,"turns":5},{"damage":14,"enemies":"Writhing Mass","floor":50,"turns":6},{"damage":86,"enemies":"Time Eater","floor":52,"turns":11},{"damage":71,"enemies":"Shield and Spear","floor":56,"turns":7},{"damage":77,"enemies":"The Heart","floor":57,"turns":5}],"seed_played":"2348220731941074998","potions_obtained":[{"floor":10.0,"key":"Elixir"},{"floor":12.0,"key":"Weak Potion"},{"floor":14.0,"key":"FearPotion"},{"floor":16.0,"key":"SpeedPotion"},{"floor":20.0,"key":"Flashbang"},{"floor":27.0,"key":"LiquidMemories"},{"floor":37,"key":"Strength Potion"},{"floor":46,"key":"FairyPotion"}],"is_trial":false,"path_per_floor":["M","M","?","?","$","E","R","M","T","M","?","E","?","M","R","B",null,"M","?","M","M","?","PTL","PTL","E","R","M","T","M","E","M","$","?","R","B",null,"M","?","?","M","T","R","E","R","T","E","M","$","?","M","R","B",null,"R","$","E","B"],"character_chosen":"IRONCLAD","items_purchased":["Reckless Charge","MealTicket","Crow Ritual","DollysMirror","ReplayTheSpireMod:ShopPack","Fire Breathing"],"campfire_rested":3,"item_purchase_floors":[5,32,32,32,48,55],"current_hp_per_floor":[78,80,80,63,63,69,69,75,75,71,60,55,55,61,61,52,73,75,75,76,77,77,77,77,41,65,71,71,76,65,68,68,68,68,58,75,76,66,66,60,60,80,82,82,82,40,50,65,65,63,87,13,69,87,87,28,0,0],"gold":91,"neow_bonus":"THREE_ENEMY_KILL","is_daily":false,"chose_seed":false,"campfire_upgraded":3,"win_rate":0.0,"timestamp":1610119536,"path_taken":["M","M","?","?","$","E","R","M","T","M","?","E","?","?","R","BOSS","M","?","M","M","?","PTL","PTL","E","R","?","T","M","E","M","$","?","R","BOSS","M","?","?","M","?","R","E","R","T","E","M","$","?","M","R","BOSS","R","$","E","BOSS"],"items_purchased_type":["Card","Relic","Card","Relic","Relic","Card"],"build_version":"2020-12-22","purchased_purges":0,"victory":false,"max_hp_per_floor":[80,80,80,80,80,80,80,80,80,80,80,80,80,80,80,80,80,80,80,80,80,80,80,80,80,80,80,80,80,80,80,80,80,80,80,80,80,80,80,80,80,80,87,87,87,87,87,87,87,87,87,87,87,87,87,87,87,87],"card_choices":[{"not_picked":["Headbutt","Warcry"],"picked":"Life Link","floor":1.0},{"not_picked":["Run Through","Abandon"],"picked":"Clash","floor":2.0},{"not_picked":["Disarm","Rampage"],"picked":"Thunderclap","floor":6.0},{"not_picked":["Abandon","Blood for Blood"],"picked":"Infernal Blade","floor":8.0},{"not_picked":["Havoc","Reckless Charge"],"picked":"Thunderclap","floor":10.0},{"not_picked":["Sword Boomerang","Life Link"],"picked":"Shockwave","floor":12.0},{"not_picked":["Havoc","Clothesline"],"picked":"Armaments","floor":14.0},{"not_picked":["Impervious","Hemogenesis"],"picked":"Eclipse","floor":16.0},{"not_picked":["Infernal Blade","Anger"],"picked":"Heavy Blade","floor":18.0},{"not_picked":["Warcry","Shrug It Off"],"picked":"Clothesline","floor":20.0},{"not_picked":["Sever Soul","Intimidate"],"picked":"Power Through+1","floor":21.0},{"not_picked":["Life Link+1","Immolate"],"picked":"Iron Wave","floor":25.0},{"not_picked":["Pommel Strike","Anger"],"picked":"Perfected Strike+1","floor":27.0},{"not_picked":["Cleave","Infernal Blade"],"picked":"Twin Strike","floor":29.0},{"not_picked":["Replay:Undeath\u0027s Touch","Run Through"],"picked":"Shrug It Off","floor":30.0},{"not_picked":["Wild Strike","Headbutt"],"picked":"Burning Pact+1","floor":31.0},{"not_picked":["Limit Break","Immolate"],"picked":"Demon Form","floor":35.0},{"not_picked":["ReplayTheSpireMod:Strike From Hell","Cleave+1"],"picked":"Infernal Blade+1","floor":37},{"not_picked":["Replay:Undeath\u0027s Touch","Clash+1"],"picked":"Twin Strike","floor":40},{"not_picked":["Body Slam","Massacre+1"],"picked":"Feed","floor":43},{"not_picked":["Metallicize+1","Pummel+1"],"picked":"Armaments+1","floor":46},{"not_picked":["Ghostly Armor+1","Armaments"],"picked":"ReplayTheSpireMod:Corrosion Curse+1","floor":47},{"not_picked":["Transmutation","Thinking Ahead"],"picked":"Mayhem","floor":48},{"not_picked":["Forethought","Deep Breath"],"picked":"Dark Shackles","floor":48},{"not_picked":["Trip","Transmutation"],"picked":"Replay:Sssssssssstrike","floor":48},{"not_picked":["Mayhem","Replay:Parry"],"picked":"Magnetism","floor":49},{"not_picked":["ReplayTheSpireMod:Strike From Hell","Body Slam"],"picked":"Twin Strike+1","floor":50},{"not_picked":["Replay:Undeath\u0027s Touch+1","Heavy Blade"],"picked":"Searing Blow+1","floor":56}],"player_experience":667019,"relics_obtained":[{"floor":6.0,"key":"Mercury Hourglass"},{"floor":12.0,"key":"Replay:Accelerometer"},{"floor":17.0,"key":"Replay:Baseball"},{"floor":17.0,"key":"Matryoshka"},{"floor":17.0,"key":"Ginger"},{"floor":25.0,"key":"Another Sword"},{"floor":28.0,"key":"Replay:WaspNest"},{"floor":28.0,"key":"Grinning Jar"},{"floor":30.0,"key":"Tiny Chest"},{"floor":41,"key":"Pet Ghost"},{"floor":41,"key":"Red Skull"},{"floor":43,"key":"Strawberry"},{"floor":45,"key":"Divine Protection"},{"floor":46,"key":"Blue Candle"},{"floor":56,"key":"King of Hearts"}],"event_choices":[{"damage_healed":0.0,"max_hp_gain":0.0,"max_hp_loss":0.0,"gold_gain":0.0,"event_name":"betterThird:BetterGoop","player_choice":"Slimed","floor":11.0,"gold_loss":37.0,"damage_taken":11.0},{"damage_healed":0.0,"max_hp_gain":0.0,"max_hp_loss":0.0,"gold_gain":0.0,"event_name":"WeMeetAgain","player_choice":"Paid Gold","floor":13.0,"gold_loss":93.0,"damage_taken":0.0,"relics_obtained":["Onion Ring"]},{"damage_healed":0.0,"max_hp_gain":0.0,"max_hp_loss":0.0,"gold_gain":0.0,"event_name":"Vampires","player_choice":"Ignored","floor":19.0,"gold_loss":0.0,"damage_taken":0.0},{"damage_healed":0.0,"max_hp_gain":0.0,"max_hp_loss":0.0,"gold_gain":100.0,"event_name":"Golden Shrine","player_choice":"Pray","floor":22.0,"gold_loss":0.0,"damage_taken":0.0},{"damage_healed":0.0,"max_hp_gain":0.0,"max_hp_loss":0.0,"gold_gain":0.0,"event_name":"Forgotten Altar","player_choice":"Smashed Altar","floor":33.0,"gold_loss":0.0,"damage_taken":0.0,"cards_obtained":["Decay"]},{"damage_healed":0,"gold_gain":0,"player_choice":"Embrace Madness","damage_taken":10,"max_hp_gain":0,"max_hp_loss":0,"event_name":"Winding Halls","floor":38,"gold_loss":0,"cards_obtained":["Madness","Madness"]},{"cards_removed":["Pot Of Greed"],"damage_healed":0,"gold_gain":0,"player_choice":"Removed Skill","damage_taken":0,"max_hp_gain":0,"max_hp_loss":0,"event_name":"Falling","floor":39,"gold_loss":0},{"damage_healed":0,"gold_gain":0,"player_choice":"Memory 1","damage_taken":0,"max_hp_gain":0,"max_hp_loss":0,"event_name":"SensoryStone","floor":49,"gold_loss":0}],"is_beta":false,"boss_relics":[{"not_picked":["Runic Pyramid","Replay:Wanted Poster"],"picked":"Calling Bell"},{"not_picked":["Busted Crown","ReplayTheSpireMod:DimensionalGlitch"],"picked":"Replay:Grab Bag"},{"not_picked":["ReplayTheSpireMod:Onyx Gauntlets","Electric Blood"],"picked":"Philosopher\u0027s Stone"},{"not_picked":["Abe\u0027s Treasure","Painkiller Herb"],"picked":"Replay:Bronze Core"},{"not_picked":["Empty Cage","Kintsugi"],"picked":"Black Blood"}],"items_purged_floors":[],"is_endless":false,"potions_floor_spawned":[10,12,14,16,20,25,27,30,37,46,50],"killed_by":"The Heart","ascension_level":7}}