{"host":"ky4fpkow6stmf9da","time":1610077283,"event":{"mods":["2.2 Compatiblity","AchievementEnabler","BaseMod","Hermit","Minty Spire (QoL Compilation)","Rare Cards Sparkle","StSLib","The Bug Knight"],"gold_per_floor":[110,110,124,137,149,175,190,215,215,234,234,247,247,263,263,360,360,372,372,41,52,65,65,82,82,82,182,36,54,73,83,83,83,83],"floor_reached":33,"playtime":2675,"items_purged":[],"score":278,"play_id":"c15ec697-3668-47cb-bd04-d98896f1434c","local_time":"20210108044123","is_ascension_mode":true,"campfire_choices":[{"data":"Noxious Fumes","floor":11,"key":"SMITH"},{"data":"Infinite Blades","floor":13,"key":"SMITH"},{"floor":15,"key":"REST"},{"floor":23,"key":"REST"},{"floor":25,"key":"REST"},{"data":"Envenom","floor":32,"key":"SMITH"}],"circlet_count":0,"master_deck":["Strike_G","Strike_G","Strike_G","Strike_G","Strike_G","Defend_G","Defend_G","Defend_G+1","Defend_G+1","Defend_G","Survivor","Noxious Fumes+1","Flying Knee","Bane","Infinite Blades+1","Dodge and Roll","Envenom+1","Noxious Fumes","Infinite Blades","Deadly Poison+1","Poisoned Stab","Infinite Blades+1"],"relics":["Ring of the Snake","TungstenRod","InkBottle","Incense Burner","StoneCalendar","SacredBark","Meat on the Bone","War Paint"],"acts_visited":["Exordium","TheCity"],"potions_floor_usage":[4,8,14,14,21,29,30],"damage_taken":[{"damage":6,"enemies":"2 Louse","floor":1,"turns":3},{"damage":0,"enemies":"Cultist","floor":3,"turns":5},{"damage":0,"enemies":"Small Slimes","floor":4,"turns":4},{"damage":1,"enemies":"Looter","floor":5,"turns":3},{"damage":15,"enemies":"Gremlin Nob","floor":6,"turns":4},{"damage":5,"enemies":"Exordium Thugs","floor":7,"turns":5},{"damage":6,"enemies":"3 Sentries","floor":8,"turns":8},{"damage":0,"enemies":"Red Slaver","floor":10,"turns":4},{"damage":0,"enemies":"Looter","floor":12,"turns":3},{"damage":6,"enemies":"3 Louse","floor":14,"turns":3},{"damage":21,"enemies":"Slime Boss","floor":16,"turns":8},{"damage":29,"enemies":"Chosen","floor":18,"turns":5},{"damage":11,"enemies":"Spheric Guardian","floor":21,"turns":4},{"damage":35,"enemies":"Snake Plant","floor":22,"turns":7},{"damage":24,"enemies":"Sentry and Sphere","floor":24,"turns":7},{"damage":8,"enemies":"3 Cultists","floor":29,"turns":5},{"damage":27,"enemies":"Shelled Parasite and Fungi","floor":30,"turns":7},{"damage":6,"enemies":"Centurion and Healer","floor":31,"turns":6},{"damage":45,"enemies":"Champ","floor":33,"turns":9}],"seed_played":"-2928424354171391656","potions_obtained":[{"floor":3,"key":"SkillPotion"},{"floor":4,"key":"LiquidMemories"},{"floor":6,"key":"GhostInAJar"},{"floor":8,"key":"SpeedPotion"},{"floor":18,"key":"SkillPotion"},{"floor":24,"key":"GhostInAJar"},{"floor":29,"key":"GhostInAJar"}],"is_trial":false,"path_per_floor":["M","?","M","M","M","E","M","E","T","M","R","M","R","M","R","B",null,"M","$","$","M","M","R","M","R","T","?","$","M","M","M","R","B"],"character_chosen":"THE_SILENT","items_purchased":["Noxious Fumes","Meat on the Bone","War Paint"],"campfire_rested":3,"item_purchase_floors":[20,20,28],"current_hp_per_floor":[43,43,43,43,42,27,22,16,16,16,16,16,16,10,31,10,70,41,41,41,42,19,40,28,49,49,49,49,41,26,32,32,0,0],"gold":83,"neow_bonus":"ONE_RARE_RELIC","is_daily":false,"chose_seed":false,"campfire_upgraded":3,"win_rate":0.0,"timestamp":1610077283,"path_taken":["M","?","M","M","M","E","M","E","T","M","R","M","R","M","R","BOSS","M","?","$","M","M","R","M","R","T","?","$","M","M","M","R","BOSS"],"items_purchased_type":["Card","Relic","Relic"],"build_version":"2020-12-22","purchased_purges":0,"victory":false,"max_hp_per_floor":[70,70,70,70,70,70,70,70,70,70,70,70,70,70,70,70,70,70,70,70,70,70,70,70,70,70,70,70,70,70,70,70,70,70],"card_choices":[{"not_picked":["Underhanded Strike","Calculated Gamble"],"picked":"Noxious Fumes","floor":1},{"not_picked":["Infinite Blades","Blade Dance"],"picked":"Flying Knee","floor":3},{"not_picked":["Sucker Punch","Flying Knee"],"picked":"Bane","floor":4},{"not_picked":["Slice","Calculated Gamble"],"picked":"Infinite Blades","floor":5},{"not_picked":["Escape Plan","Underhanded Strike"],"picked":"Dodge and Roll","floor":6},{"not_picked":["Slice","Outmaneuver","Predator"],"picked":"SKIP","floor":7},{"not_picked":["Backstab","Slice","Finisher"],"picked":"SKIP","floor":8},{"not_picked":["Dodge and Roll","Endless Agony","Sucker Punch"],"picked":"SKIP","floor":10},{"not_picked":["Quick Slash","Underhanded Strike","Finisher"],"picked":"SKIP","floor":12},{"not_picked":["Die Die Die","Sucker Punch","Reflex"],"picked":"SKIP","floor":14},{"not_picked":["A Thousand Cuts","Glass Knife"],"picked":"Envenom","floor":16},{"not_picked":["Blade Dance","Terror","Choke"],"picked":"SKIP","floor":18},{"not_picked":["Tactician","Prepared"],"picked":"Infinite Blades","floor":21},{"not_picked":["Dagger Spray+1","Dodge and Roll","PiercingWail+1"],"picked":"SKIP","floor":22},{"not_picked":["PiercingWail","Outmaneuver"],"picked":"Deadly Poison+1","floor":24},{"not_picked":["Dash","Finisher"],"picked":"Poisoned Stab","floor":29},{"not_picked":["Riddle With Holes","Tactician","Dodge and Roll"],"picked":"SKIP","floor":30},{"not_picked":["Predator","Terror"],"picked":"Infinite Blades+1","floor":31}],"player_experience":35728,"relics_obtained":[{"floor":6,"key":"InkBottle"},{"floor":8,"key":"Incense Burner"},{"floor":9,"key":"StoneCalendar"}],"event_choices":[{"cards_removed":["Neutralize"],"damage_healed":0,"gold_gain":0,"player_choice":"Offered Basic","damage_taken":0,"max_hp_gain":0,"max_hp_loss":0,"event_name":"Bonfire Elementals","floor":2,"gold_loss":0},{"damage_healed":0,"gold_gain":100,"player_choice":"Pray","damage_taken":0,"max_hp_gain":0,"max_hp_loss":0,"event_name":"Golden Shrine","floor":27,"gold_loss":0}],"is_beta":false,"boss_relics":[{"not_picked":["Runic Dome","Empty Cage"],"picked":"SacredBark"}],"items_purged_floors":[],"is_endless":false,"potions_floor_spawned":[3,4,6,8,18,24,29],"killed_by":"Champ","ascension_level":1}}