{"host":"dwyzfvnzfcqffr30","time":1610107156,"event":{"mods":["2.2 Compatiblity","Act Like it!","BaseMod","Beaked The Cultist","Better Altar","Better Match","Better Note","Better Sensory Stone","Better Skull","Better Third Choice","Clockwork Mod","Colored Map","Colored Powertips","Conspire","Downfall","Elementarium","GifTheSpireLib","Halation","Hermit","Hubris","Infinite Spire","Ironclad Rager","Jedi Mod","Menagerie","Mimic Mod","Minty Spire (QoL Compilation)","Permanent Neow","Random Character Button","Replay The Spire","Spicy Shops","StSLib","Stuff the Spire","The Construct","The Disciple","The Druid","The Marked","TheFirefly","Trackpad","vexMod"],"gold_per_floor":[437,484,484,484,484,484,549,549,549,617,258,258,287,434,434,539,539,588,356,399,24,24,142,142,164,196,328,328,328,380,525,525,657,657,731,799,799,855,921,1149,1149,1326,1326,678,842,842,1034,1114,1114,1160,1160,1160,598,771,781],"floor_reached":56,"playtime":4268,"items_purged":["Dualcast+1","jedi:spotbugs+1","Undo+1"],"score":2477,"play_id":"44f1435f-b9e4-46d8-aacc-6ce4cea9e27c","local_time":"20210108035916","is_ascension_mode":true,"campfire_choices":[{"floor":6,"key":"RECALL"},{"floor":12,"key":"REST"},{"floor":15,"key":"REST"},{"floor":32,"key":"REST"},{"floor":41,"key":"REST"},{"data":"StuffTheSpire:ShieldGenerator+1","floor":46,"key":"SMITH"},{"floor":49,"key":"DIG"},{"data":"StuffTheSpire:ShieldGenerator+2","floor":52,"key":"SMITH"}],"circlet_count":0,"master_deck":["AscendersBane","Zap+1","Ball Lightning+1","Cold Snap+1","Ball Lightning+1","Cold Snap+1","Leap+1","Leap+1","Leap+1","Leap+1","jedi:meditation+1","MasterReality+1","Doom and Gloom+1","jedi:markofdeath+1","jedi:BurstLightning+1","StuffTheSpire:ShieldGenerator+3","Amplify+1","Loop+1","jedi:BurstFrost+1","jedi:overflow+1","jedi:blockon+1","Electrodynamics+1","Chaos+1","Crystallizer+1","StuffTheSpire:Synthwave+1"],"relics":["Cracked Core","Raider\u0027s Mask","Bottled Tornado","infinitespire:EvilPickle","Juzu Bracelet","hubris:EvacipatedBox","SacredBark","Quantum Egg","Frozen Egg 2","Molten Egg 2","Toxic Egg 2","halation:PromiseList","jedi:superconductor","vexMod:ConsolationPrize","StuffTheSpire:TintedRock","jedi:fakemustache","vexMod:MemoryStick","StuffTheSpire:RunicHypercube","Blood Vial","hubris:TenFootPole","hubris:EmptyBottle","Sundial","jedi:angrymask","halation:EternalFortune","Elementarium:ElementariumTrophy","vexMod:DeviousBotling","Bird Faced Urn","StuffTheSpire:HeavyRock","CeramicFish","conspire:BottledYoYo","trackpad:FocusingLens","Geode","jedi:laserpointer","halation:AfternoonTea","Anchor","Strawberry","hubris:PeanutButter","Membership Card","DataDisk","Solar Panel","trackpad:AdjectivePendant","Happy Flower"],"acts_visited":["Exordium","Elementarium:Elementarium","TheBeyond","TheEnding"],"potions_floor_usage":[14,16,16,23,23,23,23,23,23,23,27,27,27,31,31,31,33,39,39,42,42,50,50,50,50,55,55,55,55],"damage_taken":[{"damage":0,"enemies":"Small Slimes","floor":1,"turns":2},{"damage":0,"enemies":"2 Louse","floor":2,"turns":2},{"damage":0,"enemies":"Gremlin Nob","floor":7,"turns":3},{"damage":0,"enemies":"Lagavulin","floor":10,"turns":4},{"damage":0,"enemies":"Cultist","floor":13,"turns":2},{"damage":0,"enemies":"3 Sentries","floor":14,"turns":4},{"damage":0,"enemies":"Fading Forest","floor":16,"turns":11},{"damage":0,"enemies":"Elementarium:2_ELEMENTALS","floor":18,"turns":3},{"damage":0,"enemies":"Elementarium:MUD_AND_TAR_GOLEMS","floor":20,"turns":3},{"damage":15,"enemies":"Elementarium:FIRE_NOBILITY","floor":23,"turns":4},{"damage":0,"enemies":"Elementarium:CYCLONE_AND_LIVING_STORMCLOUD","floor":25,"turns":5},{"damage":0,"enemies":"Elementarium:VOID_CORRUPTION_AND_TAR_GOLEM","floor":26,"turns":6},{"damage":14,"enemies":"Elementarium:WarGolem","floor":27,"turns":3},{"damage":17,"enemies":"Elementarium:VOID_CORRUPTION_AND_TAR_GOLEM","floor":30,"turns":6},{"damage":0,"enemies":"Elementarium:ElementalPortal","floor":31,"turns":4},{"damage":21,"enemies":"Elementarium:GolemEmperor","floor":33,"turns":11},{"damage":12,"enemies":"Orb Walker","floor":35,"turns":2},{"damage":0,"enemies":"3 Darklings","floor":36,"turns":2},{"damage":6,"enemies":"2 Orb Walkers","floor":38,"turns":4},{"damage":0,"enemies":"Maw","floor":39,"turns":4},{"damage":30,"enemies":"Nemesis","floor":40,"turns":7},{"damage":0,"enemies":"Reptomancer","floor":42,"turns":4},{"damage":0,"enemies":"Giant Head","floor":45,"turns":5},{"damage":20,"enemies":"Nemesis","floor":47,"turns":7},{"damage":0,"enemies":"Sphere and 2 Shapes","floor":48,"turns":3},{"damage":46,"enemies":"Time Eater","floor":50,"turns":9},{"damage":9,"enemies":"Shield and Spear","floor":54,"turns":5},{"damage":10,"enemies":"The Heart","floor":55,"turns":5}],"seed_played":"8987835490466802046","potions_obtained":[{"floor":1,"key":"Fire Potion"},{"floor":7,"key":"jedi:wingpotion"},{"floor":14,"key":"Adrenaline Potion"},{"floor":16,"key":"EntropicBrew"},{"floor":18,"key":"Milkshake"},{"floor":27,"key":"AttackPotion"},{"floor":30,"key":"Explosive Potion"},{"floor":33,"key":"FearPotion"},{"floor":38,"key":"champ:CounterPotion"},{"floor":39,"key":"Explosive Potion"}],"is_trial":false,"path_per_floor":["M","M","?","?","?","R","E","T","T","E","$","R","M","E","R_BF","B",null,"M","$","M","$","?","E","?","M","MIM","E","?","?","M","E","R","B",null,"M","M","AVR","?","M","E","R","E","T","$","E","R","E","M","R_BF","B",null,"R","$","E","B",null],"character_chosen":"DEFECT","items_purchased":["StuffTheSpire:TintedRock","jedi:fakemustache","ColorlessPotion","Blood Vial","Undo+1","hubris:TenFootPole","hubris:EmptyBottle","Loop+1","trackpad:FocusingLens","Geode","jedi:laserpointer","halation:AfternoonTea","Fire Potion","Membership Card","DataDisk","Solar Panel","Crystallizer+1","PowerPotion","jedi:tentaclejuice","trackpad:AdjectivePendant"],"campfire_rested":4,"item_purchase_floors":[11,11,11,19,19,21,21,21,44,44,44,44,44,53,53,53,53,53,53,53],"current_hp_per_floor":[50,50,50,55,55,55,55,55,55,55,70,73,73,73,73,73,73,73,73,73,73,69,56,56,58,60,48,51,59,44,46,72,53,80,70,72,72,74,92,68,95,95,95,95,95,95,84,92,92,56,91,91,102,101,102],"gold":781,"neow_bonus":"DEFECT_STORMLORD","is_daily":false,"chose_seed":false,"campfire_upgraded":2,"win_rate":0.0,"timestamp":1610107156,"path_taken":["M","M","?","?","?","R","E","?","T","E","$","R","M","E","R_BF","BOSS","M","?","M","$","?","E","?","M","MIM","E","?","?","M","E","R","BOSS","M","M","AVR","?","M","E","R","E","T","$","E","R","E","M","R_BF","BOSS","R","$","E","BOSS"],"items_purchased_type":["Relic","Relic","Potion","Relic","Card","Relic","Relic","Card","Relic","Relic","Relic","Relic","Potion","Relic","Relic","Relic","Card","Potion","Potion","Relic"],"build_version":"2020-12-22","purchased_purges":3,"victory":true,"max_hp_per_floor":[68,68,68,73,73,73,73,73,73,73,73,73,73,73,73,73,73,73,73,73,73,78,78,78,78,78,78,81,89,89,89,89,89,89,89,89,89,89,92,95,95,95,95,95,95,95,102,102,102,102,102,102,102,102,102],"card_choices":[{"not_picked":["Ball Lightning+1","Streamline+1","Panic Button+1"],"picked":"SKIP","floor":1},{"not_picked":["Rebound+1","StuffTheSpire:ShieldGenerator+1"],"picked":"Doom and Gloom+1","floor":2},{"not_picked":["Reprogram+1","Barrage+1"],"picked":"jedi:markofdeath+1","floor":7},{"not_picked":["jedi:BurstFrost+1","Streamline+1"],"picked":"jedi:BurstLightning+1","floor":10},{"not_picked":["Coolheaded+1","Rebound+1","Doom and Gloom+1"],"picked":"SKIP","floor":13},{"not_picked":["Sweeping Beam+1","Redo+1"],"picked":"StuffTheSpire:ShieldGenerator+1","floor":14},{"not_picked":["Multi-Cast+1","StuffTheSpire:ForEach+1"],"picked":"Amplify+1","floor":16},{"not_picked":["Steam+1","Cold Snap+1","Scrape+1"],"picked":"SKIP","floor":18},{"not_picked":["Stack+1","Undo+1","Compile Driver+1"],"picked":"SKIP","floor":20},{"not_picked":["StuffTheSpire:Plugnplay+1","hubris:Ukulele+1"],"picked":"jedi:BurstFrost+1","floor":23},{"not_picked":["Leap+1","jedi:BurstLightning+1"],"picked":"jedi:overflow+1","floor":25},{"not_picked":["Steam Power+1","Coolheaded+1"],"picked":"jedi:spotbugs+1","floor":27},{"not_picked":["Stack+1","Rebound+1","Hologram+1"],"picked":"SKIP","floor":30},{"not_picked":["jedi:BurstLightning+1","StuffTheSpire:ShieldGenerator+1"],"picked":"jedi:blockon+1","floor":31},{"not_picked":["jedi:BurstFrost+1","Stack+1","conspire:SharedLibrary+1"],"picked":"SKIP","floor":35},{"not_picked":["StuffTheSpire:Coldhearted+1","jedi:BurstFrost+1","Steam Power+1"],"picked":"SKIP","floor":36},{"not_picked":["jedi:spotbugs+1","StuffTheSpire:NuclearReactor+1","Stack+1"],"picked":"SKIP","floor":39},{"not_picked":["Leap+1","Scrape+1"],"picked":"Chaos+1","floor":40},{"not_picked":["Steam+1","Leap+1","Panic Button+1"],"picked":"SKIP","floor":42},{"not_picked":["Streamline+1","Hyperbeam+1","Barrage+1"],"picked":"SKIP","floor":45},{"not_picked":["ReplayTheSpireMod:Reroute Power+1","jedi:BurstLightning+1","Ball Lightning+1"],"picked":"SKIP","floor":47},{"not_picked":["StuffTheSpire:CleanHardDrive+1","Hello World+1","Hyperbeam+1"],"picked":"SKIP","floor":48},{"not_picked":["Cold Snap+1","jedi:hex+1"],"picked":"StuffTheSpire:Synthwave+1","floor":54}],"player_experience":2656503,"relics_obtained":[{"floor":7,"key":"halation:PromiseList"},{"floor":9,"key":"jedi:superconductor"},{"floor":10,"key":"vexMod:ConsolationPrize"},{"floor":14,"key":"vexMod:MemoryStick"},{"floor":26,"key":"Sundial"},{"floor":27,"key":"jedi:angrymask"},{"floor":38,"key":"Bird Faced Urn"},{"floor":39,"key":"halation:EternalFortune"},{"floor":40,"key":"halation:EternalFortune"},{"floor":40,"key":"StuffTheSpire:HeavyRock"},{"floor":42,"key":"CeramicFish"},{"floor":43,"key":"conspire:BottledYoYo"},{"floor":45,"key":"Anchor"},{"floor":47,"key":"Strawberry"},{"floor":49,"key":"hubris:PeanutButter"},{"floor":54,"key":"Happy Flower"}],"event_choices":[{"damage_healed":0,"gold_gain":0,"player_choice":"Simplicity","damage_taken":0,"max_hp_gain":0,"max_hp_loss":8,"event_name":"betterThird:BetterWriting","floor":0,"gold_loss":0},{"damage_healed":0,"gold_gain":0,"player_choice":"Disagree","damage_taken":0,"max_hp_gain":0,"max_hp_loss":0,"event_name":"conspire:LoneGhost","floor":3,"gold_loss":0},{"damage_healed":0,"gold_gain":0,"player_choice":"Donut","damage_taken":0,"max_hp_gain":5,"max_hp_loss":0,"event_name":"Big Fish","floor":4,"gold_loss":0},{"cards_removed":["hubris:Lust"],"damage_healed":0,"gold_gain":0,"player_choice":"Forget","damage_taken":0,"max_hp_gain":0,"max_hp_loss":0,"event_name":"Living Wall","floor":5,"gold_loss":0},{"damage_healed":0,"gold_gain":0,"player_choice":"Sacrifice","damage_taken":18,"max_hp_gain":5,"max_hp_loss":0,"event_name":"Elementarium:RadiantAltar","floor":22,"gold_loss":0},{"damage_healed":0,"gold_gain":0,"player_choice":"Ignored","damage_taken":0,"max_hp_gain":0,"max_hp_loss":0,"event_name":"Elementarium:ElementalBlades","floor":24,"gold_loss":0},{"damage_healed":0,"gold_gain":0,"player_choice":"Graft","damage_taken":0,"max_hp_gain":8,"max_hp_loss":0,"event_name":"Elementarium:SculptureGarden","floor":29,"gold_loss":0},{"damage_healed":0,"gold_gain":0,"player_choice":"Fight","damage_taken":0,"max_hp_gain":0,"max_hp_loss":0,"event_name":"Mysterious Sphere","floor":38,"gold_loss":0}],"is_beta":false,"boss_relics":[{"not_picked":["Sozu","hubris:HollowSoul","StuffTheSpire:Kangaroo"],"picked":"StuffTheSpire:RunicHypercube"},{"not_picked":["FrozenCore","vexMod:TanglingVine","conspire:SeveredTorchhead"],"picked":"vexMod:DeviousBotling"}],"items_purged_floors":[37,53,53],"is_endless":false,"potions_floor_spawned":[1,7,14,16,18,27,30,33,38,39,45,47],"ascension_level":13}}