{"host":"t179ovrkr5k1gnfh","time":1610114808,"event":{"mods":["AchievementEnabler","BaseMod","Colored Map","Marisa????????","Minty Spire (QoL Compilation)","StSLib"],"gold_per_floor":[127,227,253,253,263,263,308,350,422,46,94,104,104,120,120,324,324,348,374,52,151,151,309,309,339,387,387,429,469,575,644,644,778,778,871,871,871,319,329,356,356,356,410,464,477,477,497,516,516,516],"floor_reached":51,"playtime":3620,"items_purged":["GravityBeat"],"score":884,"play_id":"2f1adabf-12fe-4c23-981b-931c1e5c7044","local_time":"20210108150648","daily_mods":["Draft"],"is_ascension_mode":false,"campfire_choices":[{"data":"MagicChant","floor":6,"key":"SMITH"},{"data":"1","floor":13,"key":"LIFT"},{"data":"BlazeAway","floor":15,"key":"SMITH"},{"data":"Orbital","floor":27,"key":"SMITH"},{"data":"OortCloud","floor":32,"key":"SMITH"},{"data":"Madness","floor":41,"key":"SMITH"},{"data":"2","floor":46,"key":"LIFT"},{"data":"PowerUp","floor":49,"key":"SMITH"}],"circlet_count":0,"master_deck":["PowerUp","GrandCross","BlazeAway+1","MilkyWay+1","SporeBomb","OortCloud+1","StarBarrage","PowerUp+1","ShootingEcho","AlicesGift","MagicChant+1","6A","DarkMatter","SuperPerseids","EventHorizon","MagicAbsorber","Orbital+1","MysteriousBeam+1","AsteroidBelt+1","UltimateShortwave","CurseOfTheBell","Madness+1","Madness+1","UnstableBomb","Parasite","Parasite","NonDirectionalLaser+1","Bandage Up"],"relics":["MiniHakkero","Girya","Singing Bowl","Orrery","Bag of Preparation","Lantern","Runic Pyramid","Juzu Bracelet","Gremlin Horn","Potion Belt","Vajra","Calling Bell","Blood Vial","Shuriken","StoneCalendar","War Paint","Torii","ShroomBag","Strawberry","Thread and Needle"],"acts_visited":["Exordium","TheCity","TheBeyond"],"potions_floor_usage":[16,30,33,33,33,44,50,50],"damage_taken":[{"damage":0,"enemies":"2 Louse","floor":1,"turns":2},{"damage":0,"enemies":"Cultist","floor":3,"turns":2},{"damage":0,"enemies":"Jaw Worm","floor":5,"turns":2},{"damage":0,"enemies":"Red Slaver","floor":7,"turns":2},{"damage":2,"enemies":"3 Sentries","floor":8,"turns":5},{"damage":0,"enemies":"Lagavulin","floor":11,"turns":3},{"damage":0,"enemies":"Blue Slaver","floor":12,"turns":1},{"damage":0,"enemies":"2 Fungi Beasts","floor":14,"turns":1},{"damage":0,"enemies":"Slime Boss","floor":16,"turns":4},{"damage":0,"enemies":"Spheric Guardian","floor":18,"turns":2},{"damage":9,"enemies":"Slavers","floor":23,"turns":2},{"damage":0,"enemies":"3 Byrds","floor":25,"turns":2},{"damage":0,"enemies":"Centurion and Healer","floor":28,"turns":2},{"damage":0,"enemies":"Snecko","floor":29,"turns":1},{"damage":0,"enemies":"3 Cultists","floor":30,"turns":2},{"damage":0,"enemies":"Shelled Parasite and Fungi","floor":31,"turns":1},{"damage":0,"enemies":"Collector","floor":33,"turns":4},{"damage":19,"enemies":"3 Darklings","floor":35,"turns":6},{"damage":8,"enemies":"Orb Walker","floor":39,"turns":2},{"damage":6,"enemies":"Nemesis","floor":40,"turns":3},{"damage":6,"enemies":"2 Orb Walkers","floor":44,"turns":3},{"damage":0,"enemies":"Sphere and 2 Shapes","floor":45,"turns":4},{"damage":0,"enemies":"Maw","floor":47,"turns":4},{"damage":0,"enemies":"Transient","floor":48,"turns":5},{"damage":9,"enemies":"Awakened One","floor":50,"turns":7}],"seed_played":"8526716492865000785","potions_obtained":[{"floor":3,"key":"Explosive Potion"},{"floor":5,"key":"Explosive Potion"},{"floor":12,"key":"DistilledChaos"},{"floor":14,"key":"EssenceOfSteel"},{"floor":16,"key":"FearPotion"},{"floor":28,"key":"Strength Potion"},{"floor":31,"key":"BottledSpark"},{"floor":35,"key":"ShroomBrew"},{"floor":45,"key":"Energy Potion"},{"floor":47,"key":"DuplicationPotion"},{"floor":48,"key":"BlessingOfTheForge"}],"is_trial":true,"path_per_floor":["M","?","M","?","M","R","M","E","T","$","E","M","R","M","R","B",null,"M","T","$","?","?","E","?","M","T","R","M","M","M","M","R","B",null,"M","?","?","$","M","E","R","?","T","?","M","R","M","M","R","B",null],"character_chosen":"MARISA","items_purchased":["Orrery","Bag of Preparation","Orbital","Gremlin Horn","UnstableBomb","War Paint","Torii","Swift Potion"],"campfire_rested":0,"item_purchase_floors":[10,10,20,20,38,38,38,38],"current_hp_per_floor":[75,75,75,75,75,75,75,73,73,79,79,81,81,83,83,85,87,87,87,87,87,87,80,80,80,80,80,82,84,84,86,86,86,95,78,66,66,66,62,58,58,58,65,67,79,79,93,105,105,108],"gold":516,"neow_bonus":"","is_daily":false,"chose_seed":false,"campfire_upgraded":6,"win_rate":0.0,"timestamp":1610114808,"path_taken":["M","?","?","?","M","R","M","E","T","$","E","M","R","M","R","BOSS","M","?","$","?","?","E","?","M","T","R","M","M","M","M","R","BOSS","M","?","?","$","M","E","R","?","T","?","M","R","M","M","R","BOSS"],"items_purchased_type":["Relic","Relic","Card","Relic","Card","Relic","Relic","Potion"],"build_version":"2020-12-22","purchased_purges":1,"victory":true,"max_hp_per_floor":[75,75,75,75,75,75,75,75,75,81,81,83,83,85,85,87,87,87,87,87,87,87,89,89,89,89,89,91,93,93,95,95,95,95,97,97,97,97,99,99,99,99,106,108,110,110,112,114,114,114],"card_choices":[{"not_picked":["DC","PropBag"],"picked":"PowerUp","floor":0},{"not_picked":["ShootingEcho","WitchOfGreed"],"picked":"GrandCross","floor":0},{"not_picked":["ChargingUp","Orbital"],"picked":"BlazeAway","floor":0},{"not_picked":["Acceleration","UnstableBomb"],"picked":"MilkyWay","floor":0},{"not_picked":["EnergyRecoil","OrrerysSun"],"picked":"SporeBomb","floor":0},{"not_picked":["MysteriousBeam","MilkyWay"],"picked":"OortCloud","floor":0},{"not_picked":["DC","NonDirectionalLaser"],"picked":"StarBarrage","floor":0},{"not_picked":["DoubleSpark","Acceleration"],"picked":"GravityBeat","floor":0},{"not_picked":["Acceleration","GrandCross"],"picked":"PowerUp","floor":0},{"not_picked":["OneTimeOff","DC"],"picked":"ShootingEcho","floor":0},{"not_picked":["WitchOfGreed","DoubleSpark"],"picked":"AlicesGift","floor":0},{"not_picked":["StarlightTyphoon","DarkSpark"],"picked":"Acceleration","floor":0},{"not_picked":["DarkMatter","MysteriousBeam"],"picked":"OneTimeOff","floor":0},{"not_picked":["SprinkleStarSeal","UnstableBomb"],"picked":"MagicChant","floor":0},{"not_picked":["DC","WitchLeyline"],"picked":"Robbery","floor":0},{"not_picked":["AsteroidBelt","GravityBeat"],"picked":"6A","floor":1},{"not_picked":["IllusionStar","OpenUniverse","GrandCross"],"picked":"SKIP","floor":3},{"not_picked":["6A","WitchLeyline","ShootingEcho"],"picked":"SKIP","floor":5},{"not_picked":["DC","SporeBomb","RefractionSpark"],"picked":"SKIP","floor":7},{"not_picked":["OrrerysSun","DC","MysteriousBeam"],"picked":"SKIP","floor":8},{"not_picked":["Occultation","SuperNova","ShootTheMoon"],"picked":"Singing Bowl","floor":10},{"not_picked":["SporeBomb","GalacticHalo"],"picked":"DarkMatter","floor":10},{"not_picked":["StarBarrage","DC"],"picked":"SuperPerseids","floor":10},{"not_picked":["6A","ShootingEcho","GalacticHalo"],"picked":"Singing Bowl","floor":10},{"not_picked":["OneTimeOff","DoubleSpark","ManaRampage"],"picked":"Singing Bowl","floor":10},{"not_picked":["ChargingUp","DC"],"picked":"EventHorizon","floor":11},{"not_picked":["DC","SporeBomb","IllusionStar"],"picked":"Singing Bowl","floor":12},{"not_picked":["6A","Acceleration","StarlightTyphoon"],"picked":"Singing Bowl","floor":14},{"not_picked":["TreasureHunter","CollectingQuirk","AbsoluteMagnitude"],"picked":"Singing Bowl","floor":16},{"not_picked":["MagicChant","SprinkleStarSeal"],"picked":"MagicAbsorber","floor":18},{"not_picked":["GravityBeat","DarkMatter+1","IllusionStar"],"picked":"Singing Bowl","floor":23},{"not_picked":["GravityBeat+1","PowerUp"],"picked":"MysteriousBeam+1","floor":25},{"not_picked":["OpenUniverse","OortCloud+1","OneTimeOff+1"],"picked":"Singing Bowl","floor":28},{"not_picked":["ChargingUp","GrandCross","LuminesStrike+1"],"picked":"Singing Bowl","floor":29},{"not_picked":["CollectingQuirk","SporeBomb+1"],"picked":"AsteroidBelt+1","floor":30},{"not_picked":["PropBag","OrrerysSun","DoubleSpark"],"picked":"Singing Bowl","floor":31},{"not_picked":["AbsoluteMagnitude","MaximisePower"],"picked":"UltimateShortwave","floor":33},{"not_picked":["GravityBeat","GrandCross","MeteoricShower+1"],"picked":"Singing Bowl","floor":35},{"not_picked":["DC","ShootingEcho+1","EscapeVelocity"],"picked":"Singing Bowl","floor":39},{"not_picked":["LuminesStrike+1","MagicChant"],"picked":"NonDirectionalLaser+1","floor":40},{"not_picked":["Metamorphosis","HandOfGreed"],"picked":"Bandage Up","floor":42},{"not_picked":["Occultation+1","EnergyFlow","GravityBeat+1"],"picked":"Singing Bowl","floor":44},{"not_picked":["GravityBeat","DarkMatter+1","LuminesStrike+1"],"picked":"Singing Bowl","floor":45},{"not_picked":["StarlightTyphoon","PowerUp","MagicChant"],"picked":"Singing Bowl","floor":47},{"not_picked":["OpenUniverse","LuminesStrike","DragonMeteor+1"],"picked":"Singing Bowl","floor":48}],"player_experience":121802,"relics_obtained":[{"floor":8,"key":"Girya"},{"floor":9,"key":"Singing Bowl"},{"floor":11,"key":"Lantern"},{"floor":19,"key":"Juzu Bracelet"},{"floor":23,"key":"Potion Belt"},{"floor":26,"key":"Vajra"},{"floor":34,"key":"Blood Vial"},{"floor":34,"key":"Shuriken"},{"floor":34,"key":"StoneCalendar"},{"floor":40,"key":"ShroomBag"},{"floor":43,"key":"Strawberry"},{"floor":44,"key":"Thread and Needle"}],"event_choices":[{"damage_healed":0,"gold_gain":100,"player_choice":"Pray","damage_taken":0,"max_hp_gain":0,"max_hp_loss":0,"event_name":"Golden Shrine","floor":2,"gold_loss":0},{"cards_removed":["Acceleration"],"damage_healed":0,"gold_gain":0,"player_choice":"Purged","damage_taken":0,"max_hp_gain":0,"max_hp_loss":0,"event_name":"Purifier","floor":4,"gold_loss":0},{"damage_healed":0,"gold_gain":99,"player_choice":"Stole From Cult","damage_taken":0,"max_hp_gain":0,"max_hp_loss":0,"event_name":"Nest","floor":21,"gold_loss":0},{"damage_healed":0,"gold_gain":0,"player_choice":"Ignored","damage_taken":0,"max_hp_gain":0,"max_hp_loss":0,"event_name":"Ghosts","floor":22,"gold_loss":0},{"cards_removed":["OneTimeOff"],"damage_healed":0,"gold_gain":0,"player_choice":"Elegance","damage_taken":0,"max_hp_gain":0,"max_hp_loss":0,"event_name":"Back to Basics","floor":24,"gold_loss":0},{"damage_healed":0,"gold_gain":0,"player_choice":"Embrace Madness","damage_taken":12,"max_hp_gain":0,"max_hp_loss":0,"event_name":"Winding Halls","floor":36,"gold_loss":0,"cards_obtained":["Madness","Madness"]},{"cards_removed":["Robbery"],"damage_healed":0,"gold_gain":0,"player_choice":"Removed Attack","damage_taken":0,"max_hp_gain":0,"max_hp_loss":0,"event_name":"Falling","floor":37,"gold_loss":0},{"damage_healed":0,"gold_gain":0,"player_choice":"Memory 1","damage_taken":0,"max_hp_gain":0,"max_hp_loss":0,"event_name":"SensoryStone","floor":42,"gold_loss":0},{"damage_healed":0,"gold_gain":0,"player_choice":"Fight","damage_taken":0,"max_hp_gain":0,"max_hp_loss":0,"event_name":"Mysterious Sphere","floor":44,"gold_loss":0}],"is_beta":false,"boss_relics":[{"not_picked":["SacredBark","BewitchedHakkero"],"picked":"Runic Pyramid"},{"not_picked":["Tiny House","Empty Cage"],"picked":"Calling Bell"}],"items_purged_floors":[10],"is_endless":false,"potions_floor_spawned":[3,5,12,14,16,18,28,31,35,45,47,48],"ascension_level":0}}