{"host":"ueaobptuyu87ouwy","time":1610116967,"event":{"mods":["Aspiration","Bard","BaseMod","Better Altar","Better Match","Better Note","Better Sensory Stone","Better Skull","Better Third Choice","BetterRewards","CCEM","Colored Map","Conspire","Downfall","GifTheSpireLib","GungeonMod","Halation","Hermit","Highlight Path","Hubris","Infinite Spire","Jedi Mod","Jorbs\u0027s Wanderer Trilogy","Marisa????????","Marked Mod","Mimic Mod","Minty Spire (QoL Compilation)","Permanent Neow","Replay The Spire","Shop Mod","Small Relic Pack","StSLib","Stuff the Spire","The Runesmith","Unceasing Turn Reminder","everything is the same but u backflip on backflip","slay the spire mod where everything is the same but ironclad has a cowboy hat"],"gold_per_floor":[112,131,151,151,169,169,199,218,251,251,231,256,276,296,296,392,392,409,429,429,429,446,446,72,72,72,72,103,115,129,145,145,244,244,264,284,284,284,194,194,205,239,279,279,289,319,319,319,319],"floor_reached":48,"playtime":2282,"items_purged":[],"score":680,"play_id":"7248814c-d595-49d9-880b-9bc5cb723cb2","local_time":"20210108224247","is_ascension_mode":true,"campfire_choices":[{"data":"Hologram","floor":6,"key":"SMITH"},{"data":"Cold Snap","floor":10,"key":"SMITH"},{"floor":15,"key":"REST"},{"data":"Mirror Shield","floor":23,"key":"SMITH"},{"floor":25,"key":"REST"},{"data":"Machine Learning","floor":27,"key":"SMITH"},{"floor":32,"key":"REST"},{"data":"jedi:BurstFrost","floor":40,"key":"SMITH"},{"data":"Beam Cell","floor":44,"key":"SMITH"}],"circlet_count":0,"master_deck":["Strike_B","Strike_B","Defend_B+1","Defend_B","Defend_B","Defend_B","Zap+1","Dualcast","Hologram+1","Go for the Eyes","Cold Snap+1","Beam Cell+1","Loop","Gash+1","Machine Learning+1","Cold Snap","Electrodynamics","Mirror Shield+1","Crystallizer","jedi:BurstFrost+1","BasicCrystalCard+1","Melter","jedi:BurstFrost+1","Cold Snap","Go for the Eyes","Gash+1","Gash+1","Redo+1","Beam Cell+1"],"relics":["Cracked Core","Bronze Scales","aspiration:HiddenCompartment","aspiration:Lifesprig","Replay:Rubber Ducky","StuffTheSpire:Kangaroo","hubris:DeckOfHolding","Blood Vial","jedi:gremlinknob","aspiration:HummingbirdHeart","DemoMod:Bottle","halation:RedSoulGem","StuffTheSpire:Rhapsscallions","DemoMod:Orange","Girya"],"acts_visited":["Exordium","TheCity","TheBeyond"],"potions_floor_usage":[12,33,46,48],"damage_taken":[{"damage":6,"enemies":"Cultist","floor":1,"turns":3},{"damage":0,"enemies":"2 Louse","floor":2,"turns":2},{"damage":0,"enemies":"conspire:RoseBush","floor":3,"turns":2},{"damage":25,"enemies":"Gremlin Gang","floor":5,"turns":5},{"damage":29,"enemies":"Gremlin Nob","floor":7,"turns":5},{"damage":1,"enemies":"3 Louse","floor":8,"turns":3},{"damage":1,"enemies":"Exordium Wildlife","floor":9,"turns":5},{"damage":3,"enemies":"Lagavulin","floor":12,"turns":7},{"damage":0,"enemies":"Exordium Wildlife","floor":13,"turns":2},{"damage":0,"enemies":"Blue Slaver","floor":14,"turns":3},{"damage":0,"enemies":"The Guardian","floor":16,"turns":9},{"damage":0,"enemies":"3 Byrds","floor":18,"turns":3},{"damage":8,"enemies":"2 Thieves","floor":19,"turns":4},{"damage":16,"enemies":"3 Cultists","floor":22,"turns":5},{"damage":28,"enemies":"Book of Stabbing","floor":28,"turns":4},{"damage":0,"enemies":"Chosen and Byrds","floor":29,"turns":4},{"damage":8,"enemies":"Snake Plant","floor":30,"turns":3},{"damage":0,"enemies":"Cultist and Chosen","floor":31,"turns":4},{"damage":46,"enemies":"Automaton","floor":33,"turns":9},{"damage":0,"enemies":"3 Shapes","floor":35,"turns":5},{"damage":0,"enemies":"Orb Walker","floor":36,"turns":3},{"damage":36,"enemies":"Writhing Mass","floor":41,"turns":4},{"damage":0,"enemies":"Giant Head","floor":42,"turns":6},{"damage":0,"enemies":"Jaw Worm Horde","floor":43,"turns":6},{"damage":8,"enemies":"Jaw Worm Horde","floor":45,"turns":3},{"damage":50,"enemies":"Reptomancer","floor":46,"turns":5},{"damage":8,"enemies":"Transient","floor":48,"turns":2}],"seed_played":"-468664818049625741","potions_obtained":[{"floor":1,"key":"DemoMod:LeadSkinPotion"},{"floor":3,"key":"SteroidPotion"},{"floor":8,"key":"ColorlessPotion"},{"floor":11,"key":"EssenceOfDarkness"},{"floor":14,"key":"ColorlessPotion"},{"floor":28,"key":"Languid Potion"},{"floor":42,"key":"EssenceOfSteel"},{"floor":46,"key":"Dexterity Potion"}],"is_trial":false,"path_per_floor":["M","M","M","?","M","R","E","M","MIM","R","?","E","M","M","R_BF","B",null,"M","M","?","?","M","R","$","R","T","R","E","M","M","M","R","B",null,"M","M","?","?","?","R","M","E","MIM","R","M","E","T","M"],"character_chosen":"DEFECT","items_purchased":["jedi:gremlinknob","Melter"],"campfire_rested":3,"item_purchase_floors":[24,24],"current_hp_per_floor":[69,69,69,69,44,44,15,14,13,13,13,10,10,10,32,32,75,75,67,67,47,33,33,33,55,55,55,29,31,25,27,49,30,75,75,75,75,75,75,75,39,43,57,57,51,3,3,0,0],"gold":319,"neow_bonus":"UPGRADE_CARD","is_daily":false,"chose_seed":false,"campfire_upgraded":6,"win_rate":0.0,"timestamp":1610116967,"path_taken":["M","M","M","?","?","R","E","M","MIM","R","?","E","M","?","R_BF","BOSS","M","?","?","?","M","R","?","R","T","R","E","M","M","M","R","BOSS","M","M","?","?","?","R","?","E","MIM","R","?","E","?","?"],"items_purchased_type":["Relic","Card"],"build_version":"2020-12-13","purchased_purges":0,"victory":false,"max_hp_per_floor":[75,75,75,75,75,75,75,75,75,75,75,75,75,75,75,75,75,75,75,75,75,75,75,75,75,75,75,75,75,75,75,75,75,75,75,75,75,75,75,75,75,77,89,89,89,89,89,89,89],"card_choices":[{"not_picked":["Beam Cell","StuffTheSpire:SnapShoot"],"picked":"Hologram","floor":1},{"not_picked":["Turbo","Steam"],"picked":"Go for the Eyes","floor":2},{"not_picked":["BasicCrystalCard","StuffTheSpire:NuclearReactor"],"picked":"Cold Snap","floor":3},{"not_picked":["jedi:darknesscall","ReplaySort","Tempest"],"picked":"SKIP","floor":5},{"not_picked":["Hologram","Hyperbeam"],"picked":"Beam Cell","floor":7},{"not_picked":["Beam Cell","Darkness"],"picked":"Loop","floor":8},{"not_picked":["Stack","Rip and Tear"],"picked":"Gash","floor":9},{"not_picked":["Beam Cell","Steam"],"picked":"Machine Learning","floor":12},{"not_picked":["Hologram","hubris:PowerSurge"],"picked":"Cold Snap","floor":13},{"not_picked":["Scrape","Leap"],"picked":"Electrodynamics","floor":14},{"not_picked":["StuffTheSpire:EventHorizon","StuffTheSpire:ForEach"],"picked":"Mirror Shield","floor":16},{"not_picked":["Chaos+1","Streamline"],"picked":"Crystallizer","floor":18},{"not_picked":["StuffTheSpire:LoadUp","Panic Button"],"picked":"jedi:BurstFrost+1","floor":19},{"not_picked":["ReplayTheSpireMod:Fabricate Wheel","Leap"],"picked":"BasicCrystalCard+1","floor":22},{"not_picked":["Sweeping Beam","Stack"],"picked":"jedi:BurstFrost","floor":28},{"not_picked":["Reinforced Body","Double Energy","Scrape"],"picked":"SKIP","floor":29},{"not_picked":["Steam Power","StuffTheSpire:ShieldGenerator"],"picked":"Cold Snap","floor":30},{"not_picked":["Self Repair","BasicCrystalCard"],"picked":"Go for the Eyes","floor":31},{"not_picked":["Self Repair","jedi:BurstLightning+1"],"picked":"Gash+1","floor":35},{"not_picked":["BasicCrystalCard","Leap"],"picked":"Gash+1","floor":36},{"not_picked":["jedi:reiji","Chaos+1","Steam"],"picked":"SKIP","floor":41},{"not_picked":["ReplayTheSpireMod:Dual Polarity","ReplayTheSpireMod:Calculation Training"],"picked":"Redo+1","floor":42},{"not_picked":["Compile Driver","BasicCrystalCard+1","Redo+1"],"picked":"SKIP","floor":45},{"not_picked":["BasicCrystalCard","Leap+1"],"picked":"Beam Cell+1","floor":46}],"player_experience":81943,"relics_obtained":[{"floor":7,"key":"aspiration:HiddenCompartment"},{"floor":9,"key":"aspiration:Lifesprig"},{"floor":12,"key":"Replay:Rubber Ducky"},{"floor":26,"key":"aspiration:HummingbirdHeart"},{"floor":28,"key":"DemoMod:Bottle"},{"floor":42,"key":"StuffTheSpire:Rhapsscallions"},{"floor":43,"key":"DemoMod:Orange"},{"floor":46,"key":"Girya"}],"event_choices":[{"damage_healed":0,"gold_gain":0,"player_choice":"Gave Potion","damage_taken":0,"relics_obtained":["Bronze Scales"],"max_hp_gain":0,"max_hp_loss":0,"event_name":"WeMeetAgain","floor":4,"gold_loss":0},{"damage_healed":0,"gold_gain":0,"player_choice":"Bought 1 Potion","damage_taken":0,"max_hp_gain":0,"max_hp_loss":0,"event_name":"The Woman in Blue","floor":11,"gold_loss":0},{"damage_healed":0,"gold_gain":0,"player_choice":" Vial ","damage_taken":20,"relics_obtained":["Blood Vial"],"max_hp_gain":67,"max_hp_loss":47,"event_name":"betterAltar:BetterAltar","floor":21,"potions_obtained":[],"relics_lost":[],"gold_loss":0},{"cards_removed":["Strike_B"],"damage_healed":0,"gold_gain":0,"player_choice":"Upgrade and Remove","damage_taken":0,"max_hp_gain":0,"max_hp_loss":0,"event_name":"Designer","floor":39,"gold_loss":90,"cards_upgraded":["Defend_B"]}],"is_beta":false,"boss_relics":[{"not_picked":["halation:Risk","hubris:TerracottaHorce"],"picked":"StuffTheSpire:Kangaroo"},{"not_picked":["Runic Pyramid","halation:PinkAlligatorPlush","hubris:BlackHole"]}],"items_purged_floors":[],"is_endless":false,"potions_floor_spawned":[1,3,8,14,16,28,29,31,42,46],"killed_by":"Transient","ascension_level":1}}