{"host":"04aht2z7d1qbuefv","time":1610115800,"event":{"mods":["AchievementEnabler","BaseMod","Downfall","Minty Spire (QoL Compilation)","StSLib","The Cursed","The Necromancer"],"gold_per_floor":[99,99,199,199,199,9,9,9,0,11,36,49,34,34,53,152,152,2,19,30,30,30,115,138,138,138,138],"floor_reached":25,"playtime":971,"items_purged":[],"score":195,"play_id":"90300604-b375-429c-969f-444dc051b6b8","local_time":"20210108112320","is_ascension_mode":false,"campfire_choices":[{"floor":1.0,"key":"RECALL"},{"data":"Guardian:EvasiveProtocol","floor":18.0,"key":"SMITH"}],"circlet_count":0,"master_deck":["Guardian:Strike_Guardian","Guardian:Strike_Guardian","Guardian:Strike_Guardian","Guardian:Strike_Guardian","Guardian:Defend_Guardian","Guardian:Defend_Guardian","Guardian:Defend_Guardian","Guardian:Defend_Guardian","Guardian:CurlUp","Guardian:TwinSlam","Guardian:RollAttack","Guardian:EvasiveProtocol+1","Guardian:FloatingOrbs","Guardian:Recover","Guardian:ConstructionForm","Guardian:BronzeOrb","Shame","Slimebound:Icky"],"relics":["Guardian:ModeShifter","downfall:HeartsMalice","Dream Catcher","Membership Card","Mummified Hand","GremlinMask","Cursed Key","downfall:HeartBlessingRed","downfall:HeartBlessingGreen","downfall:RedIOU","Smiling Mask"],"acts_visited":["Exordium","TheCity"],"potions_floor_usage":[],"damage_taken":[{"damage":0.0,"enemies":"Small Slimes","floor":2.0,"turns":1.0},{"damage":0.0,"enemies":"Jaw Worm","floor":5.0,"turns":1.0},{"damage":0.0,"enemies":"downfall:FleeingMerchant","floor":6.0,"turns":1.0},{"damage":4.0,"enemies":"downfall:FleeingMerchant","floor":9.0,"turns":4.0},{"damage":0.0,"enemies":"Cultist","floor":10.0,"turns":4.0},{"damage":41.0,"enemies":"Gremlin Nob","floor":11.0,"turns":6.0},{"damage":0.0,"enemies":"3 Louse","floor":12.0,"turns":3.0},{"damage":1.0,"enemies":"downfall:FleeingMerchant","floor":13.0,"turns":4.0},{"damage":1.0,"enemies":"Exordium Wildlife","floor":15.0,"turns":3.0},{"damage":5.0,"enemies":"downfall:Ironclad","floor":16.0,"turns":9.0},{"damage":2.0,"enemies":"Spheric Guardian","floor":19.0,"turns":8.0},{"damage":0.0,"enemies":"Snake Plant","floor":20.0,"turns":6.0},{"damage":64,"enemies":"Gremlin Leader","floor":25,"turns":9}],"seed_played":"-252687785355973075","potions_obtained":[{"floor":10.0,"key":"SpeedPotion"},{"floor":11.0,"key":"Guardian:DefensiveModePotion"},{"floor":12.0,"key":"Strength Potion"},{"floor":19.0,"key":"Ancient Potion"}],"is_trial":false,"path_per_floor":["R","M","?","?","M","$","T","?","$","M","E","M","$","?","M","B",null,"R","M","M","?","T","?","T","E"],"character_chosen":"GUARDIAN","items_purchased":["Membership Card","Guardian:FloatingOrbs"],"campfire_rested":0,"item_purchase_floors":[6,6],"current_hp_per_floor":[80,80,80,77,77,77,77,77,73,73,32,32,31,31,30,25,80,80,78,78,78,78,62,62,0,0,0],"gold":138,"neow_bonus":"THREE_ENEMY_KILL","is_daily":false,"chose_seed":false,"campfire_upgraded":1,"win_rate":0.0,"timestamp":1610115800,"path_taken":["R","M","?","?","M","?","T","?","$","M","E","?","$","?","M","BOSS","R","M","M","?","?","?","T","E"],"items_purchased_type":["Relic","Card"],"build_version":"2020-12-22","purchased_purges":0,"victory":false,"max_hp_per_floor":[80,80,80,80,80,80,80,80,80,80,80,80,80,80,80,80,80,80,80,80,80,80,80,80,80,80,80],"card_choices":[{"not_picked":["Guardian:Recover","Guardian:Reroute"],"picked":"Guardian:RollAttack","floor":2.0},{"not_picked":["Guardian:VentSteam","Guardian:PrimingBeam"],"picked":"Guardian:EvasiveProtocol","floor":5.0},{"not_picked":["Guardian:PrismaticBarrier","Guardian:FloatingOrbs"],"picked":"Guardian:Gem_Blue","floor":6.0},{"not_picked":["Guardian:Planning","Guardian:DecasProtection"],"picked":"Guardian:Gem_Crimson","floor":9.0},{"not_picked":["Guardian:Gem_Cyan","Guardian:WalkerClaw","Guardian:Gem_Green"],"picked":"SKIP","floor":10.0},{"not_picked":["Guardian:Gem_Lightblue","Guardian:PrimingBeam","Guardian:PrismaticBarrier"],"picked":"SKIP","floor":11.0},{"not_picked":["Guardian:PiercingHide","Guardian:ShieldCharger","Guardian:RefractedBeam"],"picked":"SKIP","floor":12.0},{"not_picked":["Guardian:VentSteam","Guardian:Planning","Guardian:Clone"],"picked":"SKIP","floor":13.0},{"not_picked":["Guardian:Incinerate","Guardian:VentSteam"],"picked":"Guardian:Recover","floor":15.0},{"not_picked":["Guardian:StasisField","Guardian:HyperBeam_Guardian"],"picked":"Guardian:ConstructionForm","floor":16.0},{"not_picked":["Guardian:RollAttack+1","Guardian:Gem_Cyan"],"picked":"Guardian:BronzeOrb","floor":19.0},{"not_picked":["Guardian:ChargeCore+1","Guardian:ChargeUp+1","Guardian:VentSteam+1"],"picked":"SKIP","floor":20.0}],"player_experience":157926,"relics_obtained":[{"floor":7.0,"key":"Mummified Hand"},{"floor":11.0,"key":"Anchor"},{"floor":24.0,"key":"Smiling Mask"}],"event_choices":[{"damage_healed":0.0,"max_hp_gain":0.0,"max_hp_loss":0.0,"gold_gain":0.0,"event_name":"Scrap Ooze","player_choice":"Success","floor":4.0,"gold_loss":0.0,"damage_taken":3.0,"relics_obtained":["Dream Catcher"]},{"damage_healed":0.0,"max_hp_gain":0.0,"max_hp_loss":0.0,"gold_gain":0.0,"event_name":"FaceTrader","player_choice":"Trade","floor":8.0,"gold_loss":0.0,"damage_taken":0.0,"relics_obtained":["GremlinMask"]}],"is_beta":false,"boss_relics":[{"not_picked":["SacredBark","Sozu"],"picked":"Cursed Key"}],"items_purged_floors":[],"is_endless":false,"potions_floor_spawned":[10,11,12,15,19],"killed_by":"Gremlin Leader","ascension_level":0}}