{"host":"6hzrz31j95f2y1pa","time":1610114219,"event":{"mods":["BaseMod","Colored Map","Downfall","Minty Spire (QoL Compilation)","StSLib"],"gold_per_floor":[99,99,114,128,0,12,12,47,47,47,47,64,90,0,10,10,10,10],"floor_reached":16,"playtime":532,"items_purged":["Pain"],"score":236,"play_id":"a1d9b09e-9cc3-4a05-8471-77884ac73136","local_time":"20210108085659","is_ascension_mode":true,"campfire_choices":[{"data":"expansioncontent:HyperBeam","floor":1.0,"key":"SMITH"},{"data":"expansioncontent:DefensiveStance","floor":9.0,"key":"SMITH"}],"circlet_count":0,"master_deck":["AscendersBane","hexamod:Strike","hexamod:Strike","hexamod:Strike","hexamod:Strike","hexamod:Defend","hexamod:Defend+1","hexamod:Defend","hexamod:Defend","hexamod:Sear+1","hexamod:Float","expansioncontent:HyperBeam+1","hexamod:HauntingEcho","hexamod:Haunt","expansioncontent:DefensiveStance+1","hexamod:FastForward","hexamod:AdvancingGuard+1","hexamod:SpectersWail","Regret","hexamod:NightmareGuise","hexamod:NightmareStrike","hexamod:Hexaguard","hexamod:PhantomCloak"],"relics":["hexamod:SpiritBrand","WarpedTongs","Pear","Tiny Chest","Ice Cream"],"acts_visited":["Exordium"],"potions_floor_usage":[],"damage_taken":[{"damage":2.0,"enemies":"Cultist","floor":3.0,"turns":3.0},{"damage":1.0,"enemies":"Jaw Worm","floor":4.0,"turns":4.0},{"damage":3.0,"enemies":"downfall:FleeingMerchant","floor":5.0,"turns":4.0},{"damage":0.0,"enemies":"2 Louse","floor":6.0,"turns":2.0},{"damage":18.0,"enemies":"Lagavulin","floor":8.0,"turns":7.0},{"damage":17.0,"enemies":"Exordium Thugs","floor":12.0,"turns":3.0},{"damage":2.0,"enemies":"Gremlin Nob","floor":13.0,"turns":3.0},{"damage":3.0,"enemies":"downfall:FleeingMerchant","floor":14.0,"turns":4.0},{"damage":4.0,"enemies":"Lots of Slimes","floor":15.0,"turns":2.0},{"damage":17,"enemies":"downfall:Watcher","floor":16,"turns":10}],"seed_played":"4871447414527309077","potions_obtained":[{"floor":3.0,"key":"Dexterity Potion"},{"floor":8.0,"key":"SteroidPotion"},{"floor":12.0,"key":"Energy Potion"},{"floor":15.0,"key":"DuplicationPotion"}],"is_trial":false,"path_per_floor":["R","?","M","M","$","M","T","E","R","?","?","M","E","$","M","B"],"character_chosen":"THE_SPIRIT","items_purchased":["expansioncontent:DefensiveStance","hexamod:FastForward"],"campfire_rested":0,"item_purchase_floors":[5,5],"current_hp_per_floor":[57,57,55,54,51,51,61,43,43,43,43,26,24,21,17,0,0,0],"gold":10,"neow_bonus":"RANDOM_COLORLESS","is_daily":false,"chose_seed":false,"campfire_upgraded":2,"win_rate":0.0,"timestamp":1610114219,"path_taken":["R","?","M","M","$","?","T","E","R","?","?","M","E","$","M","BOSS"],"items_purchased_type":["Card","Card"],"build_version":"2020-12-22","purchased_purges":1,"victory":false,"max_hp_per_floor":[63,63,63,63,63,63,73,73,73,73,73,73,73,73,73,73,73,73],"card_choices":[{"not_picked":["expansioncontent:DecasProtection","Panacea"],"picked":"expansioncontent:HyperBeam","floor":0.0},{"not_picked":["hexamod:GhostOfSpirePast","hexamod:FastForward"],"picked":"hexamod:HauntingEcho","floor":3.0},{"not_picked":["hexamod:CatchUp","hexamod:BacktrackSmack"],"picked":"hexamod:Haunt","floor":4.0},{"not_picked":["hexamod:HeatMetal","hexamod:NightmareStrike","hexamod:InspiringFlames"],"picked":"SKIP","floor":5.0},{"not_picked":["hexamod:RainOfEmbers","hexamod:InspiringFlames"],"picked":"hexamod:AdvancingGuard","floor":6.0},{"not_picked":["hexamod:NightmareStrike","hexamod:GhostLash"],"picked":"hexamod:SpectersWail","floor":8.0},{"not_picked":["hexamod:Toasty","hexamod:Again"],"picked":"hexamod:NightmareGuise","floor":12.0},{"not_picked":["hexamod:ShieldOfDarkness","hexamod:RainOfEmbers"],"picked":"hexamod:NightmareStrike","floor":13.0},{"not_picked":["hexamod:SwordOfDarkness","hexamod:HeatMetal"],"picked":"hexamod:Hexaguard","floor":14.0},{"not_picked":["hexamod:VolcanoVisage","hexamod:ThermalTransfer"],"picked":"hexamod:PhantomCloak","floor":15.0}],"player_experience":1303047,"relics_obtained":[{"floor":7.0,"key":"Pear"},{"floor":8.0,"key":"Tiny Chest"},{"floor":13.0,"key":"Ice Cream"}],"event_choices":[{"damage_healed":0.0,"max_hp_gain":0.0,"max_hp_loss":0.0,"gold_gain":0.0,"event_name":"Accursed Blacksmith","player_choice":"Rummage","floor":2.0,"gold_loss":0.0,"damage_taken":0.0,"relics_obtained":["WarpedTongs"],"cards_obtained":["Pain"]}],"is_beta":false,"boss_relics":[],"items_purged_floors":[14],"is_endless":false,"potions_floor_spawned":[3,8,12,15],"killed_by":"downfall:Watcher","ascension_level":15}}