{"host":"d265sm4b0zub77qp","time":1610086499,"event":{"mods":["AchievementEnabler","BaseMod","BetterRewards","Colored Map","Downfall","GifTheSpireLib","Jorbs\u0027s Wanderer Trilogy","Minty Spire (QoL Compilation)","StSLib","Stuff the Spire","[IsaacMod]????"],"gold_per_floor":[118,118,136,136,151,151,181,181,206,221,50,78,78,95,95,190,190,207,225,225,241,59,94,94,94,94,120,120,153,153,167,167,264,264,281,281,281],"floor_reached":36,"playtime":2733,"items_purged":["BloodyBrimstone+1"],"score":553,"play_id":"f0242d91-de43-4502-aa5a-c64ef8c33aad","local_time":"20210107231459","is_ascension_mode":true,"campfire_choices":[{"data":"StuffTheSpire:Synthwave","floor":6,"key":"SMITH"},{"data":"BloodyBrimstone","floor":8,"key":"SMITH"},{"floor":15,"key":"REST"},{"floor":28,"key":"REST"},{"floor":30,"key":"REST"},{"floor":32,"key":"REST"}],"circlet_count":0,"master_deck":["Strike_B","Strike_B","Strike_B","Strike_B","Defend_B","Defend_B","Defend_B","Defend_B","Zap","Dualcast","StuffTheSpire:Plugnplay","Conserve Battery","StuffTheSpire:Synthwave+1","Distribution","Redo","Sunder+1","Distribution","Ball Lightning","Electrodynamics","Defragment","Chill","Genetic Algorithm+1","Ghostly","Ghostly","Ghostly","Ghostly","Ghostly","Coolheaded","expansioncontent:StudyTheSpire","Discovery","Self Repair","Loop","Buffer","Auto Shields+1"],"relics":["StuffTheSpire:OccultApparatus","HushsDoor","NeowsBlessing","Boot","Blood Vial","Centennial Puzzle","Membership Card","StuffTheSpire:SapphireSignet","TheBean","Fusion Hammer","GuppysHead","StuffTheSpire:CocoNut","MutagenicStrength","StuffTheSpire:PointBlank","Juzu Bracelet","Art of War","Inserter"],"acts_visited":["Exordium","TheCity","TheBeyond"],"potions_floor_usage":[12,16,16,16,21,27],"damage_taken":[{"damage":0,"enemies":"Jaw Worm","floor":1,"turns":1},{"damage":0,"enemies":"Cultist","floor":3,"turns":1},{"damage":0,"enemies":"2 Louse","floor":5,"turns":1},{"damage":0,"enemies":"3 Sentries","floor":7,"turns":3},{"damage":0,"enemies":"Lots of Slimes","floor":10,"turns":1},{"damage":18,"enemies":"Lagavulin","floor":12,"turns":3},{"damage":9,"enemies":"Red Slaver","floor":14,"turns":3},{"damage":35,"enemies":"The Guardian","floor":16,"turns":5},{"damage":11,"enemies":"2 Thieves","floor":18,"turns":2},{"damage":13,"enemies":"3 Byrds","floor":19,"turns":2},{"damage":4,"enemies":"Centurion and Healer","floor":21,"turns":4},{"damage":0,"enemies":"Gremlin Leader","floor":23,"turns":6},{"damage":10,"enemies":"Slavers","floor":27,"turns":3},{"damage":23,"enemies":"Gremlin Leader","floor":29,"turns":6},{"damage":8,"enemies":"Cultist and Chosen","floor":31,"turns":5},{"damage":2,"enemies":"Automaton","floor":33,"turns":8},{"damage":0,"enemies":"Orb Walker","floor":35,"turns":3},{"damage":38,"enemies":"3 Darklings","floor":36,"turns":2}],"seed_played":"-3679801740442000047","potions_obtained":[{"floor":3,"key":"Strength Potion"},{"floor":7,"key":"Dexterity Potion"},{"floor":10,"key":"SkillPotion"},{"floor":14,"key":"SteroidPotion"},{"floor":19,"key":"Weak Potion"},{"floor":23,"key":"LiquidMemories"},{"floor":31,"key":"Swift Potion"},{"floor":33,"key":"Explosive Potion"}],"is_trial":false,"path_per_floor":["M","?","M","?","M","R","E","R","T","M","$","E","?","M","R","B",null,"M","M","?","M","$","E","?","?","T","E","R","E","R","M","R","B",null,"M","M"],"character_chosen":"DEFECT","items_purchased":["Membership Card","Sunder","GuppysHead","Defragment","expansioncontent:StudyTheSpire","Discovery"],"campfire_rested":4,"item_purchase_floors":[11,11,17,17,22,22],"current_hp_per_floor":[75,60,60,60,60,60,60,60,60,62,62,46,46,39,58,25,50,36,25,23,20,20,29,29,29,29,20,29,14,23,17,26,30,30,30,0,0],"gold":281,"neow_bonus":"THREE_ENEMY_KILL","is_daily":false,"chose_seed":false,"campfire_upgraded":2,"win_rate":0.0,"timestamp":1610086499,"path_taken":["M","?","?","?","M","R","E","R","T","M","?","E","?","M","R","BOSS","M","M","?","M","?","E","?","?","T","E","R","E","R","M","R","BOSS","M","M"],"items_purchased_type":["Relic","Card","Relic","Card","Card","Card"],"build_version":"2020-12-22","purchased_purges":1,"victory":false,"max_hp_per_floor":[75,75,75,75,75,75,72,72,72,69,69,66,66,66,66,63,50,47,47,23,23,23,30,30,30,30,30,30,30,30,30,30,30,30,30,30,30],"card_choices":[{"not_picked":[],"picked":"BloodyBrimstone","floor":0},{"not_picked":["Consume","Barrage"],"picked":"StuffTheSpire:Plugnplay","floor":1},{"not_picked":["Scrape","Compile Driver"],"picked":"Conserve Battery","floor":3},{"not_picked":["Steam","White Noise"],"picked":"StuffTheSpire:Synthwave","floor":5},{"not_picked":["Redo","Steam Power"],"picked":"Distribution","floor":7},{"not_picked":["Seek","StuffTheSpire:LoadUp"],"picked":"Redo","floor":10},{"not_picked":["Heatsinks","Steam"],"picked":"Distribution","floor":12},{"not_picked":["Hologram","Streamline"],"picked":"Ball Lightning","floor":14},{"not_picked":["StuffTheSpire:LaunchingStrike","Thunder Strike"],"picked":"Electrodynamics","floor":16},{"not_picked":["StuffTheSpire:LoadUp","Barrage"],"picked":"Chill","floor":18},{"not_picked":["Cold Snap","Compile Driver"],"picked":"Genetic Algorithm+1","floor":19},{"not_picked":["Sweeping Beam","Genetic Algorithm"],"picked":"Coolheaded","floor":21},{"not_picked":["Steam Power","Coolheaded"],"picked":"Self Repair","floor":23},{"not_picked":["Core Surge","Cold Snap","Undo"],"picked":"SKIP","floor":27},{"not_picked":["Steam Power","Recycle"],"picked":"Loop","floor":29},{"not_picked":["Genetic Algorithm","Coolheaded","Ball Lightning"],"picked":"SKIP","floor":31},{"not_picked":["StuffTheSpire:Purify","Electrodynamics"],"picked":"Buffer","floor":33},{"not_picked":["Compile Driver","Reprogram+1"],"picked":"Auto Shields+1","floor":35}],"player_experience":256785,"relics_obtained":[{"floor":7,"key":"Blood Vial"},{"floor":9,"key":"Centennial Puzzle"},{"floor":12,"key":"StuffTheSpire:SapphireSignet"},{"floor":23,"key":"StuffTheSpire:CocoNut"},{"floor":26,"key":"StuffTheSpire:PointBlank"},{"floor":27,"key":"Juzu Bracelet"},{"floor":29,"key":"Art of War"}],"event_choices":[{"damage_healed":0,"gold_gain":0,"player_choice":"Ignored","damage_taken":0,"max_hp_gain":0,"max_hp_loss":0,"event_name":"Golden Wing","floor":4,"gold_loss":0},{"damage_healed":0,"gold_gain":0,"player_choice":"Grow","damage_taken":0,"max_hp_gain":0,"max_hp_loss":0,"event_name":"Living Wall","floor":13,"gold_loss":0,"cards_upgraded":["Sunder"]},{"damage_healed":0,"gold_gain":0,"player_choice":"Became a Ghost","damage_taken":0,"max_hp_gain":0,"max_hp_loss":24,"event_name":"Ghosts","floor":20,"gold_loss":0,"cards_obtained":["Ghostly","Ghostly","Ghostly","Ghostly","Ghostly"]},{"damage_healed":0,"gold_gain":0,"player_choice":"Inject Mutagens","damage_taken":0,"relics_obtained":["MutagenicStrength"],"max_hp_gain":0,"max_hp_loss":0,"event_name":"Drug Dealer","floor":25,"gold_loss":0}],"is_beta":false,"boss_relics":[{"not_picked":["ChampionBelt","Runic Dome"],"picked":"Fusion Hammer"},{"not_picked":[]},{"not_picked":["StuffTheSpire:RunicHypercube","SlaversCollar"],"picked":"Inserter"},{"not_picked":[]}],"items_purged_floors":[22],"is_endless":false,"potions_floor_spawned":[3,7,10,14,19,23,31,33],"killed_by":"3 Darklings","ascension_level":2}}