{"host":"7c402rm0fqc13zvz","time":1610103767,"event":{"mods":["BaseMod","Marisa（F雨　魔理沙）","Minty Spire (QoL Compilation)","Remilia（蕾米莉亚）","StSLib","The Servant 0.9.4","Youmu（魂魄妖梦）","[功能]功能增强和修复MOD"],"gold_per_floor":[111,124,141,91,108,108,108,139,139,139,157,214,230,230,230,486,486,503,418,418,435,430,430,430,458,458,477,497,497,515,500,500,747,747,757,747,765,781,776,776,805,816,816,816,816,816,816,869,869,869],"floor_reached":51,"playtime":1779,"items_purged":["Strike_R","Bash","Strike_R","Strike_R","Strike_R","Strike_R","Defend_R","Defend_R","Defend_R","Defend_R","Shrug It Off","Entrench","Metallicize","Juggernaut","Iron Wave","Iron Wave","Manipulate"],"score":1126,"play_id":"b16eb7b5-a44b-4a17-81be-25a1d224993c","local_time":"20210108190247","is_ascension_mode":true,"campfire_choices":[{"data":"Entrench","floor":6.0,"key":"SMITH"},{"data":"Bloodletting","floor":10.0,"key":"SMITH"},{"data":"Body Slam","floor":15.0,"key":"SMITH"},{"data":"Offering","floor":23.0,"key":"SMITH"},{"data":"Body Slam","floor":29.0,"key":"SMITH"},{"floor":32.0,"key":"REST"},{"data":"Offering","floor":40.0,"key":"SMITH"},{"data":"Finesse","floor":49,"key":"SMITH"}],"circlet_count":0,"master_deck":["Armaments+1","Bloodletting+1","Entrench+1","Body Slam+1","Body Slam+1","Offering+1","Iron Wave+1","Master of Strategy","Offering+1","OneTimeOff+1","Finesse+1","Trip"],"relics":["Burning Blood","Nunchaku","Anchor","Regal Pillow","Orrery","Toy Ornithopter","Potion Belt","MealTicket","Thread and Needle","Juzu Bracelet","Sling","Gremlin Horn","Black Star","Charon\u0027s Ashes","Bag of Marbles","Pear","Strawberry","Boot","Lee\u0027s Waffle","Red Skull","Oddly Smooth Stone","Darkstone Periapt","TheAbacus","Dream Catcher","Question Card","Runic Pyramid","Happy Flower","PrismaticShard","Centennial Puzzle","CaptainsWheel","HornCleat","DollysMirror","Frozen Egg 2","InkBottle","Ornamental Fan","TungstenRod"],"acts_visited":["Exordium","TheCity","TheBeyond"],"potions_floor_usage":[50,50,50,50,50],"damage_taken":[{"damage":5.0,"enemies":"Small Slimes","floor":1.0,"turns":4.0},{"damage":0.0,"enemies":"2 Louse","floor":2.0,"turns":1.0},{"damage":9.0,"enemies":"Jaw Worm","floor":3.0,"turns":3.0},{"damage":3.0,"enemies":"Lots of Slimes","floor":5.0,"turns":3.0},{"damage":9.0,"enemies":"Lagavulin","floor":8.0,"turns":5.0},{"damage":6.0,"enemies":"Red Slaver","floor":11.0,"turns":2.0},{"damage":26.0,"enemies":"3 Sentries","floor":12.0,"turns":6.0},{"damage":0.0,"enemies":"3 Louse","floor":13.0,"turns":1.0},{"damage":34.0,"enemies":"Hexaghost","floor":16.0,"turns":5.0},{"damage":12.0,"enemies":"3 Byrds","floor":18.0,"turns":2.0},{"damage":6.0,"enemies":"Spheric Guardian","floor":21.0,"turns":2.0},{"damage":9.0,"enemies":"Book of Stabbing","floor":25.0,"turns":1.0},{"damage":6.0,"enemies":"3 Cultists","floor":27.0,"turns":3.0},{"damage":9.0,"enemies":"Cultist and Chosen","floor":28.0,"turns":2.0},{"damage":6.0,"enemies":"Centurion and Healer","floor":30.0,"turns":2.0},{"damage":6.0,"enemies":"Collector","floor":33.0,"turns":2.0},{"damage":6.0,"enemies":"3 Shapes","floor":35.0,"turns":2.0},{"damage":9.0,"enemies":"3 Darklings","floor":37.0,"turns":1.0},{"damage":12.0,"enemies":"Sphere and 2 Shapes","floor":38.0,"turns":2.0},{"damage":21.0,"enemies":"Giant Head","floor":41.0,"turns":1.0},{"damage":6.0,"enemies":"Spire Growth","floor":42.0,"turns":1.0},{"damage":9,"enemies":"2 Orb Walkers","floor":48,"turns":1},{"damage":15,"enemies":"Awakened One","floor":50,"turns":3}],"seed_played":"5164730700158160727","potions_obtained":[{"floor":1.0,"key":"BlessingOfTheForge"},{"floor":1.0,"key":"Explosive Potion"},{"floor":2.0,"key":"PowerPotion"},{"floor":11.0,"key":"DuplicationPotion"},{"floor":12.0,"key":"Explosive Potion"},{"floor":21.0,"key":"AttackPotion"},{"floor":25.0,"key":"Energy Potion"},{"floor":27.0,"key":"LiquidMemories"},{"floor":30.0,"key":"SkillPotion"},{"floor":33.0,"key":"AttackPotion"},{"floor":37.0,"key":"DistilledChaos"}],"is_trial":false,"path_per_floor":["M","M","M","$","M","R","?","E","T","R","M","?","M","$","R","B",null,"M","?","?","M","$","R","$","E","T","M","M","R","M","$","R","B",null,"M","$","M","M","$","R","E","M","T","?","?","?","?","?","R","B",null],"character_chosen":"IRONCLAD","items_purchased":["Shrug It Off","Juggernaut","Anchor","Regal Pillow","Orrery","Thread and Needle","Juzu Bracelet","Sling","Metallicize","Bag of Marbles","Pear","Strawberry","Boot","Lee\u0027s Waffle","TheAbacus","Dream Catcher","Master of Strategy","Happy Flower","PrismaticShard","Centennial Puzzle","CaptainsWheel","HornCleat","DollysMirror"],"campfire_rested":1,"item_purchase_floors":[4,4,4,4,4,14,14,14,14,22,22,24,24,24,31,31,36,36,36,36,39,39,39],"current_hp_per_floor":[80,80,77,77,80,80,80,77,77,77,77,57,68,80,80,52,80,74,74,80,80,90,90,104,101,101,101,98,98,98,104,104,104,104,104,104,101,95,104,104,89,89,89,89,89,79,79,76,76,92],"gold":869,"neow_bonus":"RANDOM_COMMON_RELIC","is_daily":false,"chose_seed":false,"campfire_upgraded":7,"win_rate":0.0,"timestamp":1610103767,"path_taken":["M","M","M","$","M","R","?","E","T","R","M","?","M","$","R","BOSS","M","?","?","M","$","R","$","E","T","M","M","R","M","?","R","BOSS","M","$","M","M","$","R","E","M","T","?","?","?","?","?","R","BOSS"],"items_purchased_type":["Card","Card","Relic","Relic","Relic","Relic","Relic","Relic","Card","Relic","Relic","Relic","Relic","Relic","Relic","Relic","Card","Relic","Relic","Relic","Relic","Relic","Relic"],"build_version":"2020-12-22","purchased_purges":17,"victory":true,"max_hp_per_floor":[80,80,80,80,80,80,80,80,80,80,80,80,80,80,80,80,80,80,80,80,80,90,90,104,104,104,104,104,104,104,104,104,104,104,104,104,104,104,104,104,104,104,104,104,104,104,99,99,99,99],"card_choices":[{"not_picked":["Dual Wield","Flex","Hemokinesis"],"picked":"SKIP","floor":1.0},{"not_picked":["Searing Blow","Flex"],"picked":"Armaments","floor":2.0},{"not_picked":["Perfected Strike","Metallicize"],"picked":"Bloodletting","floor":3.0},{"not_picked":["Clothesline","Dual Wield"],"picked":"Ghostly Armor","floor":4.0},{"not_picked":["Twin Strike","Headbutt"],"picked":"Entrench","floor":5.0},{"not_picked":["Bloodletting","Limit Break","Rampage"],"picked":"SKIP","floor":8.0},{"not_picked":["Pommel Strike","Second Wind"],"picked":"Body Slam","floor":11.0},{"not_picked":["Heavy Blade","Armaments"],"picked":"Iron Wave","floor":13.0},{"not_picked":["Limit Break","Bludgeon"],"picked":"Offering","floor":16.0},{"not_picked":["Shrug It Off+1","Flex+1"],"picked":"Body Slam","floor":18.0},{"not_picked":["Uppercut","Whirlwind+1","Wild Strike+1"],"picked":"SKIP","floor":21.0},{"not_picked":["Shockwave+1","Pommel Strike","Perfected Strike"],"picked":"SKIP","floor":25.0},{"not_picked":["Warcry+1","Whirlwind+1"],"picked":"Entrench","floor":27.0},{"not_picked":["Dropkick+1","Thunderclap","Intimidate+1"],"picked":"SKIP","floor":28.0},{"not_picked":["Clothesline","Pommel Strike"],"picked":"Iron Wave","floor":30.0},{"not_picked":["Berserk","Double Tap"],"picked":"Offering","floor":33.0},{"not_picked":["Combust","Shockwave+1","True Grit+1"],"picked":"Iron Wave+1","floor":35.0},{"not_picked":["CherryBlossomFlashing","All Out Attack+1","Flying Knee"],"picked":"Manipulate","floor":37.0},{"not_picked":["RedRainbow+1","EnergyFlow","Swift Strike","StarOfDavid+1"],"picked":"SKIP","floor":38.0},{"not_picked":["Wallop","PhosphoricSlash","CurseOfVladTepes+1","VampireFantasy"],"picked":"SKIP","floor":41.0},{"not_picked":["FlurryOfBlows+1","Alleviate+1","EmergencyRegeneration"],"picked":"OneTimeOff+1","floor":42.0},{"not_picked":["Flash of Steel","Dramatic Entrance","HandOfGreed"],"picked":"Finesse","floor":46},{"not_picked":["Master of Strategy","Jack Of All Trades","HandOfGreedLower"],"picked":"Trip","floor":46}],"player_experience":43876,"relics_obtained":[{"floor":8.0,"key":"Toy Ornithopter"},{"floor":9.0,"key":"Potion Belt"},{"floor":12.0,"key":"MealTicket"},{"floor":16.0,"key":"Gremlin Horn"},{"floor":25.0,"key":"Red Skull"},{"floor":25.0,"key":"Oddly Smooth Stone"},{"floor":26.0,"key":"Darkstone Periapt"},{"floor":33.0,"key":"Question Card"},{"floor":41.0,"key":"Frozen Egg 2"},{"floor":41.0,"key":"InkBottle"},{"floor":43.0,"key":"Ornamental Fan"},{"floor":48,"key":"TungstenRod"}],"event_choices":[{"damage_healed":0.0,"max_hp_gain":0.0,"max_hp_loss":0.0,"gold_gain":0.0,"event_name":"Living Wall","player_choice":"Grow","floor":7.0,"gold_loss":0.0,"damage_taken":0.0,"cards_upgraded":["Armaments"]},{"damage_healed":0.0,"max_hp_gain":0.0,"max_hp_loss":0.0,"gold_gain":30.0,"event_name":"Dead Adventurer","player_choice":"Searched \u00272\u0027 times","floor":12.0,"gold_loss":0.0,"damage_taken":0.0},{"damage_healed":0.0,"max_hp_gain":0.0,"max_hp_loss":0.0,"gold_gain":0.0,"event_name":"WeMeetAgain","player_choice":"Paid Gold","floor":19.0,"gold_loss":85.0,"damage_taken":0.0,"relics_obtained":["Charon\u0027s Ashes"]},{"cards_removed":["Ghostly Armor"],"damage_healed":6.0,"max_hp_gain":0.0,"max_hp_loss":0.0,"gold_gain":0.0,"event_name":"Bonfire Elementals","player_choice":"Offered Uncommon","floor":20.0,"gold_loss":0.0,"damage_taken":0.0},{"cards_removed":["Offering"],"damage_healed":0.0,"max_hp_gain":0.0,"max_hp_loss":0.0,"gold_gain":0.0,"event_name":"Falling","player_choice":"Removed Skill","floor":44.0,"gold_loss":0.0,"damage_taken":0.0},{"damage_healed":0,"gold_gain":0,"player_choice":"Ignored","damage_taken":0,"max_hp_gain":0,"max_hp_loss":0,"event_name":"Transmorgrifier","floor":45,"gold_loss":0},{"damage_healed":0,"gold_gain":0,"player_choice":"Memory 3","damage_taken":10,"max_hp_gain":0,"max_hp_loss":0,"event_name":"SensoryStone","floor":46,"gold_loss":0},{"damage_healed":0,"gold_gain":0,"player_choice":"Max HP","damage_taken":0,"max_hp_gain":0,"max_hp_loss":5,"event_name":"Winding Halls","floor":47,"gold_loss":0},{"damage_healed":0,"gold_gain":0,"player_choice":"Fight","damage_taken":0,"max_hp_gain":0,"max_hp_loss":0,"event_name":"Mysterious Sphere","floor":48,"gold_loss":0}],"is_beta":false,"boss_relics":[{"not_picked":["Velvet Choker","Sozu"],"picked":"Black Star"},{"not_picked":["Cursed Key","Mark of Pain"],"picked":"Runic Pyramid"}],"items_purged_floors":[4,4,4,4,4,4,4,4,4,4,22,31,31,31,36,36,39],"is_endless":false,"potions_floor_spawned":[1,1,2,8,8,11,12,21,25,27,30,33,37,38,41,41,48],"ascension_level":3}}