{"host":"066y5nba5qw19k68","time":1610083975,"event":{"mods":["BaseMod","Colored Powertips","Downfall","Minty Spire (QoL Compilation)","Replay The Spire","Shop Mod","StSLib"],"gold_per_floor":[119,133,143,153,168,168,200,200,200,225,244,244,20,35,35,137,137,147,165,178,178,277,307,307,327,327,355,355,425,448,473,473,578,578,592,604,130,146,159,186,186,218,218,231,231,106,117,117,117,117],"floor_reached":51,"playtime":4178,"items_purged":["Regret","Strike_P","Strike_P+1"],"score":944,"play_id":"f4aa4102-11e0-473d-b348-19b81c8b8912","local_time":"20210108133255","is_ascension_mode":true,"campfire_choices":[{"data":"Eruption","floor":6.0,"key":"SMITH"},{"data":"FearNoEvil","floor":8.0,"key":"SMITH"},{"floor":15.0,"key":"REST"},{"data":"LessonLearned","floor":24.0,"key":"SMITH"},{"data":"Vault","floor":28.0,"key":"SMITH"},{"floor":32.0,"key":"REST"},{"data":"1","floor":41.0,"key":"LIFT"},{"data":"Scrawl","floor":45.0,"key":"SMITH"},{"data":"2","floor":49.0,"key":"LIFT"}],"circlet_count":0,"master_deck":["Strike_P+1","Strike_P+1","Defend_P+1","Defend_P+1","Defend_P+1","Defend_P+1","Eruption+1","Vigilance+1","FollowUp+1","EmptyBody+1","TalkToTheHand","FearNoEvil+1","FlurryOfBlows","LessonLearned+1","Scrawl+1","Prostrate+1","BowlingBash","Adaptation+1","ClearTheMind+1","Indignation+1","Vault+1","Omniscience","Pray+1","Wallop","Sanctity+1","LikeWater+1","sneckomod:Bewildered","Parasite"],"relics":["PureWater","Bird Faced Urn","White Beast Statue","Nunchaku","Tiny Chest","HornCleat","Philosopher\u0027s Stone","Du-Vu Doll","Mummified Hand","Boot","Darkstone Periapt","Whetstone","Bronze Scales","Cursed Key","Girya","Molten Egg 2","Question Card","Bag of Marbles","Ring of Fury"],"acts_visited":["TheCity","TheBeyond"],"potions_floor_usage":[50,50,50],"damage_taken":[{"damage":9.0,"enemies":"Jaw Worm","floor":1.0,"turns":5.0},{"damage":3.0,"enemies":"Small Slimes","floor":2.0,"turns":3.0},{"damage":0.0,"enemies":"2 Louse","floor":3.0,"turns":3.0},{"damage":6.0,"enemies":"Gremlin Gang","floor":4.0,"turns":6.0},{"damage":12.0,"enemies":"3 Louse","floor":5.0,"turns":3.0},{"damage":0.0,"enemies":"Gremlin Nob","floor":7.0,"turns":3.0},{"damage":25.0,"enemies":"3 Sentries","floor":10.0,"turns":7.0},{"damage":1.0,"enemies":"2 Fungi Beasts","floor":11.0,"turns":3.0},{"damage":1.0,"enemies":"Lots of Slimes","floor":14.0,"turns":6.0},{"damage":7.0,"enemies":"Hexaghost","floor":16.0,"turns":11.0},{"damage":0.0,"enemies":"3 Byrds","floor":18.0,"turns":5.0},{"damage":14.0,"enemies":"Shell Parasite","floor":19.0,"turns":5.0},{"damage":0.0,"enemies":"Snecko","floor":20.0,"turns":3.0},{"damage":0.0,"enemies":"Gremlin Leader","floor":23.0,"turns":3.0},{"damage":14.0,"enemies":"Snake Plant","floor":25.0,"turns":5.0},{"damage":14.0,"enemies":"Replay:Snechameleon","floor":27.0,"turns":4.0},{"damage":0.0,"enemies":"Gremlin Leader","floor":31.0,"turns":4.0},{"damage":36.0,"enemies":"Automaton","floor":33.0,"turns":10.0},{"damage":2.0,"enemies":"3 Shapes","floor":35.0,"turns":4.0},{"damage":3.0,"enemies":"Orb Walker","floor":36.0,"turns":4.0},{"damage":7.0,"enemies":"Writhing Mass","floor":38.0,"turns":4.0},{"damage":0.0,"enemies":"Transient","floor":39.0,"turns":5.0},{"damage":15.0,"enemies":"Giant Head","floor":40.0,"turns":9.0},{"damage":18.0,"enemies":"Nemesis","floor":42.0,"turns":4.0},{"damage":0.0,"enemies":"4 Shapes","floor":44.0,"turns":3.0},{"damage":0.0,"enemies":"Writhing Mass","floor":47.0,"turns":3.0},{"damage":40,"enemies":"Awakened One","floor":50,"turns":9}],"seed_played":"6394492064419837459","potions_obtained":[{"floor":2.0,"key":"SmokeBomb"},{"floor":10.0,"key":"FearPotion"},{"floor":11.0,"key":"Regen Potion"},{"floor":14.0,"key":"DistilledChaos"},{"floor":16.0,"key":"BottledMiracle"},{"floor":20.0,"key":"Reflective Coating"},{"floor":23.0,"key":"Weak Potion"},{"floor":33.0,"key":"Elixir"},{"floor":38.0,"key":"FearPotion"},{"floor":40.0,"key":"EssenceOfSteel"},{"floor":42.0,"key":"Adrenaline Potion"},{"floor":44.0,"key":"Reflective Coating"},{"floor":47.0,"key":"ColorlessPotion"}],"is_trial":false,"path_per_floor":["M","M","M","M","M","R","E","R","T","E","M","?","$","M","R","B",null,"M","M","M","?","?","E","R","M","T","E","R","T","T","E","R","B",null,"M","M","$","M","M","E","R","E","T","M","R","$","M","?","R","B",null],"character_chosen":"WATCHER","items_purchased":["LessonLearned","Girya","Wallop"],"campfire_rested":2,"item_purchase_floors":[13,37,37],"current_hp_per_floor":[56,53,53,47,35,35,35,35,35,10,9,9,9,22,41,34,65,65,51,51,51,51,53,53,41,41,29,29,29,29,31,50,16,65,65,62,62,57,59,46,46,30,36,38,38,38,42,48,48,10],"gold":117,"neow_bonus":"ONE_RARE_RELIC","is_daily":false,"chose_seed":false,"campfire_upgraded":5,"win_rate":0.0,"timestamp":1610083975,"path_taken":["M","M","M","M","M","R","E","R","T","E","M","?","$","M","R","BOSS","M","M","M","?","?","E","R","M","T","E","R","?","?","E","R","BOSS","M","?","$","M","M","E","R","E","T","M","R","$","M","?","R","BOSS"],"items_purchased_type":["Card","Relic","Card"],"build_version":"2020-12-22","purchased_purges":3,"victory":true,"max_hp_per_floor":[65,65,65,65,65,65,65,65,65,65,65,65,65,65,65,65,65,65,65,65,65,65,65,65,65,65,65,65,65,65,65,65,65,65,65,65,65,65,65,65,65,65,71,71,71,71,71,77,77,77],"card_choices":[{"not_picked":["BowlingBash","EmptyBody","Evaluate"],"picked":"SKIP","floor":1.0},{"not_picked":["Evaluate","BowlingBash"],"picked":"FollowUp","floor":2.0},{"not_picked":["Collect","BowlingBash"],"picked":"EmptyBody","floor":3.0},{"not_picked":["WindmillStrike","CarveReality"],"picked":"TalkToTheHand","floor":4.0},{"not_picked":["Alpha","FollowUp"],"picked":"FearNoEvil","floor":5.0},{"not_picked":["ThirdEye","BattleHymn","ReachHeaven"],"picked":"SKIP","floor":7.0},{"not_picked":["BowlingBash","Worship"],"picked":"FlurryOfBlows","floor":10.0},{"not_picked":["CrushJoints","FollowUp","JustLucky"],"picked":"SKIP","floor":11.0},{"not_picked":["CarveReality","BattleHymn","Protect"],"picked":"SKIP","floor":14.0},{"not_picked":["Judgement","Alpha"],"picked":"Scrawl","floor":16.0},{"not_picked":["Weave","EmptyBody"],"picked":"Prostrate+1","floor":18.0},{"not_picked":["MentalFortress+1","Swivel"],"picked":"BowlingBash","floor":19.0},{"not_picked":["WheelKick","Weave"],"picked":"Adaptation+1","floor":20.0},{"not_picked":["ThirdEye","Protect"],"picked":"ClearTheMind","floor":23.0},{"not_picked":["Replay:BluntJabs","Adaptation"],"picked":"Indignation","floor":25.0},{"not_picked":["MentalFortress","ThirdEye"],"picked":"Vault","floor":27.0},{"not_picked":["EmptyBody","PathToVictory","CutThroughFate"],"picked":"SKIP","floor":31.0},{"not_picked":["Judgement","MasterReality"],"picked":"Omniscience","floor":33.0},{"not_picked":["BattleHymn","EmptyFist+1"],"picked":"Pray","floor":35.0},{"not_picked":["Halt","EmptyFist","CutThroughFate+1"],"picked":"SKIP","floor":36.0},{"not_picked":["InnerPeace","Crescendo"],"picked":"Sanctity+1","floor":38.0},{"not_picked":["Consecrate","BattleHymn","Halt"],"picked":"SKIP","floor":39.0},{"not_picked":["Halt+1","EmptyFist+1","Protect"],"picked":"SKIP","floor":40.0},{"not_picked":["PathToVictory","JustLucky+1"],"picked":"LikeWater+1","floor":42.0},{"not_picked":["Replay:ManipulateFuture","FlyingSleeves+1","Replay:Battleflow","BowlingBash+1"],"picked":"SKIP","floor":44.0},{"not_picked":["Replay:ManipulateFuture+1","LessonLearned+1","Worship","WaveOfTheHand+1"],"picked":"SKIP","floor":47.0}],"player_experience":87977,"relics_obtained":[{"floor":7.0,"key":"White Beast Statue"},{"floor":9.0,"key":"Nunchaku"},{"floor":10.0,"key":"Tiny Chest"},{"floor":23.0,"key":"Du-Vu Doll"},{"floor":26.0,"key":"Mummified Hand"},{"floor":27.0,"key":"Boot"},{"floor":29.0,"key":"Darkstone Periapt"},{"floor":30.0,"key":"Whetstone"},{"floor":31.0,"key":"Bronze Scales"},{"floor":40.0,"key":"Molten Egg 2"},{"floor":42.0,"key":"Question Card"},{"floor":43.0,"key":"Bag of Marbles"},{"floor":48.0,"key":"Ring of Fury"}],"event_choices":[{"damage_healed":0.0,"max_hp_gain":0.0,"max_hp_loss":0.0,"gold_gain":0.0,"event_name":"Big Fish","player_choice":"Box","floor":12.0,"gold_loss":0.0,"damage_taken":0.0,"relics_obtained":["HornCleat"],"cards_obtained":["Regret"]},{"damage_healed":0.0,"max_hp_gain":0.0,"max_hp_loss":0.0,"gold_gain":99.0,"event_name":"Nest","player_choice":"Stole From Cult","floor":22.0,"gold_loss":0.0,"damage_taken":0.0}],"is_beta":false,"boss_relics":[{"not_picked":["SlaversCollar","VioletLotus"],"picked":"Philosopher\u0027s Stone"},{"not_picked":["Busted Crown","Black Star"],"picked":"Cursed Key"}],"items_purged_floors":[13,37,46],"is_endless":false,"potions_floor_spawned":[2,10,11,14,16,18,19,20,23,25,27,31,33,35,36,38,39,40,42,44,47],"ascension_level":1}}