{"host":"t6w2q9o6m1ipuhb5","time":1610091608,"event":{"mods":["2.2 Compatiblity","Abigail Mod","AchievementEnabler","Arknights The Spire","BaseMod","Chen","Colored Map","Colored Powertips","Downfall","Friendly Minions","GifTheSpireLib","Hermit","Hubris","Infinite Spire","KinomotoSakuraMod(????)","Kiyohime????","Marisa????????","Mimic Mod","Minty Spire (QoL Compilation)","Permanent Neow","Prisma Mod","Quick Restart","Reimu??????","Remilia??????","Replay The Spire","StSLib","SuperFastMode","The Animator","The Bug Knight","The Construct","The Cursed","The Marked","The Mystic","The Senshi","Waifu the Spire"],"gold_per_floor":[117,136,136,45,45,70,70,70,70,70,70,84,13,13,13,110,160,160],"floor_reached":17,"playtime":1365,"items_purged":[],"score":176,"play_id":"90bc2b4b-d5ce-489f-afeb-25f3475f3689","local_time":"20210108024008","is_ascension_mode":false,"campfire_choices":[{"floor":7,"key":"REST"},{"floor":10,"key":"REST"},{"data":"ReplayTheSpireMod:Black Plague","floor":15,"key":"SMITH"}],"circlet_count":0,"master_deck":["Strike_RM","Strike_RM","Strike_RM+1","Strike_RM","Defend_RM","Defend_RM","Defend_RM","Defend_RM","RedMoon+1","ScarletShoot","StarOfDavid","BombardNight","BlasphemousPunishment+1","NightDance+1","BloodAndWine","ReplayTheSpireMod:Black Plague+1","Septette","FitfulNightmare","Writhe","BloodRain","ScarletImprint"],"relics":["ScarletHat","MealTicket","Strawberry","hubris:EvacipatedBox","hubris:KleinBottle","hubris:DisguiseKit","Tiny House"],"acts_visited":["Exordium","TheCity"],"potions_floor_usage":[],"damage_taken":[{"damage":0,"enemies":"Jaw Worm","floor":1,"turns":3},{"damage":0,"enemies":"Small Slimes","floor":2,"turns":4},{"damage":28,"enemies":"Lagavulin","floor":6,"turns":5},{"damage":0,"enemies":"Cultist","floor":12,"turns":3},{"damage":32,"enemies":"Slime Boss","floor":16,"turns":11}],"seed_played":"5565606108123730625","potions_obtained":[{"floor":1,"key":"Adrenaline Potion"},{"floor":16,"key":"sneckomod:MuddlingPotion"},{"floor":17,"key":"Reflective Coating"}],"is_trial":false,"path_per_floor":["M","M","?","$","?","E","R","$","T","R","?","M","$","?","R","B",null],"character_chosen":"REMILIA","items_purchased":["BlasphemousPunishment+1","NightDance","Strawberry","hubris:EvacipatedBox","hubris:KleinBottle","FitfulNightmare"],"campfire_rested":2,"item_purchase_floors":[4,4,8,8,8,13],"current_hp_per_floor":[82,82,82,82,82,55,79,38,38,64,69,74,89,89,89,62,99,99],"gold":160,"neow_bonus":"TEN_PERCENT_HP_BONUS","is_daily":false,"chose_seed":false,"campfire_upgraded":1,"win_rate":0.0,"timestamp":1610091608,"path_taken":["M","M","?","$","?","E","R","?","T","R","?","?","$","?","R","BOSS"],"items_purchased_type":["Card","Card","Relic","Relic","Relic","Card"],"build_version":"2020-12-22","purchased_purges":0,"victory":false,"max_hp_per_floor":[82,82,82,82,82,82,82,89,89,89,94,94,94,94,94,94,99,99],"card_choices":[{"not_picked":["ScarletImprint","FavorOfDestiny"],"picked":"StarOfDavid","floor":1},{"not_picked":["BloodHunter","ScarletDevil"],"picked":"BombardNight","floor":2},{"not_picked":["BloodySeventeenLaser","ScarletDevil"],"picked":"BloodAndWine","floor":6},{"not_picked":["infinitespire:UltimateForm","Replay:Fractal Strike"],"picked":"ReplayTheSpireMod:Black Plague","floor":8},{"not_picked":["Maim","BadLadyScramble"],"picked":"Septette","floor":12},{"not_picked":["ChaoticDestiny","CeilingFear","PrismaMod:IllyaUberPoisonChannel"],"picked":"BloodRain","floor":16},{"not_picked":["RedRainbow","RedMagic","PrismaMod:IllyaPoisonBomb"],"picked":"ScarletImprint","floor":17}],"player_experience":367217,"relics_obtained":[{"floor":6,"key":"MealTicket"}],"event_choices":[{"damage_healed":0,"gold_gain":0,"player_choice":"Donut","damage_taken":0,"max_hp_gain":5,"max_hp_loss":0,"event_name":"Big Fish","floor":11,"gold_loss":0}],"is_beta":false,"boss_relics":[{"not_picked":["SacredBark","construct:WeddingRing","hubris:RunicObelisk"],"picked":"Tiny House"}],"items_purged_floors":[],"is_endless":false,"potions_floor_spawned":[1,16],"ascension_level":0}}