{"host":"sxuxxxc6yxgqlsd9","time":1610103801,"event":{"mods":["BaseMod","Minty Spire (QoL Compilation)","Shop Mod","StSLib"],"gold_per_floor":[115,125,136,151,171,171,204,169,169,180,204,8,35,210,210,305,305,315,335,346,62,62,62,93,18,18,18,29,29,128,128,128,233,233,244,261,281,281,281],"floor_reached":38,"playtime":3087,"items_purged":[],"score":431,"play_id":"939ec2d4-e83c-4909-abfc-16ef4866dee8","local_time":"20210108190321","is_ascension_mode":false,"campfire_choices":[{"data":"Fire Breathing","floor":6,"key":"SMITH"},{"data":"Mayhem","floor":15,"key":"SMITH"},{"data":"Juggernaut","floor":23,"key":"SMITH"},{"data":"Shrug It Off","floor":27,"key":"SMITH"},{"data":"Shrug It Off","floor":29,"key":"SMITH"},{"data":"Feed","floor":32,"key":"SMITH"}],"circlet_count":0,"master_deck":["Strike_R+1","Strike_R+1","Strike_R+1","Strike_R+1","Strike_R+1","Defend_R+1","Defend_R+1","Defend_R+1","Defend_R+1","Finesse","Shrug It Off+1","Shrug It Off+1","Fire Breathing+1","Reckless Charge","Flex+1","Flex","Mayhem+1","Juggernaut+1","Doubt","Feed+1","Wild Strike","Hemokinesis+1","Reaper","Wild Strike","Combust+1"],"relics":["Burning Blood","Shuriken","InkBottle","Odd Mushroom","Eternal Feather","Velvet Choker","MerchantsRug","War Paint","Omamori","Frozen Egg 2","SlaversCollar"],"acts_visited":["Exordium","TheCity","TheBeyond"],"potions_floor_usage":[11,20,20,33],"damage_taken":[{"damage":1,"enemies":"2 Louse","floor":1,"turns":5},{"damage":8,"enemies":"Jaw Worm","floor":2,"turns":5},{"damage":0,"enemies":"Small Slimes","floor":3,"turns":5},{"damage":2,"enemies":"Blue Slaver","floor":4,"turns":6},{"damage":0,"enemies":"Looter","floor":5,"turns":4},{"damage":40,"enemies":"Gremlin Nob","floor":7,"turns":5},{"damage":3,"enemies":"3 Louse","floor":10,"turns":3},{"damage":10,"enemies":"The Mushroom Lair","floor":11,"turns":4},{"damage":18,"enemies":"3 Sentries","floor":13,"turns":4},{"damage":45,"enemies":"The Guardian","floor":16,"turns":11},{"damage":24,"enemies":"Shell Parasite","floor":18,"turns":5},{"damage":33,"enemies":"2 Thieves","floor":19,"turns":5},{"damage":18,"enemies":"Shelled Parasite and Fungi","floor":20,"turns":5},{"damage":27,"enemies":"Book of Stabbing","floor":24,"turns":4},{"damage":23,"enemies":"Cultist and Chosen","floor":28,"turns":6},{"damage":43,"enemies":"Automaton","floor":33,"turns":8},{"damage":26,"enemies":"3 Shapes","floor":35,"turns":4},{"damage":16,"enemies":"3 Darklings","floor":36,"turns":5},{"damage":36,"enemies":"Maw","floor":37,"turns":7},{"damage":80,"enemies":"Writhing Mass","floor":38,"turns":5}],"seed_played":"-7285465406010738880","potions_obtained":[{"floor":1,"key":"EssenceOfSteel"},{"floor":3,"key":"EssenceOfSteel"},{"floor":4,"key":"SpeedPotion"},{"floor":11,"key":"Dexterity Potion"},{"floor":13,"key":"Regen Potion"},{"floor":20,"key":"FearPotion"},{"floor":28,"key":"Block Potion"},{"floor":37,"key":"Weak Potion"}],"is_trial":false,"path_per_floor":["M","M","M","M","M","R","E","?","T","M","?","$","E","?","R","B",null,"M","M","M","$","?","R","E","?","T","R","M","R","?","?","R","B",null,"M","M","M","M"],"character_chosen":"IRONCLAD","items_purchased":["Mayhem","MerchantsRug","War Paint"],"campfire_rested":0,"item_purchase_floors":[12,21,21],"current_hp_per_floor":[80,78,80,80,80,80,46,66,66,69,65,65,53,53,65,26,80,65,41,46,46,75,87,66,66,66,78,61,73,73,73,85,52,93,83,97,73,0,0],"gold":281,"neow_bonus":"RANDOM_COLORLESS","is_daily":false,"chose_seed":false,"campfire_upgraded":6,"win_rate":0.0,"timestamp":1610103801,"path_taken":["M","M","M","M","M","R","E","?","T","M","?","$","E","?","R","BOSS","M","M","M","$","?","R","E","?","T","R","M","R","?","?","R","BOSS","M","M","M","M"],"items_purchased_type":["Card","Relic","Relic"],"build_version":"2020-12-22","purchased_purges":0,"victory":false,"max_hp_per_floor":[80,80,80,80,80,80,80,80,80,80,80,80,80,80,80,80,80,83,86,89,89,89,89,89,89,89,89,89,89,89,89,89,93,93,97,97,101,101,101],"card_choices":[{"not_picked":["Madness","Dramatic Entrance"],"picked":"Finesse","floor":0},{"not_picked":["Dark Embrace","Heavy Blade"],"picked":"Shrug It Off","floor":1},{"not_picked":["Feel No Pain","Spot Weakness"],"picked":"Shrug It Off","floor":2},{"not_picked":["Perfected Strike","Sword Boomerang","Whirlwind"],"picked":"SKIP","floor":3},{"not_picked":["Flame Barrier","Flex"],"picked":"Fire Breathing","floor":4},{"not_picked":["Second Wind","Ghostly Armor"],"picked":"Reckless Charge","floor":5},{"not_picked":["Heavy Blade","Intimidate","Second Wind"],"picked":"SKIP","floor":7},{"not_picked":["Body Slam","Evolve"],"picked":"Flex","floor":10},{"not_picked":["Sword Boomerang","Twin Strike"],"picked":"Flex","floor":11},{"not_picked":["Shrug It Off","Clothesline"],"picked":"Juggernaut","floor":13},{"not_picked":["Bludgeon","Double Tap"],"picked":"Feed","floor":16},{"not_picked":["Pummel","Fire Breathing"],"picked":"Wild Strike","floor":18},{"not_picked":["Sentinel","Battle Trance"],"picked":"Hemokinesis+1","floor":19},{"not_picked":["Carnage","Second Wind","Warcry"],"picked":"SKIP","floor":20},{"not_picked":["Sword Boomerang+1","Shockwave","True Grit+1"],"picked":"SKIP","floor":24},{"not_picked":["Infernal Blade","True Grit+1","Sentinel"],"picked":"SKIP","floor":28},{"not_picked":["Limit Break","Demon Form+1"],"picked":"Reaper","floor":33},{"not_picked":["Body Slam+1","Headbutt"],"picked":"Wild Strike","floor":35},{"not_picked":["Heavy Blade","Metallicize+1"],"picked":"Combust+1","floor":36},{"not_picked":["Heavy Blade+1","Thunderclap+1","Perfected Strike"],"picked":"SKIP","floor":37}],"player_experience":84054,"relics_obtained":[{"floor":7,"key":"Shuriken"},{"floor":9,"key":"InkBottle"},{"floor":11,"key":"Odd Mushroom"},{"floor":13,"key":"Eternal Feather"},{"floor":24,"key":"Omamori"},{"floor":26,"key":"Frozen Egg 2"}],"event_choices":[{"damage_healed":20,"gold_gain":0,"player_choice":"Healed","damage_taken":0,"max_hp_gain":0,"max_hp_loss":0,"event_name":"The Cleric","floor":8,"gold_loss":35},{"damage_healed":0,"gold_gain":0,"player_choice":"Fought Mushrooms","damage_taken":0,"max_hp_gain":0,"max_hp_loss":0,"event_name":"Mushrooms","floor":11,"gold_loss":0},{"damage_healed":0,"gold_gain":175,"player_choice":"AGREE","damage_taken":0,"max_hp_gain":0,"max_hp_loss":0,"event_name":"Liars Game","floor":14,"gold_loss":0,"cards_obtained":["Doubt"]},{"damage_healed":29,"gold_gain":0,"player_choice":"Heal","damage_taken":0,"max_hp_gain":0,"max_hp_loss":0,"event_name":"The Library","floor":22,"gold_loss":0},{"cards_removed":["Bash"],"damage_healed":0,"gold_gain":0,"player_choice":"Gave Gold","damage_taken":0,"max_hp_gain":0,"max_hp_loss":0,"event_name":"Beggar","floor":25,"gold_loss":75},{"damage_healed":0,"gold_gain":99,"player_choice":"Stole From Cult","damage_taken":0,"max_hp_gain":0,"max_hp_loss":0,"event_name":"Nest","floor":30,"gold_loss":0},{"damage_healed":0,"gold_gain":0,"player_choice":"Simplicity","damage_taken":0,"max_hp_gain":0,"max_hp_loss":0,"event_name":"Back to Basics","floor":31,"gold_loss":0,"cards_upgraded":["Strike_R","Strike_R","Strike_R","Strike_R","Strike_R","Defend_R","Defend_R","Defend_R"]}],"is_beta":false,"boss_relics":[{"not_picked":["Empty Cage","SacredBark"],"picked":"Velvet Choker"},{"not_picked":["Tiny House","Sozu"],"picked":"SlaversCollar"}],"items_purged_floors":[],"is_endless":false,"potions_floor_spawned":[1,3,4,7,11,13,18,20,28,37],"killed_by":"Writhing Mass","ascension_level":0}}