{"host":"zksvs3x2ysy9npnz","time":1610105933,"event":{"mods":["Aspiration","BaseMod","Beaked The Cultist","BetterRewards","Clockwork Mod","Colored Map","Conspire","Downfall","Duelist Mod","Ekko","Halation","Highlight Path","Hubris","Hunter ??","Infinite Spire","Jedi Mod","JesterMod","Minty Spire (QoL Compilation)","Permanent Neow","Quick Restart","Relic Stats","Replay The Spire","Retaliation","Shade Mod","Shop Mod","StSLib"],"gold_per_floor":[137,137,149,149,164,164,164,164],"floor_reached":7,"playtime":218,"items_purged":[],"score":82,"play_id":"700e0927-2312-4bbd-9629-586504bdb8ed","local_time":"20210108123853","is_ascension_mode":true,"campfire_choices":[{"data":"theDuelist:IslandTurtle","floor":6,"key":"SMITH"}],"circlet_count":0,"master_deck":["theDuelist:SevenColoredFish","theDuelist:SevenColoredFish","theDuelist:AquaSpirit","theDuelist:CastleWalls","theDuelist:CastleWalls","AscendersBane","theDuelist:IslandTurtle+1","theDuelist:IslandTurtle","theDuelist:RevivalJam","theDuelist:Sparks","theDuelist:GraydleAlligator","theDuelist:LeviaDragon"],"relics":["theDuelist:MillenniumPuzzle","theDuelist:ChallengePuzzle","theDuelist:CardPoolRelic","theDuelist:CardPoolBasicRelic","theDuelist:BoosterPackPoolRelic","theDuelist:CardPoolAddRelic","theDuelist:CardPoolMinusRelic","theDuelist:CardPoolSaveRelic","theDuelist:CardPoolOptionsRelic","NeowsBlessing","Meat on the Bone"],"acts_visited":["Exordium"],"potions_floor_usage":[7],"damage_taken":[{"damage":0,"enemies":"Small Slimes","floor":1,"turns":1},{"damage":0,"enemies":"Cultist","floor":3,"turns":1},{"damage":0,"enemies":"2 Louse","floor":5,"turns":2},{"damage":58,"enemies":"Gremlin Nob","floor":7,"turns":5}],"seed_played":"-8255903713553865300","potions_obtained":[{"floor":5,"key":"theDuelist:StunPotion"}],"is_trial":false,"path_per_floor":["M","?","M","?","M","R","E"],"character_chosen":"THE_DUELIST","items_purchased":[],"campfire_rested":0,"item_purchase_floors":[],"current_hp_per_floor":[63,45,45,45,45,45,0,0],"gold":164,"neow_bonus":"THREE_ENEMY_KILL","is_daily":false,"chose_seed":false,"campfire_upgraded":1,"win_rate":0.0,"timestamp":1610105933,"path_taken":["M","?","M","?","?","R","E"],"items_purchased_type":[],"build_version":"2020-12-22","purchased_purges":0,"victory":false,"max_hp_per_floor":[70,70,70,70,70,70,70,70],"relic_stats":{"counters":[4,9],"obtain_stats":[{"theDuelist:BoosterPackPoolRelic":0,"theDuelist:CardPoolMinusRelic":0,"NeowsBlessing":0,"theDuelist:CardPoolBasicRelic":0,"theDuelist:CardPoolAddRelic":0,"theDuelist:CardPoolOptionsRelic":0,"theDuelist:MillenniumPuzzle":0,"theDuelist:CardPoolSaveRelic":0,"theDuelist:ChallengePuzzle":0,"theDuelist:CardPoolRelic":0,"Meat on the Bone":2},{"theDuelist:BoosterPackPoolRelic":0,"theDuelist:CardPoolMinusRelic":0,"NeowsBlessing":0,"theDuelist:CardPoolBasicRelic":0,"theDuelist:CardPoolAddRelic":0,"theDuelist:CardPoolOptionsRelic":0,"theDuelist:MillenniumPuzzle":0,"theDuelist:CardPoolSaveRelic":0,"theDuelist:ChallengePuzzle":0,"theDuelist:CardPoolRelic":0,"Meat on the Bone":1},{"theDuelist:BoosterPackPoolRelic":0,"theDuelist:CardPoolMinusRelic":0,"NeowsBlessing":0,"theDuelist:CardPoolBasicRelic":0,"theDuelist:CardPoolAddRelic":0,"theDuelist:CardPoolOptionsRelic":0,"theDuelist:MillenniumPuzzle":0,"theDuelist:CardPoolSaveRelic":0,"theDuelist:ChallengePuzzle":0,"theDuelist:CardPoolRelic":0,"Meat on the Bone":1}],"Meat on the Bone":0},"card_choices":[{"not_picked":["theDuelist:GishkiMarker"],"picked":"SKIP","floor":1},{"not_picked":[],"picked":"theDuelist:GraydleAlligator","floor":3},{"not_picked":[],"picked":"theDuelist:LeviaDragon","floor":5}],"player_experience":1849888,"relics_obtained":[],"event_choices":[{"damage_healed":0,"gold_gain":0,"player_choice":"Success","damage_taken":18,"relics_obtained":["Meat on the Bone"],"max_hp_gain":0,"max_hp_loss":0,"event_name":"Scrap Ooze","floor":2,"gold_loss":0},{"cards_removed":["theDuelist:Sparks"],"damage_healed":0,"gold_gain":0,"player_choice":"Purged","damage_taken":0,"max_hp_gain":0,"max_hp_loss":0,"event_name":"Purifier","floor":4,"gold_loss":0}],"is_beta":false,"boss_relics":[],"items_purged_floors":[],"is_endless":false,"potions_floor_spawned":[5],"killed_by":"Gremlin Nob","ascension_level":20}}