{"host":"p7j7o00jacnw7qzt","time":1610115005,"event":{"mods":["BaseMod","Colored Map","Colored Powertips","DeckTracker","Highlight Path","Minty Spire (QoL Compilation)","Relic Stats"],"gold_per_floor":[117,133,133,153,172,172,172],"floor_reached":6,"playtime":248,"items_purged":[],"score":76,"play_id":"3b91b236-9295-4ec1-9d0a-5a029fd4331a","local_time":"20210108091005","is_ascension_mode":true,"campfire_choices":[],"circlet_count":0,"master_deck":["AscendersBane","Strike_G","Strike_G","Strike_G","Defend_G","Defend_G","Defend_G","Defend_G","Defend_G","Survivor","Neutralize","Dagger Spray","Tactician"],"relics":["Ring of the Snake"],"acts_visited":["Exordium"],"potions_floor_usage":[],"damage_taken":[{"damage":5.0,"enemies":"Small Slimes","floor":1.0,"turns":6.0},{"damage":6.0,"enemies":"Cultist","floor":2.0,"turns":5.0},{"damage":2.0,"enemies":"2 Louse","floor":4.0,"turns":3.0},{"damage":12,"enemies":"Lots of Slimes","floor":5,"turns":3},{"damage":56,"enemies":"Gremlin Nob","floor":6,"turns":4}],"seed_played":"-431803242443645165","potions_obtained":[{"floor":4.0,"key":"CultistPotion"},{"floor":5,"key":"Dexterity Potion"}],"is_trial":false,"path_per_floor":["M","M","?","M","M","E"],"character_chosen":"THE_SILENT","items_purchased":[],"campfire_rested":0,"item_purchase_floors":[],"current_hp_per_floor":[39,33,66,64,52,0,0],"gold":172,"neow_bonus":"REMOVE_TWO","is_daily":false,"chose_seed":false,"campfire_upgraded":0,"win_rate":0.0,"timestamp":1610115005,"path_taken":["M","M","?","M","M","E"],"items_purchased_type":[],"build_version":"2020-12-22","purchased_purges":0,"victory":false,"max_hp_per_floor":[66,66,66,66,66,66,66],"relic_stats":{"counters":[5,21],"obtain_stats":[{"Ring of the Snake":0},{"Ring of the Snake":0},{"Ring of the Snake":0}],"Ring of the Snake":[10]},"card_choices":[{"not_picked":["Quick Slash","Bane"],"picked":"Dagger Spray","floor":1.0},{"not_picked":["Expertise","Bouncing Flask"],"picked":"Skewer","floor":2.0},{"not_picked":["Flying Knee","Deadly Poison","Finisher"],"picked":"SKIP","floor":4.0},{"not_picked":["Flying Knee","Deadly Poison","Finisher"],"picked":"SKIP","floor":4.0},{"not_picked":["Quick Slash","Slice"],"picked":"Tactician","floor":5}],"player_experience":1015651,"relics_obtained":[],"event_choices":[{"cards_removed":["Skewer"],"damage_healed":33.0,"max_hp_gain":0.0,"max_hp_loss":0.0,"gold_gain":0.0,"event_name":"Bonfire Elementals","player_choice":"Offered Uncommon","floor":3.0,"gold_loss":0.0,"damage_taken":0.0}],"is_beta":false,"boss_relics":[],"items_purged_floors":[],"is_endless":false,"potions_floor_spawned":[4,5],"killed_by":"Gremlin Nob","ascension_level":20}}