{"host":"4qt77pm52ljaz00q","time":1610118319,"event":{"mods":["2.2 Compatiblity","Aspiration","Bard","BaseMod","Beaked The Cultist","BetterRewards","Challenge The Spire","ChefMod","Colored Map","Conspire","Friendly Minions","Glutton Mod","Halation","Hermit","Hubris","Infinite Spire","Jedi Mod","Mad Scientist","Marisa????????","Minty Spire (QoL Compilation)","Permanent Neow","Relic Sorter","Replay The Spire","Robot Space Explorer","Shade Mod","Shop Mod","Spires And Sneckos","StSLib","The Animator","The Bug Knight","The Construct","The Cursed","The Disciple","The Dragon Tamer","The Jungle","The Marked","The Mystic","The Necromancer","The Poker Player","The Runesmith","The Servant 0.9.4","Unknown Chances","Wandering Minibosses","vexMod"],"gold_per_floor":[117,117,130,142,158,190,190,190,213,213,228,258,272,290,290,394,394,412,412,80,270,290,290,317,332,359,371,390,409,8,40,40,135,135,149,149,166,179,179,179],"floor_reached":39,"playtime":5806,"items_purged":[],"score":612,"play_id":"87f0fd39-95e1-4352-9b3e-305d9733df6a","local_time":"20210108100519","is_ascension_mode":false,"campfire_choices":[{"data":"MadScienceMod:AutoStrike","floor":7,"key":"SMITH"},{"data":"Neutralize","floor":10,"key":"SMITH"},{"data":"Pot Of Greed","floor":15,"key":"SMITH"},{"data":"MadScienceMod:AssemblyLine","floor":23,"key":"SMITH"},{"floor":32,"key":"REST"}],"circlet_count":0,"master_deck":["MadScienceMod:Strike_MadScience","MadScienceMod:Strike_MadScience","MadScienceMod:Defend_MadScience","MadScienceMod:Defend_MadScience","MadScienceMod:Defend_MadScience","MadScienceMod:PoweredStrike","MadScienceMod:HideBehindJunk+1","Pot Of Greed","MadScienceMod:RadioactiveSword","MadScienceMod:FlameCannon","Pot Of Greed+1","MadScienceMod:AutoStrike+1","Neutralize+1","Acrobatics","Backstab","MadScienceMod:OilDrum","MadScienceMod:Strafe","MadScienceMod:RadioactiveSword","MadScienceMod:Tinker+1","MadScienceMod:Virus+1","MadScienceMod:Bayonet","Flash of Steel+1","MadScienceMod:ImposingConstruct","Pot Of Greed","MadScienceMod:AssemblyLine+1","MadScienceMod:TimeDilationField","MadScienceMod:Redesign+1","MadScienceMod:Weaponize+1","MadScienceMod:Virus+1","MadScienceMod:OmniHammer","MadScienceMod:GlassCannon+1","MadScienceMod:FragmentationGrenade+1"],"relics":["MadScienceMod:FuelTank","Grinning Jar","Golden Egg","conspire:DeflatedDodgeball","jedi:hotpepper","hubris:SphereOfDissonance","Singing Bowl","jedi:crownofsimplicity","MadScienceMod:SignalFlag","DollysMirror","Replay:WaspNest","halation:Prosthetics"],"acts_visited":["Exordium","TheCity","TheBeyond"],"potions_floor_usage":[6,13,16,27,28,33,33,37,38,39],"damage_taken":[{"damage":0,"enemies":"Cultist","floor":1,"turns":5},{"damage":1,"enemies":"Jaw Worm","floor":3,"turns":5},{"damage":0,"enemies":"Small Slimes","floor":4,"turns":3},{"damage":0,"enemies":"3 Louse","floor":5,"turns":3},{"damage":5,"enemies":"3 Sentries","floor":6,"turns":4},{"damage":4,"enemies":"Exordium Wildlife","floor":11,"turns":2},{"damage":0,"enemies":"HollowMod:MossKnight","floor":12,"turns":5},{"damage":0,"enemies":"Looter","floor":13,"turns":7},{"damage":0,"enemies":"Lots of Slimes","floor":14,"turns":2},{"damage":12,"enemies":"Fading Forest","floor":16,"turns":11},{"damage":0,"enemies":"Chosen","floor":18,"turns":4},{"damage":1,"enemies":"Shell Parasite","floor":22,"turns":3},{"damage":8,"enemies":"Replay:Snechameleon","floor":24,"turns":4},{"damage":2,"enemies":"Snake Plant","floor":25,"turns":2},{"damage":15,"enemies":"Snecko","floor":27,"turns":4},{"damage":0,"enemies":"Sentry and Sphere","floor":28,"turns":3},{"damage":7,"enemies":"Shelled Parasite and Fungi","floor":29,"turns":6},{"damage":14,"enemies":"HollowMod:Nosk","floor":31,"turns":4},{"damage":2,"enemies":"Pondfish","floor":33,"turns":7},{"damage":0,"enemies":"3 Darklings","floor":35,"turns":4},{"damage":5,"enemies":"3 Shapes","floor":37,"turns":2},{"damage":14,"enemies":"3 Darklings","floor":38,"turns":3},{"damage":6,"enemies":"Orin","floor":39,"turns":4}],"seed_played":"-7319181749847232707","potions_obtained":[{"floor":5,"key":"LiquidMemories"},{"floor":6,"key":"jedi:wingpotion"},{"floor":12,"key":"Flashbang"},{"floor":13,"key":"DuplicationPotion"},{"floor":14,"key":"Elixir"},{"floor":16,"key":"Toxic Potion"},{"floor":22,"key":"Fire Potion"},{"floor":27,"key":"Explosive Potion"},{"floor":29,"key":"Reflective Coating"},{"floor":31,"key":"PowerPotion"},{"floor":33,"key":"LiquidBronze"},{"floor":35,"key":"BlessingOfTheForge"}],"is_trial":false,"path_per_floor":["M","?","M","M","M","E","R","?","T","R","M","E","M","M","R","B",null,"M","?","$","?","M","R","E","M","T","M","M","M","$","E","R","B",null,"M","?","M","M","?"],"character_chosen":"MAD_SCIENTIST","items_purchased":["Flash of Steel","hubris:SphereOfDissonance","MadScienceMod:SignalFlag","DollysMirror"],"campfire_rested":1,"item_purchase_floors":[20,20,30,30],"current_hp_per_floor":[75,75,74,74,74,69,69,69,69,69,65,65,65,65,65,53,56,56,56,56,56,55,55,47,45,45,30,31,25,25,11,28,26,23,24,24,20,6,0,0],"gold":179,"neow_bonus":"RANDOM_COMMON_RELIC","is_daily":false,"chose_seed":false,"campfire_upgraded":4,"win_rate":0.0,"timestamp":1610118319,"path_taken":["M","?","M","M","M","E","R","?","T","R","M","E","M","M","R","BOSS","M","?","$","?","M","R","E","M","T","M","M","M","$","E","R","BOSS","M","?","M","?","?"],"items_purchased_type":["Card","Relic","Relic","Relic"],"build_version":"2020-12-22","purchased_purges":0,"victory":false,"max_hp_per_floor":[75,75,75,75,75,75,75,75,75,75,75,75,75,75,75,75,56,56,56,56,56,56,56,56,56,56,56,57,58,58,58,58,58,23,24,24,25,25,25,25],"card_choices":[{"not_picked":["MadScienceMod:Refuel","MadScienceMod:Retarget"],"picked":"MadScienceMod:RadioactiveSword","floor":1},{"not_picked":["MadScienceMod:AcidSpray","MadScienceMod:AutoStrike"],"picked":"MadScienceMod:FlameCannon","floor":3},{"not_picked":["MadScienceMod:Retarget","MadScienceMod:FlameCannon"],"picked":"MadScienceMod:AutoStrike","floor":4},{"not_picked":["MadScienceMod:EnergyBarrier","MadScienceMod:AntimatterBomb","MadScienceMod:BoxOfScraps"],"picked":"SKIP","floor":5},{"not_picked":["MadScienceMod:FlameCannon","MadScienceMod:AntimatterBomb","MadScienceMod:ShrinkRay"],"picked":"SKIP","floor":6},{"not_picked":["MadScienceMod:FlameCannon","MadScienceMod:SelfDestruct"],"picked":"MadScienceMod:OilDrum","floor":11},{"not_picked":["MadScienceMod:Browse","MadScienceMod:Inflate"],"picked":"MadScienceMod:Strafe","floor":12},{"not_picked":["MadScienceMod:PowerArmor","MadScienceMod:Strafe"],"picked":"MadScienceMod:RadioactiveSword","floor":13},{"not_picked":["MadScienceMod:FlameThrower","MadScienceMod:Strafe","MadScienceMod:FlammableWall"],"picked":"SKIP","floor":14},{"not_picked":["MadScienceMod:Mechanize","MadScienceMod:Booster"],"picked":"MadScienceMod:Tinker","floor":16},{"not_picked":["MadScienceMod:RadioactiveSword","MadScienceMod:Refuel"],"picked":"MadScienceMod:Virus+1","floor":18},{"not_picked":["MadScienceMod:AcidSpray","MadScienceMod:Strafe"],"picked":"MadScienceMod:ImposingConstruct","floor":21},{"not_picked":["MadScienceMod:AutoStrike","MadScienceMod:NowOrNever"],"picked":"MadScienceMod:AssemblyLine","floor":22},{"not_picked":["MadScienceMod:Booster","MadScienceMod:MinatureWeapons"],"picked":"MadScienceMod:TimeDilationField","floor":24},{"not_picked":["MadScienceMod:Strafe","MadScienceMod:FlameCannon"],"picked":"MadScienceMod:Redesign+1","floor":25},{"not_picked":["MadScienceMod:LightOnFire+1","MadScienceMod:AcidSpray+1"],"picked":"MadScienceMod:Weaponize","floor":27},{"not_picked":["MadScienceMod:ImposingConstruct+1","MadScienceMod:AcidSpray","MadScienceMod:LightOnFire"],"picked":"Singing Bowl","floor":28},{"not_picked":["MadScienceMod:CondenseVapors","MadScienceMod:RadioactiveSword+1","MadScienceMod:Refuel"],"picked":"Singing Bowl","floor":29},{"not_picked":["MadScienceMod:RadioactiveSword+1","MadScienceMod:Refuel+1"],"picked":"MadScienceMod:OmniHammer","floor":31},{"not_picked":["MadScienceMod:Jetpack","MadScienceMod:Generator"],"picked":"MadScienceMod:GlassCannon","floor":33},{"not_picked":["MadScienceMod:RadioactiveSword+1","MadScienceMod:Strafe+1","MadScienceMod:ShrinkRay+1"],"picked":"Singing Bowl","floor":35},{"not_picked":["MadScienceMod:NowOrNever+1","MadScienceMod:AutoStrike+1","MadScienceMod:OilDrum"],"picked":"Singing Bowl","floor":37},{"not_picked":["MadScienceMod:Weaponize+1","MadScienceMod:JunkLaser+1"],"picked":"MadScienceMod:FragmentationGrenade+1","floor":38}],"player_experience":215706,"relics_obtained":[{"floor":6,"key":"Golden Egg"},{"floor":12,"key":"conspire:DeflatedDodgeball"},{"floor":24,"key":"Singing Bowl"},{"floor":26,"key":"jedi:crownofsimplicity"},{"floor":31,"key":"Replay:WaspNest"}],"event_choices":[{"damage_healed":0,"gold_gain":0,"player_choice":"Grow","damage_taken":0,"max_hp_gain":0,"max_hp_loss":0,"event_name":"Living Wall","floor":2,"gold_loss":0,"cards_upgraded":["MadScienceMod:HideBehindJunk"]},{"damage_healed":0,"gold_gain":0,"player_choice":"Read","damage_taken":0,"max_hp_gain":0,"max_hp_loss":0,"event_name":"The Library","floor":19,"gold_loss":0,"cards_obtained":["MadScienceMod:Bayonet"]},{"damage_healed":0,"gold_gain":0,"player_choice":"Forge","damage_taken":0,"max_hp_gain":0,"max_hp_loss":0,"event_name":"Accursed Blacksmith","floor":36,"gold_loss":0,"cards_upgraded":["MadScienceMod:Weaponize"]},{"damage_healed":0,"gold_gain":0,"player_choice":"Fight","damage_taken":0,"max_hp_gain":0,"max_hp_loss":0,"event_name":"OrinTheCat","floor":39,"gold_loss":0}],"is_beta":false,"boss_relics":[{"not_picked":["hubris:TerracottaHorce","Replay:Fungal Core"],"picked":"jedi:hotpepper"},{"not_picked":["Black Star","halation:ForbiddenBikini"],"picked":"halation:Prosthetics"}],"items_purged_floors":[],"is_endless":false,"potions_floor_spawned":[5,6,12,13,14,16,22,27,29,31,33,35],"killed_by":"Orin","ascension_level":0}}