{"host":"m1168lp3vv5pgdep","time":1610114066,"event":{"mods":["Act Like it!","Aspiration","BaseMod","Better Altar","Better Match","Better Sensory Stone","Better Skull","Better Third Choice","Block Reminder","CCEM","Curses Come First","Elementarium","Gensokyo","GungeonMod","Hallownest","Hermit","Hubris","Menagerie","Minty Spire (QoL Compilation)","Pale of the Ancients","Permanent Neow","Quick Restart","Small Relic Pack","Spicy Shops","StSLib","The Bug Knight","The Forsaken","The Marked","Wandering Minibosses","WarShipGirlsR/????R mod"],"gold_per_floor":[13,13,13,13,30,57,73,92,92,118,118,118,118,136,136,232,232,232,232],"floor_reached":18,"playtime":1430,"items_purged":[],"score":170,"play_id":"f7cf2550-82ec-4dcc-a15a-0a3c03643a0e","local_time":"20210108135426","is_ascension_mode":false,"campfire_choices":[{"floor":12,"key":"RECALL"},{"data":"Body Slam","floor":15,"key":"SMITH"}],"circlet_count":0,"master_deck":["Strike_R","Strike_R","Strike_R","Strike_R","Defend_R","Defend_R","Defend_R","Defend_R","Bash","Iron Wave","Shrug It Off","Cleave","Combust","Body Slam+1","Barricade"],"relics":["Black Blood","HollowMod:QueensCombRelic","relicPack:DarknessArmor","DemoMod:Bottle","Meat on the Bone","Singing Bowl"],"acts_visited":["Exordium","TheCity"],"potions_floor_usage":[6,16],"damage_taken":[{"damage":2,"enemies":"2 Louse","floor":1,"turns":3},{"damage":4,"enemies":"Small Slimes","floor":5,"turns":4},{"damage":26,"enemies":"HollowMod:MossKnight","floor":6,"turns":8},{"damage":0,"enemies":"Cultist","floor":7,"turns":5},{"damage":6,"enemies":"Exordium Wildlife","floor":8,"turns":3},{"damage":23,"enemies":"Gremlin Nob","floor":10,"turns":4},{"damage":5,"enemies":"3 Louse","floor":14,"turns":3},{"damage":47,"enemies":"Slime Boss","floor":16,"turns":9},{"damage":54,"enemies":"Spheric Guardian","floor":18,"turns":7}],"seed_played":"-8020790981952529161","potions_obtained":[{"floor":1,"key":"PowerPotion"},{"floor":10,"key":"LiquidBronze"}],"is_trial":false,"path_per_floor":["M","?","?","$","M","E","M","M","T","E","T","R","?","M","R","B",null,"M"],"character_chosen":"IRONCLAD","items_purchased":[],"campfire_rested":0,"item_purchase_floors":[],"current_hp_per_floor":[52,52,52,52,52,32,52,52,52,35,35,35,40,50,50,23,52,0,0],"gold":232,"neow_bonus":"ONE_RARE_RELIC","is_daily":false,"chose_seed":false,"campfire_upgraded":1,"win_rate":0.0,"timestamp":1610114066,"path_taken":["M","?","?","$","?","E","M","M","T","E","?","R","?","M","R","BOSS","M"],"items_purchased_type":[],"build_version":"2020-12-22","purchased_purges":0,"victory":false,"max_hp_per_floor":[52,52,52,52,52,52,52,52,52,52,52,52,52,52,52,52,52,52,52],"card_choices":[{"not_picked":["Clash","Bloodletting"],"picked":"Iron Wave","floor":1},{"not_picked":["Combust","Perfected Strike"],"picked":"Shrug It Off","floor":5},{"not_picked":["Clothesline","Wild Strike","Shockwave"],"picked":"SKIP","floor":6},{"not_picked":["Feel No Pain","Power Through"],"picked":"Cleave","floor":7},{"not_picked":["Wild Strike","True Grit","Power Through"],"picked":"SKIP","floor":8},{"not_picked":["Reaper","Clash"],"picked":"Combust","floor":10},{"not_picked":["Iron Wave","Thunderclap"],"picked":"Body Slam","floor":14},{"not_picked":["Bludgeon","Juggernaut"],"picked":"Barricade","floor":16}],"player_experience":164301,"relics_obtained":[{"floor":6,"key":"relicPack:DarknessArmor"},{"floor":9,"key":"DemoMod:Bottle"},{"floor":10,"key":"Meat on the Bone"},{"floor":11,"key":"Singing Bowl"}],"event_choices":[{"cards_removed":["Strike_R"],"damage_healed":0,"gold_gain":0,"player_choice":"Purged","damage_taken":0,"max_hp_gain":0,"max_hp_loss":0,"event_name":"Purifier","floor":3,"gold_loss":0}],"is_beta":false,"boss_relics":[{"not_picked":["Pandora\u0027s Box","Calling Bell"],"picked":"Black Blood"}],"items_purged_floors":[],"is_endless":false,"potions_floor_spawned":[1,10],"killed_by":"Spheric Guardian","ascension_level":0}}