{"host":"vjza61176pkzgzt7","time":1610081593,"event":{"mods":["BaseMod","Better Third Choice","Minty Spire (QoL Compilation)","StSLib","The Forsaken","The Senshi"],"gold_per_floor":[112,112,112,112,125,155,174,174,174,174,192,4,35,45,45,148,148,162,193,205,49,49,49,49,64,64,75,109,34,34,34,34,135,135,151,151,166,166,183,183,183],"floor_reached":40,"playtime":5206,"items_purged":["Strike_R"],"score":439,"play_id":"26db4039-2311-496f-a2ba-16507847fab0","local_time":"20210107225313","is_ascension_mode":false,"campfire_choices":[{"floor":8.0,"key":"RECALL"},{"data":"Body Slam","floor":10.0,"key":"SMITH"},{"data":"Whirlwind","floor":15.0,"key":"SMITH"},{"data":"Barricade","floor":23.0,"key":"SMITH"},{"floor":30,"key":"REST"},{"floor":32,"key":"REST"}],"circlet_count":0,"master_deck":["Strike_R","Strike_R","Strike_R","Strike_R","Defend_R","Defend_R","Defend_R","Defend_R","Bash","Flex","Body Slam+1","Metallicize","Shrug It Off","Jack Of All Trades","Anger","Flex","Whirlwind+1","Barricade+1","Iron Wave+1","J.A.X.","Flame Barrier+1","Thunderclap","Rage+1","Impervious","Spot Weakness+1","Writhe","Power Through"],"relics":["Burning Blood","NeowsBlessing","Ancient Tea Set","Juzu Bracelet","Gremlin Horn","Magic Flower","Sozu","Red Mask","Red Skull","theSenshi:SpiralHeartMoonRodRelic","Anchor","Runic Cube"],"acts_visited":["Exordium","TheCity","TheBeyond"],"potions_floor_usage":[28],"damage_taken":[{"damage":0.0,"enemies":"Jaw Worm","floor":1.0,"turns":1.0},{"damage":0.0,"enemies":"2 Louse","floor":5.0,"turns":1.0},{"damage":0.0,"enemies":"3 Sentries","floor":6.0,"turns":1.0},{"damage":10.0,"enemies":"Small Slimes","floor":7.0,"turns":4.0},{"damage":0.0,"enemies":"Looter","floor":11.0,"turns":2.0},{"damage":17.0,"enemies":"Lagavulin","floor":13.0,"turns":6.0},{"damage":9.0,"enemies":"Blue Slaver","floor":14.0,"turns":4.0},{"damage":49.0,"enemies":"Hexaghost","floor":16.0,"turns":14.0},{"damage":17.0,"enemies":"Chosen","floor":18.0,"turns":7.0},{"damage":52.0,"enemies":"Masked Bandits","floor":19.0,"turns":7.0},{"damage":0.0,"enemies":"3 Byrds","floor":20.0,"turns":3.0},{"damage":9.0,"enemies":"Cultist and Chosen","floor":25.0,"turns":5.0},{"damage":30,"enemies":"Snake Plant","floor":27,"turns":5},{"damage":18,"enemies":"Book of Stabbing","floor":28,"turns":5},{"damage":40,"enemies":"Automaton","floor":33,"turns":10},{"damage":8,"enemies":"3 Shapes","floor":35,"turns":6},{"damage":26,"enemies":"Orb Walker","floor":37,"turns":5},{"damage":14,"enemies":"3 Darklings","floor":39,"turns":7},{"damage":82,"enemies":"Giant Head","floor":40,"turns":11}],"seed_played":"-4823796329271809607","potions_obtained":[{"floor":5.0,"key":"Block Potion"},{"floor":7.0,"key":"Dexterity Potion"},{"floor":13.0,"key":"EssenceOfSteel"},{"floor":16.0,"key":"SkillPotion"}],"is_trial":false,"path_per_floor":["M","?","?","T","M","E","M","R","T","R","M","$","E","M","R","B",null,"M","?","M","$","?","R","?","M","T","M","E","$","R","?","R","B",null,"M","$","M","?","M","E"],"character_chosen":"IRONCLAD","items_purchased":["Shrug It Off","Jack Of All Trades","Anger","Red Skull"],"campfire_rested":2,"item_purchase_floors":[12,12,12,21],"current_hp_per_floor":[80,55,55,55,61,67,63,63,63,63,69,69,58,58,58,18,80,72,29,38,38,38,38,38,38,38,20,14,14,38,38,62,34,80,80,80,66,80,80,0,0],"gold":183,"neow_bonus":"THREE_ENEMY_KILL","is_daily":false,"chose_seed":false,"campfire_upgraded":3,"win_rate":0.0,"timestamp":1610081593,"path_taken":["M","?","?","?","M","E","M","R","T","R","M","$","E","M","R","BOSS","M","?","M","$","?","R","?","M","T","M","E","?","R","?","R","BOSS","M","?","M","?","M","E"],"items_purchased_type":["Card","Card","Card","Relic"],"build_version":"2020-12-22","purchased_purges":1,"victory":false,"max_hp_per_floor":[80,80,80,80,80,80,80,80,80,80,80,80,80,80,80,80,80,80,80,80,80,80,80,80,80,80,80,80,80,80,80,80,80,80,80,80,80,80,80,80,80],"card_choices":[{"not_picked":["Armaments","Wild Strike"],"picked":"Flex","floor":1.0},{"not_picked":["Dark Embrace","Sever Soul","Clothesline"],"picked":"SKIP","floor":5.0},{"not_picked":["Bloodletting","Flex"],"picked":"Body Slam","floor":6.0},{"not_picked":["Feel No Pain","Sentinel"],"picked":"Metallicize","floor":7.0},{"not_picked":["Sentinel","Pommel Strike","Intimidate"],"picked":"SKIP","floor":11.0},{"not_picked":["Sword Boomerang","Bloodletting"],"picked":"Flex","floor":13.0},{"not_picked":["True Grit","Perfected Strike"],"picked":"Whirlwind","floor":14.0},{"not_picked":["Fiend Fire","Corruption"],"picked":"Barricade","floor":16.0},{"not_picked":["Wild Strike+1","Rampage","Clash"],"picked":"SKIP","floor":18.0},{"not_picked":["Ghostly Armor","Dark Embrace"],"picked":"Iron Wave+1","floor":19.0},{"not_picked":["Cleave","Pummel","Searing Blow+1"],"picked":"SKIP","floor":20.0},{"not_picked":["Metallicize","Whirlwind"],"picked":"Flame Barrier+1","floor":25.0},{"not_picked":["Whirlwind","Warcry+1"],"picked":"Thunderclap","floor":27},{"not_picked":["Headbutt+1","Flame Barrier"],"picked":"Rage+1","floor":28},{"not_picked":["Immolate","Fiend Fire"],"picked":"Impervious","floor":33},{"not_picked":["Clash","Headbutt","Armaments"],"picked":"SKIP","floor":35},{"not_picked":["Flex","Searing Blow+1"],"picked":"Spot Weakness+1","floor":37},{"not_picked":["Cleave+1","Dropkick"],"picked":"Power Through","floor":39}],"player_experience":185421,"relics_obtained":[{"floor":6.0,"key":"Juzu Bracelet"},{"floor":9.0,"key":"Gremlin Horn"},{"floor":13.0,"key":"Magic Flower"},{"floor":19.0,"key":"Red Mask"},{"floor":26.0,"key":"theSenshi:SpiralHeartMoonRodRelic"},{"floor":28,"key":"Anchor"}],"event_choices":[{"damage_healed":0.0,"max_hp_gain":0.0,"max_hp_loss":0.0,"gold_gain":0.0,"event_name":"betterThird:BetterScrap","player_choice":"Relic ","floor":2.0,"gold_loss":0.0,"damage_taken":25.0,"cards_obtained":["Footwork"]},{"damage_healed":0.0,"max_hp_gain":0.0,"max_hp_loss":0.0,"gold_gain":0.0,"event_name":"Golden Wing","player_choice":"Ignored","floor":3.0,"gold_loss":0.0,"damage_taken":0.0},{"damage_healed":0.0,"max_hp_gain":0.0,"max_hp_loss":0.0,"gold_gain":0.0,"event_name":"Masked Bandits","player_choice":"Fought Bandits","floor":19.0,"gold_loss":0.0,"damage_taken":0.0},{"damage_healed":0.0,"max_hp_gain":0.0,"max_hp_loss":0.0,"gold_gain":0.0,"event_name":"Drug Dealer","player_choice":"Obtain J.A.X.","floor":22.0,"gold_loss":0.0,"damage_taken":0.0,"cards_obtained":["J.A.X."]},{"damage_healed":0.0,"max_hp_gain":0.0,"max_hp_loss":0.0,"gold_gain":0.0,"event_name":"Vampires","player_choice":"Ignored","floor":24.0,"gold_loss":0.0,"damage_taken":0.0},{"damage_healed":0,"gold_gain":0,"player_choice":"Ignored","damage_taken":0,"max_hp_gain":0,"max_hp_loss":0,"event_name":"NoteForYourself","floor":31,"gold_loss":0},{"damage_healed":20,"gold_gain":0,"player_choice":"Writhe","damage_taken":0,"max_hp_gain":0,"max_hp_loss":0,"event_name":"Winding Halls","floor":38,"gold_loss":0,"cards_obtained":["Writhe"]}],"is_beta":false,"boss_relics":[{"not_picked":["Coffee Dripper","Cursed Key"],"picked":"Sozu"},{"not_picked":["Snecko Eye","Runic Dome"],"picked":"Runic Cube"}],"items_purged_floors":[29],"is_endless":false,"potions_floor_spawned":[5,7,13,16,18,27,28,35,37],"killed_by":"Giant Head","ascension_level":0}}