{"host":"bjzqjr1ycgj8gt55","time":1610076117,"event":{"mods":["100% Spire Juice","Arknights The Spire","BaseMod","Better Altar","Better Match","Better Sensory Stone","Better Skull","Better Third Choice","Better Vampires","Block Reminder","Colored Map","Colored Powertips","GifTheSpireLib","Hermit","Infinite Spire","Minty Spire (QoL Compilation)","Rare Cards Sparkle","Red Circlet Mod","Shop Mod","Spicy Shops","StSLib","The Jungle","Waifu the Spire","everything is the same but u backflip on backflip","slay the spire mod where everything is the same but ironclad has a cowboy hat"],"gold_per_floor":[111,121,140,140,159,186,186,214,241,276,276,286,106,126,126,221,221,240,339,101,101,301,330,330,330,408,434,453,468,468,496,496,594,594,605,515,78,78,5,5,37,37,37,50,66,66,96,96,96,96],"floor_reached":51,"playtime":1944,"items_purged":[],"score":948,"play_id":"ea30a2a5-50ed-4114-a086-e8855022eefc","local_time":"20210107212157","is_ascension_mode":true,"campfire_choices":[{"floor":7.0,"key":"REST"},{"floor":11.0,"key":"REST"},{"floor":15.0,"key":"REST"},{"floor":24,"key":"REST"},{"floor":30,"key":"REST"},{"data":"hermit:Determination","floor":32,"key":"SMITH"},{"data":"hermit:Magnum","floor":40,"key":"SMITH"},{"floor":42,"key":"REST"},{"floor":46,"key":"REST"},{"data":"hermit:Snipe","floor":49,"key":"SMITH"}],"circlet_count":0,"master_deck":["hermit:Snapshot","hermit:Covet","hermit:WideOpen","hermit:Headshot","hermit:Glare","hermit:Combo","hermit:SprayPray","hermit:Snipe","hermit:CalledShot","hermit:PistolWhip","hermit:Determination+1","hermit:RoundhouseKick","hermit:NoHoldsBarred","hermit:Feint","hermit:BlackWind+1","hermit:LoneWolf","hermit:HeroicBravado","hermit:LowProfile","hermit:Cheat","hermit:HoleUp+1","hermit:Combo","hermit:TrackingShot","hermit:Magnum+1","hermit:TrackingShot","hermit:Snipe+1","hermit:BigShot+1"],"relics":["hermit:Momento","CultistMask","Happy Flower","Ancient Tea Set","Centennial Puzzle","Tiny Chest","Regal Pillow","Pandora\u0027s Box","hermit:CharredGlove","Vajra","PreservedInsect","Snecko Eye","Nunchaku","Ornamental Fan","Busted Crown","Membership Card","Turnip","Bottled Tornado","Bag of Marbles","infinitespire:CursedDice","StoneCalendar","Bag of Preparation","hermit:RyeStalk"],"acts_visited":["Exordium","TheCity","TheBeyond"],"potions_floor_usage":[29,29,33,50,50],"damage_taken":[{"damage":0.0,"enemies":"Small Slimes","floor":1.0,"turns":2.0},{"damage":0.0,"enemies":"Cultist","floor":2.0,"turns":2.0},{"damage":0.0,"enemies":"2 Louse","floor":3.0,"turns":1.0},{"damage":13.0,"enemies":"Large Slime","floor":5.0,"turns":4.0},{"damage":40.0,"enemies":"Gremlin Nob","floor":6.0,"turns":5.0},{"damage":10.0,"enemies":"3 Sentries","floor":8.0,"turns":4.0},{"damage":7.0,"enemies":"Gremlin Nob","floor":10.0,"turns":3.0},{"damage":9.0,"enemies":"Exordium Thugs","floor":12.0,"turns":3.0},{"damage":6.0,"enemies":"Exordium Wildlife","floor":14.0,"turns":2.0},{"damage":66.0,"enemies":"Hexaghost","floor":16.0,"turns":8.0},{"damage":8.0,"enemies":"Chosen","floor":18.0,"turns":3.0},{"damage":30,"enemies":"Book of Stabbing","floor":23,"turns":6},{"damage":3,"enemies":"Spheric Guardian","floor":28,"turns":4},{"damage":15,"enemies":"Shelled Parasite and Fungi","floor":29,"turns":4},{"damage":0,"enemies":"Gremlin Leader","floor":31,"turns":2},{"damage":48,"enemies":"Collector","floor":33,"turns":8},{"damage":10,"enemies":"3 Darklings","floor":35,"turns":3},{"damage":27,"enemies":"Nemesis","floor":41,"turns":5},{"damage":23,"enemies":"3 Shapes","floor":44,"turns":5},{"damage":6,"enemies":"Jaw Worm Horde","floor":45,"turns":3},{"damage":0,"enemies":"Reptomancer","floor":47,"turns":2},{"damage":42,"enemies":"Awakened One","floor":50,"turns":8}],"seed_played":"-2510683303720683201","potions_obtained":[{"floor":1.0,"key":"EssenceOfSteel"},{"floor":3.0,"key":"DuplicationPotion"},{"floor":16.0,"key":"Swift Potion"},{"floor":29,"key":"BlessingOfTheForge"},{"floor":31,"key":"PowerPotion"},{"floor":44,"key":"LiquidBronze"}],"is_trial":false,"path_per_floor":["M","M","M","?","M","E","R","E","T","E","R","M","$","M","R","B",null,"M","?","$","?","?","E","R","AVR","T","T","M","M","R","E","R","B",null,"M","?","$","?","$","R","E","R","T","M","M","R","E","T","R","B",null],"character_chosen":"HERMIT","items_purchased":["Regal Pillow","hermit:PistolWhip","hermit:CharredGlove","Vajra","Membership Card","Turnip","Bottled Tornado","Bag of Marbles"],"campfire_rested":7,"item_purchase_floors":[13,13,20,20,37,37,37,39],"current_hp_per_floor":[75,75,75,75,62,22,44,34,34,27,49,40,40,34,71,5,75,67,67,67,67,67,37,74,74,74,74,71,56,75,75,75,27,75,65,65,65,65,65,65,38,75,75,52,46,75,75,75,75,33],"gold":96,"neow_bonus":"REMOVE_CARD","is_daily":false,"chose_seed":false,"campfire_upgraded":3,"win_rate":0.0,"timestamp":1610076117,"path_taken":["M","M","M","?","?","E","R","E","T","E","R","M","$","M","R","BOSS","M","?","$","?","?","E","R","AVR","T","?","M","M","R","E","R","BOSS","M","?","?","?","$","R","E","R","T","M","M","R","E","?","R","BOSS"],"items_purchased_type":["Relic","Card","Relic","Relic","Relic","Relic","Relic","Relic"],"build_version":"2020-12-22","purchased_purges":0,"victory":true,"max_hp_per_floor":[75,75,75,75,75,75,75,75,75,75,75,75,75,75,75,75,75,75,75,75,75,75,75,75,75,75,75,75,75,75,75,75,75,75,75,75,75,75,75,75,75,75,75,75,75,75,75,75,75,75],"card_choices":[{"not_picked":["hermit:Quickdraw","hermit:BodyArmor"],"picked":"hermit:WideOpen","floor":1.0},{"not_picked":["hermit:Dive","hermit:Midnight"],"picked":"hermit:Headshot","floor":2.0},{"not_picked":["hermit:LowProfile","hermit:BodyArmor"],"picked":"hermit:Glare","floor":3.0},{"not_picked":["hermit:BlackWind","hermit:HoleUp"],"picked":"hermit:Combo","floor":5.0},{"not_picked":["hermit:Glare","hermit:Quickdraw"],"picked":"hermit:SprayPray","floor":6.0},{"not_picked":["hermit:CursedWeapon","hermit:LowProfile"],"picked":"hermit:Snipe","floor":8.0},{"not_picked":["hermit:Feint","hermit:Spite","hermit:Snipe"],"picked":"SKIP","floor":10.0},{"not_picked":["hermit:Horror","hermit:Ricochet"],"picked":"hermit:CalledShot","floor":12.0},{"not_picked":["hermit:Magnum","hermit:BodyArmor"],"picked":"hermit:Determination","floor":14.0},{"not_picked":["hermit:Magnum","hermit:DeadOrAlive"],"picked":"hermit:RoundhouseKick","floor":16.0},{"not_picked":["hermit:Coalescence","hermit:Spite"],"picked":"hermit:HoleUp+1","floor":18.0},{"not_picked":["hermit:Misfire","hermit:PistolWhip"],"picked":"hermit:Midnight","floor":23},{"not_picked":["hermit:Manifest","hermit:DeadMansHand","hermit:TrackingShot"],"picked":"SKIP","floor":28},{"not_picked":["hermit:HighCaliber","hermit:Desperado"],"picked":"hermit:Combo","floor":29},{"not_picked":["hermit:Gestalt+1","hermit:Dive"],"picked":"hermit:TrackingShot","floor":31},{"not_picked":["hermit:Reprieve","hermit:Roughhouse"],"picked":"hermit:Magnum","floor":33},{"not_picked":[],"picked":"hermit:TrackingShot","floor":35},{"not_picked":["hermit:FullyLoaded+1"],"picked":"SKIP","floor":41},{"not_picked":[],"picked":"hermit:Snipe","floor":44},{"not_picked":["hermit:WideOpen+1"],"picked":"SKIP","floor":45},{"not_picked":[],"picked":"hermit:BigShot+1","floor":47}],"player_experience":131655,"relics_obtained":[{"floor":6.0,"key":"Happy Flower"},{"floor":8.0,"key":"Ancient Tea Set"},{"floor":9.0,"key":"Centennial Puzzle"},{"floor":10.0,"key":"Tiny Chest"},{"floor":23,"key":"PreservedInsect"},{"floor":27,"key":"Nunchaku"},{"floor":31,"key":"Ornamental Fan"},{"floor":41,"key":"infinitespire:CursedDice"},{"floor":43,"key":"StoneCalendar"},{"floor":47,"key":"Bag of Preparation"},{"floor":48,"key":"hermit:RyeStalk"}],"event_choices":[{"damage_healed":0.0,"max_hp_gain":0.0,"max_hp_loss":0.0,"gold_gain":0.0,"event_name":"FaceTrader","player_choice":"Trade","floor":4.0,"gold_loss":0.0,"damage_taken":0.0,"relics_obtained":["CultistMask"]},{"damage_healed":0.0,"max_hp_gain":0.0,"max_hp_loss":0.0,"gold_gain":99.0,"event_name":"betterThird:BetterNest","player_choice":"Steal","floor":19.0,"gold_loss":0.0,"damage_taken":0.0},{"damage_healed":0.0,"max_hp_gain":0.0,"max_hp_loss":0.0,"gold_gain":0.0,"event_name":"Ghosts","player_choice":"Ignored","floor":21.0,"gold_loss":0.0,"damage_taken":0.0},{"damage_healed":0.0,"max_hp_gain":0.0,"max_hp_loss":0.0,"gold_gain":250.0,"event_name":"The Joust","player_choice":"Bet on Owner","floor":22.0,"gold_loss":50.0,"damage_taken":0.0},{"cards_removed":["hermit:Midnight"],"damage_healed":0,"gold_gain":0,"player_choice":"Upgrade and Remove","damage_taken":0,"max_hp_gain":0,"max_hp_loss":0,"event_name":"Designer","floor":36,"gold_loss":90,"cards_upgraded":["hermit:BlackWind"]},{"damage_healed":0,"gold_gain":3,"player_choice":"1","damage_taken":0,"max_hp_gain":0,"max_hp_loss":0,"event_name":"betterStone:BetterStone","floor":38,"gold_loss":0}],"is_beta":false,"boss_relics":[{"not_picked":["Tiny House","Fusion Hammer"],"picked":"Pandora\u0027s Box"},{"not_picked":["hermit:DentedPlate","Coffee Dripper"],"picked":"Busted Crown"}],"items_purged_floors":[],"is_endless":false,"potions_floor_spawned":[1,3,16,29,31,44,45,47],"ascension_level":3}}