{"host":"l3qq6dhgi17n1wbp","time":1610104427,"event":{"mods":["BaseMod","Colored Map","Minty Spire (QoL Compilation)","SuperFastMode"],"gold_per_floor":[119,136,89,101,15,15,44,62,62,62,96,108,73,84,84,183,183,203,203,220,145,69,69,103,103,103,135,135,148,174,193,193,294,294,314,314,314,314],"floor_reached":37,"playtime":1178,"items_purged":[],"score":584,"play_id":"d77635ba-f12c-4674-9384-f30ce40d5cf0","local_time":"20210108201347","is_ascension_mode":true,"campfire_choices":[{"data":"Neutralize","floor":6,"key":"SMITH"},{"data":"Blade Dance","floor":15,"key":"SMITH"},{"data":"Infinite Blades","floor":23,"key":"SMITH"},{"data":"Accuracy","floor":25,"key":"SMITH"},{"data":"PiercingWail","floor":32,"key":"SMITH"}],"circlet_count":0,"master_deck":["Strike_G","Strike_G","Strike_G","Strike_G","Defend_G","Defend_G","Defend_G","Defend_G","Survivor","Neutralize+1","Blade Dance+1","PiercingWail+1","Prepared","Dramatic Entrance","After Image","Accuracy+1","Underhanded Strike","Finisher","Dodge and Roll+1","Adrenaline+1","Flying Knee+1","Adrenaline+1","Calculated Gamble+1","Infinite Blades+1","Backflip+1","Blur+1","Backstab","Venomology+1","CurseOfTheBell","Blur+1","Terror+1"],"relics":["Ring of the Snake","NeowsBlessing","Paper Crane","Toxic Egg 2","Sundial","WristBlade","Happy Flower","White Beast Statue","Oddly Smooth Stone","MutagenicStrength","Lantern","Calling Bell","Regal Pillow","Eternal Feather","Prayer Wheel"],"acts_visited":["Exordium","TheCity","TheBeyond"],"potions_floor_usage":[11,11,16,16,33,35,37,37,37,37],"damage_taken":[{"damage":0,"enemies":"Cultist","floor":1,"turns":1},{"damage":0,"enemies":"Jaw Worm","floor":2,"turns":1},{"damage":0,"enemies":"Small Slimes","floor":4,"turns":1},{"damage":45,"enemies":"Lagavulin","floor":7,"turns":11},{"damage":0,"enemies":"3 Louse","floor":8,"turns":2},{"damage":6,"enemies":"Gremlin Nob","floor":11,"turns":5},{"damage":1,"enemies":"Lots of Slimes","floor":12,"turns":2},{"damage":0,"enemies":"Large Slime","floor":14,"turns":1},{"damage":23,"enemies":"The Guardian","floor":16,"turns":11},{"damage":0,"enemies":"3 Byrds","floor":18,"turns":4},{"damage":0,"enemies":"Chosen","floor":20,"turns":1},{"damage":0,"enemies":"Book of Stabbing","floor":24,"turns":3},{"damage":0,"enemies":"Gremlin Leader","floor":27,"turns":4},{"damage":0,"enemies":"Snake Plant","floor":29,"turns":2},{"damage":6,"enemies":"Slavers","floor":30,"turns":4},{"damage":0,"enemies":"Snecko","floor":31,"turns":4},{"damage":10,"enemies":"Automaton","floor":33,"turns":4},{"damage":0,"enemies":"3 Darklings","floor":35,"turns":4},{"damage":70,"enemies":"Awakened One","floor":37,"turns":10}],"seed_played":"-4541404368319641071","potions_obtained":[{"floor":1,"key":"GhostInAJar"},{"floor":4,"key":"Regen Potion"},{"floor":8,"key":"DuplicationPotion"},{"floor":12,"key":"Energy Potion"},{"floor":14,"key":"CultistPotion"},{"floor":27,"key":"Strength Potion"},{"floor":29,"key":"Weak Potion"},{"floor":31,"key":"SteroidPotion"},{"floor":33,"key":"PowerPotion"},{"floor":35,"key":"DuplicationPotion"}],"is_trial":false,"path_per_floor":["M","M","$","M","$","R","E","M","T","?","E","M","?","M","R","B",null,"M","?","M","?","$","R","E","R","T","E","?","M","E","M","R","B",null,"M","?","B"],"character_chosen":"THE_SILENT","items_purchased":["PiercingWail","Dramatic Entrance","Infinite Blades"],"campfire_rested":0,"item_purchase_floors":[3,5,22],"current_hp_per_floor":[70,70,70,70,70,70,25,25,25,18,24,23,40,40,40,17,70,70,70,70,70,70,70,70,70,70,70,70,70,64,64,64,54,70,70,70,0,0],"gold":314,"neow_bonus":"THREE_ENEMY_KILL","is_daily":false,"chose_seed":false,"campfire_upgraded":5,"win_rate":0.0,"timestamp":1610104427,"path_taken":["M","M","$","M","?","R","E","M","T","?","E","?","?","M","R","BOSS","M","?","?","?","$","R","E","R","T","E","?","M","E","M","R","BOSS","M","?","BOSS"],"items_purchased_type":["Card","Card","Card"],"build_version":"2020-12-22","purchased_purges":0,"victory":false,"max_hp_per_floor":[70,70,70,70,70,70,70,70,70,70,70,70,70,70,70,70,70,70,70,70,70,70,70,70,70,70,70,70,70,70,70,70,70,70,70,70,70,70],"card_choices":[{"not_picked":["Blur","Expertise","Flechettes"],"picked":"SKIP","floor":1},{"not_picked":["Riddle With Holes","Outmaneuver"],"picked":"Blade Dance","floor":2},{"not_picked":["Acrobatics","Slice"],"picked":"Prepared","floor":4},{"not_picked":["Glass Knife","Dagger Spray"],"picked":"After Image","floor":7},{"not_picked":["Acrobatics","Backflip"],"picked":"Accuracy","floor":8},{"not_picked":["Masterful Stab","Flying Knee"],"picked":"Underhanded Strike","floor":11},{"not_picked":["Eviscerate","Infinite Blades"],"picked":"Finisher","floor":12},{"not_picked":["Crippling Poison+1","Prepared+1"],"picked":"Dodge and Roll+1","floor":14},{"not_picked":["Grand Finale","Unload"],"picked":"Adrenaline+1","floor":16},{"not_picked":["Expertise+1","Heel Hook"],"picked":"Flying Knee+1","floor":18},{"not_picked":["All Out Attack+1","Dodge and Roll+1"],"picked":"Calculated Gamble+1","floor":20},{"not_picked":["Heel Hook","Bane","Deflect+1"],"picked":"SKIP","floor":24},{"not_picked":["Crippling Poison+1","Heel Hook"],"picked":"Backflip+1","floor":27},{"not_picked":["Deflect+1","Dagger Throw"],"picked":"Blur+1","floor":29},{"not_picked":["Wraith Form v2","Catalyst+1"],"picked":"Backstab","floor":30},{"not_picked":["Dagger Spray","Outmaneuver+1","Caltrops+1"],"picked":"SKIP","floor":31},{"not_picked":["Phantasmal Killer+1","Grand Finale"],"picked":"Venomology+1","floor":33},{"not_picked":["Eviscerate+1","Expertise+1"],"picked":"Blur+1","floor":35},{"not_picked":["Backflip+1","Endless Agony"],"picked":"Terror+1","floor":35}],"player_experience":224172,"relics_obtained":[{"floor":7,"key":"Paper Crane"},{"floor":9,"key":"Toxic Egg 2"},{"floor":11,"key":"Sundial"},{"floor":24,"key":"Happy Flower"},{"floor":26,"key":"White Beast Statue"},{"floor":27,"key":"Oddly Smooth Stone"},{"floor":30,"key":"Lantern"},{"floor":34,"key":"Regal Pillow"},{"floor":34,"key":"Eternal Feather"},{"floor":34,"key":"Prayer Wheel"}],"event_choices":[{"cards_removed":["Strike_G"],"damage_healed":0,"gold_gain":0,"player_choice":"Card Removal","damage_taken":7,"max_hp_gain":0,"max_hp_loss":0,"event_name":"Golden Wing","floor":10,"gold_loss":0},{"damage_healed":17,"gold_gain":0,"player_choice":"Healed","damage_taken":0,"max_hp_gain":0,"max_hp_loss":0,"event_name":"The Cleric","floor":13,"gold_loss":35},{"damage_healed":0,"gold_gain":0,"player_choice":"1 cards matched","damage_taken":0,"max_hp_gain":0,"max_hp_loss":0,"event_name":"Match and Keep!","floor":19,"gold_loss":0,"cards_obtained":["Adrenaline"]},{"cards_removed":["Defend_G"],"damage_healed":0,"gold_gain":0,"player_choice":"Gave Gold","damage_taken":0,"max_hp_gain":0,"max_hp_loss":0,"event_name":"Beggar","floor":21,"gold_loss":75},{"damage_healed":0,"gold_gain":0,"player_choice":"Inject Mutagens","damage_taken":0,"relics_obtained":["MutagenicStrength"],"max_hp_gain":0,"max_hp_loss":0,"event_name":"Drug Dealer","floor":28,"gold_loss":0},{"damage_healed":0,"gold_gain":0,"player_choice":"Took Portal","damage_taken":0,"max_hp_gain":0,"max_hp_loss":0,"event_name":"SecretPortal","floor":36,"gold_loss":0}],"is_beta":false,"boss_relics":[{"not_picked":["Astrolabe","Black Star"],"picked":"WristBlade"},{"not_picked":["Runic Dome","HoveringKite"],"picked":"Calling Bell"}],"items_purged_floors":[],"is_endless":false,"potions_floor_spawned":[1,4,8,12,14,27,29,30,31,33,35],"killed_by":"Awakened One","ascension_level":4}}