{"host":"ct28ocsd8g8yr2ah","time":1610138296,"event":{"mods":["BaseMod","Better Third Choice","Hermit","Marisa????????","Minty Spire (QoL Compilation)","Remilia??????","StSLib","The Animator","The Gatherer","The Servant 0.9.4","Waifu the Spire"],"gold_per_floor":[127,49,79,79,179,179,192,192,217,45,56,73,73,98,98,202,202,222,222,242,256,30,30,46,73,99,12,12,12,12,25,25,121,121,149,149,199,11,21,21,21,31,31,31,31,31],"floor_reached":45,"playtime":2663,"items_purged":["animator:Strike","Writhe"],"score":473,"play_id":"2a37da2f-1eec-40f3-9456-87ba350a8073","local_time":"20210109013816","is_ascension_mode":false,"campfire_choices":[{"data":"animator:Lancer","floor":6,"key":"SMITH"},{"data":"animator:IzunaHatsuse","floor":8,"key":"SMITH"},{"data":"animator:Lelouch","floor":13,"key":"SMITH"},{"data":"animator:KrulTepes","floor":15,"key":"SMITH"},{"floor":23,"key":"REST"},{"floor":29,"key":"REST"},{"floor":32,"key":"REST"},{"data":"animator:Zero","floor":40,"key":"SMITH"}],"circlet_count":0,"master_deck":["animator:Strike_OwariNoSeraph+1","animator:Defend_OwariNoSeraph+1","animator:Strike+1","animator:Strike+1","animator:Defend+1","animator:Defend+1","animator:Defend+1","animator:Shinoa","animator:Mikaela","animator:ElricEdward","animator:Scar","animator:Lancer+1","animator:Shigure","animator:IzunaHatsuse+1","animator:Lelouch+1","animator:KrulTepes+1","animator:Megumin","animator:Yuuichirou","animator:Saber","animator:KrulTepes","animator:Zero+1","animator:EmiyaShirou","animator:Saber","animator:MaesHughes","Wraith","animator:Zero","animator:HigakiRinne","animator:TanyaDegurechaff","animator:MisaKurobane","animator:TanyaDegurechaff"],"relics":["animator:LivingPicture","animator:TheMissingPiece","PreservedInsect","Mark of Pain","Gremlin Horn","animator:WornHelmet","Blood Vial","animator:AlchemistGlove","ScarletDevilRocket","Sundial","Cursed Key","TungstenRod"],"acts_visited":["Exordium","TheCity","TheBeyond"],"potions_floor_usage":[7,16,16,16,16,16,24,25,25,33,33,39,45],"damage_taken":[{"damage":4,"enemies":"Small Slimes","floor":1,"turns":4},{"damage":0,"enemies":"Cultist","floor":3,"turns":3},{"damage":1,"enemies":"Jaw Worm","floor":7,"turns":3},{"damage":1,"enemies":"3 Louse","floor":11,"turns":3},{"damage":3,"enemies":"Blue Slaver","floor":12,"turns":3},{"damage":5,"enemies":"Exordium Wildlife","floor":14,"turns":2},{"damage":24,"enemies":"Slime Boss","floor":16,"turns":16},{"damage":18,"enemies":"Spheric Guardian","floor":18,"turns":4},{"damage":18,"enemies":"3 Byrds","floor":20,"turns":4},{"damage":17,"enemies":"Snecko","floor":21,"turns":4},{"damage":6,"enemies":"Chosen and Byrds","floor":24,"turns":5},{"damage":0,"enemies":"animator:HornedBat","floor":25,"turns":6},{"damage":6,"enemies":"Snake Plant","floor":31,"turns":3},{"damage":42,"enemies":"Champ","floor":33,"turns":12},{"damage":0,"enemies":"3 Shapes","floor":35,"turns":3},{"damage":0,"enemies":"Mind Bloom Boss Battle","floor":37,"turns":5},{"damage":0,"enemies":"Orb Walker","floor":39,"turns":3},{"damage":22,"enemies":"Sphere and 2 Shapes","floor":42,"turns":5},{"damage":43,"enemies":"Writhing Mass","floor":45,"turns":3}],"seed_played":"-1514148884125630322","potions_obtained":[{"floor":1,"key":"EntropicBrew"},{"floor":3,"key":"Energy Potion"},{"floor":11,"key":"animator:FalseLifePotion"},{"floor":12,"key":"AttackPotion"},{"floor":20,"key":"BlessingOfTheForge"},{"floor":24,"key":"Weak Potion"},{"floor":25,"key":"GamblersBrew"},{"floor":31,"key":"Regen Potion"},{"floor":37,"key":"Block Potion"},{"floor":42,"key":"ColorlessPotion"}],"is_trial":false,"path_per_floor":["M","$","M","?","?","R","M","R","T","$","M","M","R","M","R","B",null,"M","?","M","M","$","R","M","E","T","$","?","R","T","M","R","B",null,"M","?","?","$","M","R","?","M","T","?","M"],"character_chosen":"THE_ANIMATOR","items_purchased":["animator:Lancer","animator:Lelouch","animator:WornHelmet","animator:Zero","animator:Zero"],"campfire_rested":3,"item_purchase_floors":[2,10,22,27,38],"current_hp_per_floor":[63,63,63,68,68,68,67,67,67,67,67,64,64,59,59,35,73,55,55,37,20,20,41,35,35,35,35,35,56,56,52,73,45,73,73,73,73,73,73,73,65,45,45,36,0,0],"gold":31,"neow_bonus":"THREE_CARDS","is_daily":false,"chose_seed":false,"campfire_upgraded":5,"win_rate":0.0,"timestamp":1610138296,"path_taken":["M","$","M","?","?","R","M","R","T","$","M","?","R","M","R","BOSS","M","?","M","M","$","R","M","E","T","$","?","R","?","M","R","BOSS","M","?","?","$","M","R","?","M","T","?","M"],"items_purchased_type":["Card","Card","Relic","Card","Card"],"build_version":"2020-12-22","purchased_purges":2,"victory":false,"max_hp_per_floor":[67,67,67,72,72,72,72,72,72,72,73,73,73,73,73,73,73,73,73,73,73,73,73,73,73,73,73,73,73,73,73,73,73,73,73,73,73,73,73,73,73,73,73,73,73,73],"card_choices":[{"not_picked":["animator:ShinjiMatou","animator:Kuribayashi"],"picked":"animator:ElricEdward","floor":0},{"not_picked":["animator:AcuraTooru","animator:ChaikaBohdan"],"picked":"animator:Scar","floor":1},{"not_picked":["animator:Illya","animator:Yoichi"],"picked":"animator:Shigure","floor":3},{"not_picked":["animator:DolaRiku","animator:ShinjiMatou"],"picked":"animator:IzunaHatsuse","floor":7},{"not_picked":["animator:CrowleyEusford","animator:Yuuichirou"],"picked":"animator:KrulTepes","floor":11},{"not_picked":["animator:Rider","animator:KrulTepes"],"picked":"animator:Megumin","floor":12},{"not_picked":["animator:DolaCouronne","animator:ChaikaBohdan"],"picked":"animator:Yuuichirou","floor":14},{"not_picked":["animator:Hans","animator:Wiz"],"picked":"animator:Saber","floor":16},{"not_picked":["animator:Yuuichirou","animator:LeleiLaLalena","animator:TukaLunaMarceau+1"],"picked":"SKIP","floor":18},{"not_picked":["animator:Yuuichirou","animator:Shigure"],"picked":"animator:KrulTepes","floor":20},{"not_picked":["animator:Shinoa","animator:RoryMercury","animator:Gillette+1"],"picked":"SKIP","floor":21},{"not_picked":["animator:DolaSchwi","animator:RoryMercury","animator:Kuribayashi+1"],"picked":"SKIP","floor":24},{"not_picked":["animator:Kuribayashi","animator:Chris+1","animator:HiiragiShinya"],"picked":"SKIP","floor":25},{"not_picked":["animator:ShinjiMatou","animator:Caster"],"picked":"animator:EmiyaShirou","floor":31},{"not_picked":["animator:Sora","animator:PinaCoLada"],"picked":"animator:Saber","floor":33},{"not_picked":["animator:IzunaHatsuse+1","animator:LeleiLaLalena+1"],"picked":"animator:MaesHughes","floor":35},{"not_picked":["animator:IzunaHatsuse+1","animator:Mitsuba","animator:Arpeggio+1"],"picked":"SKIP","floor":39},{"not_picked":["animator:Assassin+1","animator:AcuraAkari+1","animator:Yuuichirou+1"],"picked":"SKIP","floor":42},{"not_picked":["animator:Emilia","animator:Kagari"],"picked":"animator:TanyaDegurechaff","floor":44},{"not_picked":["animator:IchigoKurosaki","animator:Kuroyukihime"],"picked":"animator:MisaKurobane","floor":44},{"not_picked":["animator:HououinKyouma","animator:IchigoKurosaki"],"picked":"animator:TanyaDegurechaff","floor":44}],"player_experience":492855,"relics_obtained":[{"floor":9,"key":"PreservedInsect"},{"floor":25,"key":"Blood Vial"},{"floor":25,"key":"animator:AlchemistGlove"},{"floor":26,"key":"ScarletDevilRocket"},{"floor":30,"key":"Sundial"},{"floor":37,"key":"TungstenRod"}],"event_choices":[{"damage_healed":0,"gold_gain":0,"player_choice":"Donut","damage_taken":0,"max_hp_gain":5,"max_hp_loss":0,"event_name":"Big Fish","floor":4,"gold_loss":0},{"damage_healed":0,"gold_gain":100,"player_choice":"Gold","damage_taken":0,"max_hp_gain":0,"max_hp_loss":0,"event_name":"Wheel of Change","floor":5,"gold_loss":0},{"damage_healed":0,"gold_gain":0,"player_choice":"Opened","damage_taken":0,"relics_obtained":["Gremlin Horn"],"max_hp_gain":0,"max_hp_loss":0,"event_name":"The Mausoleum","floor":19,"gold_loss":0,"cards_obtained":["Writhe"]},{"damage_healed":0,"gold_gain":0,"player_choice":"Simplicity","damage_taken":0,"max_hp_gain":0,"max_hp_loss":7,"event_name":"betterThird:BetterWriting","floor":28,"gold_loss":0},{"damage_healed":0,"gold_gain":0,"player_choice":"Ignored","damage_taken":0,"max_hp_gain":0,"max_hp_loss":0,"event_name":"OrinTheCat","floor":36,"gold_loss":0},{"damage_healed":0,"gold_gain":0,"player_choice":"Fight","damage_taken":0,"max_hp_gain":0,"max_hp_loss":0,"event_name":"MindBloom","floor":37,"gold_loss":0},{"damage_healed":0,"gold_gain":0,"player_choice":"Embrace Madness","damage_taken":9,"max_hp_gain":0,"max_hp_loss":0,"event_name":"Winding Halls","floor":41,"gold_loss":0,"cards_obtained":["animator:HigakiRinne"]},{"damage_healed":0,"gold_gain":0,"player_choice":"Memory 3","damage_taken":10,"max_hp_gain":0,"max_hp_loss":0,"event_name":"SensoryStone","floor":44,"gold_loss":0}],"is_beta":false,"boss_relics":[{"not_picked":["animator:VividPicture","animator:HolyGrailRelic"],"picked":"Mark of Pain"},{"not_picked":["Runic Dome","Pandora\u0027s Box"],"picked":"Cursed Key"}],"items_purged_floors":[22,38],"is_endless":false,"potions_floor_spawned":[1,3,11,12,20,24,25,31,37,42],"killed_by":"Writhing Mass","ascension_level":0}}