{"host":"Squid","time":1610146367,"event":{"mods":["BaseMod","Minty Spire (QoL Compilation)","StSLib","The Marked"],"gold_per_floor":[213,388,388,408,34,34,77,77,145,170,191,230,230,250,250,380,380,404,428,468,468,378,418,9,9,9,32,32,57,8,49,49,174,174,187,203,222,235,253,253,284,308,361,361,395,395,395,16,16,16,16],"floor_reached":50,"playtime":2594,"items_purged":["Doubt","theMarked:Strike","theMarked:Strike"],"score":629,"play_id":"2d170638-c9bd-42ef-b9af-5d24b6e4fb5a","local_time":"20210108175247","is_ascension_mode":true,"campfire_choices":[{"data":"theMarked:MysticalArsenal","floor":6,"key":"SMITH"},{"floor":15,"key":"REST"},{"floor":25,"key":"REST"},{"floor":28,"key":"REST"},{"data":"theMarked:BanishingWave","floor":32,"key":"SMITH"},{"data":"theMarked:HeritageOfTheMarked","floor":40,"key":"SMITH"},{"data":"theMarked:HeritageOfTheMarked","floor":44,"key":"SMITH"},{"floor":46,"key":"REST"},{"floor":49,"key":"RECALL"}],"circlet_count":0,"master_deck":["theMarked:Strike","theMarked:Defend","theMarked:Defend","theMarked:Defend","theMarked:Defend","theMarked:SoldierOfQuellstein","theMarked:Frustration","theMarked:RepellingDischarge","theMarked:MysticalArsenal+1","theMarked:ShockingTouch+1","theMarked:BanishingWave","theMarked:ResourceFulStrike","theMarked:WardOff","theMarked:ComboAttacks","theMarked:SuspiciousRaven","theMarked:BanishingStrike","theMarked:HeritageOfTheMarked+1","theMarked:BanishingWave+1","theMarked:Frustration","theMarked:Abjuration","theMarked:HeritageOfTheMarked+1","theMarked:DeterminationOfTheMarked","theMarked:AttractMetal","theMarked:Seal"],"relics":["theMarked:ArtifactOfAir","Golden Idol","Sling","Pocketwatch","Shuriken","Mercury Hourglass","Omamori","Cursed Key","Red Mask","Nilry\u0027s Codex","Bag of Marbles","ClockworkSouvenir","Meat on the Bone","Bottled Flame","Runic Pyramid","Darkstone Periapt","Orichalcum","HornCleat"],"acts_visited":["Exordium","TheCity","TheBeyond"],"potions_floor_usage":[20,23,27,31,45],"damage_taken":[{"damage":1,"enemies":"2 Louse","floor":1,"turns":3},{"damage":10,"enemies":"Jaw Worm","floor":4,"turns":4},{"damage":18,"enemies":"3 Sentries","floor":7,"turns":8},{"damage":0,"enemies":"Small Slimes","floor":10,"turns":2},{"damage":0,"enemies":"3 Louse","floor":11,"turns":1},{"damage":0,"enemies":"Lagavulin","floor":12,"turns":3},{"damage":12,"enemies":"Blue Slaver","floor":14,"turns":2},{"damage":15,"enemies":"Hexaghost","floor":16,"turns":6},{"damage":0,"enemies":"Chosen","floor":18,"turns":4},{"damage":9,"enemies":"Spheric Guardian","floor":19,"turns":4},{"damage":6,"enemies":"Masked Bandits","floor":20,"turns":3},{"damage":34,"enemies":"Slavers","floor":23,"turns":3},{"damage":1,"enemies":"Shelled Parasite and Fungi","floor":27,"turns":2},{"damage":1,"enemies":"Cultist and Chosen","floor":29,"turns":3},{"damage":19,"enemies":"Book of Stabbing","floor":31,"turns":4},{"damage":8,"enemies":"Automaton","floor":33,"turns":6},{"damage":0,"enemies":"Orb Walker","floor":35,"turns":2},{"damage":3,"enemies":"3 Shapes","floor":36,"turns":4},{"damage":0,"enemies":"Sphere and 2 Shapes","floor":37,"turns":3},{"damage":0,"enemies":"Spire Growth","floor":38,"turns":2},{"damage":21,"enemies":"Jaw Worm Horde","floor":39,"turns":3},{"damage":18,"enemies":"Reptomancer","floor":41,"turns":4},{"damage":0,"enemies":"4 Shapes","floor":42,"turns":2},{"damage":24,"enemies":"Nemesis","floor":45,"turns":5},{"damage":43,"enemies":"Time Eater","floor":50,"turns":6}],"seed_played":"4775410720381504514","potions_obtained":[{"floor":1,"key":"theMarked:SummonPotion"},{"floor":4,"key":"GamblersBrew"},{"floor":10,"key":"Fire Potion"},{"floor":16,"key":"Swift Potion"},{"floor":27,"key":"Weak Potion"},{"floor":29,"key":"DistilledChaos"},{"floor":31,"key":"Block Potion"},{"floor":42,"key":"Dexterity Potion"}],"is_trial":false,"path_per_floor":["M","?","?","M","$","R","E","T","T","M","M","E","?","M","R","B",null,"M","M","?","?","?","E","$","R","T","M","R","M","$","E","R","B",null,"M","M","M","M","M","R","E","M","T","R","E","R","?","$","R","B"],"character_chosen":"THE_DEFAULT","items_purchased":["theMarked:MysticalArsenal","theMarked:ShockingTouch","Sling","theMarked:HeritageOfTheMarked","theMarked:BanishingWave","ClockworkSouvenir","theMarked:Frustration","Block Potion","HornCleat"],"campfire_rested":4,"item_purchase_floors":[5,5,5,24,24,24,24,30,48],"current_hp_per_floor":[69,69,52,42,42,42,24,24,24,24,24,24,17,5,26,11,70,70,61,55,39,39,5,5,26,26,37,58,57,57,38,38,42,70,70,67,67,67,46,46,40,40,40,40,28,49,61,61,61,18,18],"gold":16,"neow_bonus":"HUNDRED_GOLD","is_daily":false,"chose_seed":false,"campfire_upgraded":4,"win_rate":0.0,"timestamp":1610146367,"path_taken":["M","?","?","M","$","R","E","?","T","M","M","E","?","M","R","BOSS","M","M","?","?","?","E","$","R","T","M","R","?","$","E","R","BOSS","M","M","?","M","M","R","E","M","T","R","E","R","?","?","R","BOSS"],"items_purchased_type":["Card","Card","Relic","Card","Card","Relic","Card","Potion","Relic"],"build_version":"2020-12-18","purchased_purges":3,"victory":false,"max_hp_per_floor":[70,70,70,70,70,70,70,70,70,70,70,70,70,70,70,70,70,70,70,70,70,70,70,70,70,70,70,70,70,70,70,70,70,70,70,70,70,70,70,70,70,70,70,70,70,70,61,61,61,61,61],"card_choices":[{"not_picked":["theMarked:CreepingChasm","theMarked:Aftermath"],"picked":"theMarked:Frustration","floor":1},{"not_picked":["theMarked:Frustration","theMarked:TwofoldDefense"],"picked":"theMarked:RepellingDischarge","floor":4},{"not_picked":["theMarked:ResourceFulStrike","theMarked:CreepingChasm"],"picked":"theMarked:BanishingWave","floor":7},{"not_picked":["theMarked:Improvise","theMarked:RepellingDischarge","theMarked:SwordAndMagic"],"picked":"SKIP","floor":10},{"not_picked":["theMarked:EternalStudent","theMarked:SwordAndMagic"],"picked":"theMarked:ResourceFulStrike","floor":11},{"not_picked":["theMarked:MagicAdept","theMarked:Parkour"],"picked":"theMarked:WardOff","floor":12},{"not_picked":["theMarked:BanishingStrike","theMarked:SwordAndMagic"],"picked":"theMarked:ComboAttacks","floor":14},{"not_picked":["theMarked:TurnInvisible","theMarked:MagicAdept"],"picked":"theMarked:SuspiciousRaven","floor":16},{"not_picked":["theMarked:ResourceFulStrike","theMarked:TunnelVision","theMarked:Improvise"],"picked":"SKIP","floor":18},{"not_picked":["theMarked:Indomitable","theMarked:ResourceFulStrike"],"picked":"theMarked:BanishingStrike","floor":19},{"not_picked":["theMarked:RogueSparks","theMarked:Standoff+1","theMarked:MaelstromOfLightning"],"picked":"SKIP","floor":23},{"not_picked":["theMarked:PowerFlow+1","theMarked:ChainLightning","theMarked:WastefulDefense+1"],"picked":"SKIP","floor":27},{"not_picked":["theMarked:EmpowerWeapon","theMarked:ContemptForTheProud","theMarked:TunnelVision"],"picked":"SKIP","floor":29},{"not_picked":["theMarked:Static+1","theMarked:ChannelForce","theMarked:ThrowWeapon"],"picked":"SKIP","floor":31},{"not_picked":["theMarked:UnarmedFury","theMarked:DispelDoubt"],"picked":"theMarked:Abjuration","floor":33},{"not_picked":["theMarked:WastefulDefense+1","theMarked:ElectricStrings","theMarked:Static+1"],"picked":"SKIP","floor":35},{"not_picked":["theMarked:Indomitable","theMarked:HeightenedSenses","theMarked:BanishingWave"],"picked":"SKIP","floor":36},{"not_picked":["theMarked:BanishingStrike","theMarked:Parkour","theMarked:FavorableWinds"],"picked":"SKIP","floor":37},{"not_picked":["theMarked:Aftermath+1","theMarked:ParalyzingBlade+1"],"picked":"theMarked:HeritageOfTheMarked","floor":38},{"not_picked":["theMarked:HeightenedSenses+1","theMarked:Improvise"],"picked":"theMarked:DeterminationOfTheMarked","floor":39},{"not_picked":["theMarked:Electrocute+1","theMarked:SwordAndMagic+1"],"picked":"theMarked:AttractMetal","floor":41},{"not_picked":["theMarked:HeightenedSenses+1","theMarked:DeterminationOfTheMarked","theMarked:Parkour"],"picked":"SKIP","floor":42},{"not_picked":["theMarked:HeightenedSenses+1","theMarked:DeterminationOfTheMarked","theMarked:Parkour"],"picked":"SKIP","floor":42},{"not_picked":["theMarked:Improvise","theMarked:ChainLightning"],"picked":"theMarked:Seal","floor":45}],"player_experience":849300,"relics_obtained":[{"floor":7,"key":"Pocketwatch"},{"floor":8,"key":"Shuriken"},{"floor":9,"key":"Mercury Hourglass"},{"floor":12,"key":"Omamori"},{"floor":20,"key":"Red Mask"},{"floor":21,"key":"Nilry\u0027s Codex"},{"floor":23,"key":"Bag of Marbles"},{"floor":26,"key":"Meat on the Bone"},{"floor":31,"key":"Bottled Flame"},{"floor":41,"key":"Darkstone Periapt"},{"floor":45,"key":"Orichalcum"}],"event_choices":[{"damage_healed":0,"gold_gain":175,"player_choice":"AGREE","damage_taken":0,"max_hp_gain":0,"max_hp_loss":0,"event_name":"Liars Game","floor":2,"gold_loss":0,"cards_obtained":["Doubt"]},{"damage_healed":0,"gold_gain":0,"player_choice":"Take Damage","damage_taken":17,"relics_obtained":["Golden Idol"],"max_hp_gain":0,"max_hp_loss":0,"event_name":"Golden Idol","floor":3,"gold_loss":0},{"cards_removed":["theMarked:Strike"],"damage_healed":0,"gold_gain":0,"player_choice":"Card Removal","damage_taken":7,"max_hp_gain":0,"max_hp_loss":0,"event_name":"Golden Wing","floor":13,"gold_loss":0},{"damage_healed":0,"gold_gain":0,"player_choice":"Fought Bandits","damage_taken":0,"max_hp_gain":0,"max_hp_loss":0,"event_name":"Masked Bandits","floor":20,"gold_loss":0},{"damage_healed":0,"gold_gain":0,"player_choice":"Obtained Book","damage_taken":16,"max_hp_gain":0,"max_hp_loss":0,"event_name":"Cursed Tome","floor":21,"gold_loss":0},{"cards_removed":["theMarked:Strike"],"damage_healed":0,"gold_gain":0,"player_choice":"Upgrade and Remove","damage_taken":0,"max_hp_gain":0,"max_hp_loss":0,"event_name":"Designer","floor":22,"gold_loss":90,"cards_upgraded":["theMarked:ShockingTouch"]},{"damage_healed":61,"gold_gain":0,"player_choice":"Heal","damage_taken":0,"max_hp_gain":0,"max_hp_loss":9,"event_name":"The Moai Head","floor":47,"gold_loss":0}],"is_beta":true,"boss_relics":[{"not_picked":["Tiny House","Runic Dome"],"picked":"Cursed Key"},{"not_picked":["Philosopher\u0027s Stone","Empty Cage"],"picked":"Runic Pyramid"}],"items_purged_floors":[5,24,48],"is_endless":false,"potions_floor_spawned":[1,4,10,16,19,27,29,31,36,39,41,42],"killed_by":"Time Eater","ascension_level":1}}