{"host":"pqs17sqrgflf4eqa","time":1610140783,"event":{"mods":["AchievementEnabler","BaseMod","Bestiary","Better Altar","Colored Map","Colored Powertips","Emptier Cage","Googly Eyes","Highlight Path","Minty Spire (QoL Compilation)","Quick Restart","StSLib","SuperFastMode","Transform Curses","slay the spire mod where everything is the same but ironclad has a cowboy hat"],"gold_per_floor":[119,137,212,212,212,245,245,272,272,272,282,282,282],"floor_reached":12,"playtime":240,"items_purged":[],"score":103,"play_id":"d3735df7-d6fb-464a-ac9d-b80e12c6a334","local_time":"20210108161943","is_ascension_mode":true,"campfire_choices":[{"data":"Dualcast","floor":7,"key":"SMITH"}],"circlet_count":0,"master_deck":["Strike_B","Strike_B","Strike_B","Strike_B","Defend_B","Defend_B","Defend_B","Defend_B","Zap+1","Dualcast+1","Cold Snap","Coolheaded","Self Repair","Ball Lightning","Gash"],"relics":["Cracked Core","Bag of Preparation","Cables","Matryoshka"],"acts_visited":["Exordium"],"potions_floor_usage":[6,8,12,12],"damage_taken":[{"damage":0,"enemies":"Small Slimes","floor":1,"turns":3},{"damage":5,"enemies":"2 Louse","floor":2,"turns":2},{"damage":15,"enemies":"3 Sentries","floor":6,"turns":7},{"damage":43,"enemies":"Gremlin Nob","floor":8,"turns":5},{"damage":0,"enemies":"Jaw Worm","floor":11,"turns":4},{"damage":24,"enemies":"Lagavulin","floor":12,"turns":3}],"seed_played":"-845178399878180341","potions_obtained":[{"floor":0,"key":"Explosive Potion"},{"floor":0,"key":"Ancient Potion"},{"floor":0,"key":"PotionOfCapacity"},{"floor":6,"key":"FocusPotion"}],"is_trial":false,"path_per_floor":["M","M","?","?","?","E","R","E","T","?","M","E"],"character_chosen":"DEFECT","items_purchased":[],"campfire_rested":0,"item_purchase_floors":[],"current_hp_per_floor":[75,70,59,59,59,44,44,8,8,8,15,0,0],"gold":282,"neow_bonus":"THREE_SMALL_POTIONS","is_daily":false,"chose_seed":false,"campfire_upgraded":1,"win_rate":0.0,"timestamp":1610140783,"path_taken":["M","M","?","?","?","E","R","E","T","?","M","E"],"items_purchased_type":[],"build_version":"2020-12-22","purchased_purges":0,"victory":false,"max_hp_per_floor":[75,75,75,75,75,75,75,75,75,75,75,75,75],"card_choices":[{"not_picked":["Steam","Turbo"],"picked":"Cold Snap","floor":1},{"not_picked":["Lockon","Go for the Eyes"],"picked":"Coolheaded","floor":2},{"not_picked":["Consume","Rebound"],"picked":"Self Repair","floor":6},{"not_picked":["Streamline","Compile Driver"],"picked":"Ball Lightning","floor":8},{"not_picked":["Hologram","Aggregate"],"picked":"Gash","floor":11}],"player_experience":139420,"relics_obtained":[{"floor":6,"key":"Bag of Preparation"},{"floor":8,"key":"Cables"},{"floor":9,"key":"Matryoshka"}],"event_choices":[{"damage_healed":0,"gold_gain":75,"player_choice":"Gather Gold","damage_taken":11,"max_hp_gain":0,"max_hp_loss":0,"event_name":"World of Goop","floor":3,"gold_loss":0},{"damage_healed":0,"gold_gain":0,"player_choice":"Leave","damage_taken":0,"max_hp_gain":0,"max_hp_loss":0,"event_name":"The Cleric","floor":4,"gold_loss":0},{"damage_healed":0,"gold_gain":0,"player_choice":"Grow","damage_taken":0,"max_hp_gain":0,"max_hp_loss":0,"event_name":"Living Wall","floor":5,"gold_loss":0,"cards_upgraded":["Zap"]},{"damage_healed":0,"gold_gain":0,"player_choice":"Ignored","damage_taken":0,"max_hp_gain":0,"max_hp_loss":0,"event_name":"Golden Wing","floor":10,"gold_loss":0}],"is_beta":false,"boss_relics":[],"items_purged_floors":[],"is_endless":false,"potions_floor_spawned":[6],"killed_by":"Lagavulin","ascension_level":4}}