{"host":"5ezk7t18wcb10u1o","time":1610132305,"event":{"mods":["BaseMod","Bestiary","Colored Powertips","Minty Spire (QoL Compilation)","Relic Sorter"],"gold_per_floor":[359,284,284,300,56,56,82,82,106,168,168,188,188,208,208,282,282,298,309,117,117,97,127,127,162,162,162,83,97,112,127,127,204,204,220,237,237,262,277,310,310,310,310,310,83,83,83,94,94,94],"floor_reached":51,"playtime":5657,"items_purged":["Strike_B","Strike_B","Writhe"],"score":1353,"play_id":"a6931249-a6fe-4b41-92ff-f436618f6817","local_time":"20210108185825","is_ascension_mode":true,"campfire_choices":[{"data":"Zap","floor":6.0,"key":"SMITH"},{"data":"Buffer","floor":8.0,"key":"SMITH"},{"floor":13.0,"key":"REST"},{"data":"Go for the Eyes","floor":15.0,"key":"SMITH"},{"data":"Sweeping Beam","floor":24.0,"key":"SMITH"},{"floor":27.0,"key":"REST"},{"data":"Sunder","floor":32.0,"key":"SMITH"},{"floor":41.0,"key":"REST"},{"data":"Echo Form","floor":44.0,"key":"SMITH"},{"data":"Defend_B","floor":47.0,"key":"SMITH"},{"data":"Defend_B","floor":49,"key":"SMITH"}],"circlet_count":0,"master_deck":["AscendersBane","Strike_B+1","Strike_B+1","Defend_B","Defend_B+1","Defend_B+1","Zap+1","Dualcast","Fusion+1","Chill","Doom and Gloom","Buffer+1","Hologram","Go for the Eyes+1","Sweeping Beam+1","Auto Shields+1","Hologram","Core Surge","Sunder+1","Coolheaded+1","Coolheaded","Defragment+1","Echo Form+1","CurseOfTheBell","Stack+1","BootSequence+1","Reboot","Coolheaded","Leap+1","Metamorphosis","Beam Cell"],"relics":["Cracked Core","Membership Card","PreservedInsect","Whetstone","Matryoshka","Bag of Marbles","Bottled Lightning","SlaversCollar","MealTicket","Incense Burner","Art of War","Bronze Scales","Letter Opener","Oddly Smooth Stone","Calling Bell","Strawberry","Cables","Bird Faced Urn","WingedGreaves","Gremlin Horn","Symbiotic Virus","Mango"],"acts_visited":["Exordium","TheCity","TheBeyond"],"potions_floor_usage":[50],"damage_taken":[{"damage":3.0,"enemies":"Small Slimes","floor":1.0,"turns":3.0},{"damage":7.0,"enemies":"Jaw Worm","floor":4.0,"turns":3.0},{"damage":23.0,"enemies":"Lagavulin","floor":7.0,"turns":5.0},{"damage":0.0,"enemies":"Gremlin Nob","floor":10.0,"turns":4.0},{"damage":0.0,"enemies":"2 Louse","floor":12.0,"turns":3.0},{"damage":0.0,"enemies":"Exordium Wildlife","floor":14.0,"turns":3.0},{"damage":34.0,"enemies":"The Guardian","floor":16.0,"turns":11.0},{"damage":18.0,"enemies":"Shell Parasite","floor":18.0,"turns":5.0},{"damage":0.0,"enemies":"Spheric Guardian","floor":19.0,"turns":5.0},{"damage":0.0,"enemies":"Slavers","floor":23.0,"turns":3.0},{"damage":40.0,"enemies":"Book of Stabbing","floor":25.0,"turns":6.0},{"damage":0.0,"enemies":"Cultist and Chosen","floor":29.0,"turns":5.0},{"damage":3.0,"enemies":"Snake Plant","floor":30.0,"turns":3.0},{"damage":0.0,"enemies":"Snecko","floor":31.0,"turns":4.0},{"damage":6.0,"enemies":"Collector","floor":33.0,"turns":11.0},{"damage":0.0,"enemies":"3 Shapes","floor":35.0,"turns":4.0},{"damage":38.0,"enemies":"3 Darklings","floor":36.0,"turns":3.0},{"damage":0.0,"enemies":"Mind Bloom Boss Battle","floor":38.0,"turns":5.0},{"damage":42.0,"enemies":"4 Shapes","floor":39.0,"turns":3.0},{"damage":15.0,"enemies":"Reptomancer","floor":40.0,"turns":7.0},{"damage":16,"enemies":"Maw","floor":48,"turns":9},{"damage":36,"enemies":"Awakened One","floor":50,"turns":18}],"seed_played":"1168466153114138256","potions_obtained":[{"floor":4.0,"key":"GamblersBrew"},{"floor":10.0,"key":"Regen Potion"},{"floor":12.0,"key":"EssenceOfSteel"},{"floor":14.0,"key":"SkillPotion"},{"floor":16.0,"key":"Regen Potion"},{"floor":19.0,"key":"FocusPotion"},{"floor":22.0,"key":"Swift Potion"},{"floor":25.0,"key":"Swift Potion"},{"floor":30.0,"key":"EssenceOfSteel"},{"floor":33.0,"key":"DuplicationPotion"},{"floor":35.0,"key":"SpeedPotion"},{"floor":39.0,"key":"AttackPotion"},{"floor":48,"key":"EssenceOfSteel"}],"is_trial":false,"path_per_floor":["M","?","?","M","$","R","E","R","T","?","T","M","R","M","R","B",null,"M","M","$","?","?","E","R","E","T","R","$","M","M","M","R","B",null,"M","M","?","?","M","E","R","?","T","R","$","?","R","M","R","B",null],"character_chosen":"DEFECT","items_purchased":["Membership Card","Doom and Gloom","MealTicket","Fruit Juice","Oddly Smooth Stone","Mango"],"campfire_rested":3,"item_purchase_floors":[5,5,20,20,28,45],"current_hp_per_floor":[61,61,61,54,54,54,31,31,31,31,31,31,52,52,52,33,62,58,58,58,58,63,63,63,23,23,45,60,60,57,57,57,51,77,83,45,62,72,34,29,53,53,53,53,82,107,107,97,97,69],"gold":94,"neow_bonus":"TWO_FIFTY_GOLD","is_daily":false,"chose_seed":false,"campfire_upgraded":8,"win_rate":0.0,"timestamp":1610132305,"path_taken":["M","?","?","M","$","R","E","R","T","?","?","M","R","M","R","BOSS","M","M","$","?","?","E","R","E","T","R","$","?","M","M","R","BOSS","M","M","?","?","M","E","R","?","T","R","$","?","R","?","R","BOSS"],"items_purchased_type":["Relic","Card","Relic","Potion","Relic","Relic"],"build_version":"2020-12-22","purchased_purges":3,"victory":true,"max_hp_per_floor":[71,71,71,71,71,71,71,71,71,71,71,71,71,71,71,71,71,71,71,71,71,76,76,76,76,76,76,76,76,76,76,76,76,83,83,83,83,83,83,83,83,83,83,83,97,107,107,107,107,107],"card_choices":[{"not_picked":["Chaos","Cold Snap"],"picked":"Fusion","floor":1.0},{"not_picked":["Coolheaded","Compile Driver"],"picked":"Chill","floor":4.0},{"not_picked":["Scrape","Hologram"],"picked":"Buffer","floor":7.0},{"not_picked":["Hello World","Rebound"],"picked":"Hologram","floor":10.0},{"not_picked":["Cold Snap","Gash"],"picked":"Go for the Eyes","floor":12.0},{"not_picked":["Beam Cell","Force Field"],"picked":"Sweeping Beam","floor":14.0},{"not_picked":["Biased Cognition","Thunder Strike"],"picked":"Electrodynamics","floor":16.0},{"not_picked":["Steam","Go for the Eyes"],"picked":"Auto Shields+1","floor":18.0},{"not_picked":["BootSequence","Recycle"],"picked":"Hologram","floor":19.0},{"not_picked":["Ball Lightning","Fusion"],"picked":"Core Surge","floor":23.0},{"not_picked":["Barrage","White Noise"],"picked":"Sunder","floor":25.0},{"not_picked":["Loop","Genetic Algorithm"],"picked":"Coolheaded+1","floor":29.0},{"not_picked":["Rebound","Glacier"],"picked":"Coolheaded","floor":30.0},{"not_picked":["Sunder","Loop"],"picked":"Defragment+1","floor":31.0},{"not_picked":["Seek","Hyperbeam"],"picked":"Echo Form","floor":33.0},{"not_picked":["Sweeping Beam","Ball Lightning"],"picked":"Stack+1","floor":35.0},{"not_picked":["Double Energy","Self Repair"],"picked":"BootSequence+1","floor":36.0},{"not_picked":["Steam","Fusion+1"],"picked":"Reboot","floor":38.0},{"not_picked":["BootSequence","Scrape"],"picked":"Coolheaded","floor":39.0},{"not_picked":["Rebound+1","Hello World"],"picked":"Leap+1","floor":40.0},{"not_picked":["Good Instincts","Bandage Up"],"picked":"Metamorphosis","floor":42.0},{"not_picked":["Streamline","Auto Shields"],"picked":"Beam Cell","floor":48}],"player_experience":1103226,"relics_obtained":[{"floor":7.0,"key":"PreservedInsect"},{"floor":9.0,"key":"Whetstone"},{"floor":10.0,"key":"Matryoshka"},{"floor":11.0,"key":"Bag of Marbles"},{"floor":11.0,"key":"Bottled Lightning"},{"floor":23.0,"key":"Incense Burner"},{"floor":25.0,"key":"Art of War"},{"floor":26.0,"key":"Bronze Scales"},{"floor":26.0,"key":"Letter Opener"},{"floor":34.0,"key":"Strawberry"},{"floor":34.0,"key":"Cables"},{"floor":34.0,"key":"Bird Faced Urn"},{"floor":38.0,"key":"WingedGreaves"},{"floor":40.0,"key":"Gremlin Horn"},{"floor":43.0,"key":"Symbiotic Virus"}],"event_choices":[{"cards_removed":["Clumsy"],"damage_healed":0.0,"max_hp_gain":0.0,"max_hp_loss":0.0,"gold_gain":0.0,"event_name":"The Cleric","player_choice":"Card Removal","floor":2.0,"gold_loss":75.0,"damage_taken":0.0},{"damage_healed":0.0,"max_hp_gain":0.0,"max_hp_loss":0.0,"gold_gain":0.0,"event_name":"Living Wall","player_choice":"Grow","floor":3.0,"gold_loss":0.0,"damage_taken":0.0,"cards_upgraded":["Fusion"]},{"damage_healed":0.0,"max_hp_gain":0.0,"max_hp_loss":0.0,"gold_gain":30.0,"event_name":"Dead Adventurer","player_choice":"Searched \u00272\u0027 times","floor":10.0,"gold_loss":0.0,"damage_taken":0.0},{"cards_removed":["Defend_B"],"damage_healed":0.0,"max_hp_gain":0.0,"max_hp_loss":0.0,"gold_gain":0.0,"event_name":"Back to Basics","player_choice":"Elegance","floor":21.0,"gold_loss":0.0,"damage_taken":0.0},{"damage_healed":0.0,"max_hp_gain":0.0,"max_hp_loss":0.0,"gold_gain":0.0,"event_name":"The Woman in Blue","player_choice":"Bought 1 Potion","floor":22.0,"gold_loss":0.0,"damage_taken":0.0},{"damage_healed":17.0,"max_hp_gain":0.0,"max_hp_loss":0.0,"gold_gain":0.0,"event_name":"Winding Halls","player_choice":"Writhe","floor":37.0,"gold_loss":0.0,"damage_taken":0.0,"cards_obtained":["Writhe"]},{"damage_healed":0.0,"max_hp_gain":0.0,"max_hp_loss":0.0,"gold_gain":0.0,"event_name":"MindBloom","player_choice":"Fight","floor":38.0,"gold_loss":0.0,"damage_taken":0.0},{"damage_healed":0.0,"max_hp_gain":0.0,"max_hp_loss":0.0,"gold_gain":0.0,"event_name":"SensoryStone","player_choice":"Memory 1","floor":42.0,"gold_loss":0.0,"damage_taken":0.0},{"cards_removed":["Electrodynamics"],"damage_healed":15.0,"max_hp_gain":10.0,"max_hp_loss":0.0,"gold_gain":0.0,"event_name":"Bonfire Elementals","player_choice":"Offered Rare","floor":46.0,"gold_loss":0.0,"damage_taken":0.0}],"is_beta":false,"boss_relics":[{"not_picked":["Inserter","Velvet Choker"],"picked":"SlaversCollar"},{"not_picked":["Philosopher\u0027s Stone","Empty Cage"],"picked":"Calling Bell"}],"items_purged_floors":[5,20,45],"is_endless":false,"potions_floor_spawned":[4,10,12,14,16,19,25,30,33,35,39,48],"ascension_level":18}}