{"host":"Rich","time":1610076506,"event":{"mods":["AchievementEnabler","BaseMod","Highlight Path","Minty Spire (QoL Compilation)","Relic Stats"],"gold_per_floor":[113,133,149,166,166,197,197,197,197,224,67,86,120,137,137,239,239,256,271,117,130,141,175,188,217,217,217,217,228,327,327,327,327,327],"floor_reached":33,"playtime":1596,"items_purged":["Strike_B"],"score":324,"play_id":"1c6f8e78-0448-43dc-942b-0e304cb124ee","local_time":"20210107222826","is_ascension_mode":true,"campfire_choices":[{"floor":7.0,"key":"REST"},{"floor":15.0,"key":"REST"},{"floor":27,"key":"REST"},{"floor":32,"key":"REST"}],"circlet_count":0,"master_deck":["Defend_B","Defend_B","Defend_B","Defend_B","Zap","Dualcast","Ball Lightning","Sweeping Beam","Rebound","Chaos","Auto Shields","Hologram","Meteor Strike","FTL","Conserve Battery","Hologram","Skim","Double Energy","Amplify","Steam","Meteor Strike"],"relics":["Fusion Hammer","DataDisk","Meat on the Bone","Anchor","Kunai","Strawberry","SacredBark","Blue Candle","Gremlin Horn","Bottled Flame"],"acts_visited":["Exordium","TheCity"],"potions_floor_usage":[25],"damage_taken":[{"damage":0.0,"enemies":"2 Louse","floor":1.0,"turns":3.0},{"damage":0.0,"enemies":"Cultist","floor":2.0,"turns":3.0},{"damage":0.0,"enemies":"Small Slimes","floor":3.0,"turns":3.0},{"damage":5.0,"enemies":"2 Fungi Beasts","floor":4.0,"turns":3.0},{"damage":16.0,"enemies":"Lagavulin","floor":6.0,"turns":6.0},{"damage":26.0,"enemies":"3 Sentries","floor":10.0,"turns":6.0},{"damage":3.0,"enemies":"Blue Slaver","floor":12.0,"turns":4.0},{"damage":17.0,"enemies":"Gremlin Nob","floor":13.0,"turns":4.0},{"damage":0.0,"enemies":"Looter","floor":14.0,"turns":3.0},{"damage":22.0,"enemies":"Slime Boss","floor":16.0,"turns":13.0},{"damage":1.0,"enemies":"2 Thieves","floor":18.0,"turns":4.0},{"damage":0.0,"enemies":"Chosen","floor":19.0,"turns":3.0},{"damage":15.0,"enemies":"Centurion and Healer","floor":21.0,"turns":10.0},{"damage":4.0,"enemies":"Shelled Parasite and Fungi","floor":22.0,"turns":6.0},{"damage":14.0,"enemies":"Slavers","floor":23.0,"turns":5.0},{"damage":14.0,"enemies":"Snecko","floor":24.0,"turns":5.0},{"damage":34,"enemies":"Gremlin Leader","floor":25,"turns":8},{"damage":18,"enemies":"3 Cultists","floor":29,"turns":6},{"damage":32,"enemies":"Collector","floor":33,"turns":4}],"seed_played":"428865344155099861","potions_obtained":[{"floor":4.0,"key":"BlessingOfTheForge"},{"floor":10.0,"key":"EssenceOfSteel"},{"floor":12.0,"key":"Swift Potion"},{"floor":16.0,"key":"Energy Potion"},{"floor":19.0,"key":"Explosive Potion"},{"floor":21.0,"key":"DistilledChaos"},{"floor":23.0,"key":"Explosive Potion"}],"is_trial":false,"path_per_floor":["M","M","M","M","?","E","R","?","T","E","$","M","E","M","R","B",null,"M","M","$","M","M","E","M","E","T","R","?","M","?","?","R","B"],"character_chosen":"DEFECT","items_purchased":["Meteor Strike","GamblersBrew"],"campfire_rested":4,"item_purchase_floors":[11,20],"current_hp_per_floor":[75,75,75,70,63,47,69,69,69,43,43,40,42,42,66,44,82,81,81,81,66,62,48,46,24,24,48,48,42,42,42,66,34,34],"gold":327,"neow_bonus":"BOSS_RELIC","is_daily":false,"chose_seed":false,"campfire_upgraded":0,"win_rate":0.0,"timestamp":1610076506,"path_taken":["M","M","M","M","?","E","R","?","T","E","$","M","E","M","R","BOSS","M","M","$","M","M","E","M","E","T","R","?","M","?","?","R","BOSS"],"items_purchased_type":["Card","Potion"],"build_version":"2020-12-18","purchased_purges":1,"victory":false,"max_hp_per_floor":[75,75,75,75,75,75,75,75,75,75,75,75,82,82,82,82,82,82,82,82,82,82,82,82,82,82,82,82,82,82,82,82,82,82],"relic_stats":{"Gremlin Horn":[4,4],"counters":[19,99],"Blue Candle":[0],"Kunai":[17],"obtain_stats":[{"DataDisk":6,"Anchor":9,"Bottled Flame":26,"Gremlin Horn":25,"Strawberry":13,"SacredBark":17,"Blue Candle":23,"Fusion Hammer":0,"Kunai":10,"Cracked Core":0,"Meat on the Bone":8},{"DataDisk":5,"Anchor":5,"Bottled Flame":17,"Gremlin Horn":17,"Strawberry":8,"SacredBark":10,"Blue Candle":15,"Fusion Hammer":0,"Kunai":6,"Cracked Core":0,"Meat on the Bone":5},{"DataDisk":18,"Anchor":18,"Bottled Flame":89,"Gremlin Horn":89,"Strawberry":32,"SacredBark":48,"Blue Candle":76,"Fusion Hammer":0,"Kunai":24,"Cracked Core":0,"Meat on the Bone":18}],"Meat on the Bone":48},"card_choices":[{"not_picked":["Go for the Eyes","Aggregate"],"picked":"Ball Lightning","floor":1.0},{"not_picked":["Go for the Eyes","Steam"],"picked":"Sweeping Beam","floor":2.0},{"not_picked":["Stack","Cold Snap"],"picked":"Rebound","floor":3.0},{"not_picked":["Melter","Reinforced Body"],"picked":"Chaos","floor":4.0},{"not_picked":["Coolheaded","Force Field"],"picked":"Auto Shields","floor":6.0},{"not_picked":["Coolheaded","Conserve Battery"],"picked":"Hologram","floor":10.0},{"not_picked":["Genetic Algorithm","Doom and Gloom","Go for the Eyes"],"picked":"SKIP","floor":12.0},{"not_picked":["Gash","Ball Lightning"],"picked":"FTL","floor":13.0},{"not_picked":["Conserve Battery","FTL","Cold Snap"],"picked":"SKIP","floor":14.0},{"not_picked":["FTL","Cold Snap"],"picked":"Conserve Battery","floor":14.0},{"not_picked":["Force Field","Ball Lightning+1","Rip and Tear"],"picked":"SKIP","floor":18.0},{"not_picked":["Hello World+1","Leap"],"picked":"Hologram","floor":19.0},{"not_picked":["Beam Cell+1","Reprogram"],"picked":"Skim","floor":21.0},{"not_picked":["Barrage","Ball Lightning","Stack"],"picked":"SKIP","floor":22.0},{"not_picked":["Reboot","Leap+1","Coolheaded"],"picked":"SKIP","floor":23.0},{"not_picked":["Sweeping Beam","Gash","Compile Driver"],"picked":"SKIP","floor":24.0},{"not_picked":["Defragment","Chaos"],"picked":"Double Energy","floor":25},{"not_picked":["Auto Shields","Ball Lightning","Streamline+1"],"picked":"SKIP","floor":29}],"player_experience":1974336,"relics_obtained":[{"floor":6.0,"key":"DataDisk"},{"floor":8.0,"key":"Meat on the Bone"},{"floor":9.0,"key":"Anchor"},{"floor":10.0,"key":"Kunai"},{"floor":13.0,"key":"Strawberry"},{"floor":23.0,"key":"Blue Candle"},{"floor":25,"key":"Gremlin Horn"},{"floor":26,"key":"Bottled Flame"}],"event_choices":[{"cards_removed":["Strike_B"],"damage_healed":0.0,"max_hp_gain":0.0,"max_hp_loss":0.0,"gold_gain":0.0,"event_name":"Golden Wing","player_choice":"Card Removal","floor":5.0,"gold_loss":0.0,"damage_taken":7.0},{"damage_healed":0.0,"max_hp_gain":0.0,"max_hp_loss":0.0,"gold_gain":0.0,"event_name":"Wheel of Change","player_choice":"Relic","floor":8.0,"gold_loss":0.0,"damage_taken":0.0},{"damage_healed":0,"gold_gain":0,"cards_transformed":["Strike_B","Strike_B"],"player_choice":"Became Test Subject","damage_taken":0,"max_hp_gain":0,"max_hp_loss":0,"event_name":"Drug Dealer","floor":28,"gold_loss":0,"cards_obtained":["Amplify","Steam"]},{"damage_healed":0,"gold_gain":99,"player_choice":"Stole From Cult","damage_taken":0,"max_hp_gain":0,"max_hp_loss":0,"event_name":"Nest","floor":30,"gold_loss":0},{"damage_healed":0,"gold_gain":0,"player_choice":"Copied","damage_taken":0,"max_hp_gain":0,"max_hp_loss":0,"event_name":"Duplicator","floor":31,"gold_loss":0,"cards_obtained":["Meteor Strike"]}],"is_beta":true,"boss_relics":[{"not_picked":["Tiny House","Runic Dome"],"picked":"SacredBark"}],"items_purged_floors":[20],"is_endless":false,"potions_floor_spawned":[4,10,12,16,19,21,23],"killed_by":"Collector","ascension_level":1}}