{"host":"zv753xhrtese558r","time":1610071263,"event":{"mods":["2.2 Compatiblity","AchievementEnabler","BaseMod","Bestiary","Better Match","Better Note","Better Skull","Better Third Choice","BetterRewards","Colored Map","Colored Powertips","Downfall","Infinite Spire","Minty Spire (QoL Compilation)","Replay The Spire","Spicy Shops","StSLib"],"gold_per_floor":[114,132,132,56,107,136,148,148,148,73,73,73,73,99,99,195,195,205,224,224,224,224,224,255,271,271,300,320,369,380,396,396,396,396],"floor_reached":33,"playtime":1867,"items_purged":[],"score":352,"play_id":"dc8b9e66-8cd4-487d-8f29-60c70829be94","local_time":"20210107180103","is_ascension_mode":true,"campfire_choices":[{"floor":8.0,"key":"REST"},{"floor":15.0,"key":"REST"},{"data":"Slimebound:CheckThePlaybook","floor":23.0,"key":"SMITH"},{"floor":32.0,"key":"REST"}],"circlet_count":0,"master_deck":["Strike_R","Strike_R","Strike_R+1","Strike_R","Strike_R","Defend_R","Defend_R","Defend_R","Defend_R","Bash","Reckless Charge","Clash","Rampage","Perfected Strike","Flex","Warcry","Hemogenesis","Cleave+1","Slimebound:CheckThePlaybook+1","Slimebound:Icky","Dark Embrace+1","Thunderclap+1"],"relics":["Burning Blood","Chameleon Ring","Replay:Bottled Flurry","Replay:WaspNest","Blue Candle","Electric Blood","Bag of Preparation","HornCleat","Another Sword","Boot"],"acts_visited":["Exordium","TheCity"],"potions_floor_usage":[33],"damage_taken":[{"damage":16.0,"enemies":"Jaw Worm","floor":1.0,"turns":4.0},{"damage":10.0,"enemies":"2 Louse","floor":2.0,"turns":4.0},{"damage":30.0,"enemies":"3 Sentries","floor":6.0,"turns":9.0},{"damage":0.0,"enemies":"Small Slimes","floor":7.0,"turns":2.0},{"damage":32.0,"enemies":"Gremlin Nob","floor":14.0,"turns":4.0},{"damage":57.0,"enemies":"The Guardian","floor":16.0,"turns":8.0},{"damage":21.0,"enemies":"Spheric Guardian","floor":18.0,"turns":3.0},{"damage":8.0,"enemies":"3 Byrds","floor":19.0,"turns":2.0},{"damage":27.0,"enemies":"Book of Stabbing","floor":24.0,"turns":3.0},{"damage":15.0,"enemies":"Snake Plant","floor":25.0,"turns":2.0},{"damage":29.0,"enemies":"Gremlin Leader","floor":27.0,"turns":5.0},{"damage":6.0,"enemies":"3 Cultists","floor":28.0,"turns":3.0},{"damage":24.0,"enemies":"Cultist and Chosen","floor":30.0,"turns":4.0},{"damage":6.0,"enemies":"Sentry and Sphere","floor":31.0,"turns":3.0},{"damage":85,"enemies":"Champ","floor":33,"turns":5}],"seed_played":"6227812152978464884","potions_obtained":[{"floor":2.0,"key":"Weak Potion"},{"floor":7.0,"key":"Regen Potion"},{"floor":19.0,"key":"BloodPotion"},{"floor":24.0,"key":"Ancient Potion"},{"floor":27.0,"key":"Regen Potion"},{"floor":31.0,"key":"LiquidBronze"}],"is_trial":false,"path_per_floor":["M","M","?","$","?","E","M","R","T","?","T","?","?","E","R","B",null,"M","M","AVR","?","?","R","E","M","T","E","M","T","M","M","R","B"],"character_chosen":"IRONCLAD","items_purchased":["Rampage"],"campfire_rested":3,"item_purchase_floors":[4],"current_hp_per_floor":[78,74,74,74,74,50,56,82,82,82,82,82,87,61,87,36,88,73,71,71,71,71,71,76,67,67,51,51,51,56,56,82,0,0],"gold":396,"neow_bonus":"TEN_PERCENT_HP_BONUS","is_daily":false,"chose_seed":false,"campfire_upgraded":1,"win_rate":0.0,"timestamp":1610071263,"path_taken":["M","M","?","$","?","E","M","R","T","?","?","?","?","E","R","BOSS","M","M","AVR","?","?","R","E","M","T","E","?","?","M","?","R","BOSS"],"items_purchased_type":["Card"],"build_version":"2020-12-22","purchased_purges":0,"victory":false,"max_hp_per_floor":[88,88,88,88,88,88,88,88,88,88,88,88,88,88,88,88,88,88,88,88,88,88,88,88,88,88,88,88,88,88,88,88,88,88],"card_choices":[{"not_picked":["ReplayTheSpireMod:Stacked","Entrench"],"picked":"Reckless Charge","floor":1.0},{"not_picked":["Iron Wave","Wild Strike"],"picked":"Clash","floor":2.0},{"not_picked":["Havoc","Fiend Fire"],"picked":"Perfected Strike","floor":6.0},{"not_picked":["Havoc","Evolve"],"picked":"Flex","floor":7.0},{"not_picked":["Hemokinesis","Blood for Blood"],"picked":"Warcry","floor":14.0},{"not_picked":["Fiend Fire","Replay:Many Hands"],"picked":"Hemogenesis","floor":16.0},{"not_picked":["Seeing Red","True Grit"],"picked":"Cleave+1","floor":18.0},{"not_picked":["Clash","Sword Boomerang+1","Havoc"],"picked":"SKIP","floor":19.0},{"not_picked":["Perfected Strike","Searing Blow","Combust"],"picked":"SKIP","floor":24.0},{"not_picked":["Clash","Body Slam","Twin Strike"],"picked":"SKIP","floor":25.0},{"not_picked":["Shrug It Off","Pommel Strike","ReplayTheSpireMod:Strike From Hell"],"picked":"SKIP","floor":27.0},{"not_picked":["Warcry","Intimidate"],"picked":"Dark Embrace+1","floor":28.0},{"not_picked":["Clash+1","Hemogenesis","Shockwave"],"picked":"SKIP","floor":30.0},{"not_picked":["Sword Boomerang","Uppercut"],"picked":"Thunderclap+1","floor":31.0}],"player_experience":330171,"relics_obtained":[{"floor":6.0,"key":"Chameleon Ring"},{"floor":9.0,"key":"Replay:Bottled Flurry"},{"floor":11.0,"key":"Replay:WaspNest"},{"floor":14.0,"key":"Blue Candle"},{"floor":24.0,"key":"Bag of Preparation"},{"floor":26.0,"key":"HornCleat"},{"floor":27.0,"key":"Another Sword"},{"floor":29.0,"key":"Boot"}],"event_choices":[{"damage_healed":0.0,"max_hp_gain":0.0,"max_hp_loss":0.0,"gold_gain":51.0,"event_name":"Golden Wing","player_choice":"Gained Gold","floor":5.0,"gold_loss":0.0,"damage_taken":0.0},{"damage_healed":0.0,"max_hp_gain":0.0,"max_hp_loss":0.0,"gold_gain":0.0,"event_name":"betterMatch:BetterMatch","player_choice":"2","floor":10.0,"gold_loss":0.0,"damage_taken":0.0,"cards_obtained":[]},{"damage_healed":82.0,"max_hp_gain":0.0,"max_hp_loss":88.0,"gold_gain":0.0,"event_name":"betterThird:BetterShining","player_choice":"Embrace Burn","floor":12.0,"gold_loss":0.0,"damage_taken":0.0},{"cards_removed":["Burn"],"damage_healed":5.0,"max_hp_gain":0.0,"max_hp_loss":0.0,"gold_gain":0.0,"event_name":"Bonfire Elementals","player_choice":"Offered Common","floor":13.0,"gold_loss":0.0,"damage_taken":0.0},{"cards_removed":["Burn"],"damage_healed":5.0,"max_hp_gain":0.0,"max_hp_loss":0.0,"gold_gain":0.0,"event_name":"Bonfire Elementals","player_choice":"Offered Special","floor":13.0,"gold_loss":0.0,"damage_taken":0.0},{"damage_healed":0.0,"max_hp_gain":0.0,"max_hp_loss":0.0,"gold_gain":0.0,"event_name":"Beggar","player_choice":"Ignored","floor":21.0,"gold_loss":0.0,"damage_taken":0.0}],"is_beta":false,"boss_relics":[{"not_picked":["Black Blood","Replay:Wanted Poster"],"picked":"Electric Blood"}],"items_purged_floors":[],"is_endless":false,"potions_floor_spawned":[2,7,19,24,27,31],"killed_by":"Champ","ascension_level":4}}