{"host":"l8lm1goh5xm9tkuw","time":1610094724,"event":{"mods":["Act Like it!","Alarm Clock","Astrologer","BaseMod","Colored Map","Colored Powertips","GungeonMod","Hermit","KomeijiMod","Library of Ruina","Library of Ruina Extra","Lobotomy","LobotomyExtend","Marisa£®ÏF”Í°°ƒß¿Ì…≥£©","Minty Spire (QoL Compilation)","MostiFishMod","Quick Restart","Replay The Spire","StSLib","TestMod","The Animator","The Bug Knight","The Hierophant","UnlockEverythingMod","[IsaacMod]“‘»ˆº‚À˛","vexMod","°æ“≈ŒÔø®≈∆°øREMEMod"],"gold_per_floor":[110,124,142,152,170,200,200,231,256,256,256,256,256,270,270,370,370,382,357,375,386,495,495,495,495,520,535,211,211,230,261,261,360,360,377,389,389,400,450,450,469,469,469,486,513,513,546,559,559,559,559,559],"floor_reached":53,"playtime":2270,"items_purged":["Amnesia"],"score":2009,"play_id":"727338d2-5d6a-4a4a-b55f-ade3b4fccb1f","local_time":"20210108163204","is_ascension_mode":true,"campfire_choices":[],"circlet_count":0,"master_deck":["Mercenary","Mercenary","SpecialBullet","SpecialBullet","SpecialBullet","SpecialBullet","SpecialBullet","SpecialBullet","SpecialBullet","InformationCode","PunishingBird","BigBadWolf","Logging","VoidDream","Twilight","MostiFishMod:SephirahHod","Moonlight+1","BigBird","SomewhereSpear+1","DaCapo","RecordCode","Twilight","Diffraction","Twilight","LaLuna","TrainingCode","CENSORED_ego","LongBird"],"relics":["CogitoBucket","RabbitCall","DaveBox","testmod-TestBox","REME_ComplimentaryCards","HushsDoor","ShadowXiaoBlade","BookOfRevelations","SynthV:TestCard","LetterFromLob","Replay:Wax Seal","DeathBook","testmod-IndustrialRevolution","BackwardClock","MostiFishMod:Hod","Replay:Mystery Machine","HellTrain","RedMistMask","PageOfWrath","PageOfTheQueenOfHatred","PatriotShield","AtMidnight","LuminousBracelet","PageOfTheKnightOfDespair","PageOfGreed","PageOfNihil","WantedRequest","CombinedTypeHook","CrimsonScar_r"],"acts_visited":["Exordium","TheCity","TheBeyond"],"potions_floor_usage":[3,6,31,31,33,41,41,50],"damage_taken":[{"damage":0,"enemies":"2 Louse","floor":1,"turns":2},{"damage":1,"enemies":"Small Slimes","floor":2,"turns":2},{"damage":13,"enemies":"Jaw Worm","floor":3,"turns":2},{"damage":12,"enemies":"Looter","floor":4,"turns":2},{"damage":1,"enemies":"Exordium Wildlife","floor":5,"turns":2},{"damage":14,"enemies":"Gremlin Nob","floor":6,"turns":3},{"damage":23,"enemies":"Lagavulin","floor":8,"turns":4},{"damage":0,"enemies":"Gremlin Gang","floor":14,"turns":1},{"damage":37,"enemies":"Hexaghost","floor":16,"turns":4},{"damage":24,"enemies":"3 Byrds","floor":18,"turns":4},{"damage":34,"enemies":"2 Thieves","floor":20,"turns":3},{"damage":11,"enemies":"Centurion and Healer","floor":21,"turns":2},{"damage":12,"enemies":"Snecko","floor":27,"turns":4},{"damage":1,"enemies":"Cultist and Chosen","floor":30,"turns":2},{"damage":0,"enemies":"Gremlin Leader","floor":31,"turns":2},{"damage":23,"enemies":"KingOfGreed","floor":33,"turns":5},{"damage":0,"enemies":"Orb Walker","floor":35,"turns":2},{"damage":0,"enemies":"3 Shapes","floor":36,"turns":4},{"damage":0,"enemies":"Sphere and 2 Shapes","floor":38,"turns":2},{"damage":0,"enemies":"Mind Bloom Boss Battle","floor":39,"turns":2},{"damage":0,"enemies":"4 Shapes","floor":41,"turns":3},{"damage":15,"enemies":"Spire Growth","floor":44,"turns":4},{"damage":0,"enemies":"Nemesis","floor":45,"turns":2},{"damage":7,"enemies":"Giant Head","floor":47,"turns":3},{"damage":0,"enemies":"Writhing Mass","floor":48,"turns":1},{"damage":42,"enemies":"Awakened One","floor":50,"turns":5}],"seed_played":"-2816234828769436729","potions_obtained":[{"floor":0,"key":"DemoMod:LeadSkinPotion"},{"floor":0,"key":"LiquidMemories"},{"floor":0,"key":"Languid Potion"},{"floor":3,"key":"testmod-SpacePotion"},{"floor":5,"key":"Weak Potion"},{"floor":6,"key":"PowerPotion"},{"floor":14,"key":"Elixir"},{"floor":20,"key":"Energy Potion"},{"floor":33,"key":"REME_GoldPotion"},{"floor":35,"key":"Explosive Potion"},{"floor":36,"key":"Adrenaline Potion"},{"floor":41,"key":"REME_GoldPotion"},{"floor":47,"key":"DemoMod:LeadSkinPotion"},{"floor":48,"key":"Strength Potion"}],"is_trial":false,"path_per_floor":["M","M","M","M","M","E","R","E","T","?","R","E","R","M","R","B",null,"M","?","M","M","?","R","?","R","T","M","$","?","M","E","R","B",null,"M","M","$","M","?","R","M","R","T","M","E","R","E","M","R_BF","B",null,null,null],"character_chosen":"Angela","items_purchased":["PageOfWrath"],"campfire_rested":0,"item_purchase_floors":[28],"current_hp_per_floor":[70,70,65,53,52,38,38,15,15,70,70,70,70,74,74,41,78,63,63,38,38,11,11,34,34,34,28,28,28,31,44,44,48,70,70,85,85,85,85,85,82,164,164,152,158,158,157,162,147,130,130,130],"gold":559,"neow_bonus":"THREE_SMALL_POTIONS","is_daily":false,"chose_seed":false,"campfire_upgraded":0,"win_rate":0.0,"timestamp":1610094724,"path_taken":["M","M","M","M","M","E","R","E","T","?","R","E","R","M","R","BOSS","M","?","?","M","?","R","?","R","T","M","$","?","M","E","R","BOSS","M","M","$","M","?","R","M","R","T","?","E","R","E","M","R_BF","BOSS"],"items_purchased_type":["Relic"],"build_version":"2020-12-22","purchased_purges":1,"victory":true,"max_hp_per_floor":[70,70,70,70,70,70,70,70,70,70,70,70,70,74,74,78,78,75,75,72,69,69,69,69,69,69,69,69,69,73,70,70,70,70,70,85,85,85,85,85,82,164,164,158,158,158,158,162,162,162,162,162],"card_choices":[{"not_picked":["Discord","Spore"],"picked":"SKIP","floor":0},{"not_picked":["OldLady","CrumblingArmor"],"picked":"PunishingBird","floor":1},{"not_picked":["GreenStem","ScreamingWedge"],"picked":"SKIP","floor":1},{"not_picked":["MHz","OSAHOGD"],"picked":"BigBadWolf","floor":2},{"not_picked":["GrinderMk4","Hypocrisy","CUTE","Tough"],"picked":"SKIP","floor":2},{"not_picked":["CrimsonScar","CherryBlossom","Horn","Bomb"],"picked":"SKIP","floor":3},{"not_picked":["Tough","Discord","Horn"],"picked":"Logging","floor":4},{"not_picked":["Soda","Reverberation","CUTE","Harvest"],"picked":"SKIP","floor":5},{"not_picked":["Noise","CUTE","Beak","ScreamingWedge"],"picked":"SKIP","floor":6},{"not_picked":["Justitia","FeatherOfHonor","Soda","RapturousDream"],"picked":"SKIP","floor":8},{"not_picked":["ShyLook","Bloodbath"],"picked":"VoidDream","floor":14},{"not_picked":["ScreamingWedge","Bomb","Horn","Wingbeat"],"picked":"SKIP","floor":14},{"not_picked":["OldLady","LongBird"],"picked":"Mercenary","floor":16},{"not_picked":["GoldRush","SoundOfStar","TheSmile"],"picked":"Twilight","floor":16},{"not_picked":["GreenStem","Ecstasy","Tough+1"],"picked":"Mimicry","floor":18},{"not_picked":["TodaysExpression","Laetitia_ego+1","Wingbeat+1","SomewhereSpear"],"picked":"SKIP","floor":20},{"not_picked":["RapturousDream+1","SwordSharpenedByTears+1","Reverberation","MagicBullet"],"picked":"SKIP","floor":21},{"not_picked":["LifeForTheDareDevil","Tough+1","Galaxy"],"picked":"Hypocrisy+1","floor":22},{"not_picked":["RapturousDream","Heaven","Loneliness"],"picked":"Moonlight+1","floor":27},{"not_picked":["SingingMachine","QueenBee"],"picked":"BigBird","floor":30},{"not_picked":["Loneliness","Soda","Noise"],"picked":"SomewhereSpear+1","floor":30},{"not_picked":["Harvest","Galaxy","Horn"],"picked":"DaCapo","floor":31},{"not_picked":["TheSmile","CENSORED_ego","Mimicry"],"picked":"Twilight","floor":33},{"not_picked":["Noise+1","Soda","RedEyes+1","SomewhereSpear+1"],"picked":"SKIP","floor":35},{"not_picked":["CherryBlossom+1","RapturousDream+1","Hypocrisy+1"],"picked":"Diffraction","floor":36},{"not_picked":["Noise+1","Soda+1","RedEyes+1","FourthMatchFlame+1"],"picked":"SKIP","floor":38},{"not_picked":["RapturousDream","Lantern+1","Horn"],"picked":"Diffraction+1","floor":41},{"not_picked":["SomewhereSpear","Soda","FourthMatchFlame+1","BlackSwan_ego+1"],"picked":"SKIP","floor":41},{"not_picked":["Noise","Tough","Soda+1"],"picked":"Twilight","floor":44},{"not_picked":["CherryBlossoms","Freischutz"],"picked":"LaLuna","floor":44},{"not_picked":["Penitence","ShedSkin","FourthMatchFlame","Soda+1"],"picked":"SKIP","floor":44},{"not_picked":["Gaze+1","Loneliness+1","Moonlight+1","SwordSharpenedByTears+1"],"picked":"SKIP","floor":45},{"not_picked":["Hypocrisy+1","InTheNameOfLoveAndHate","ScreamingWedge","SomewhereSpear+1"],"picked":"SKIP","floor":45},{"not_picked":["Galaxy","Horn","FeatherOfHonor+1"],"picked":"CENSORED_ego","floor":47},{"not_picked":["FourthMatchFlame","Lantern","SoundOfStar","TodaysExpression+1"],"picked":"SKIP","floor":47},{"not_picked":["Yin","GreedKing"],"picked":"LongBird","floor":48},{"not_picked":["Amita+1","FourthMatchFlame+1","Penitence+1","Soda"],"picked":"SKIP","floor":48},{"not_picked":["Logging","Spore","RapturousDream","BearPaw+1"],"picked":"SKIP","floor":48}],"player_experience":356604,"relics_obtained":[{"floor":1,"key":"SynthV:TestCard"},{"floor":1,"key":"LetterFromLob"},{"floor":6,"key":"Replay:Wax Seal"},{"floor":8,"key":"DeathBook"},{"floor":9,"key":"testmod-IndustrialRevolution"},{"floor":22,"key":"Replay:Mystery Machine"},{"floor":27,"key":"RedMistMask"},{"floor":31,"key":"PageOfTheQueenOfHatred"},{"floor":36,"key":"AtMidnight"},{"floor":39,"key":"PageOfTheKnightOfDespair"},{"floor":43,"key":"PageOfGreed"},{"floor":44,"key":"PageOfNihil"},{"floor":47,"key":"CombinedTypeHook"}],"event_choices":[{"damage_healed":23,"gold_gain":0,"player_choice":"Heal","damage_taken":0,"max_hp_gain":0,"max_hp_loss":0,"event_name":"The Library","floor":24,"gold_loss":0},{"damage_healed":0,"gold_gain":0,"player_choice":"Fight","damage_taken":0,"max_hp_gain":0,"max_hp_loss":0,"event_name":"MindBloom","floor":39,"gold_loss":0}],"is_beta":false,"boss_relics":[{"not_picked":["JellyFishMachine","testmod-BloodSacrificeSpiritualization"],"picked":"MostiFishMod:Hod"},{"not_picked":[]},{"not_picked":["BloodWine","ChewingGum"],"picked":"PatriotShield"},{"not_picked":[]}],"items_purged_floors":[28],"is_endless":false,"potions_floor_spawned":[2,3,5,6,14,16,18,20,21,33,35,36,41,47,48],"ascension_level":4}}