{"host":"1stlzvh7atuy33yh","time":1610079512,"event":{"mods":["BaseMod","Colored Map","Colored Powertips","Downfall","Hermit","Minty Spire (QoL Compilation)","StSLib","The Disciple","The Hierophant"],"gold_per_floor":[99,99,99,99,111,28,28,28,13,30,50,150,150,176,189,189,189,189],"floor_reached":16,"playtime":1697,"items_purged":[],"score":98,"play_id":"1e7a88a3-558d-4a2e-b718-404b537a5336","local_time":"20210107231832","is_ascension_mode":false,"campfire_choices":[{"data":"hexamod:Float","floor":1,"key":"SMITH"}],"circlet_count":0,"master_deck":["hexamod:Strike","hexamod:Strike","hexamod:Strike","hexamod:Strike","hexamod:Defend","hexamod:Defend","hexamod:Defend","hexamod:Defend","hexamod:Sear","hexamod:Float+1","hexamod:FastForward","hexamod:Hexaguard","hexamod:GhostflameInferno","hexamod:Hexaguard","hexamod:EmpoweringStance","hexamod:EmpoweredFlame","hexamod:NightmareGuise","hexamod:ShieldOfDarkness","hexamod:EtherealExpedition","hexamod:FirstSeal","hexamod:BurningTouch","hexamod:GhostShield"],"relics":["hexamod:SpiritBrand","downfall:HeartsMalice","hexamod:SoulConsumer","Kunai"],"acts_visited":["Exordium"],"potions_floor_usage":[],"damage_taken":[{"damage":0,"enemies":"Cultist","floor":2,"turns":1},{"damage":0,"enemies":"Jaw Worm","floor":3,"turns":1},{"damage":0,"enemies":"Small Slimes","floor":4,"turns":1},{"damage":4,"enemies":"2 Fungi Beasts","floor":5,"turns":6},{"damage":0,"enemies":"downfall:FleeingMerchant","floor":6,"turns":4},{"damage":0,"enemies":"downfall:FleeingMerchant","floor":9,"turns":4},{"damage":8,"enemies":"Exordium Wildlife","floor":10,"turns":5},{"damage":0,"enemies":"Large Slime","floor":11,"turns":7},{"damage":34,"enemies":"3 Sentries","floor":14,"turns":12},{"damage":7,"enemies":"Exordium Thugs","floor":15,"turns":6},{"damage":22,"enemies":"downfall:Watcher","floor":16,"turns":8}],"seed_played":"-5271289563709841225","potions_obtained":[{"floor":5,"key":"SneckoOil"},{"floor":10,"key":"hexamod:DoubleChargePotion"},{"floor":11,"key":"DuplicationPotion"}],"is_trial":false,"path_per_floor":["R","M","M","M","M","$","T","?","$","M","M","?","?","E","M","B"],"character_chosen":"THE_SPIRIT","items_purchased":["hexamod:EmpoweredFlame"],"campfire_rested":0,"item_purchase_floors":[6],"current_hp_per_floor":[70,70,70,70,66,66,66,63,63,55,55,55,48,21,21,0,0,0],"gold":189,"neow_bonus":"THREE_ENEMY_KILL","is_daily":false,"chose_seed":false,"campfire_upgraded":1,"win_rate":0.0,"timestamp":1610079512,"path_taken":["R","M","M","?","M","?","T","?","$","?","M","?","?","E","M","BOSS"],"items_purchased_type":["Card"],"build_version":"2020-12-22","purchased_purges":0,"victory":false,"max_hp_per_floor":[70,70,70,70,70,70,70,70,70,70,70,70,70,70,70,70,70,70],"card_choices":[{"not_picked":["hexamod:GhostShield","hexamod:ThermalTransfer"],"picked":"hexamod:FastForward","floor":2},{"not_picked":["hexamod:ShieldOfDarkness","hexamod:FastForward"],"picked":"hexamod:Hexaguard","floor":3},{"not_picked":["hexamod:HeatShield","hexamod:EtherealExpedition"],"picked":"hexamod:GhostflameInferno","floor":4},{"not_picked":["hexamod:HeatShield","hexamod:RainOfEmbers"],"picked":"hexamod:Hexaguard","floor":5},{"not_picked":["hexamod:HauntingEcho","hexamod:AdvancingGuard"],"picked":"hexamod:EmpoweringStance","floor":6},{"not_picked":["hexamod:Hexaguard","hexamod:Again"],"picked":"hexamod:NightmareGuise","floor":9},{"not_picked":["hexamod:Firestarter","hexamod:SpectralAdrenaline"],"picked":"hexamod:ShieldOfDarkness","floor":10},{"not_picked":["hexamod:ExtraCrispy","hexamod:RetreatToShadows"],"picked":"hexamod:EtherealExpedition","floor":11},{"not_picked":["hexamod:Haunt","hexamod:HeatMetal"],"picked":"hexamod:BurningTouch","floor":14},{"not_picked":["hexamod:ShieldOfDarkness","hexamod:ThermalTransfer"],"picked":"hexamod:GhostShield","floor":15}],"player_experience":93614,"relics_obtained":[{"floor":14,"key":"Kunai"}],"event_choices":[{"damage_healed":0,"gold_gain":0,"player_choice":"Success","damage_taken":3,"relics_obtained":["hexamod:SoulConsumer"],"max_hp_gain":0,"max_hp_loss":0,"event_name":"Scrap Ooze","floor":8,"gold_loss":0}],"is_beta":false,"boss_relics":[],"items_purged_floors":[],"is_endless":false,"potions_floor_spawned":[5,10,11],"killed_by":"downfall:Watcher","ascension_level":0}}