{"host":"91blwi3hgehj6ch9","time":1610085870,"event":{"mods":["2.2 Compatiblity","AchievementEnabler","BaseMod","Colored Map","DeckTracker","Keyboard Shortcuts","Minty Spire (QoL Compilation)","Permanent Neow","Quick Restart","StSLib","SuperFastMode"],"gold_per_floor":[118,68,80,99,115,115,115,115,115,126,126,144,161,180,180,280,280,299,333,333,344,361,361,361,361,361,377,3,3,3],"floor_reached":29,"playtime":755,"items_purged":["Strike_P"],"score":339,"play_id":"278712d2-1421-4a4d-b6a9-f93a3a7c8b0f","local_time":"20210108150430","is_ascension_mode":true,"campfire_choices":[{"data":"EmptyFist","floor":6,"key":"SMITH"},{"data":"Eruption","floor":8,"key":"SMITH"},{"data":"Eruption","floor":11,"key":"SMITH"},{"floor":15,"key":"REST"},{"data":"Vigilance","floor":23,"key":"SMITH"},{"data":"CrushJoints","floor":25,"key":"SMITH"}],"circlet_count":0,"master_deck":["AscendersBane","Strike_P","Defend_P","Defend_P","Defend_P","Eruption+1","Vigilance+1","CrushJoints+1","EmptyFist+1","Eruption+1","Halt","SashWhip","DeusExMachina"],"relics":["PureWater","Ornamental Fan","Coffee Dripper","Red Mask","Sundial","Vajra","Juzu Bracelet","ClockworkSouvenir"],"acts_visited":["Exordium","TheCity"],"potions_floor_usage":[12,19,29],"damage_taken":[{"damage":0,"enemies":"2 Louse","floor":1,"turns":2},{"damage":12,"enemies":"Cultist","floor":3,"turns":3},{"damage":2,"enemies":"Jaw Worm","floor":4,"turns":4},{"damage":33,"enemies":"Exordium Thugs","floor":5,"turns":4},{"damage":8,"enemies":"Gremlin Gang","floor":10,"turns":6},{"damage":6,"enemies":"2 Fungi Beasts","floor":12,"turns":3},{"damage":2,"enemies":"Exordium Wildlife","floor":13,"turns":2},{"damage":0,"enemies":"Large Slime","floor":14,"turns":3},{"damage":5,"enemies":"Slime Boss","floor":16,"turns":6},{"damage":4,"enemies":"Shell Parasite","floor":18,"turns":4},{"damage":6,"enemies":"Masked Bandits","floor":19,"turns":4},{"damage":0,"enemies":"Chosen","floor":21,"turns":3},{"damage":16,"enemies":"Shelled Parasite and Fungi","floor":22,"turns":5},{"damage":3,"enemies":"Snecko","floor":27,"turns":3},{"damage":39,"enemies":"Gremlin Leader","floor":29,"turns":4}],"seed_played":"7917759742071043063","potions_obtained":[{"floor":5,"key":"StancePotion"},{"floor":10,"key":"Ancient Potion"},{"floor":12,"key":"BlessingOfTheForge"},{"floor":19,"key":"BottledMiracle"},{"floor":27,"key":"Fruit Juice"}],"is_trial":false,"path_per_floor":["M","?","M","M","M","R","?","R","T","M","R","M","M","M","R","B",null,"M","?","?","M","M","R","T","R","T","M","$","E"],"character_chosen":"WATCHER","items_purchased":["Juzu Bracelet","ClockworkSouvenir"],"campfire_rested":1,"item_purchase_floors":[28,28],"current_hp_per_floor":[65,65,53,51,18,18,18,18,18,10,10,4,2,2,23,18,59,55,49,49,49,33,33,33,33,33,30,30,0,0],"gold":3,"neow_bonus":"REMOVE_CARD","is_daily":false,"chose_seed":false,"campfire_upgraded":5,"win_rate":0.0,"timestamp":1610085870,"path_taken":["M","?","M","M","M","R","?","R","T","M","R","M","?","M","R","BOSS","M","?","?","?","?","R","?","R","T","M","$","E"],"items_purchased_type":["Relic","Relic"],"build_version":"2020-12-22","purchased_purges":1,"victory":false,"max_hp_per_floor":[72,72,72,72,72,72,72,72,72,72,72,72,72,72,72,72,72,72,72,72,72,72,72,72,72,72,72,72,77,77],"card_choices":[{"not_picked":["FlyingSleeves","Crescendo"],"picked":"CrushJoints","floor":1},{"not_picked":["FlurryOfBlows","Vengeance","FlyingSleeves"],"picked":"SKIP","floor":3},{"not_picked":["CrushJoints","CarveReality","Wallop"],"picked":"SKIP","floor":4},{"not_picked":["FlurryOfBlows","Crescendo"],"picked":"EmptyFist","floor":5},{"not_picked":["Crescendo","FlurryOfBlows"],"picked":"Halt","floor":10},{"not_picked":["Sanctity","Pray"],"picked":"SashWhip","floor":12},{"not_picked":["Crescendo","CrushJoints"],"picked":"DeusExMachina","floor":13},{"not_picked":["PathToVictory","Halt","Nirvana"],"picked":"SKIP","floor":14},{"not_picked":["ThirdEye","BowlingBash","Consecrate"],"picked":"SKIP","floor":18},{"not_picked":["WindmillStrike","Halt","Consecrate"],"picked":"SKIP","floor":21},{"not_picked":["FollowUp","Protect+1","SandsOfTime"],"picked":"SKIP","floor":22},{"not_picked":["Omniscience","FlurryOfBlows","ForeignInfluence+1"],"picked":"SKIP","floor":27}],"player_experience":136983,"relics_obtained":[{"floor":9,"key":"Ornamental Fan"},{"floor":19,"key":"Red Mask"},{"floor":24,"key":"Sundial"},{"floor":26,"key":"Vajra"}],"event_choices":[{"cards_removed":["Strike_P"],"damage_healed":0,"gold_gain":0,"player_choice":"Card Removal","damage_taken":0,"max_hp_gain":0,"max_hp_loss":0,"event_name":"The Cleric","floor":2,"gold_loss":50},{"damage_healed":0,"gold_gain":0,"player_choice":"1 cards matched","damage_taken":0,"max_hp_gain":0,"max_hp_loss":0,"event_name":"Match and Keep!","floor":7,"gold_loss":0,"cards_obtained":["Eruption"]},{"damage_healed":0,"gold_gain":0,"player_choice":"Fought Bandits","damage_taken":0,"max_hp_gain":0,"max_hp_loss":0,"event_name":"Masked Bandits","floor":19,"gold_loss":0},{"cards_removed":["Strike_P"],"damage_healed":0,"gold_gain":0,"player_choice":"Elegance","damage_taken":0,"max_hp_gain":0,"max_hp_loss":0,"event_name":"Back to Basics","floor":20,"gold_loss":0}],"is_beta":false,"boss_relics":[{"not_picked":["Snecko Eye","Runic Dome"],"picked":"Coffee Dripper"}],"items_purged_floors":[28],"is_endless":false,"potions_floor_spawned":[5,10,12,14,19,21,27],"killed_by":"Gremlin Leader","ascension_level":11}}