{"host":"y9jgkjnf95sujozk","time":1610128200,"event":{"mods":["2.2 Compatiblity","AchievementEnabler","Act Like it!","BaseMod","Block Reminder","Colored Map","Colored Powertips","Decade(王小明)","Downfall","Friendly Minions","Gensokyo","GifTheSpireLib","Hallownest","Hermit","Highlight Path","HololiveMod","Hubris","Infinite Spire","Jorbs\u0027s Wanderer Trilogy","Koishi","Marisa（霧雨　魔理沙）","Minty Spire (QoL Compilation)","Quick Restart","Random Character Button","Rare Cards Sparkle","Remilia（蕾米莉?）","Replay The Spire","Shop Mod","StSLib","SuperFastMode","The Animator","The Bug Knight","The Cursed","The Disciple","The Hierophant","The Jungle","The Senshi","The Servant 0.9.4"],"gold_per_floor":[99,99,99,99,99,189,189,189,210,210,220,220,220,220,239,335,335,335,346,396,396,496,513,589,589,616,93,117,62,62,62,85,85,85],"floor_reached":33,"playtime":1255,"items_purged":["Normality","stsjorbsmod:PollutedStrike"],"score":247,"play_id":"1b683be7-7981-41e7-bb55-7d87ca7bcbe5","local_time":"20210108185000","is_ascension_mode":false,"campfire_choices":[{"floor":1,"key":"DIG"},{"data":"stsjorbsmod:Thorns","floor":8,"key":"SMITH"},{"floor":10,"key":"REST"},{"floor":13,"key":"REST"},{"data":"stsjorbsmod:SiphonEnergy","floor":18,"key":"SMITH"},{"floor":25,"key":"REST"},{"floor":30,"key":"REST"}],"circlet_count":0,"master_deck":["stsjorbsmod:ForbiddenGrimoire+1","stsjorbsmod:Strike_Wanderer","stsjorbsmod:Strike_Wanderer","stsjorbsmod:Strike_Wanderer","stsjorbsmod:Strike_Wanderer","stsjorbsmod:Defend_Wanderer","stsjorbsmod:Defend_Wanderer","stsjorbsmod:Defend_Wanderer","stsjorbsmod:Defend_Wanderer+1","stsjorbsmod:FreshAdventure","stsjorbsmod:EyeOfTheStorm","stsjorbsmod:FindFamiliar+1","stsjorbsmod:Firebolt","stsjorbsmod:ParryingBlow","stsjorbsmod:ArcaneWeapon","stsjorbsmod:Thorns+1","stsjorbsmod:MistyStep+1","stsjorbsmod:CorrodingBarrier+1","stsjorbsmod:WanderingMind","hubris:NaturalOne","stsjorbsmod:SiphonEnergy+1","stsjorbsmod:Introspection+1","stsjorbsmod:SmithingStrike","stsjorbsmod:Hurt","stsjorbsmod:BlackTentacles+1","HandOfGreed+1","Replay:Bootleg Shield Generator","hubris:Gluttony","stsjorbsmod:BlackTentacles+1","Writhe","stsjorbsmod:MistyStep"],"relics":["stsjorbsmod:GrimoireRelic","downfall:HeartsMalice","hubris:ToyBattleship","hubris:Icosahedron","Pet Ghost","hubris:SphereOfDissonance","Odd Mushroom","hubris:Towel","hubris:HollowSoul","Ring of Peace","Ring of Greed","Blue Doll","Replay:Wax Seal","Medical Kit","Replay:Bottled Flurry","infinitespire:ShieldingShard","Guide Book","PreservedInsect","ReplayTheSpireMod:TigerMarble","Shovel"],"acts_visited":["Exordium","Exordium"],"potions_floor_usage":[16,16,16,26,27,33],"damage_taken":[{"damage":0,"enemies":"2 Louse","floor":2,"turns":1},{"damage":0,"enemies":"Small Slimes","floor":3,"turns":1},{"damage":0,"enemies":"Jaw Worm","floor":5,"turns":1},{"damage":25,"enemies":"The Mushroom Lair","floor":9,"turns":4},{"damage":1,"enemies":"3 Louse","floor":11,"turns":3},{"damage":10,"enemies":"Large Slime","floor":15,"turns":4},{"damage":43,"enemies":"Hexaghost","floor":16,"turns":9},{"damage":24,"enemies":"Shell Parasite","floor":19,"turns":7},{"damage":9,"enemies":"theJungle:GiantWrat","floor":23,"turns":5},{"damage":39,"enemies":"theJungle:2_Phrogs","floor":26,"turns":9},{"damage":0,"enemies":"downfall:FleeingMerchant","floor":27,"turns":4},{"damage":12,"enemies":"theJungle:JungleHuntersEncounter","floor":29,"turns":6},{"damage":10,"enemies":"theJungle:SlimyTreeVines","floor":32,"turns":6},{"damage":17,"enemies":"downfall:Watcher","floor":33,"turns":3}],"seed_played":"9118402913254615328","potions_obtained":[{"floor":9,"key":"LiquidBronze"},{"floor":11,"key":"Reflective Coating"},{"floor":15,"key":"Energy Potion"},{"floor":23,"key":"Explosive Potion"},{"floor":26,"key":"DuplicationPotion"},{"floor":32,"key":"champ:CounterPotion"}],"is_trial":false,"path_per_floor":["R_BF","M","M","?","M","?","T","R","?","R","M","?","R","?","M","B",null,"R","M","?","AVR","?","M","T","R","E","$","T","M","R","?","M","B"],"character_chosen":"WANDERER","items_purchased":["Guide Book","HandOfGreed+1","Replay:Bootleg Shield Generator","PreservedInsect"],"campfire_rested":4,"item_purchase_floors":[27,27,27,27],"current_hp_per_floor":[68,68,68,68,68,68,68,68,46,66,67,67,68,68,60,17,68,68,44,44,44,40,34,34,54,15,16,16,6,26,26,26,0,0],"gold":85,"neow_bonus":"THREE_ENEMY_KILL","is_daily":false,"chose_seed":false,"campfire_upgraded":2,"win_rate":0.0,"timestamp":1610128200,"path_taken":["R_BF","M","M","?","M","?","T","R","?","R","M","?","R","?","M","BOSS","R","M","?","AVR","?","M","T","R","E","$","?","M","R","?","M","BOSS"],"items_purchased_type":["Relic","Card","Card","Relic"],"build_version":"2020-12-22","purchased_purges":2,"victory":false,"max_hp_per_floor":[68,68,68,68,68,68,68,68,68,68,68,68,68,68,68,68,68,68,68,68,68,68,68,68,68,68,68,68,68,68,68,68,68,68],"card_choices":[{"not_picked":["stsjorbsmod:TollTheDead","stsjorbsmod:Channel"],"picked":"stsjorbsmod:FindFamiliar","floor":2},{"not_picked":["stsjorbsmod:Prestidigitation","stsjorbsmod:BlackTentacles"],"picked":"stsjorbsmod:Firebolt","floor":3},{"not_picked":["stsjorbsmod:BookOfTongues","stsjorbsmod:DoubleCheck"],"picked":"stsjorbsmod:ParryingBlow","floor":5},{"not_picked":["stsjorbsmod:Message","stsjorbsmod:BlackTentacles"],"picked":"stsjorbsmod:ArcaneWeapon","floor":6},{"not_picked":["stsjorbsmod:ChainLightning","stsjorbsmod:Hurt"],"picked":"stsjorbsmod:Thorns","floor":6},{"not_picked":["stsjorbsmod:SmithingStrike","stsjorbsmod:TrueStrike"],"picked":"stsjorbsmod:MistyStep","floor":9},{"not_picked":["stsjorbsmod:DisguiseSelf","stsjorbsmod:Prepare"],"picked":"stsjorbsmod:CorrodingBarrier","floor":11},{"not_picked":["stsjorbsmod:Firebolt","stsjorbsmod:DisguiseSelf"],"picked":"stsjorbsmod:WanderingMind","floor":15},{"not_picked":["stsjorbsmod:Withdraw","stsjorbsmod:DeathThroes"],"picked":"stsjorbsmod:SiphonEnergy","floor":16},{"not_picked":["stsjorbsmod:Hibernate","stsjorbsmod:Will+1"],"picked":"stsjorbsmod:Introspection+1","floor":19},{"not_picked":["stsjorbsmod:Prepare","stsjorbsmod:MirrorImage"],"picked":"stsjorbsmod:SmithingStrike","floor":23},{"not_picked":["stsjorbsmod:BlackTentacles","stsjorbsmod:Aid"],"picked":"stsjorbsmod:Hurt","floor":26},{"not_picked":["stsjorbsmod:ThirstingSword","stsjorbsmod:Prepare+1"],"picked":"stsjorbsmod:BlackTentacles+1","floor":27},{"not_picked":["stsjorbsmod:ArcaneWeapon","stsjorbsmod:OldPocket"],"picked":"stsjorbsmod:BlackTentacles+1","floor":29},{"not_picked":["stsjorbsmod:Channel+1","stsjorbsmod:WanderingMind"],"picked":"stsjorbsmod:MistyStep","floor":32}],"player_experience":140188,"relics_obtained":[{"floor":1,"key":"hubris:ToyBattleship"},{"floor":6,"key":"Pet Ghost"},{"floor":7,"key":"hubris:SphereOfDissonance"},{"floor":9,"key":"Odd Mushroom"},{"floor":20,"key":"Ring of Peace"},{"floor":20,"key":"Ring of Greed"},{"floor":20,"key":"Blue Doll"},{"floor":20,"key":"Replay:Wax Seal"},{"floor":24,"key":"Replay:Bottled Flurry"},{"floor":26,"key":"infinitespire:ShieldingShard"},{"floor":28,"key":"ReplayTheSpireMod:TigerMarble"}],"event_choices":[{"damage_healed":0,"gold_gain":0,"player_choice":"Fought Mushrooms","damage_taken":0,"max_hp_gain":0,"max_hp_loss":0,"event_name":"Mushrooms","floor":9,"gold_loss":0},{"damage_healed":0,"gold_gain":0,"player_choice":"Grow","damage_taken":0,"max_hp_gain":0,"max_hp_loss":0,"event_name":"Living Wall","floor":14,"gold_loss":0,"cards_upgraded":["stsjorbsmod:CorrodingBarrier"]}],"is_beta":false,"boss_relics":[{"not_picked":["Hololive_TopUpMoneyS","Replay:Wanted Poster"],"picked":"hubris:HollowSoul"}],"items_purged_floors":[21,27],"is_endless":false,"potions_floor_spawned":[9,11,15,23,26,32],"killed_by":"downfall:Watcher","ascension_level":0}}