{"host":"6pfj0wha12yu6wq3","time":1610141849,"event":{"mods":["AchievementEnabler","BaseMod","Colored Map","Colored Powertips","Curses Come First","DeckTracker","Filter the Spire","Hermit","Minty Spire (QoL Compilation)","RNG Fix","Relic Sorter","Relic Stats","StSLib","The Cursed","The Disciple","The Marked","UnlockEverythingMod","Waifu the Spire","ojb\u0027s Better Paths Mod","ojb\u0027s Info Mod"],"gold_per_floor":[111,122,139,153,153,186,186,23,23,39,72,42,72,72,72,147,147,164,196,121,138,8,40,40,40,40,53,53,64,93,112,112,185,185,201,219,219,2,224,254,270,305,305,305,317,343,343,112,112,112,112,112,112,5,40,40],"floor_reached":57,"playtime":5090,"items_purged":["Strike_G","Backstab","Predator"],"score":2996,"play_id":"614d4362-23d9-4905-88ea-9eca989ace00","local_time":"20210108163729","is_ascension_mode":true,"campfire_choices":[{"data":"Blade Dance","floor":7.0,"key":"SMITH"},{"data":"Accuracy","floor":15.0,"key":"SMITH"},{"floor":24.0,"key":"REST"},{"data":"Ghostly","floor":28.0,"key":"SMITH"},{"data":"Reflex","floor":32.0,"key":"SMITH"},{"floor":44.0,"key":"RECALL"},{"data":"Well Laid Plans","floor":47.0,"key":"SMITH"},{"data":"Wraith Form v2","floor":49.0,"key":"SMITH"},{"data":"Acrobatics","floor":53.0,"key":"SMITH"}],"circlet_count":0,"master_deck":["AscendersBane","Defend_G","Defend_G","Defend_G","Defend_G","Defend_G","Survivor","Neutralize","Setup+1","Choke+1","Dash+1","Blade Dance+1","Acrobatics+1","Backflip","Trip","Dagger Throw","Accuracy+1","Corpse Explosion","Venomology","Reflex+1","Backflip","Ghostly+1","Ghostly","Ghostly","Acrobatics","Wraith Form v2+1","Blade Dance","Well Laid Plans+1","Blade Dance","Acrobatics","Phantasmal Killer","Reflex","PiercingWail"],"relics":["Astrolabe","The Courier","PreservedInsect","Kunai","Singing Bowl","Juzu Bracelet","HoveringKite","Red Mask","Happy Flower","Ice Cream","Gremlin Horn","Pocketwatch","Philosopher\u0027s Stone","Frozen Eye","Meat on the Bone","Dream Catcher","Turnip","Nunchaku"],"acts_visited":["Exordium","TheCity","TheBeyond","TheEnding"],"potions_floor_usage":[56],"damage_taken":[{"damage":0.0,"enemies":"2 Louse","floor":1.0,"turns":3.0},{"damage":0.0,"enemies":"Jaw Worm","floor":2.0,"turns":3.0},{"damage":0.0,"enemies":"Cultist","floor":3.0,"turns":4.0},{"damage":1.0,"enemies":"3 Louse","floor":4.0,"turns":4.0},{"damage":13.0,"enemies":"Lagavulin","floor":6.0,"turns":8.0},{"damage":0.0,"enemies":"2 Fungi Beasts","floor":10.0,"turns":3.0},{"damage":0.0,"enemies":"Gremlin Nob","floor":11.0,"turns":2.0},{"damage":10.0,"enemies":"3 Sentries","floor":13.0,"turns":5.0},{"damage":4.0,"enemies":"Hexaghost","floor":16.0,"turns":9.0},{"damage":0.0,"enemies":"Chosen","floor":18.0,"turns":3.0},{"damage":17.0,"enemies":"Masked Bandits","floor":19.0,"turns":5.0},{"damage":22.0,"enemies":"2 Thieves","floor":21.0,"turns":3.0},{"damage":14.0,"enemies":"Slavers","floor":23.0,"turns":2.0},{"damage":2.0,"enemies":"Sentry and Sphere","floor":27.0,"turns":6.0},{"damage":14.0,"enemies":"Snake Plant","floor":29.0,"turns":4.0},{"damage":1.0,"enemies":"Book of Stabbing","floor":30.0,"turns":3.0},{"damage":0.0,"enemies":"Snecko","floor":31.0,"turns":5.0},{"damage":0.0,"enemies":"Champ","floor":33.0,"turns":16.0},{"damage":0.0,"enemies":"3 Shapes","floor":35.0,"turns":4.0},{"damage":0.0,"enemies":"3 Darklings","floor":36.0,"turns":4.0},{"damage":0.0,"enemies":"Giant Head","floor":40.0,"turns":5.0},{"damage":0.0,"enemies":"Spire Growth","floor":41.0,"turns":5.0},{"damage":1.0,"enemies":"Nemesis","floor":42.0,"turns":5.0},{"damage":0.0,"enemies":"Maw","floor":45.0,"turns":6.0},{"damage":0.0,"enemies":"Giant Head","floor":46.0,"turns":6.0},{"damage":47.0,"enemies":"Time Eater","floor":50.0,"turns":12.0},{"damage":5.0,"enemies":"Awakened One","floor":51.0,"turns":9.0},{"damage":2.0,"enemies":"Shield and Spear","floor":55.0,"turns":6.0},{"damage":33,"enemies":"The Heart","floor":56,"turns":9}],"seed_played":"6667634331339518512","potions_obtained":[{"floor":6.0,"key":"ColorlessPotion"},{"floor":11.0,"key":"SteroidPotion"},{"floor":16.0,"key":"ColorlessPotion"},{"floor":18.0,"key":"BlessingOfTheForge"},{"floor":46.0,"key":"Regen Potion"},{"floor":55.0,"key":"Swift Potion"}],"is_trial":false,"path_per_floor":["M","M","M","M","?","E","R","$","T","M","E","$","E","$","R","B",null,"M","?","?","M","$","E","R","?","T","M","R","M","E","M","R","B",null,"M","M","?","$","?","E","M","E","T","R","M","E","R","$","R","B","B",null,"R","$","E","B",null],"character_chosen":"THE_SILENT","items_purchased":["Backflip","Trip","Accuracy","Happy Flower","Frozen Eye","Nunchaku","Reflex","PiercingWail"],"campfire_rested":1,"item_purchase_floors":[8,8,12,22,38,48,54,54],"current_hp_per_floor":[59,59,59,58,47,34,34,34,34,34,34,34,24,24,24,20,55,55,40,40,20,20,6,27,27,27,27,27,13,14,16,16,16,35,35,35,35,35,35,37,37,36,36,36,38,38,38,38,38,17,24,40,40,40,40,19],"gold":40,"neow_bonus":"BOSS_RELIC","is_daily":false,"chose_seed":false,"campfire_upgraded":7,"win_rate":0.0,"timestamp":1610141849,"path_taken":["M","M","M","M","?","E","R","$","T","M","E","$","E","?","R","BOSS","M","?","?","M","?","E","R","?","T","M","R","M","E","M","R","BOSS","M","M","?","$","?","E","M","E","T","R","M","E","R","$","R","BOSS","BOSS","R","$","E","BOSS"],"items_purchased_type":["Card","Card","Card","Relic","Relic","Relic","Card","Card"],"build_version":"2020-12-22","purchased_purges":3,"victory":true,"max_hp_per_floor":[66,66,66,66,66,66,66,66,66,66,66,66,66,66,66,66,66,66,68,68,70,70,70,70,35,35,37,37,37,39,41,41,41,41,41,41,41,41,41,43,43,43,43,43,45,45,45,45,45,45,45,45,45,45,47,47],"relic_stats":{"Singing Bowl":16,"Happy Flower":[35],"Gremlin Horn":[7,7],"counters":[29,159],"Astrolabe":["Setup","Choke","Dash"],"HoveringKite":[61],"PreservedInsect":524,"Juzu Bracelet":1,"Dream Catcher":0,"Nunchaku":[13],"Turnip":[4],"Kunai":[100],"obtain_stats":[{"Ice Cream":23,"Singing Bowl":11,"Happy Flower":22,"Gremlin Horn":26,"Astrolabe":0,"HoveringKite":17,"The Courier":5,"PreservedInsect":6,"Juzu Bracelet":13,"Frozen Eye":38,"Dream Catcher":42,"Nunchaku":48,"Philosopher\u0027s Stone":34,"Turnip":46,"Red Mask":19,"Kunai":9,"Ring of the Snake":0,"Pocketwatch":30,"Meat on the Bone":40},{"Ice Cream":13,"Singing Bowl":7,"Happy Flower":12,"Gremlin Horn":13,"Astrolabe":0,"HoveringKite":9,"The Courier":4,"PreservedInsect":5,"Juzu Bracelet":8,"Frozen Eye":20,"Dream Catcher":23,"Nunchaku":25,"Philosopher\u0027s Stone":18,"Turnip":25,"Red Mask":11,"Kunai":5,"Ring of the Snake":0,"Pocketwatch":16,"Meat on the Bone":21},{"Ice Cream":54,"Singing Bowl":27,"Happy Flower":52,"Gremlin Horn":54,"Astrolabe":0,"HoveringKite":41,"The Courier":14,"PreservedInsect":22,"Juzu Bracelet":32,"Frozen Eye":96,"Dream Catcher":111,"Nunchaku":123,"Philosopher\u0027s Stone":88,"Turnip":123,"Red Mask":49,"Kunai":22,"Ring of the Snake":0,"Pocketwatch":67,"Meat on the Bone":101}],"Pocketwatch":[75],"Meat on the Bone":36},"card_choices":[{"not_picked":["Endless Agony","Acrobatics"],"picked":"Blade Dance","floor":1.0},{"not_picked":["Prepared","Distraction"],"picked":"Quick Slash","floor":2.0},{"not_picked":["Slice","Bane"],"picked":"Predator","floor":3.0},{"not_picked":["Heel Hook","Distraction","Tactician"],"picked":"SKIP","floor":4.0},{"not_picked":["Cloak And Dagger","Flechettes"],"picked":"Acrobatics","floor":6.0},{"not_picked":["Dodge and Roll","Terror"],"picked":"Dagger Throw","floor":10.0},{"not_picked":["Dagger Spray","Deflect"],"picked":"Backstab","floor":11.0},{"not_picked":["Finisher","Choke"],"picked":"Corpse Explosion","floor":13.0},{"not_picked":["Glass Knife","Unload"],"picked":"Venomology","floor":16.0},{"not_picked":["Dagger Throw","Acrobatics"],"picked":"Reflex","floor":18.0},{"not_picked":["Deflect","Heel Hook","Sucker Punch"],"picked":"Singing Bowl","floor":19.0},{"not_picked":["Cloak And Dagger","Endless Agony","Distraction"],"picked":"Singing Bowl","floor":21.0},{"not_picked":["Choke","Backstab"],"picked":"Backflip","floor":23.0},{"not_picked":["Terror","Slice","Escape Plan"],"picked":"Singing Bowl","floor":27.0},{"not_picked":["Poisoned Stab","Eviscerate+1"],"picked":"Acrobatics","floor":29.0},{"not_picked":["Heel Hook","Backflip","Slice+1"],"picked":"Singing Bowl","floor":30.0},{"not_picked":["Escape Plan","Riddle With Holes","Prepared"],"picked":"Singing Bowl","floor":31.0},{"not_picked":["Adrenaline","Grand Finale"],"picked":"Wraith Form v2","floor":33.0},{"not_picked":["Flying Knee","Deadly Poison"],"picked":"Blade Dance","floor":35.0},{"not_picked":["Dodge and Roll","Backflip"],"picked":"Well Laid Plans","floor":36.0},{"not_picked":["Deadly Poison","Bane+1","Flying Knee"],"picked":"Singing Bowl","floor":40.0},{"not_picked":["Sucker Punch","Bane"],"picked":"Blade Dance","floor":41.0},{"not_picked":["Poisoned Stab","Dagger Spray"],"picked":"Acrobatics","floor":42.0},{"not_picked":["Poisoned Stab","Dagger Throw","Terror"],"picked":"Singing Bowl","floor":45.0},{"not_picked":["Endless Agony","Backflip"],"picked":"Phantasmal Killer","floor":46.0},{"not_picked":["Corpse Explosion","Underhanded Strike","Dagger Spray"],"picked":"Singing Bowl","floor":55.0}],"player_experience":128262,"relics_obtained":[{"floor":6.0,"key":"PreservedInsect"},{"floor":9.0,"key":"Kunai"},{"floor":11.0,"key":"Singing Bowl"},{"floor":13.0,"key":"Juzu Bracelet"},{"floor":19.0,"key":"Red Mask"},{"floor":23.0,"key":"Ice Cream"},{"floor":26.0,"key":"Gremlin Horn"},{"floor":30.0,"key":"Pocketwatch"},{"floor":40.0,"key":"Meat on the Bone"},{"floor":42.0,"key":"Dream Catcher"},{"floor":46.0,"key":"Turnip"}],"event_choices":[{"damage_healed":0.0,"max_hp_gain":0.0,"max_hp_loss":0.0,"gold_gain":0.0,"event_name":"Scrap Ooze","player_choice":"Success","floor":5.0,"gold_loss":0.0,"damage_taken":11.0,"relics_obtained":["The Courier"]},{"damage_healed":0.0,"max_hp_gain":0.0,"max_hp_loss":0.0,"gold_gain":0.0,"event_name":"Masked Bandits","player_choice":"Fought Bandits","floor":19.0,"gold_loss":0.0,"damage_taken":0.0},{"cards_removed":["Strike_G"],"damage_healed":0.0,"max_hp_gain":0.0,"max_hp_loss":0.0,"gold_gain":0.0,"event_name":"Beggar","player_choice":"Gave Gold","floor":20.0,"gold_loss":75.0,"damage_taken":0.0},{"damage_healed":0.0,"max_hp_gain":0.0,"max_hp_loss":35.0,"gold_gain":0.0,"event_name":"Ghosts","player_choice":"Became a Ghost","floor":25.0,"gold_loss":0.0,"damage_taken":0.0,"cards_obtained":["Ghostly","Ghostly","Ghostly"]},{"cards_removed":["Quick Slash"],"damage_healed":0.0,"max_hp_gain":0.0,"max_hp_loss":0.0,"gold_gain":0.0,"event_name":"Purifier","player_choice":"Purged","floor":37.0,"gold_loss":0.0,"damage_taken":0.0},{"damage_healed":0.0,"max_hp_gain":0.0,"max_hp_loss":0.0,"gold_gain":222.0,"event_name":"Tomb of Lord Red Mask","player_choice":"Wore Mask","floor":39.0,"gold_loss":0.0,"damage_taken":0.0}],"is_beta":false,"boss_relics":[{"not_picked":["Runic Pyramid","Fusion Hammer"],"picked":"HoveringKite"},{"not_picked":["Empty Cage","Cursed Key"],"picked":"Philosopher\u0027s Stone"}],"items_purged_floors":[8,38,48],"is_endless":false,"potions_floor_spawned":[6,11,13,16,18,27,29,35,40,41,46,55],"ascension_level":20}}