{"host":"d66n7ln59ex8canu","time":1610074666,"event":{"mods":["AchievementEnabler","BaseMod","Colored Map","Minty Spire (QoL Compilation)","Quick Restart","StSLib"],"gold_per_floor":[115,130,141,141,161,161,20,52,52,52,83,102,120,120,120,225,225,225,225,225,225,225,225,225,225],"floor_reached":24,"playtime":751,"items_purged":[],"score":382,"play_id":"5d5049fc-1d03-4ce2-9f2c-69cebd9e99f7","local_time":"20210107215746","is_ascension_mode":true,"campfire_choices":[{"data":"Immolate","floor":6,"key":"SMITH"},{"data":"Feed","floor":10,"key":"SMITH"},{"data":"Flame Barrier","floor":15,"key":"SMITH"}],"circlet_count":0,"master_deck":["AscendersBane","Strike_R","Strike_R","Strike_R","Strike_R","Strike_R","Defend_R","Defend_R","Defend_R","Bash","Flame Barrier+1","Pommel Strike","Cleave","Immolate+1","Cleave","Feed+1","Seeing Red","Anger+1","Twin Strike+1","Limit Break","Shrug It Off","Shrug It Off","Armaments","Cleave+1"],"relics":["Burning Blood","NeowsBlessing","Self Forming Clay","Bottled Flame","Molten Egg 2","Ectoplasm","Eternal Feather"],"acts_visited":["Exordium","TheCity"],"potions_floor_usage":[11,21,23,23,24],"damage_taken":[{"damage":0,"enemies":"Cultist","floor":1,"turns":1},{"damage":0,"enemies":"Jaw Worm","floor":2,"turns":1},{"damage":0,"enemies":"Small Slimes","floor":3,"turns":1},{"damage":0,"enemies":"Exordium Wildlife","floor":5,"turns":1},{"damage":32,"enemies":"Gremlin Nob","floor":8,"turns":4},{"damage":26,"enemies":"Lagavulin","floor":11,"turns":8},{"damage":14,"enemies":"Red Slaver","floor":12,"turns":2},{"damage":11,"enemies":"Looter","floor":13,"turns":3},{"damage":11,"enemies":"Slime Boss","floor":16,"turns":7},{"damage":7,"enemies":"3 Byrds","floor":18,"turns":4},{"damage":35,"enemies":"Shell Parasite","floor":19,"turns":5},{"damage":28,"enemies":"Snecko","floor":20,"turns":4},{"damage":17,"enemies":"Centurion and Healer","floor":21,"turns":4},{"damage":22,"enemies":"Book of Stabbing","floor":23,"turns":5},{"damage":15,"enemies":"Shelled Parasite and Fungi","floor":24,"turns":1}],"seed_played":"-3473531434479274170","potions_obtained":[{"floor":1,"key":"BlessingOfTheForge"},{"floor":8,"key":"CultistPotion"},{"floor":11,"key":"Weak Potion"},{"floor":16,"key":"Strength Potion"},{"floor":21,"key":"SneckoOil"},{"floor":23,"key":"GamblersBrew"}],"is_trial":false,"path_per_floor":["M","M","M","?","M","R","$","E","T","R","E","M","M","?","R","B",null,"M","M","M","M","$","E","M"],"character_chosen":"IRONCLAD","items_purchased":["Feed"],"campfire_rested":0,"item_purchase_floors":[7],"current_hp_per_floor":[78,80,80,80,80,80,80,54,54,54,34,26,25,53,53,52,79,82,53,31,24,24,8,0,0],"gold":225,"neow_bonus":"THREE_ENEMY_KILL","is_daily":false,"chose_seed":false,"campfire_upgraded":3,"win_rate":0.0,"timestamp":1610074666,"path_taken":["M","M","?","?","M","R","$","E","T","R","E","?","M","?","R","BOSS","M","M","M","M","$","E","M"],"items_purchased_type":["Card"],"build_version":"2020-12-22","purchased_purges":0,"victory":false,"max_hp_per_floor":[80,80,80,80,80,80,80,80,80,80,80,80,84,84,84,88,88,92,92,92,96,96,96,96,96],"card_choices":[{"not_picked":["Havoc","Rage"],"picked":"Flame Barrier","floor":1},{"not_picked":["Burning Pact","Clothesline"],"picked":"Pommel Strike","floor":2},{"not_picked":["Flex","Searing Blow"],"picked":"Cleave","floor":3},{"not_picked":["Anger","Warcry"],"picked":"Cleave","floor":5},{"not_picked":["Warcry","Entrench"],"picked":"Seeing Red","floor":8},{"not_picked":["Wild Strike+1","Flex"],"picked":"Anger+1","floor":11},{"not_picked":["Warcry","Dark Embrace","Clash+1"],"picked":"SKIP","floor":12},{"not_picked":["Havoc","Pommel Strike+1"],"picked":"Twin Strike+1","floor":13},{"not_picked":["Exhume","Reaper+1"],"picked":"Limit Break","floor":16},{"not_picked":["Anger+1","Second Wind"],"picked":"Shrug It Off","floor":18},{"not_picked":["Warcry","Wild Strike+1","Flex"],"picked":"SKIP","floor":19},{"not_picked":["Infernal Blade","Body Slam+1"],"picked":"Shrug It Off","floor":20},{"not_picked":["Carnage+1","Burning Pact+1"],"picked":"Armaments","floor":21},{"not_picked":["Second Wind","Headbutt+1"],"picked":"Cleave+1","floor":23}],"player_experience":309433,"relics_obtained":[{"floor":8,"key":"Self Forming Clay"},{"floor":9,"key":"Bottled Flame"},{"floor":11,"key":"Molten Egg 2"},{"floor":23,"key":"Eternal Feather"}],"event_choices":[{"damage_healed":0,"gold_gain":0,"cards_transformed":["Defend_R"],"player_choice":"Transformed","damage_taken":0,"max_hp_gain":0,"max_hp_loss":0,"event_name":"Transmorgrifier","floor":4,"gold_loss":0,"cards_obtained":["Immolate"]},{"damage_healed":28,"gold_gain":0,"player_choice":"Banana","damage_taken":0,"max_hp_gain":0,"max_hp_loss":0,"event_name":"Big Fish","floor":14,"gold_loss":0}],"is_beta":false,"boss_relics":[{"not_picked":["Astrolabe","Coffee Dripper"],"picked":"Ectoplasm"}],"items_purged_floors":[],"is_endless":false,"potions_floor_spawned":[1,8,11,12,16,21,23],"killed_by":"Shelled Parasite and Fungi","ascension_level":11}}