{"host":"61xbmbtf5zrn7rzc","time":1610140513,"event":{"mods":["BaseMod","Challenge The Spire","Downfall","Hubris","Minty Spire (QoL Compilation)","Replay The Spire","StSLib","SuperFastMode","The Marked"],"gold_per_floor":[0,10,10,26,42,76,76,76,1,20,20,39,68,79,98,202,202,52,37,37,54,64,99,99,118,46,46,78,95,114,139,151,254,254,254,269,288,306,326,326,326,326,356,356,356,389,402,301,320,320,320,353,68,68,68],"floor_reached":56,"playtime":4374,"items_purged":["Guardian:Defend_Guardian"],"score":1631,"play_id":"4fe944b6-94cd-4eee-a563-8b9b1448dec6","local_time":"20210108161513","is_ascension_mode":true,"campfire_choices":[{"floor":1,"key":"RECALL"},{"data":"Guardian:ConstructionForm","floor":9,"key":"SMITH"},{"data":"Guardian:GuardianWhirl","floor":11,"key":"SMITH"},{"data":"Guardian:ChargeUp","floor":18,"key":"SMITH"},{"data":"Guardian:DecasProtection","floor":27,"key":"SMITH"},{"data":"Pot Of Greed","floor":35,"key":"SMITH"},{"data":"Pot Of Greed","floor":40,"key":"SMITH"},{"data":"Pot Of Greed","floor":42,"key":"SMITH"},{"data":"Guardian:TemporalShield","floor":44,"key":"SMITH"},{"data":"Guardian:ExploitGems","floor":54,"key":"SMITH"}],"circlet_count":0,"master_deck":["Guardian:Strike_Guardian+1","Guardian:Defend_Guardian","Guardian:Defend_Guardian","Guardian:CurlUp","Guardian:TwinSlam","Guardian:ConstructionForm+1","Guardian:ChargeUp+1","Guardian:TemporalShield+1","Guardian:ChargeCore+1","Guardian:GuardianWhirl+1","Guardian:FloatingOrbs","Guardian:Repulse+1","Guardian:ExploitGems","Guardian:BronzeOrb+1","Pot Of Greed+1","Pot Of Greed+1","Guardian:StasisEngine+1","Guardian:FuturePlans+1","Guardian:FloatingOrbs+1","Guardian:DecasProtection","Guardian:DecasProtection+1","Guardian:ArmoredProtocol+1","Guardian:BronzeArmor+1","Guardian:ExploitGems+1","Pot Of Greed+1","Guardian:Repulse+1","Guardian:Gem_Red","Guardian:Gem_Fragmented","Guardian:Gem_Purple","Guardian:EvasiveProtocol+1","Guardian:GemFinder+1"],"relics":["Guardian:ModeShifterPlus","Mummified Hand","downfall:HeartBlessingRed","Frozen Egg 2","Black Star","downfall:HeartBlessingBlue","downfall:HeartBlessingGreen","Anchor","Grinning Jar","Centennial Puzzle","Toy Ornithopter","hubris:DeckOfHolding","StoneCalendar","Counterbalance","InkBottle","hubris:TenFootPole","Gremlin Food","Smiling Mask","Bronze Scales","ReplayTheSpireMod:Lightbulb","Replay:WaspNest","ReplayFunnel","Whetstone"],"acts_visited":["Exordium","TheCity","TheBeyond","TheEnding"],"potions_floor_usage":[6,13,29,31,33,36,43,50,55,55],"damage_taken":[{"damage":0,"enemies":"Small Slimes","floor":2,"turns":4},{"damage":3,"enemies":"Cultist","floor":4,"turns":5},{"damage":0,"enemies":"Jaw Worm","floor":5,"turns":8},{"damage":7,"enemies":"Lagavulin","floor":6,"turns":10},{"damage":0,"enemies":"Blue Slaver","floor":10,"turns":4},{"damage":12,"enemies":"Lots of Slimes","floor":12,"turns":4},{"damage":0,"enemies":"Gremlin Nob","floor":13,"turns":6},{"damage":10,"enemies":"Large Slime","floor":14,"turns":3},{"damage":9,"enemies":"Red Slaver","floor":15,"turns":4},{"damage":18,"enemies":"downfall:Watcher","floor":16,"turns":10},{"damage":0,"enemies":"downfall:FleeingMerchant","floor":19,"turns":4},{"damage":0,"enemies":"3 Byrds","floor":21,"turns":4},{"damage":0,"enemies":"Chosen","floor":22,"turns":4},{"damage":13,"enemies":"Gremlin Leader","floor":23,"turns":6},{"damage":7,"enemies":"Snecko","floor":25,"turns":7},{"damage":11,"enemies":"downfall:FleeingMerchant","floor":26,"turns":4},{"damage":0,"enemies":"Replay:Snechameleon","floor":28,"turns":6},{"damage":6,"enemies":"Snake Plant","floor":29,"turns":3},{"damage":10,"enemies":"3 Cultists","floor":30,"turns":3},{"damage":0,"enemies":"Book of Stabbing","floor":31,"turns":3},{"damage":0,"enemies":"Cultist and Chosen","floor":32,"turns":4},{"damage":3,"enemies":"downfall:Silent","floor":33,"turns":5},{"damage":0,"enemies":"3 Darklings","floor":36,"turns":3},{"damage":0,"enemies":"Orb Walker","floor":37,"turns":4},{"damage":39,"enemies":"4 Shapes","floor":38,"turns":4},{"damage":8,"enemies":"Transient","floor":39,"turns":5},{"damage":0,"enemies":"Nemesis","floor":43,"turns":3},{"damage":0,"enemies":"Reptomancer","floor":46,"turns":3},{"damage":0,"enemies":"Spire Growth","floor":47,"turns":2},{"damage":0,"enemies":"downfall:FleeingMerchant","floor":48,"turns":3},{"damage":0,"enemies":"3 Darklings","floor":49,"turns":2},{"damage":0,"enemies":"downfall:Ironclad","floor":50,"turns":2},{"damage":0,"enemies":"downfall:CharBossMerchant","floor":52,"turns":2},{"damage":0,"enemies":"downfall:NeowBoss","floor":55,"turns":8}],"seed_played":"-3416650496651411256","potions_obtained":[{"floor":2,"key":"champ:CounterPotion"},{"floor":10,"key":"GamblersBrew"},{"floor":12,"key":"Strength Potion"},{"floor":16,"key":"BlessingOfTheForge"},{"floor":22,"key":"Milkshake"},{"floor":25,"key":"sneckomod:MuddlingPotion"},{"floor":28,"key":"AttackPotion"},{"floor":30,"key":"AttackPotion"},{"floor":39,"key":"DistilledChaos"},{"floor":46,"key":"Strength Potion"},{"floor":47,"key":"Ancient Potion"},{"floor":49,"key":"hexamod:EctoCoolerPotion"}],"is_trial":false,"path_per_floor":["R","M","?","M","M","E","T","?","R","M","R","M","E","M","M","B",null,"R","$","?","M","M","E","T","M","$","R","E","M","M","E","M","B",null,"R","M","M","M","M","R","T","R","E","R","?","E","M","$","M","B",null,"E","$","R","B",null],"character_chosen":"GUARDIAN","items_purchased":["Guardian:DecasProtection","Guardian:Gem_Fragmented","ReplayTheSpireMod:Lightbulb","Guardian:Gem_Purple","Guardian:EvasiveProtocol+1","Whetstone","Guardian:GemFinder+1"],"campfire_rested":0,"item_purchase_floors":[26,48,48,48,48,53,53],"current_hp_per_floor":[80,80,80,77,77,70,70,70,70,70,70,58,58,48,39,21,80,90,90,90,90,90,77,77,70,59,59,59,58,48,53,53,55,90,90,90,90,51,43,43,43,43,48,48,90,90,90,90,90,90,90,90,90,90,90],"gold":68,"neow_bonus":"REMOVE_TWO","is_daily":false,"chose_seed":false,"campfire_upgraded":9,"win_rate":0.0,"timestamp":1610140513,"path_taken":["R","M","?","M","?","E","T","?","R","M","R","M","E","M","M","BOSS","R","$","?","M","M","E","T","M","$","R","E","M","?","E","M","BOSS","R","M","M","M","M","R","T","R","E","R","?","E","?","$","M","BOSS","E","$","R","BOSS"],"items_purchased_type":["Card","Card","Relic","Card","Card","Relic","Card"],"build_version":"2020-12-22","purchased_purges":1,"victory":true,"max_hp_per_floor":[80,80,80,80,80,80,80,80,80,80,80,80,80,80,80,80,80,90,90,90,90,90,90,90,90,90,90,90,90,90,90,90,90,90,90,90,90,90,90,90,90,90,90,90,90,90,90,90,90,90,90,90,90,90,90],"card_choices":[{"not_picked":["Guardian:RollAttack","Guardian:CrystalBeam"],"picked":"Guardian:Gem_Blue","floor":2},{"not_picked":["Guardian:Gem_Yellow","Guardian:Suspension"],"picked":"Guardian:ChargeUp","floor":4},{"not_picked":["Guardian:ShieldCharger","Guardian:Reroute","Guardian:PrimingBeam"],"picked":"SKIP","floor":5},{"not_picked":["Guardian:Gem_Lightblue","Guardian:Clone"],"picked":"Guardian:TemporalShield","floor":6},{"not_picked":["Guardian:Recover","Guardian:Suspension"],"picked":"Guardian:GuardianWhirl","floor":10},{"not_picked":["Guardian:VentSteam","Guardian:Emergency"],"picked":"Guardian:FloatingOrbs","floor":12},{"not_picked":["Guardian:VentSteam","Guardian:Suspension"],"picked":"Guardian:Repulse+1","floor":13},{"not_picked":["Guardian:HyperBeam_Guardian","Guardian:ChargeCore","Guardian:RefractedBeam"],"picked":"SKIP","floor":14},{"not_picked":["Guardian:Gem_Blue","Guardian:Gem_Red"],"picked":"Guardian:Gem_Cyan","floor":15},{"not_picked":["Guardian:HyperBeam_Guardian","Guardian:BaubleBeam"],"picked":"Guardian:ExploitGems","floor":16},{"not_picked":["Guardian:TemporalStrike","Guardian:Gem_Green"],"picked":"Guardian:BronzeOrb","floor":19},{"not_picked":["Guardian:TemporalShield","Guardian:WalkerClaw","Guardian:VentSteam"],"picked":"SKIP","floor":21},{"not_picked":["Guardian:SentryBeam","Guardian:RollAttack+1","Guardian:ShieldCharger"],"picked":"SKIP","floor":22},{"not_picked":["Guardian:PrismaticBarrier+1","Guardian:TemporalStrike"],"picked":"Guardian:StasisEngine+1","floor":23},{"not_picked":["Guardian:Clone","Guardian:RollAttack"],"picked":"Guardian:FuturePlans+1","floor":25},{"not_picked":["Guardian:ChargeUp","Guardian:BronzeArmor"],"picked":"Guardian:FloatingOrbs+1","floor":26},{"not_picked":["Guardian:ChargeCore","Guardian:ShieldSpikes"],"picked":"Guardian:ArmoredProtocol+1","floor":28},{"not_picked":["Guardian:RollAttack+1","Guardian:Suspension","Guardian:Harden"],"picked":"SKIP","floor":29},{"not_picked":["Guardian:Harden","Guardian:ShieldCharger","Guardian:PrismaticBeam"],"picked":"SKIP","floor":30},{"not_picked":["Guardian:TemporalStrike","Guardian:CrystalBeam+1"],"picked":"Guardian:BronzeArmor+1","floor":31},{"not_picked":["Guardian:PiercingHide+1","Guardian:SphericShield","Guardian:Incinerate"],"picked":"SKIP","floor":32},{"not_picked":["Guardian:BaubleBeam","Guardian:GemFire"],"picked":"Guardian:ExploitGems","floor":33},{"not_picked":["Guardian:Gem_Lightblue","Guardian:TemporalShield+1"],"picked":"Guardian:Gem_Cyan","floor":36},{"not_picked":["Guardian:Incinerate+1","Guardian:CrystalBeam"],"picked":"Guardian:Repulse+1","floor":37},{"not_picked":["Guardian:CrystalBeam+1","Guardian:SphericShield","Guardian:ChargeCore"],"picked":"SKIP","floor":38},{"not_picked":["Guardian:Repulse+1","Guardian:Gem_Green"],"picked":"Guardian:Gem_Crimson","floor":39},{"not_picked":["Guardian:Gem_Cyan","Guardian:Incinerate"],"picked":"Guardian:Gem_Yellow","floor":43},{"not_picked":["Guardian:PrimingBeam","Guardian:RollAttack"],"picked":"Guardian:Gem_White","floor":46},{"not_picked":["Guardian:RollAttack+1","Guardian:BronzeOrb"],"picked":"Guardian:Gem_Red","floor":47},{"not_picked":["Guardian:Recover+1","Guardian:TemporalStrike","Guardian:GuardianWhirl+1"],"picked":"SKIP","floor":48},{"not_picked":["Guardian:VentSteam","Guardian:PrimingBeam+1","Guardian:TemporalShield+1"],"picked":"SKIP","floor":49},{"not_picked":["Guardian:HyperBeam_Guardian","Guardian:Incinerate","Guardian:Planning+1"],"picked":"SKIP","floor":52}],"player_experience":162812,"relics_obtained":[{"floor":6,"key":"Mummified Hand"},{"floor":13,"key":"Frozen Egg 2"},{"floor":23,"key":"Anchor"},{"floor":23,"key":"Grinning Jar"},{"floor":24,"key":"Centennial Puzzle"},{"floor":28,"key":"Toy Ornithopter"},{"floor":28,"key":"hubris:DeckOfHolding"},{"floor":31,"key":"StoneCalendar"},{"floor":31,"key":"Counterbalance"},{"floor":41,"key":"InkBottle"},{"floor":43,"key":"hubris:TenFootPole"},{"floor":43,"key":"Gremlin Food"},{"floor":46,"key":"Smiling Mask"},{"floor":46,"key":"Bronze Scales"},{"floor":52,"key":"Replay:WaspNest"},{"floor":52,"key":"ReplayFunnel"}],"event_choices":[{"damage_healed":0,"gold_gain":0,"cards_transformed":["Guardian:Strike_Guardian"],"player_choice":"Transformed","damage_taken":0,"max_hp_gain":0,"max_hp_loss":0,"event_name":"Transmorgrifier","floor":3,"gold_loss":0,"cards_obtained":["Guardian:ConstructionForm"]},{"damage_healed":42,"gold_gain":0,"player_choice":"Full Heal","damage_taken":0,"max_hp_gain":0,"max_hp_loss":0,"event_name":"Wheel of Change","floor":45,"gold_loss":0}],"is_beta":false,"boss_relics":[{"not_picked":["Cursed Key","Replay:Ancient Bell"],"picked":"Black Star"},{"not_picked":["hubris:GrandSneckoEye","Kintsugi"],"picked":"Guardian:ModeShifterPlus"}],"items_purged_floors":[53],"is_endless":false,"potions_floor_spawned":[2,10,12,16,22,25,28,30,39,46,47,49],"ascension_level":2}}