{"host":"86c6vgocyjlprmyx","time":1610073036,"event":{"mods":["BaseMod","Downfall","Hermit","Minty Spire (QoL Compilation)","Quick Restart","Replay The Spire","Shade Mod","StSLib","The Cursed","The Hierophant"],"gold_per_floor":[363,35,35,53,66,66,82,112,137,155,167,167,202,51,51,51,51],"floor_reached":16,"playtime":1301,"items_purged":["sneckomod:Bewildered","hermit:Strike_Hermit"],"score":112,"play_id":"f8bda86d-f6b7-41d3-8717-d56d4495fe95","local_time":"20210108033036","is_ascension_mode":false,"campfire_choices":[{"data":"hermit:CalledShot","floor":6,"key":"SMITH"},{"data":"hermit:GhostlyPresence","floor":12,"key":"SMITH"},{"floor":15,"key":"REST"}],"circlet_count":0,"master_deck":["hermit:Strike_Hermit","hermit:Strike_Hermit+1","hermit:Strike_Hermit","hermit:Defend_Hermit","hermit:Defend_Hermit","hermit:Defend_Hermit","hermit:Defend_Hermit","hermit:Snapshot+1","hermit:Covet","hermit:GhostlyPresence+1","hermit:CalledShot+1","hermit:ItchyTrigger+1","hermit:SprayPray","hermit:Horror","hermit:NoHoldsBarred","hermit:Combo","hermit:Quickdraw","hermit:Quickdraw"],"relics":["hermit:Momento","Pear","Toy Ornithopter","Whetstone","Vajra"],"acts_visited":["Exordium"],"potions_floor_usage":[7,8,13],"damage_taken":[{"damage":0,"enemies":"Jaw Worm","floor":1,"turns":5},{"damage":0,"enemies":"Cultist","floor":4,"turns":4},{"damage":0,"enemies":"Small Slimes","floor":5,"turns":3},{"damage":1,"enemies":"Blue Slaver","floor":7,"turns":3},{"damage":51,"enemies":"3 Sentries","floor":8,"turns":10},{"damage":10,"enemies":"Looter","floor":10,"turns":2},{"damage":0,"enemies":"Large Slime","floor":11,"turns":3},{"damage":12,"enemies":"Lagavulin","floor":13,"turns":6},{"damage":41,"enemies":"Slime Boss","floor":16,"turns":8}],"seed_played":"-4228230427026598526","potions_obtained":[{"floor":1,"key":"champ:CounterPotion"},{"floor":5,"key":"hermit:Tonic"},{"floor":7,"key":"Dexterity Potion"}],"is_trial":false,"path_per_floor":["M","$","?","M","M","R","M","E","T","M","M","R","E","$","R","B"],"character_chosen":"HERMIT","items_purchased":["Pear","hermit:Quickdraw"],"campfire_rested":1,"item_purchase_floors":[2,14],"current_hp_per_floor":[75,85,85,85,85,85,84,33,33,23,23,23,16,16,41,0,0],"gold":51,"neow_bonus":"TWO_FIFTY_GOLD","is_daily":false,"chose_seed":false,"campfire_upgraded":2,"win_rate":0.0,"timestamp":1610073036,"path_taken":["M","$","?","?","M","R","M","E","T","M","?","R","E","?","R","BOSS"],"items_purchased_type":["Relic","Card"],"build_version":"2020-12-22","purchased_purges":2,"victory":false,"max_hp_per_floor":[75,85,85,85,85,85,85,85,85,85,85,85,85,85,85,85,85],"card_choices":[{"not_picked":["hermit:Combo","hermit:SprayPray"],"picked":"hermit:GhostlyPresence","floor":1},{"not_picked":["hermit:HoleUp","hermit:Vantage"],"picked":"hermit:CalledShot","floor":4},{"not_picked":["hermit:Maintenance","hermit:ShadowCloak"],"picked":"hermit:ItchyTrigger","floor":5},{"not_picked":["hermit:OverwhelmingPower","hermit:Malice"],"picked":"hermit:SprayPray","floor":7},{"not_picked":["hermit:Desperado","hermit:LowProfile"],"picked":"hermit:Horror","floor":8},{"not_picked":["hermit:Spite","hermit:HighCaliber"],"picked":"hermit:NoHoldsBarred","floor":10},{"not_picked":["hermit:Enervate","hermit:Desperado"],"picked":"hermit:Combo","floor":11},{"not_picked":["hermit:TakeAim","hermit:Scavenge"],"picked":"hermit:Quickdraw","floor":13}],"player_experience":201080,"relics_obtained":[{"floor":8,"key":"Toy Ornithopter"},{"floor":9,"key":"Whetstone"},{"floor":13,"key":"Vajra"}],"event_choices":[{"damage_healed":0,"gold_gain":0,"player_choice":"Upgraded","damage_taken":0,"max_hp_gain":0,"max_hp_loss":0,"event_name":"Upgrade Shrine","floor":3,"gold_loss":0,"cards_upgraded":["hermit:Snapshot"]}],"is_beta":false,"boss_relics":[],"items_purged_floors":[2,14],"is_endless":false,"potions_floor_spawned":[1,5,7],"killed_by":"Slime Boss","ascension_level":0}}