{"host":"2apb6gwm2fj4theg","time":1610143517,"event":{"mods":["2.2 Compatiblity","AlwaysNeverKeys","BaseMod","ChefMod","Halation","Hubris","Infinite Spire","Ironclad Rager","Minty Spire (QoL Compilation)","Replay The Spire","Shop Mod","Small Relic Pack","StSLib","The Animator","Unceasing Turn Reminder"],"gold_per_floor":[11,24,24,24,42,68,79,93,93,93,93,164,195,212,212,313,313,327,338,0,12,12,12,40,56,81,94,112,112,44,78,78,183,183,200,200,216,233,250,250,261,261,309,351,383,27,56,67,67,67],"floor_reached":51,"playtime":3605,"items_purged":[],"score":827,"play_id":"7d83e9a8-9380-46f4-ad56-995dc0d5f37b","local_time":"20210109000517","is_ascension_mode":true,"campfire_choices":[{"floor":10,"key":"REST"},{"floor":15,"key":"DIG"},{"data":"Eclipse","floor":23,"key":"SMITH"},{"data":"Feel No Pain","floor":32,"key":"SMITH"},{"data":"Eclipse","floor":40,"key":"SMITH"},{"floor":42,"key":"REST"},{"floor":49,"key":"REST"}],"circlet_count":0,"master_deck":["Strike_R","Strike_R","Strike_R","Strike_R","Strike_R","Defend_R","Defend_R+1","Defend_R","Defend_R+1","Bash","Thunderclap","Thunderclap","Thunderclap","Dropkick","Spot Weakness","Carnage","Rage","Rage","Feel No Pain+1","Eclipse+1","ReplayTheSpireMod:Strike From Hell","Run Through","Wild Strike","Rage+1","ReplayTheSpireMod:Limb From Limb+1","Pummel","ReplayTheSpireMod:Limb From Limb+1","Cleave","Inflame","Pummel+1","Eclipse+1","Dropkick+1","Inflame","Dropkick+1","Massacre+1","Anger+1","Heavy Blade+1","Thunderclap+1","Cleave","ReplayTheSpireMod:Strike From Hell","Pummel","Disarm+1","Spot Weakness+1","Fire Breathing"],"relics":["Burning Blood","TungstenRod","NlothsMask","Potion Belt","Bottled Flame","War Paint","Tiny Chest","Honey Jar","ClockworkSouvenir","King of Hearts","hubris:Metronome","Dream Catcher","InkBottle","Replay:Towering Pillar of Hats","hubris:Stopwatch","MawBank","Oddly Smooth Stone","Shuriken","Meat on the Bone"],"acts_visited":["Exordium","TheCity","TheBeyond"],"potions_floor_usage":[6,14,16,24,33,36,41,45,45,50,50,50,50],"damage_taken":[{"damage":5,"enemies":"2 Louse","floor":1,"turns":3},{"damage":0,"enemies":"Cultist","floor":2,"turns":3},{"damage":5,"enemies":"Jaw Worm","floor":5,"turns":3},{"damage":28,"enemies":"Gremlin Nob","floor":6,"turns":5},{"damage":8,"enemies":"Lots of Slimes","floor":7,"turns":2},{"damage":2,"enemies":"Blue Slaver","floor":8,"turns":3},{"damage":16,"enemies":"3 Sentries","floor":13,"turns":4},{"damage":0,"enemies":"Red Slaver","floor":14,"turns":1},{"damage":38,"enemies":"The Guardian","floor":16,"turns":9},{"damage":8,"enemies":"Chosen","floor":18,"turns":3},{"damage":4,"enemies":"Shell Parasite","floor":19,"turns":5},{"damage":7,"enemies":"Centurion and Healer","floor":21,"turns":7},{"damage":22,"enemies":"Gremlin Leader","floor":24,"turns":7},{"damage":3,"enemies":"Snecko","floor":25,"turns":3},{"damage":0,"enemies":"Cultist and Chosen","floor":27,"turns":3},{"damage":5,"enemies":"3 Cultists","floor":28,"turns":3},{"damage":5,"enemies":"Replay:Snechameleon","floor":31,"turns":4},{"damage":28,"enemies":"hubris:MusketHawk","floor":33,"turns":5},{"damage":28,"enemies":"3 Darklings","floor":35,"turns":3},{"damage":0,"enemies":"Orb Walker","floor":36,"turns":1},{"damage":4,"enemies":"Maw","floor":37,"turns":6},{"damage":0,"enemies":"3 Darklings","floor":38,"turns":2},{"damage":21,"enemies":"Spire Growth","floor":39,"turns":4},{"damage":7,"enemies":"4 Shapes","floor":41,"turns":2},{"damage":60,"enemies":"Reptomancer","floor":44,"turns":4},{"damage":14,"enemies":"3 Darklings","floor":45,"turns":3},{"damage":4,"enemies":"Giant Head","floor":47,"turns":4},{"damage":0,"enemies":"Sphere and 2 Shapes","floor":48,"turns":1},{"damage":66,"enemies":"hubris:GrandSnecko","floor":50,"turns":16}],"seed_played":"1312701102155779120","potions_obtained":[{"floor":1,"key":"Ancient Potion"},{"floor":6,"key":"Milkshake"},{"floor":13,"key":"Fire Potion"},{"floor":16,"key":"AttackPotion"},{"floor":18,"key":"SpeedPotion"},{"floor":19,"key":"BloodPotion"},{"floor":27,"key":"Strength Potion"},{"floor":28,"key":"Block Potion"},{"floor":31,"key":"SmokeBomb"},{"floor":33,"key":"SteroidPotion"},{"floor":35,"key":"Reflective Coating"},{"floor":37,"key":"Elixir"},{"floor":38,"key":"FairyPotion"},{"floor":44,"key":"BloodPotion"},{"floor":45,"key":"ElixirPotion"},{"floor":47,"key":"Energy Potion"}],"is_trial":false,"path_per_floor":["M","M","?","?","M","E","M","M","T","R","?","T","E","M","R","B",null,"M","M","$","M","?","R","E","M","T","M","M","T","$","E","R","B",null,"M","M","M","M","M","R","M","R","T","E","M","$","E","M","R","B",null],"character_chosen":"IRONCLAD","items_purchased":["Wild Strike","ClockworkSouvenir","King of Hearts","Inflame","Shuriken","ReplayTheSpireMod:Strike From Hell","Pummel"],"campfire_rested":3,"item_purchase_floors":[20,20,20,30,46,46,46],"current_hp_per_floor":[80,80,80,80,80,58,56,60,60,80,80,80,70,76,76,44,80,78,80,80,79,79,79,63,66,66,72,73,73,73,74,74,52,80,58,64,66,72,60,60,59,83,83,29,53,53,55,61,83,35],"gold":67,"neow_bonus":"ONE_RARE_RELIC","is_daily":false,"chose_seed":false,"campfire_upgraded":3,"win_rate":0.0,"timestamp":1610143517,"path_taken":["M","M","?","?","M","E","M","?","T","R","?","?","E","M","R","BOSS","M","M","?","M","?","R","E","M","T","?","M","?","$","E","R","BOSS","M","M","M","M","M","R","M","R","T","E","M","$","E","M","R","BOSS"],"items_purchased_type":["Card","Relic","Relic","Card","Relic","Card","Card"],"build_version":"2020-12-22","purchased_purges":0,"victory":true,"max_hp_per_floor":[80,80,80,80,80,80,80,80,80,80,80,80,80,80,80,80,80,80,80,80,80,80,80,80,80,80,80,80,80,80,80,80,80,80,80,80,80,80,83,83,83,83,83,83,83,83,83,83,83,83],"card_choices":[{"not_picked":["Headbutt","Rupture"],"picked":"Thunderclap","floor":1},{"not_picked":["Clothesline","ReplayTheSpireMod:Muscle Training"],"picked":"Thunderclap","floor":2},{"not_picked":["Heavy Blade","Blood for Blood"],"picked":"Thunderclap","floor":5},{"not_picked":["Armaments","Burning Pact"],"picked":"Dropkick","floor":6},{"not_picked":["ReplayTheSpireMod:Strike From Hell","Havoc"],"picked":"Spot Weakness","floor":7},{"not_picked":["Disarm","Combust"],"picked":"Carnage","floor":8},{"not_picked":["Clothesline","Replay:Undeath\u0027s Touch"],"picked":"Rage","floor":13},{"not_picked":["Body Slam","Dark Embrace"],"picked":"Feel No Pain","floor":14},{"not_picked":["Reaper","Exhume"],"picked":"Eclipse","floor":16},{"not_picked":["Perfected Strike+1","Pummel","Run Through+1"],"picked":"ReplayTheSpireMod:Strike From Hell","floor":18},{"not_picked":["Dual Wield+1","Headbutt","Flex"],"picked":"Run Through","floor":19},{"not_picked":["ReplayTheSpireMod:Strike From Hell","Reckless Charge","Cleave"],"picked":"Rage+1","floor":21},{"not_picked":["Armaments","Havoc","Sentinel"],"picked":"ReplayTheSpireMod:Limb From Limb+1","floor":24},{"not_picked":["Thunderclap","Perfected Strike","Run Through"],"picked":"Pummel","floor":25},{"not_picked":["Shrug It Off","Demon Form","Thunderclap"],"picked":"ReplayTheSpireMod:Limb From Limb+1","floor":27},{"not_picked":["Disarm+1","Clash","Life Link+1"],"picked":"Cleave","floor":28},{"not_picked":["Feed","ReplayTheSpireMod:Corrosion Curse","Shockwave"],"picked":"Pummel+1","floor":31},{"not_picked":["Juggernaut","hubris:StunningStrike","Fiend Fire"],"picked":"Eclipse","floor":33},{"not_picked":["Flex","Replay:Undeath\u0027s Touch","Havoc+1"],"picked":"Dropkick+1","floor":35},{"not_picked":["Headbutt","hubris:ReadiedAction","Perfected Strike"],"picked":"Inflame","floor":37},{"not_picked":["Pommel Strike+1","ReplayReversal+1","ReplayTheSpireMod:Stacked+1"],"picked":"Dropkick+1","floor":38},{"not_picked":["Heavy Blade+1","Wild Strike+1","Body Slam"],"picked":"Massacre+1","floor":39},{"not_picked":["Sentinel","ReplayReversal","Inflame+1"],"picked":"Anger+1","floor":41},{"not_picked":["Massacre","Warcry+1","Body Slam+1"],"picked":"Heavy Blade+1","floor":42},{"not_picked":["Dual Wield+1","Power Through+1","Brutality"],"picked":"Thunderclap+1","floor":44},{"not_picked":["Spot Weakness","Replay:Undeath\u0027s Touch+1","Wild Strike+1"],"picked":"Cleave","floor":45},{"not_picked":["Inflame","Clash","ReplayTheSpireMod:Stacked+1"],"picked":"Disarm+1","floor":47},{"not_picked":["Blood for Blood+1","Burning Pact+1","Pommel Strike+1"],"picked":"Spot Weakness+1","floor":48},{"not_picked":["Twin Strike+1","Clothesline+1","Havoc"],"picked":"Fire Breathing","floor":49}],"player_experience":606197,"relics_obtained":[{"floor":6,"key":"Potion Belt"},{"floor":12,"key":"Bottled Flame"},{"floor":13,"key":"War Paint"},{"floor":15,"key":"Tiny Chest"},{"floor":24,"key":"hubris:Metronome"},{"floor":26,"key":"Dream Catcher"},{"floor":29,"key":"InkBottle"},{"floor":31,"key":"Replay:Towering Pillar of Hats"},{"floor":43,"key":"MawBank"},{"floor":44,"key":"Oddly Smooth Stone"},{"floor":47,"key":"Meat on the Bone"}],"event_choices":[{"damage_healed":0,"gold_gain":0,"player_choice":"Ignored","damage_taken":0,"max_hp_gain":0,"max_hp_loss":0,"event_name":"Golden Wing","floor":3,"gold_loss":0},{"damage_healed":0,"gold_gain":0,"player_choice":"Trade","damage_taken":0,"relics_obtained":["NlothsMask"],"max_hp_gain":0,"max_hp_loss":0,"event_name":"FaceTrader","floor":4,"gold_loss":0},{"damage_healed":0,"gold_gain":0,"player_choice":"Ignored","damage_taken":0,"max_hp_gain":0,"max_hp_loss":0,"event_name":"NoteForYourself","floor":22,"gold_loss":0}],"is_beta":false,"boss_relics":[{"not_picked":["halation:MonkeysPaw","Runic Pyramid"],"picked":"Honey Jar"},{"not_picked":["halation:Prosthetics","hubris:VirtuousBlindfold"],"picked":"hubris:Stopwatch"}],"items_purged_floors":[],"is_endless":false,"potions_floor_spawned":[1,6,13,16,18,19,27,28,31,33,35,37,38,44,45,47],"ascension_level":1}}