{"host":"6ld56ls1xbe0aj21","time":1610084786,"event":{"mods":["AchievementEnabler","BaseMod","Colored Powertips","Minty Spire (QoL Compilation)","Quick Restart","Rare Cards Sparkle","StSLib","SuperFastMode","everything is the same but u backflip on backflip","slay the spire mod where everything is the same but ironclad has a cowboy hat"],"gold_per_floor":[118,118,305,317,339,378,390,437,473,498,538,550,573,599,611,723,735,757,797,829,940,952,964,1011,1052,1090,1102,1133,337,357,366,366,366,366],"floor_reached":33,"playtime":1614,"items_purged":["Doubt"],"score":546,"play_id":"0f586f1b-8481-4ad1-b136-927e277c5bc3","local_time":"20210108164626","is_ascension_mode":true,"campfire_choices":[{"data":"Whirlwind","floor":7.0,"key":"SMITH"},{"floor":12.0,"key":"REST"},{"data":"Shockwave","floor":15.0,"key":"SMITH"},{"data":"Demon Form","floor":23.0,"key":"SMITH"},{"data":"Feed","floor":32.0,"key":"SMITH"}],"circlet_count":0,"master_deck":["AscendersBane","Defend_R","Defend_R","Defend_R","Defend_R","Bash","Sword Boomerang","Whirlwind+1","Disarm","Feed+1","Headbutt","Shockwave+1","Demon Form+1","Battle Trance","Warcry","Bite","Bite","Bite","Bite","Bite","Thunderclap+1","Battle Trance","Reaper","Brutality","Writhe"],"relics":["Black Blood","NeowsBlessing","MawBank","HornCleat","Blue Candle","Juzu Bracelet","Regal Pillow","Red Mask","CeramicFish","Toy Ornithopter","Paper Frog","Red Skull","Strange Spoon","Bag of Marbles"],"acts_visited":["Exordium","TheCity"],"potions_floor_usage":[33],"damage_taken":[{"damage":0.0,"enemies":"2 Louse","floor":1.0,"turns":1.0},{"damage":0.0,"enemies":"Small Slimes","floor":5.0,"turns":1.0},{"damage":0.0,"enemies":"3 Sentries","floor":6.0,"turns":2.0},{"damage":12.0,"enemies":"Gremlin Nob","floor":8.0,"turns":4.0},{"damage":5.0,"enemies":"Jaw Worm","floor":10.0,"turns":4.0},{"damage":50.0,"enemies":"Lagavulin","floor":11.0,"turns":8.0},{"damage":8.0,"enemies":"Blue Slaver","floor":13.0,"turns":5.0},{"damage":4.0,"enemies":"2 Fungi Beasts","floor":14.0,"turns":3.0},{"damage":37.0,"enemies":"The Guardian","floor":16.0,"turns":16.0},{"damage":1.0,"enemies":"3 Byrds","floor":18.0,"turns":6.0},{"damage":45.0,"enemies":"Masked Bandits","floor":19.0,"turns":4.0},{"damage":18.0,"enemies":"Shell Parasite","floor":20.0,"turns":6.0},{"damage":35.0,"enemies":"Gremlin Leader","floor":24.0,"turns":8.0},{"damage":32.0,"enemies":"Shelled Parasite and Fungi","floor":25.0,"turns":5.0},{"damage":14.0,"enemies":"Cultist and Chosen","floor":28.0,"turns":6.0},{"damage":39.0,"enemies":"3 Cultists","floor":30.0,"turns":6.0},{"damage":92,"enemies":"Automaton","floor":33,"turns":6}],"seed_played":"8325615784735726573","potions_obtained":[{"floor":1.0,"key":"SkillPotion"},{"floor":5.0,"key":"Weak Potion"},{"floor":11.0,"key":"Ancient Potion"},{"floor":14.0,"key":"EssenceOfSteel"},{"floor":18.0,"key":"Energy Potion"},{"floor":19.0,"key":"Swift Potion"},{"floor":25.0,"key":"Strength Potion"},{"floor":30.0,"key":"BlessingOfTheForge"}],"is_trial":false,"path_per_floor":["M","?","?","$","M","E","R","E","T","M","E","R","M","M","R","B",null,"M","?","M","?","?","R","E","M","T","?","M","$","M","?","R","B"],"character_chosen":"IRONCLAD","items_purchased":["Paper Frog","Red Skull","Strange Spoon","Reaper","BloodPotion"],"campfire_rested":1,"item_purchase_floors":[29,29,29,29,29],"current_hp_per_floor":[78,66,66,66,72,78,78,72,72,73,29,68,66,71,71,40,72,86,53,50,50,50,50,37,23,23,23,38,38,55,55,55,0,0],"gold":366,"neow_bonus":"THREE_ENEMY_KILL","is_daily":false,"chose_seed":false,"campfire_upgraded":4,"win_rate":0.0,"timestamp":1610084786,"path_taken":["M","?","?","?","M","E","R","E","T","M","E","R","M","M","R","BOSS","M","?","M","?","?","R","E","M","T","?","M","$","M","?","R","BOSS"],"items_purchased_type":["Relic","Relic","Relic","Card","Potion"],"build_version":"2020-12-22","purchased_purges":1,"victory":false,"max_hp_per_floor":[80,80,80,80,80,80,80,80,80,80,80,80,80,83,83,83,83,86,86,89,89,62,62,62,62,62,62,65,65,71,71,71,71,71],"card_choices":[{"not_picked":["True Grit","Body Slam","Dropkick"],"picked":"SKIP","floor":1.0},{"not_picked":["Sentinel","Heavy Blade"],"picked":"Sword Boomerang","floor":5.0},{"not_picked":["Pommel Strike","Heavy Blade"],"picked":"Whirlwind","floor":6.0},{"not_picked":["Cleave","Iron Wave"],"picked":"Disarm","floor":8.0},{"not_picked":["Clothesline","Perfected Strike","Cleave"],"picked":"SKIP","floor":10.0},{"not_picked":["Spot Weakness","Body Slam"],"picked":"Feed","floor":11.0},{"not_picked":["Body Slam","True Grit"],"picked":"Headbutt","floor":13.0},{"not_picked":["Carnage","Wild Strike"],"picked":"Shockwave","floor":14.0},{"not_picked":["Corruption","Immolate"],"picked":"Demon Form","floor":16.0},{"not_picked":["Intimidate","Havoc"],"picked":"Battle Trance","floor":18.0},{"not_picked":["Ghostly Armor","Feel No Pain"],"picked":"Warcry","floor":19.0},{"not_picked":["Anger","Headbutt","Flex"],"picked":"SKIP","floor":20.0},{"not_picked":["Warcry","Seeing Red"],"picked":"Thunderclap+1","floor":24.0},{"not_picked":["Sentinel","Wild Strike"],"picked":"Battle Trance","floor":25.0},{"not_picked":["Pommel Strike","Rampage","Battle Trance"],"picked":"SKIP","floor":28.0},{"not_picked":["Shrug It Off","Body Slam"],"picked":"Brutality","floor":30.0}],"player_experience":301590,"relics_obtained":[{"floor":6.0,"key":"HornCleat"},{"floor":8.0,"key":"Blue Candle"},{"floor":9.0,"key":"Juzu Bracelet"},{"floor":11.0,"key":"Regal Pillow"},{"floor":19.0,"key":"Red Mask"},{"floor":24.0,"key":"CeramicFish"},{"floor":26.0,"key":"Toy Ornithopter"}],"event_choices":[{"damage_healed":0.0,"max_hp_gain":0.0,"max_hp_loss":0.0,"gold_gain":0.0,"event_name":"Scrap Ooze","player_choice":"Success","floor":2.0,"gold_loss":0.0,"damage_taken":12.0,"relics_obtained":["MawBank"]},{"damage_healed":0.0,"max_hp_gain":0.0,"max_hp_loss":0.0,"gold_gain":175.0,"event_name":"Liars Game","player_choice":"AGREE","floor":3.0,"gold_loss":0.0,"damage_taken":0.0,"cards_obtained":["Doubt"]},{"damage_healed":0.0,"max_hp_gain":0.0,"max_hp_loss":0.0,"gold_gain":0.0,"event_name":"Masked Bandits","player_choice":"Fought Bandits","floor":19.0,"gold_loss":0.0,"damage_taken":0.0},{"damage_healed":0.0,"max_hp_gain":0.0,"max_hp_loss":0.0,"gold_gain":99.0,"event_name":"Nest","player_choice":"Stole From Cult","floor":21.0,"gold_loss":0.0,"damage_taken":0.0},{"damage_healed":0.0,"max_hp_gain":0.0,"max_hp_loss":27.0,"gold_gain":0.0,"event_name":"Vampires","player_choice":"Became a vampire","floor":22.0,"gold_loss":0.0,"damage_taken":0.0,"cards_obtained":["Bite","Bite","Bite","Bite","Bite"]},{"damage_healed":0.0,"max_hp_gain":0.0,"max_hp_loss":0.0,"gold_gain":0.0,"event_name":"Ghosts","player_choice":"Ignored","floor":27.0,"gold_loss":0.0,"damage_taken":0.0},{"damage_healed":0.0,"max_hp_gain":0.0,"max_hp_loss":0.0,"gold_gain":0.0,"event_name":"The Mausoleum","player_choice":"Opened","floor":31.0,"gold_loss":0.0,"damage_taken":0.0,"relics_obtained":["Bag of Marbles"],"cards_obtained":["Writhe"]}],"is_beta":false,"boss_relics":[{"not_picked":["Tiny House","Velvet Choker"],"picked":"Black Blood"}],"items_purged_floors":[29],"is_endless":false,"potions_floor_spawned":[1,5,11,14,18,19,25,30],"killed_by":"Automaton","ascension_level":12}}