{"host":"u499vgr0907g2fby","time":1610146772,"event":{"mods":["BaseMod","Downfall","Googly Eyes","Minty Spire (QoL Compilation)","StSLib"],"gold_per_floor":[99,109,121,139,221,280,306,297,318,318,468,468,559,481,481],"floor_reached":14,"playtime":797,"items_purged":[],"score":129,"play_id":"98afba9f-7e78-4993-b284-17e67f8f7bd2","local_time":"20210108185932","is_ascension_mode":true,"campfire_choices":[{"floor":1,"key":"RECALL"}],"circlet_count":0,"master_deck":["sneckomod:Strike","sneckomod:Strike","sneckomod:Strike","sneckomod:Defend","sneckomod:Defend","sneckomod:Defend","sneckomod:TailWhip","sneckomod:SnekBite","sneckomod:Unknown","sneckomod:Unknown","sneckomod:UnknownClassRED","sneckomod:GlitteringGambit","sneckomod:UnknownClassRED","sneckomod:UnknownUncommonAttack","sneckomod:SnekBeam","sneckomod:SoulCleanse","Slimebound:Icky","sneckomod:Nope"],"relics":["sneckomod:SneckoSoul","Regal Pillow","Centennial Puzzle","Oddly Smooth Stone","downfall:BrokenWingStatue","GremlinMask"],"acts_visited":["Exordium"],"potions_floor_usage":[3,13],"damage_taken":[{"damage":12,"enemies":"Jaw Worm","floor":2,"turns":3},{"damage":2,"enemies":"2 Louse","floor":3,"turns":3},{"damage":5,"enemies":"Small Slimes","floor":4,"turns":3},{"damage":30,"enemies":"Lagavulin Event","floor":5,"turns":6},{"damage":0,"enemies":"2 Fungi Beasts","floor":6,"turns":2},{"damage":0,"enemies":"Lagavulin","floor":8,"turns":4},{"damage":25,"enemies":"Red Slaver","floor":9,"turns":3},{"damage":14,"enemies":"Exordium Wildlife","floor":13,"turns":2},{"damage":21,"enemies":"3 Sentries","floor":14,"turns":2}],"seed_played":"-7756142291213731163","potions_obtained":[{"floor":2,"key":"Block Potion"},{"floor":3,"key":"Dexterity Potion"},{"floor":8,"key":"EssenceOfSteel"},{"floor":9,"key":"Weak Potion"},{"floor":13,"key":"Fire Potion"}],"is_trial":false,"path_per_floor":["R","M","M","M","?","M","T","E","M","?","?","?","M","E"],"character_chosen":"THE_SNECKO","items_purchased":[],"campfire_rested":0,"item_purchase_floors":[],"current_hp_per_floor":[99,88,88,83,54,55,55,55,35,35,35,35,21,0,0],"gold":481,"neow_bonus":"TEN_PERCENT_HP_BONUS","is_daily":false,"chose_seed":false,"campfire_upgraded":0,"win_rate":0.0,"timestamp":1610146772,"path_taken":["R","M","M","M","?","M","T","E","M","?","?","?","M","E"],"items_purchased_type":[],"build_version":"2020-12-22","purchased_purges":0,"victory":false,"max_hp_per_floor":[99,100,100,100,101,102,102,102,102,102,102,102,102,102,102],"card_choices":[{"not_picked":["sneckomod:DiceBlock","sneckomod:UnknownStrike"],"picked":"sneckomod:UnknownClassRED","floor":2},{"not_picked":["sneckomod:UnknownVulnerable","sneckomod:UnknownWeak","sneckomod:SoulDraw"],"picked":"SKIP","floor":3},{"not_picked":["sneckomod:UnknownEthereal","sneckomod:DiceCrush"],"picked":"sneckomod:GlitteringGambit","floor":4},{"not_picked":["sneckomod:UnknownX","sneckomod:IronFang"],"picked":"sneckomod:UnknownClassRED","floor":5},{"not_picked":["sneckomod:ImprovisedAttack","sneckomod:UnknownClassRED"],"picked":"sneckomod:UnknownUncommonAttack","floor":6},{"not_picked":["sneckomod:MasterEye","sneckomod:UnknownCommonSkill"],"picked":"sneckomod:SnekBeam","floor":8},{"not_picked":["sneckomod:QuickBite","sneckomod:MixItUp"],"picked":"sneckomod:SoulCleanse","floor":9},{"not_picked":["sneckomod:SoulDraw","sneckomod:UnknownUncommonAttack"],"picked":"sneckomod:Nope","floor":13}],"player_experience":1929282,"relics_obtained":[{"floor":5,"key":"Regal Pillow"},{"floor":7,"key":"Centennial Puzzle"},{"floor":8,"key":"Oddly Smooth Stone"}],"event_choices":[{"damage_healed":0,"gold_gain":0,"player_choice":"Trade","damage_taken":0,"relics_obtained":["GremlinMask"],"max_hp_gain":0,"max_hp_loss":0,"event_name":"FaceTrader","floor":12,"gold_loss":0}],"is_beta":false,"boss_relics":[],"items_purged_floors":[],"is_endless":false,"potions_floor_spawned":[2,3,8,9,13],"killed_by":"3 Sentries","ascension_level":2}}