{"host":"8xi53560pl5zaoq2","time":1610083690,"event":{"mods":["BaseMod","Colored Map","Highlight Path","Minty Spire (QoL Compilation)","StSLib","Synergy Search"],"gold_per_floor":[115,190,209,384,384,384,421,17,17,45,66,66,95,32,32,140,140,140],"floor_reached":17,"playtime":627,"items_purged":[],"score":214,"play_id":"51291e23-8fd3-4243-bd91-e64ee43c3949","local_time":"20210107222810","is_ascension_mode":true,"campfire_choices":[{"data":"ThirdEye","floor":6,"key":"SMITH"},{"floor":12,"key":"REST"},{"data":"Ragnarok","floor":15,"key":"SMITH"}],"circlet_count":0,"master_deck":["Strike_P","Strike_P","Strike_P","Strike_P","Defend_P","Defend_P","Defend_P","Defend_P","Eruption","Vigilance","ThirdEye+1","CarveReality","Adaptation","Ragnarok+1","FlurryOfBlows","Swivel","ReachHeaven","Protect","Ragnarok"],"relics":["PureWater","Bag of Preparation","CeramicFish","Singing Bowl","TeardropLocket","Odd Mushroom","Philosopher\u0027s Stone"],"acts_visited":["Exordium","TheCity"],"potions_floor_usage":[11,11,11,16,16],"damage_taken":[{"damage":0,"enemies":"Small Slimes","floor":1,"turns":2},{"damage":0,"enemies":"Jaw Worm","floor":3,"turns":3},{"damage":31,"enemies":"Gremlin Nob","floor":7,"turns":3},{"damage":2,"enemies":"2 Louse","floor":10,"turns":3},{"damage":5,"enemies":"The Mushroom Lair","floor":11,"turns":3},{"damage":5,"enemies":"Large Slime","floor":13,"turns":2},{"damage":35,"enemies":"Hexaghost","floor":16,"turns":5}],"seed_played":"-4353614581794731636","potions_obtained":[{"floor":1,"key":"Weak Potion"},{"floor":3,"key":"Regen Potion"},{"floor":10,"key":"SkillPotion"},{"floor":11,"key":"EntropicBrew"}],"is_trial":false,"path_per_floor":["M","?","M","?","?","R","E","$","T","M","?","R","M","$","R","B",null],"character_chosen":"WATCHER","items_purchased":["Singing Bowl","Ragnarok","ReachHeaven","Protect"],"campfire_rested":1,"item_purchase_floors":[8,8,14,14],"current_hp_per_floor":[65,54,54,54,54,54,23,23,23,21,23,45,40,40,40,5,57,57],"gold":140,"neow_bonus":"RANDOM_COMMON_RELIC","is_daily":false,"chose_seed":false,"campfire_upgraded":2,"win_rate":0.0,"timestamp":1610083690,"path_taken":["M","?","M","?","?","R","E","$","T","M","?","R","M","?","R","BOSS"],"items_purchased_type":["Relic","Card","Card","Card"],"build_version":"2020-12-22","purchased_purges":0,"victory":false,"max_hp_per_floor":[72,72,72,72,72,72,72,72,72,72,74,74,74,74,74,74,74,74],"card_choices":[{"not_picked":["Indignation","FlurryOfBlows"],"picked":"ThirdEye","floor":1},{"not_picked":["Pray","BowlingBash"],"picked":"CarveReality","floor":3},{"not_picked":["DeceiveReality","ClearTheMind"],"picked":"Adaptation","floor":7},{"not_picked":["SignatureMove","JustLucky"],"picked":"FlurryOfBlows","floor":10},{"not_picked":["FlurryOfBlows","Nirvana","SignatureMove"],"picked":"Singing Bowl","floor":11},{"not_picked":["EmptyFist","Evaluate"],"picked":"Swivel","floor":13},{"not_picked":["Scrawl","Blasphemy"],"picked":"Ragnarok","floor":16}],"player_experience":1271683,"relics_obtained":[{"floor":7,"key":"CeramicFish"},{"floor":9,"key":"TeardropLocket"},{"floor":11,"key":"Odd Mushroom"}],"event_choices":[{"damage_healed":0,"gold_gain":75,"player_choice":"Gather Gold","damage_taken":11,"max_hp_gain":0,"max_hp_loss":0,"event_name":"World of Goop","floor":2,"gold_loss":0},{"damage_healed":0,"gold_gain":175,"player_choice":"AGREE","damage_taken":0,"max_hp_gain":0,"max_hp_loss":0,"event_name":"Liars Game","floor":4,"gold_loss":0,"cards_obtained":["Doubt"]},{"cards_removed":["Doubt"],"damage_healed":0,"gold_gain":0,"player_choice":"Forget","damage_taken":0,"max_hp_gain":0,"max_hp_loss":0,"event_name":"Living Wall","floor":5,"gold_loss":0},{"damage_healed":0,"gold_gain":0,"player_choice":"Fought Mushrooms","damage_taken":0,"max_hp_gain":0,"max_hp_loss":0,"event_name":"Mushrooms","floor":11,"gold_loss":0}],"is_beta":false,"boss_relics":[{"not_picked":["Runic Dome","Ectoplasm"],"picked":"Philosopher\u0027s Stone"}],"items_purged_floors":[],"is_endless":false,"potions_floor_spawned":[1,3,10,11],"ascension_level":8}}