{"host":"z9811rt50ti81n54","time":1610098362,"event":{"mods":["BaseMod","Minty Spire (QoL Compilation)","Random Character Button","SuperFastMode"],"gold_per_floor":[369,384,3,178,196,196,6,6,29,42,42,73,90,122,122,227,227,227,227,55,55,55,55,55,55,55,55,55,55,55,55,55,55,55],"floor_reached":33,"playtime":938,"items_purged":["Doubt","Strike_G"],"score":347,"play_id":"41bec6c9-0932-430e-b638-1b72490e2a00","local_time":"20210108183242","is_ascension_mode":false,"campfire_choices":[{"data":"Backstab","floor":6,"key":"SMITH"},{"data":"Predator","floor":11,"key":"SMITH"},{"data":"Bouncing Flask","floor":15,"key":"SMITH"},{"data":"Well Laid Plans","floor":24,"key":"SMITH"},{"data":"Night Terror","floor":29,"key":"SMITH"},{"data":"Glass Knife","floor":32,"key":"SMITH"}],"circlet_count":0,"master_deck":["Strike_G","Strike_G","Strike_G","Strike_G","Defend_G","Defend_G","Defend_G","Defend_G","Defend_G","Survivor","Neutralize","Cloak And Dagger","PiercingWail","Backstab+1","Prepared","Predator+1","Evolve","Bouncing Flask+1","Dagger Spray","Endless Agony","Endless Agony","Corpse Explosion","Blur+1","RitualDagger","Bouncing Flask+1","Well Laid Plans+1","Endless Agony+1","Night Terror+1","Outmaneuver+1","Predator+1","Glass Knife+1"],"relics":["Ring of the Snake","PreservedInsect","Bag of Marbles","Art of War","Bag of Preparation","Ornamental Fan","Ectoplasm","Question Card","Toy Ornithopter","Bronze Scales"],"acts_visited":["Exordium","TheCity"],"potions_floor_usage":[14,31,31,33],"damage_taken":[{"damage":0,"enemies":"Jaw Worm","floor":1,"turns":4},{"damage":0,"enemies":"Cultist","floor":2,"turns":3},{"damage":0,"enemies":"Small Slimes","floor":5,"turns":2},{"damage":0,"enemies":"Red Slaver","floor":10,"turns":1},{"damage":16,"enemies":"Lagavulin","floor":12,"turns":4},{"damage":4,"enemies":"Gremlin Gang","floor":13,"turns":2},{"damage":0,"enemies":"3 Sentries","floor":14,"turns":2},{"damage":20,"enemies":"Slime Boss","floor":16,"turns":8},{"damage":4,"enemies":"Shell Parasite","floor":18,"turns":2},{"damage":0,"enemies":"Spheric Guardian","floor":21,"turns":3},{"damage":6,"enemies":"Snecko","floor":22,"turns":3},{"damage":0,"enemies":"Slavers","floor":23,"turns":3},{"damage":13,"enemies":"Book of Stabbing","floor":27,"turns":3},{"damage":8,"enemies":"Cultist and Chosen","floor":28,"turns":4},{"damage":13,"enemies":"Shelled Parasite and Fungi","floor":30,"turns":3},{"damage":0,"enemies":"Centurion and Healer","floor":31,"turns":6},{"damage":77,"enemies":"Champ","floor":33,"turns":8}],"seed_played":"-8828058235505530808","potions_obtained":[{"floor":10,"key":"BlessingOfTheForge"},{"floor":13,"key":"Fire Potion"},{"floor":14,"key":"Block Potion"}],"is_trial":false,"path_per_floor":["M","M","$","?","M","R","$","?","T","M","R","E","M","E","R","B",null,"M","?","$","M","M","E","R","?","T","E","M","R","M","M","R","B"],"character_chosen":"THE_SILENT","items_purchased":["PreservedInsect","Backstab","Bag of Marbles","Prepared","Infinite Blades","Predator","Regen Potion"],"campfire_rested":0,"item_purchase_floors":[3,3,3,3,7,7,20],"current_hp_per_floor":[63,63,63,63,63,63,63,63,63,63,63,47,43,43,43,23,63,59,53,53,53,47,47,47,63,63,50,42,42,29,54,54,0,0],"gold":55,"neow_bonus":"TWO_FIFTY_GOLD","is_daily":false,"chose_seed":false,"campfire_upgraded":6,"win_rate":0.0,"timestamp":1610098362,"path_taken":["M","M","$","?","M","R","$","?","T","M","R","E","M","E","R","BOSS","M","?","$","M","M","E","R","?","T","E","?","R","?","M","R","BOSS"],"items_purchased_type":["Relic","Card","Relic","Card","Card","Card","Potion"],"build_version":"2020-12-22","purchased_purges":2,"victory":false,"max_hp_per_floor":[63,63,63,63,63,63,63,63,63,63,63,63,63,63,63,63,63,63,63,63,63,63,63,63,63,63,63,63,63,63,63,63,63,63],"card_choices":[{"not_picked":["Dagger Throw","Blade Dance"],"picked":"Cloak And Dagger","floor":1},{"not_picked":["Choke","Dodge and Roll"],"picked":"PiercingWail","floor":2},{"not_picked":["Poisoned Stab","Slice"],"picked":"Endless Agony","floor":5},{"not_picked":["Riddle With Holes","PiercingWail"],"picked":"Bouncing Flask","floor":10},{"not_picked":["Blade Dance","Poisoned Stab"],"picked":"Dagger Spray","floor":12},{"not_picked":["Noxious Fumes","Dagger Spray"],"picked":"Endless Agony","floor":13},{"not_picked":["Prepared","Bane"],"picked":"Endless Agony","floor":14},{"not_picked":["Storm of Steel","Envenom"],"picked":"Corpse Explosion","floor":16},{"not_picked":["Backflip","Skewer"],"picked":"Blur+1","floor":18},{"not_picked":["Poisoned Stab+1","Outmaneuver"],"picked":"Bouncing Flask+1","floor":21},{"not_picked":["Heel Hook","Riddle With Holes"],"picked":"Well Laid Plans","floor":22},{"not_picked":["Poisoned Stab","Noxious Fumes"],"picked":"Endless Agony+1","floor":23},{"not_picked":["Skewer","Leg Sweep","Dagger Spray+1"],"picked":"Night Terror","floor":27},{"not_picked":["Reflex","Acrobatics","Noxious Fumes"],"picked":"Outmaneuver+1","floor":28},{"not_picked":["Choke","Slice+1","Dagger Spray+1"],"picked":"Predator+1","floor":30},{"not_picked":["Finisher+1","Backflip","Outmaneuver"],"picked":"Glass Knife","floor":31}],"player_experience":320280,"relics_obtained":[{"floor":9,"key":"Art of War"},{"floor":12,"key":"Bag of Preparation"},{"floor":14,"key":"Ornamental Fan"},{"floor":23,"key":"Question Card"},{"floor":26,"key":"Toy Ornithopter"},{"floor":27,"key":"Bronze Scales"}],"event_choices":[{"damage_healed":0,"gold_gain":175,"player_choice":"AGREE","damage_taken":0,"max_hp_gain":0,"max_hp_loss":0,"event_name":"Liars Game","floor":4,"gold_loss":0,"cards_obtained":["Doubt"]},{"cards_removed":["Infinite Blades"],"damage_healed":0,"gold_gain":0,"player_choice":"Took Card","damage_taken":0,"max_hp_gain":0,"max_hp_loss":0,"event_name":"NoteForYourself","floor":8,"gold_loss":0,"cards_obtained":["Evolve"]},{"damage_healed":0,"gold_gain":0,"player_choice":"Joined the Cult","damage_taken":6,"max_hp_gain":0,"max_hp_loss":0,"event_name":"Nest","floor":19,"gold_loss":0,"cards_obtained":["RitualDagger"]},{"cards_removed":["Endless Agony"],"damage_healed":16,"gold_gain":0,"player_choice":"Offered Uncommon","damage_taken":0,"max_hp_gain":0,"max_hp_loss":0,"event_name":"Bonfire Elementals","floor":25,"gold_loss":0}],"is_beta":false,"boss_relics":[{"not_picked":["Tiny House","SacredBark"],"picked":"Ectoplasm"}],"items_purged_floors":[7,20],"is_endless":false,"potions_floor_spawned":[10,13,14,21,23],"killed_by":"Champ","ascension_level":0}}