{"host":"ci7cmvrwpmzqnw7e","time":1610141404,"event":{"mods":["BaseMod","BetterRewards","Colored Map","Downfall","Hubris","Minty Spire (QoL Compilation)","Rare Cards Sparkle","Replay The Spire","Shop Mod","StSLib","The Bug Knight"],"gold_per_floor":[99,113,98,198,208,208,208,226,244,244,244,255,268,296,312,415,415,415,433,453,468,568,581,581,581,597,616,38,58,58,69,79,184,184,184,198,215,262,362,373,373,393,421,435,449,449,468,436,447,447],"floor_reached":51,"playtime":2499,"items_purged":[],"score":743,"play_id":"c4835540-9c75-4bc4-922e-b8eb22c7d1d5","local_time":"20210108143004","is_ascension_mode":false,"campfire_choices":[{"data":"Slimebound:CorrosiveSpit","floor":1,"key":"SMITH"},{"data":"Slimebound:Tackle","floor":6,"key":"SMITH"},{"data":"Slimebound:SplitLeeching","floor":10,"key":"SMITH"},{"data":"Slimebound:DuplicatedForm","floor":18,"key":"SMITH"},{"data":"Slimebound:Overexert","floor":30,"key":"SMITH"},{"data":"Slimebound:OneTwoCombo","floor":35,"key":"SMITH"}],"circlet_count":0,"master_deck":["Slimebound:Strike_Slimebound","Slimebound:Strike_Slimebound","Slimebound:Strike_Slimebound","Slimebound:Tackle+1","Slimebound:Defend_Slimebound","Slimebound:Defend_Slimebound","Slimebound:Defend_Slimebound","Slimebound:Defend_Slimebound","Slimebound:Split+1","Slimebound:CorrosiveSpit+1","Slimebound:SplitMire","Slimebound:SplitLeeching+1","Slimebound:SplitAcid","Slimebound:ServeAndProtect","Slimebound:SplitMire","Slimebound:DuplicatedForm+1","Slimebound:ServeAndProtect+1","Slimebound:OneTwoCombo+1","Slimebound:DivideAndConquer","Slimebound:RainOfGoop","Slimebound:SplitLeeching+1","Slimebound:Overexert+1","ReplayTheSpireMod:Brewmster","Slimebound:SplitAcid","Slimebound:ForwardTackle+1","Slimebound:OneTwoCombo+1","Slimebound:SplitAcid","Slimebound:RainOfGoop+1","Slimebound:SlimeTap+1","Slimebound:SplitLeeching+1","Slimebound:SplitBruiser","Parasite","Slimebound:OozeBath","Slimebound:Repurpose","Slimebound:SlimeBrawl"],"relics":["Slimebound:AbsorbEndCombat","Pocketwatch","hubris:Towel","Bird Faced Urn","hubris:VirtuousBlindfold","Toy Ornithopter","Replay:WaspNest","Sling","hubris:Backtick","Slimebound:MaxSlimesRelic","Replay:Towering Pillar of Hats","hubris:SphereOfDissonance","Replay:Baseball","HandDrill","ReplayFunnel"],"acts_visited":["Exordium","TheCity","TheBeyond"],"potions_floor_usage":[16,26,26,26,31,31,33,33,33,40,44,44,44,45,50,50],"damage_taken":[{"damage":11,"enemies":"2 Louse","floor":2,"turns":2},{"damage":11,"enemies":"downfall:FleeingMerchant","floor":3,"turns":4},{"damage":8,"enemies":"Cultist","floor":5,"turns":4},{"damage":13,"enemies":"Small Slimes","floor":8,"turns":3},{"damage":34,"enemies":"Exordium Thugs","floor":9,"turns":4},{"damage":20,"enemies":"Blue Slaver","floor":12,"turns":3},{"damage":21,"enemies":"Large Slime","floor":13,"turns":4},{"damage":38,"enemies":"3 Sentries","floor":14,"turns":6},{"damage":34,"enemies":"Exordium Wildlife","floor":15,"turns":3},{"damage":71,"enemies":"downfall:Watcher","floor":16,"turns":9},{"damage":54,"enemies":"Shell Parasite","floor":19,"turns":5},{"damage":41,"enemies":"Centurion and Healer","floor":20,"turns":6},{"damage":46,"enemies":"Shelled Parasite and Fungi","floor":21,"turns":5},{"damage":33,"enemies":"Snake Plant","floor":23,"turns":3},{"damage":82,"enemies":"Cultist and Chosen","floor":26,"turns":7},{"damage":37,"enemies":"Shelled Parasite and Fungi","floor":27,"turns":4},{"damage":42,"enemies":"downfall:FleeingMerchant","floor":28,"turns":4},{"damage":20,"enemies":"Snake Plant","floor":29,"turns":3},{"damage":27,"enemies":"3 Cultists","floor":31,"turns":4},{"damage":44,"enemies":"Snecko","floor":32,"turns":4},{"damage":73,"enemies":"downfall:Silent","floor":33,"turns":4},{"damage":26,"enemies":"3 Darklings","floor":36,"turns":2},{"damage":13,"enemies":"3 Shapes","floor":37,"turns":3},{"damage":14,"enemies":"2 Orb Walkers","floor":38,"turns":2},{"damage":4,"enemies":"Transient","floor":40,"turns":1},{"damage":35,"enemies":"Jaw Worm Horde","floor":42,"turns":3},{"damage":46,"enemies":"Reptomancer","floor":43,"turns":3},{"damage":25,"enemies":"4 Shapes","floor":44,"turns":3},{"damage":36,"enemies":"Spire Growth","floor":45,"turns":3},{"damage":24,"enemies":"Writhing Mass","floor":47,"turns":3},{"damage":29,"enemies":"downfall:FleeingMerchant","floor":48,"turns":3},{"damage":33,"enemies":"3 Darklings","floor":49,"turns":3},{"damage":38,"enemies":"downfall:Defect","floor":50,"turns":3}],"seed_played":"1702801215937057841","potions_obtained":[{"floor":2,"key":"SpeedPotion"},{"floor":9,"key":"Swift Potion"},{"floor":12,"key":"SkillPotion"},{"floor":14,"key":"Block Potion"},{"floor":19,"key":"Fire Potion"},{"floor":20,"key":"PowerPotion"},{"floor":23,"key":"ColorlessPotion"},{"floor":25,"key":"CultistPotion"},{"floor":27,"key":"Strength Potion"},{"floor":36,"key":"Block Potion"},{"floor":43,"key":"champ:CounterPotion"},{"floor":45,"key":"DuplicationPotion"},{"floor":47,"key":"Slimebound:SlimyTonguePotion"},{"floor":49,"key":"Energy Potion"}],"is_trial":false,"path_per_floor":["R","M","$","?","M","R","T","M","M","R","?","M","M","E","M","B",null,"R","M","M","M","?","M","T","?","M","M","$","M","R","M","M","B",null,"R","M","M","?","?","M","T","M","E","M","M","?","M","$","M","B",null],"character_chosen":"SLIMEBOUND","items_purchased":["ReplayTheSpireMod:Brewmster","Replay:WaspNest","Sling","HandDrill","Slimebound:SlimeBrawl","ReplayFunnel"],"campfire_rested":0,"item_purchase_floors":[28,28,28,48,48,48],"current_hp_per_floor":[60,57,60,60,60,60,60,59,46,46,46,46,57,50,48,25,60,60,49,60,50,50,49,49,49,48,54,60,54,54,60,45,31,60,60,56,59,60,60,60,60,43,35,53,60,60,56,60,43,60],"gold":447,"neow_bonus":"UPGRADE_CARD","is_daily":false,"chose_seed":false,"campfire_upgraded":6,"win_rate":0.0,"timestamp":1610141404,"path_taken":["R","M","$","?","M","R","T","?","M","R","?","M","M","E","M","BOSS","R","M","M","M","?","M","T","?","M","M","$","M","R","M","M","BOSS","R","M","M","?","?","?","T","M","E","M","M","?","M","$","M","BOSS"],"items_purchased_type":["Card","Relic","Relic","Relic","Card","Relic"],"build_version":"2020-12-22","purchased_purges":0,"victory":true,"max_hp_per_floor":[60,60,60,60,60,60,60,60,60,60,60,60,60,60,60,60,60,60,60,60,60,60,60,60,60,60,60,60,60,60,60,60,60,60,60,60,60,60,60,60,60,60,60,60,60,60,60,60,60,60],"card_choices":[{"not_picked":["Slimebound:Prepare","Slimebound:ComboTackle","Slimebound:RollThrough"],"picked":"SKIP","floor":2},{"not_picked":["Slimebound:ItLooksTasty","Slimebound:FirmFortitude","Slimebound:GoopSpray"],"picked":"SKIP","floor":3},{"not_picked":["Slimebound:RollThrough","Slimebound:TongueLash","Slimebound:FinishingTackle"],"picked":"SKIP","floor":5},{"not_picked":["Slimebound:Schlurp","Slimebound:GoopSpray"],"picked":"Slimebound:SplitMire","floor":8},{"not_picked":["Slimebound:DouseInSlime","Slimebound:GoopSpray"],"picked":"Slimebound:SplitLeeching","floor":9},{"not_picked":["Slimebound:LeechEnergy","Slimebound:PressTheAttack"],"picked":"Slimebound:SplitAcid","floor":12},{"not_picked":["Slimebound:OneTwoCombo","Slimebound:DivideAndConquer"],"picked":"Slimebound:ServeAndProtect","floor":13},{"not_picked":["Slimebound:SamplingLick","Slimebound:Schlurp"],"picked":"Slimebound:SplitMire","floor":14},{"not_picked":["Slimebound:GoopTackle","Slimebound:RollThrough","Slimebound:FlameTackle"],"picked":"SKIP","floor":15},{"not_picked":["Slimebound:CheckThePlaybook","Slimebound:MassFeed"],"picked":"Slimebound:DuplicatedForm","floor":16},{"not_picked":["Slimebound:SamplingLick+1","Slimebound:RainOfGoop"],"picked":"Slimebound:ServeAndProtect+1","floor":19},{"not_picked":["Slimebound:PressTheAttack","Slimebound:Nibble"],"picked":"Slimebound:OneTwoCombo","floor":20},{"not_picked":["Slimebound:Nibble","Slimebound:Replication"],"picked":"Slimebound:DivideAndConquer","floor":21},{"not_picked":["Slimebound:Equalize+1","Slimebound:Chomp+1"],"picked":"Slimebound:RainOfGoop","floor":23},{"not_picked":["Slimebound:Schlurp","Slimebound:GoopSpray+1","Slimebound:SlimeSpikes+1"],"picked":"SKIP","floor":26},{"not_picked":["Slimebound:GoopSpray","Slimebound:PressTheAttack"],"picked":"Slimebound:SplitLeeching+1","floor":27},{"not_picked":["Slimebound:LeechingTouch","Slimebound:SamplingLick"],"picked":"Slimebound:Overexert","floor":28},{"not_picked":["Slimebound:RollThrough","Slimebound:ComboTackle","Slimebound:SamplingLick"],"picked":"SKIP","floor":29},{"not_picked":["Slimebound:DisruptingSlam","Slimebound:SlimeSpikes"],"picked":"Slimebound:SplitAcid","floor":31},{"not_picked":["Slimebound:Chomp","Slimebound:ComboTackle"],"picked":"Slimebound:ForwardTackle+1","floor":32},{"not_picked":["Slimebound:RallyTheTroops","Slimebound:WasteNot"],"picked":"Slimebound:OneTwoCombo","floor":33},{"not_picked":["Slimebound:RainOfGoop","Slimebound:LeechEnergy","Slimebound:GoopSpray+1"],"picked":"SKIP","floor":36},{"not_picked":["Slimebound:LeechEnergy","Slimebound:HauntingLick","Slimebound:LivingWall+1"],"picked":"SKIP","floor":37},{"not_picked":["Slimebound:LeechEnergy","Slimebound:DivideAndConquer+1"],"picked":"Slimebound:SplitAcid","floor":38},{"not_picked":["Slimebound:Schlurp","Slimebound:RollThrough+1"],"picked":"Slimebound:RainOfGoop+1","floor":40},{"not_picked":["Slimebound:SlimeBarrage","Slimebound:ServeAndProtect+1"],"picked":"Slimebound:SlimeTap+1","floor":42},{"not_picked":["Slimebound:TongueLash","Slimebound:Prepare+1","Slimebound:RainOfGoop"],"picked":"SKIP","floor":43},{"not_picked":["Slimebound:BestDefense","Slimebound:DivideAndConquer+1"],"picked":"Slimebound:SplitLeeching+1","floor":44},{"not_picked":["Slimebound:SlimeSpikes+1","Slimebound:Schlurp"],"picked":"Slimebound:SplitBruiser","floor":45},{"not_picked":["Slimebound:RejuvenatingLick","Slimebound:Prepare"],"picked":"Slimebound:OozeBath","floor":47},{"not_picked":["Slimebound:ForwardTackle+1","Slimebound:PressTheAttack+1"],"picked":"Slimebound:Repurpose","floor":48},{"not_picked":["Slimebound:FlameTackle+1","Slimebound:SamplingLick","Slimebound:GoopSpray+1"],"picked":"SKIP","floor":49}],"player_experience":19922,"relics_obtained":[{"floor":7,"key":"Pocketwatch"},{"floor":14,"key":"Bird Faced Urn"},{"floor":24,"key":"Toy Ornithopter"},{"floor":38,"key":"Replay:Towering Pillar of Hats"},{"floor":41,"key":"hubris:SphereOfDissonance"},{"floor":43,"key":"Replay:Baseball"}],"event_choices":[{"damage_healed":0,"gold_gain":0,"player_choice":"Fight","damage_taken":0,"max_hp_gain":0,"max_hp_loss":0,"event_name":"Mysterious Sphere","floor":38,"gold_loss":0},{"damage_healed":0,"gold_gain":0,"player_choice":"Forge","damage_taken":0,"max_hp_gain":0,"max_hp_loss":0,"event_name":"Accursed Blacksmith","floor":46,"gold_loss":0,"cards_upgraded":["Slimebound:OneTwoCombo"]}],"is_beta":false,"boss_relics":[{"not_picked":["Cursed Key","hubris:CrackedHourglass"],"picked":"hubris:VirtuousBlindfold"},{"not_picked":["Slimebound:AbsorbEndCombatUpgraded","Philosopher\u0027s Stone"],"picked":"hubris:Backtick"}],"items_purged_floors":[],"is_endless":false,"potions_floor_spawned":[2,9,12,13,14,19,20,23,27,29,36,43,45,47,49],"ascension_level":0}}