{"host":"nsu382cuivk29rjh","time":1610114351,"event":{"mods":["BaseMod","Downfall","Minty Spire (QoL Compilation)","StSLib"],"gold_per_floor":[99,99,99,99,63,63,63,91,91,110,135,60,74,25,35,35,35,35],"floor_reached":16,"playtime":737,"items_purged":[],"score":117,"play_id":"f4490d1d-93bd-45de-b0f8-be0b0cbff8ec","local_time":"20210108215911","is_ascension_mode":true,"campfire_choices":[{"floor":1.0,"key":"RECALL"},{"data":"Guardian:DecasProtection","floor":6.0,"key":"SMITH"},{"floor":12,"key":"REST"}],"circlet_count":0,"master_deck":["Guardian:Strike_Guardian","Guardian:Strike_Guardian","Guardian:Strike_Guardian","Guardian:Defend_Guardian","Guardian:Defend_Guardian","Guardian:Defend_Guardian","Guardian:Defend_Guardian","Guardian:CurlUp","Guardian:TwinSlam","Guardian:TimeBomb","Guardian:StasisStrike","Guardian:DecasProtection+1","Guardian:PolyBeam","Guardian:MultiBeam","Guardian:Recover","Guardian:SentryBeam","Guardian:TimeCapacitor","Guardian:ArmoredProtocol"],"relics":["Guardian:ModeShifter","downfall:HeartsMalice","Mummified Hand","Nunchaku","Singing Bowl","downfall:HeartBlessingRed"],"acts_visited":[],"potions_floor_usage":[11],"damage_taken":[{"damage":0.0,"enemies":"Jaw Worm","floor":2.0,"turns":1.0},{"damage":0.0,"enemies":"Small Slimes","floor":4.0,"turns":1.0},{"damage":0.0,"enemies":"downfall:FleeingMerchant","floor":5.0,"turns":1.0},{"damage":26.0,"enemies":"Gremlin Nob","floor":8.0,"turns":5.0},{"damage":0.0,"enemies":"2 Louse","floor":10.0,"turns":2.0},{"damage":22,"enemies":"3 Sentries","floor":11,"turns":7},{"damage":10,"enemies":"2 Fungi Beasts","floor":13,"turns":4},{"damage":0,"enemies":"downfall:FleeingMerchant","floor":14,"turns":4},{"damage":11,"enemies":"Exordium Thugs","floor":15,"turns":4},{"damage":40,"enemies":"downfall:Silent","floor":16,"turns":8}],"seed_played":"-3186040110758926199","potions_obtained":[{"floor":8.0,"key":"Block Potion"},{"floor":11,"key":"LiquidMemories"},{"floor":13,"key":"Strength Potion"}],"is_trial":false,"path_per_floor":["R","M","?","M","$","R","T","E","?","M","E","R","M","$","M","B"],"character_chosen":"GUARDIAN","items_purchased":["Guardian:DecasProtection","Guardian:ArmoredProtocol"],"campfire_rested":1,"item_purchase_floors":[5,14],"current_hp_per_floor":[80,80,80,80,80,80,80,54,54,54,32,56,46,46,37,0,0,0],"gold":35,"neow_bonus":"THREE_ENEMY_KILL","is_daily":false,"chose_seed":false,"campfire_upgraded":1,"win_rate":0.0,"timestamp":1610114351,"path_taken":["R","M","?","M","$","R","T","E","?","M","E","R","M","$","M","BOSS"],"items_purchased_type":["Card","Card"],"build_version":"2020-12-22","purchased_purges":0,"victory":false,"max_hp_per_floor":[80,80,80,80,80,80,80,80,80,80,80,80,80,80,82,82,82,82],"card_choices":[{"not_picked":["Guardian:Clone","Guardian:Preprogram"],"picked":"Guardian:Gem_White","floor":2.0},{"not_picked":["Guardian:CrystalBeam","Guardian:TemporalStrike"],"picked":"Guardian:TimeBomb","floor":4.0},{"not_picked":["Guardian:GuardianWhirl","Guardian:ChargeCore"],"picked":"Guardian:StasisStrike","floor":5.0},{"not_picked":["Guardian:VentSteam","Guardian:MultiBeam"],"picked":"Guardian:PolyBeam","floor":8.0},{"not_picked":["Guardian:VentSteam","Guardian:Preprogram"],"picked":"Guardian:MultiBeam","floor":10.0},{"not_picked":["Guardian:ChargeUp","Guardian:Gem_Purple"],"picked":"Guardian:Recover","floor":11},{"not_picked":["Guardian:SpikerProtocol","Guardian:Planning"],"picked":"Guardian:SentryBeam","floor":13},{"not_picked":["Guardian:WalkerClaw","Guardian:PrismaticBarrier"],"picked":"Guardian:TimeCapacitor","floor":14},{"not_picked":["Guardian:RollAttack","Guardian:VentSteam","Guardian:CrystalBeam"],"picked":"Singing Bowl","floor":15}],"player_experience":1125921,"relics_obtained":[{"floor":7.0,"key":"Mummified Hand"},{"floor":8.0,"key":"Nunchaku"},{"floor":11,"key":"Singing Bowl"}],"event_choices":[],"is_beta":false,"boss_relics":[],"items_purged_floors":[],"is_endless":false,"potions_floor_spawned":[8,11,13],"killed_by":"downfall:Silent","ascension_level":2}}