{"host":"0hb9w7uizu7y13wj","time":1610067795,"event":{"mods":["Act Like it!","Aspiration","BaseMod","BetterRewards","Colored Map","Conspire","Downfall","Energized Spire","FTL Soundtrack","Friendly Minions","Halation","Hubris","Infinite Spire","Minty Spire (QoL Compilation)","Quick Restart","Replay The Spire","StSLib","Synergy Search","The Factory","The Hierophant","The Jungle","The Poker Player","Trackpad","everything is the same but u backflip on backflip","vexMod"],"gold_per_floor":[110,124,134,194,194,222,222,257,257,257,273,299,315,327,327,401,401,420,29,40,50,79,113,113,143,143,156,156,256,193,226,226,301,301,314,276,293,313,329,359,369,369,369],"floor_reached":42,"playtime":2770,"items_purged":["Defend_G","Defend_G","Strike_G"],"score":1770,"play_id":"b5d74ebe-7091-4948-917e-2a419322da67","local_time":"20210108010315","is_ascension_mode":true,"campfire_choices":[{"data":"Leg Sweep","floor":7.0,"key":"SMITH"},{"data":"Neutralize","floor":7.0,"key":"SMITH"},{"data":"expansioncontent:StudyTheSpire","floor":10.0,"key":"SMITH"},{"data":"Poisoned Stab","floor":10.0,"key":"SMITH"},{"data":"Tactician","floor":15.0,"key":"SMITH"},{"data":"Survivor","floor":15.0,"key":"SMITH"},{"data":"A Thousand Cuts","floor":24.0,"key":"SMITH"},{"data":"Bouncing Flask","floor":24.0,"key":"SMITH"},{"data":"Catalyst","floor":28.0,"key":"SMITH"},{"data":"Bouncing Flask","floor":28.0,"key":"SMITH"},{"data":"Replay:Poison Smokescreen","floor":32.0,"key":"SMITH"},{"data":"Survivor","floor":32.0,"key":"SMITH"}],"circlet_count":0,"master_deck":["AscendersBane","Strike_G","Strike_G","Strike_G","Strike_G","Defend_G","Defend_G","Defend_G","Survivor+1","Neutralize+1","Survivor+1","Poisoned Stab+1","expansioncontent:StudyTheSpire+1","Footwork+1","vexMod:StairwayStrike","Master of Strategy","Masterful Stab+1","Backstab","Leg Sweep+1","Tactician+1","Heel Hook","Backstab","A Thousand Cuts+1","Bouncing Flask+1","Catalyst+1","Finisher","Bouncing Flask+1","Replay:Poison Smokescreen+1","Poisoned Stab+1","Adrenaline+1","Noxious Fumes+1","Footwork+1"],"relics":["Ring of the Snake","DollysMirror","vexMod:CardConverter","vexMod:Spyglass","StrikeDummy","Pocketwatch","Snack Pack","Durian","trackpad:CultistFigurine","Paper Crane","halation:PenCase","Toy Ornithopter","MealTicket","aspiration:SeaSaltIceCream","Snake Skull","Boot","ChewingGum","Membership Card","Golden Egg","Red Mask","aspiration:AnachronicSnailShell","HornCleat","aspiration:FrozenJewel","vexMod:PlasmaPancake","vexMod:ScavengeHelm","hubris:SphereOfDissonance","infinitespire:Cupcake","Centennial Puzzle"],"acts_visited":["Exordium","TheCity","TheBeyond"],"potions_floor_usage":[],"damage_taken":[{"damage":0.0,"enemies":"Jaw Worm","floor":1.0,"turns":1.0},{"damage":0.0,"enemies":"conspire:RoseBush","floor":2.0,"turns":2.0},{"damage":0.0,"enemies":"Cultist","floor":3.0,"turns":2.0},{"damage":4.0,"enemies":"Gremlin Nob","floor":6.0,"turns":3.0},{"damage":0.0,"enemies":"Lagavulin","floor":8.0,"turns":5.0},{"damage":0.0,"enemies":"2 Fungi Beasts","floor":11.0,"turns":2.0},{"damage":4.0,"enemies":"Gremlin Nob","floor":12.0,"turns":3.0},{"damage":0.0,"enemies":"Looter","floor":13.0,"turns":3.0},{"damage":3.0,"enemies":"Blue Slaver","floor":14.0,"turns":2.0},{"damage":0.0,"enemies":"The Guardian","floor":16.0,"turns":8.0},{"damage":14.0,"enemies":"3 Byrds","floor":18.0,"turns":5.0},{"damage":0.0,"enemies":"Spheric Guardian","floor":20.0,"turns":1.0},{"damage":18.0,"enemies":"3 Cultists","floor":21.0,"turns":6.0},{"damage":16.0,"enemies":"Masked Bandits","floor":22.0,"turns":4.0},{"damage":0.0,"enemies":"conspire:SneckoGhost","floor":23.0,"turns":6.0},{"damage":0.0,"enemies":"Gremlin Leader","floor":25.0,"turns":6.0},{"damage":0.0,"enemies":"Snecko","floor":27.0,"turns":4.0},{"damage":0.0,"enemies":"Colosseum Slavers","floor":29.0,"turns":3.0},{"damage":0.0,"enemies":"Colosseum Nobs","floor":29.0,"turns":3.0},{"damage":4.0,"enemies":"Nightmare","floor":31.0,"turns":5.0},{"damage":29.0,"enemies":"conspire:MysteriousRune","floor":33.0,"turns":7.0},{"damage":0.0,"enemies":"3 Shapes","floor":35.0,"turns":2.0},{"damage":0.0,"enemies":"3 Darklings","floor":37.0,"turns":3.0},{"damage":0.0,"enemies":"Spire Growth","floor":38.0,"turns":3.0},{"damage":0.0,"enemies":"Maw","floor":39.0,"turns":4.0},{"damage":0.0,"enemies":"R_Hoarder","floor":40.0,"turns":4.0},{"damage":5.0,"enemies":"4 Shapes","floor":41.0,"turns":3.0},{"damage":0,"enemies":"Giant Head","floor":42,"turns":1}],"seed_played":"-5153171905796949555","potions_obtained":[{"floor":1.0,"key":"Reflective Coating"},{"floor":3.0,"key":"Reflective Coating"},{"floor":8.0,"key":"PowerPotion"},{"floor":14.0,"key":"Adrenaline Potion"},{"floor":22.0,"key":"FearPotion"},{"floor":25.0,"key":"GhostInAJar"},{"floor":33.0,"key":"LiquidBronze"},{"floor":39.0,"key":"Strength Potion"}],"is_trial":false,"path_per_floor":["M","M","M","?","?","E","R","E","T","R","M","E","M","M","R","B",null,"M","$","M","M","?","E","R","E","T","M","R","?","$","NM","R","B",null,"M","$","M","M","M","E","M","E"],"character_chosen":"THE_SILENT","items_purchased":["DollysMirror","Poisoned Stab","expansioncontent:StudyTheSpire","vexMod:Spyglass","StrikeDummy","Footwork+1","Snack Pack","vexMod:StairwayStrike","trackpad:CultistFigurine","Paper Crane","Master of Strategy","Masterful Stab+1","halation:PenCase","Membership Card","Bouncing Flask","Golden Egg","Noxious Fumes"],"campfire_rested":0,"item_purchase_floors":[0,0,0,0,0,0,0,0,0,0,0,0,0,19,19,19,36],"current_hp_per_floor":[34,38,40,40,40,42,42,50,50,50,52,54,58,57,57,70,87,84,95,95,81,69,75,75,81,81,87,87,101,111,107,107,87,107,109,115,115,115,117,117,114,114,114],"gold":369,"neow_bonus":"","is_daily":false,"chose_seed":false,"campfire_upgraded":12,"win_rate":0.0,"timestamp":1610067795,"path_taken":["M","M","?","?","?","E","R","E","T","R","M","E","M","M","R","BOSS","M","?","?","M","?","E","R","E","T","M","R","?","$","NM","R","BOSS","M","?","?","?","M","E","M","E"],"items_purchased_type":["Relic","Card","Card","Relic","Relic","Card","Relic","Card","Relic","Relic","Card","Card","Relic","Relic","Card","Relic","Card"],"build_version":"2020-12-22","purchased_purges":3,"victory":false,"max_hp_per_floor":[81,83,83,83,83,85,85,87,87,87,87,89,91,91,91,93,93,93,95,95,97,97,99,99,101,101,103,103,111,111,111,111,113,113,113,115,115,115,117,117,117,117,117],"card_choices":[{"not_picked":["Cloak And Dagger","Flechettes","Quick Slash"],"picked":"SKIP","floor":1.0},{"not_picked":["Prepared","Dash"],"picked":"Backstab","floor":2.0},{"not_picked":["Escape Plan","Flying Knee","Prepared"],"picked":"SKIP","floor":3.0},{"not_picked":["Accuracy","Outmaneuver"],"picked":"Leg Sweep","floor":6.0},{"not_picked":["ReplayTheSpireMod:Exploit Weakness","conspire:DoublingDagger"],"picked":"Tactician","floor":8.0},{"not_picked":["Fluid Movement","Distraction","Underhanded Strike"],"picked":"SKIP","floor":11.0},{"not_picked":["Dagger Spray","Flying Knee"],"picked":"Heel Hook","floor":12.0},{"not_picked":["Deflect","All Out Attack"],"picked":"Backstab","floor":13.0},{"not_picked":["Infinite Blades","Dagger Spray","Terror"],"picked":"SKIP","floor":14.0},{"not_picked":["Replay:Bag of Tricks","Corpse Explosion"],"picked":"A Thousand Cuts","floor":16.0},{"not_picked":["Flying Knee","Dagger Throw","Backflip"],"picked":"SKIP","floor":18.0},{"not_picked":["conspire:PoisonWeapons","Quick Slash+1","Dodge and Roll"],"picked":"SKIP","floor":20.0},{"not_picked":["Flying Knee","ReplayTheSpireMod:Scrap Shanks"],"picked":"Catalyst","floor":21.0},{"not_picked":["Prepared","Bane"],"picked":"Finisher","floor":23.0},{"not_picked":["Quick Slash","Dagger Spray+1"],"picked":"Bouncing Flask","floor":25.0},{"not_picked":["Atom Bomb","hubris:SlightOfHand"],"picked":"Replay:Poison Smokescreen","floor":27.0},{"not_picked":["Quick Slash","PiercingWail+1"],"picked":"Poisoned Stab+1","floor":29.0},{"not_picked":["Tactician","PiercingWail+1","Hidden Blade"],"picked":"SKIP","floor":31.0},{"not_picked":["Bullet Time","Unload"],"picked":"Adrenaline","floor":33.0},{"not_picked":["Fluid Movement","Finisher","Dagger Throw"],"picked":"SKIP","floor":35.0},{"not_picked":["Prepared","Sucker Punch","Bane"],"picked":"SKIP","floor":37.0},{"not_picked":["Escape Plan","Prepared","hubris:Sniper+1"],"picked":"SKIP","floor":38.0},{"not_picked":["Flechettes","hubris:SlightOfHand+1"],"picked":"Footwork+1","floor":39.0},{"not_picked":["Leg Sweep","Poisoned Stab","Expertise+1"],"picked":"SKIP","floor":40.0},{"not_picked":["Caltrops","PiercingWail","Blade Dance+1"],"picked":"SKIP","floor":41.0}],"player_experience":928305,"relics_obtained":[{"floor":6.0,"key":"Toy Ornithopter"},{"floor":8.0,"key":"MealTicket"},{"floor":9.0,"key":"aspiration:SeaSaltIceCream"},{"floor":12.0,"key":"Boot"},{"floor":22.0,"key":"Red Mask"},{"floor":23.0,"key":"aspiration:AnachronicSnailShell"},{"floor":25.0,"key":"HornCleat"},{"floor":26.0,"key":"aspiration:FrozenJewel"},{"floor":29.0,"key":"vexMod:PlasmaPancake"},{"floor":29.0,"key":"vexMod:ScavengeHelm"},{"floor":31.0,"key":"hubris:SphereOfDissonance"},{"floor":40.0,"key":"Centennial Puzzle"}],"event_choices":[{"damage_healed":0.0,"max_hp_gain":0.0,"max_hp_loss":0.0,"gold_gain":60.0,"event_name":"Golden Wing","player_choice":"Gained Gold","floor":4.0,"gold_loss":0.0,"damage_taken":0.0},{"damage_healed":0.0,"max_hp_gain":0.0,"max_hp_loss":0.0,"gold_gain":0.0,"event_name":"Masked Bandits","player_choice":"Fought Bandits","floor":22.0,"gold_loss":0.0,"damage_taken":0.0},{"damage_healed":0.0,"max_hp_gain":0.0,"max_hp_loss":0.0,"gold_gain":0.0,"event_name":"Colosseum","player_choice":"Fight","floor":29.0,"gold_loss":0.0,"damage_taken":0.0},{"damage_healed":0.0,"max_hp_gain":0.0,"max_hp_loss":0.0,"gold_gain":0.0,"event_name":"Colosseum","player_choice":"Fought Nobs","floor":29.0,"gold_loss":0.0,"damage_taken":0.0}],"is_beta":false,"boss_relics":[{"not_picked":["Replay:Drink Me","aspiration:DefectSkillbook"],"picked":"ChewingGum"},{"not_picked":["Velvet Choker","SacredBark"],"picked":"infinitespire:Cupcake"}],"items_purged_floors":[0,19,30],"is_endless":false,"potions_floor_spawned":[1,3,8,13,14,22,25,29,29,33,35,37,39,41],"killed_by":"Giant Head","ascension_level":20}}