{"host":"tjicewryrzew529r","time":1610123598,"event":{"mods":["AchievementEnabler","BaseMod","Block Reminder","Colored Map","Downfall","Highlight Path","Minty Spire (QoL Compilation)","StSLib"],"gold_per_floor":[0,17,2,2,17,17,65,65,165,194,214,26,126,142,171,284,284,284,306,61,88,88,6,6,40,72,72,92,92,168,197,242,348,348,348,366,388,41,108,34,34,91,91,144,144,209,59,102,124,124],"floor_reached":51,"playtime":3798,"items_purged":["hexamod:Strike","hexamod:Strike","hexamod:Defend","hexamod:Strike","hexamod:Defend+1"],"score":893,"play_id":"b33c2d29-a11c-4df8-8836-232a27bfc2c2","local_time":"20210109003318","is_ascension_mode":true,"campfire_choices":[{"data":"hexamod:FlamesFromBeyond","floor":1.0,"key":"SMITH"},{"data":"hexamod:SoulSteal","floor":8.0,"key":"SMITH"},{"data":"hexamod:HeatShield","floor":18.0,"key":"SMITH"},{"floor":27.0,"key":"REST"},{"floor":29.0,"key":"REST"},{"floor":35.0,"key":"RECALL"},{"data":"expansioncontent:StudyTheSpire","floor":43.0,"key":"SMITH"},{"floor":45,"key":"REST"},{"data":"expansioncontent:DashGenerateEvil","floor":47,"key":"SMITH"}],"circlet_count":0,"master_deck":["hexamod:Defend+1","hexamod:Sear","hexamod:Float+1","hexamod:FlamesFromBeyond+1","hexamod:GhostLash+1","hexamod:HeatShield+1","hexamod:SoulSteal+1","hexamod:FlamesFromBeyond","hexamod:CrushingStance+1","hexamod:HeatCrush","hexamod:SpectersWail+1","hexamod:ChargedBarrage","hexamod:PowerFromBeyond+1","hexamod:ExtraCrispy","hexamod:TimeOfNeed","hexamod:Toasty+1","hexamod:VolcanoVisage","Good Instincts","Master of Strategy","hexamod:RetreatToShadows+1","hexamod:HexaLevel","hexamod:VolcanoVisage","hexamod:SpectersWail+1","hexamod:FirstSeal","expansioncontent:StudyTheSpire+1","hexamod:FlamesFromBeyond+1","expansioncontent:DashGenerateEvil+1","hexamod:Incineration+1","hexamod:FlamesFromBeyond"],"relics":["hexamod:SpiritBrand","Orichalcum","CeramicFish","Question Card","Membership Card","Black Star","Frozen Eye","Happy Flower","downfall:KnowingSkull","Potion Belt","StrikeDummy","Lizard Tail","Blood Vial","hexamod:TheBrokenSeal","SlaversCollar","Ginger","MealTicket","Strawberry","downfall:HeartBlessingRed","downfall:HeartBlessingGreen","Oddly Smooth Stone","White Beast Statue"],"acts_visited":["Exordium","TheCity","TheBeyond"],"potions_floor_usage":[44,46,48,48,50,50,50],"damage_taken":[{"damage":0.0,"enemies":"Jaw Worm","floor":2.0,"turns":3.0},{"damage":0.0,"enemies":"downfall:FleeingMerchant","floor":3.0,"turns":4.0},{"damage":0.0,"enemies":"Small Slimes","floor":5.0,"turns":3.0},{"damage":20.0,"enemies":"Lagavulin","floor":10.0,"turns":9.0},{"damage":0.0,"enemies":"Cultist","floor":11.0,"turns":3.0},{"damage":0.0,"enemies":"downfall:FleeingMerchant","floor":12.0,"turns":4.0},{"damage":0.0,"enemies":"Exordium Wildlife","floor":14.0,"turns":3.0},{"damage":0.0,"enemies":"2 Fungi Beasts","floor":15.0,"turns":3.0},{"damage":19.0,"enemies":"downfall:Ironclad","floor":16.0,"turns":4.0},{"damage":15.0,"enemies":"Spheric Guardian","floor":19.0,"turns":5.0},{"damage":9.0,"enemies":"downfall:FleeingMerchant","floor":20.0,"turns":4.0},{"damage":4.0,"enemies":"3 Cultists","floor":21.0,"turns":4.0},{"damage":3.0,"enemies":"downfall:FleeingMerchant","floor":23.0,"turns":4.0},{"damage":3.0,"enemies":"Centurion and Healer","floor":25.0,"turns":6.0},{"damage":27.0,"enemies":"Slavers","floor":26.0,"turns":4.0},{"damage":28.0,"enemies":"Chosen and Byrds","floor":28.0,"turns":7.0},{"damage":18.0,"enemies":"downfall:FleeingMerchant","floor":30.0,"turns":4.0},{"damage":6.0,"enemies":"3 Cultists","floor":31.0,"turns":5.0},{"damage":5.0,"enemies":"Cultist and Chosen","floor":32.0,"turns":5.0},{"damage":8.0,"enemies":"downfall:Watcher","floor":33.0,"turns":7.0},{"damage":4.0,"enemies":"Orb Walker","floor":36.0,"turns":3.0},{"damage":8.0,"enemies":"3 Darklings","floor":37.0,"turns":4.0},{"damage":31.0,"enemies":"Writhing Mass","floor":39.0,"turns":5.0},{"damage":9.0,"enemies":"Jaw Worm Horde","floor":42.0,"turns":4.0},{"damage":24,"enemies":"Spire Growth","floor":44,"turns":6},{"damage":3,"enemies":"Giant Head","floor":46,"turns":6},{"damage":20,"enemies":"Reptomancer","floor":48,"turns":5},{"damage":21,"enemies":"Sphere and 2 Shapes","floor":49,"turns":4},{"damage":40,"enemies":"downfall:Silent","floor":50,"turns":6}],"seed_played":"6268958540498480706","potions_obtained":[{"floor":5.0,"key":"DistilledChaos"},{"floor":10.0,"key":"EssenceOfSteel"},{"floor":11.0,"key":"SkillPotion"},{"floor":19.0,"key":"hexamod:InfernoChargePotion"},{"floor":25.0,"key":"Energy Potion"},{"floor":28.0,"key":"Strength Potion"},{"floor":30.0,"key":"CultistPotion"},{"floor":31.0,"key":"GamblersBrew"},{"floor":31.0,"key":"EssenceOfSteel"},{"floor":39.0,"key":"Explosive Potion"},{"floor":46,"key":"Energy Potion"},{"floor":48,"key":"DistilledChaos"}],"is_trial":false,"path_per_floor":["R","M","$","?","M","?","T","R","?","E","M","$","?","M","M","B",null,"R","M","$","M","?","$","T","M","E","R","M","R","$","M","M","B",null,"R","M","M","$","M","$","T","M","R","M","R","E","R","E","M","B",null],"character_chosen":"THE_SPIRIT","items_purchased":["Membership Card","Frozen Eye","Happy Flower","Guardian:BlockOnCardUsePotion","hexamod:TimeOfNeed","sneckomod:MuddlingPotion","Blood Vial","Good Instincts","Master of Strategy","DistilledChaos","LiquidMemories","Ginger","hexamod:FirstSeal","expansioncontent:StudyTheSpire","expansioncontent:DashGenerateEvil"],"campfire_rested":3,"item_purchase_floors":[12,20,20,20,23,23,30,30,30,30,30,38,38,38,40],"current_hp_per_floor":[70,70,70,63,63,63,63,63,63,43,43,43,43,43,43,24,70,70,55,46,42,35,32,32,29,9,30,9,30,19,22,80,72,80,80,76,70,70,48,48,48,48,48,33,57,70,70,59,40,2],"gold":124,"neow_bonus":"TRANSFORM_TWO_CARDS","is_daily":false,"chose_seed":false,"campfire_upgraded":5,"win_rate":0.0,"timestamp":1610123598,"path_taken":["R","M","$","?","M","?","T","R","?","E","M","$","?","M","M","BOSS","R","M","$","M","?","$","T","?","E","R","M","R","$","M","M","BOSS","R","M","M","$","M","$","T","M","R","M","R","E","R","E","M","BOSS"],"items_purchased_type":["Relic","Relic","Relic","Potion","Card","Potion","Relic","Card","Card","Potion","Potion","Relic","Card","Card","Card"],"build_version":"2020-12-22","purchased_purges":5,"victory":true,"max_hp_per_floor":[70,70,70,70,70,70,70,70,70,70,70,70,70,70,70,70,70,70,70,70,70,70,70,70,70,70,70,70,70,70,70,80,80,80,80,80,80,80,80,80,80,80,80,80,80,87,87,87,87,87],"card_choices":[{"not_picked":["hexamod:NightmareStrike","hexamod:BurningTouch"],"picked":"hexamod:HeatShield","floor":2.0},{"not_picked":["hexamod:GhostLash","hexamod:FastForward"],"picked":"hexamod:SoulSteal","floor":3.0},{"not_picked":["hexamod:ExtraCrispy","hexamod:Firestarter"],"picked":"hexamod:FlamesFromBeyond","floor":5.0},{"not_picked":["hexamod:ShieldOfDarkness","hexamod:EtherealExpedition","hexamod:NecessarySacrifice"],"picked":"SKIP","floor":10.0},{"not_picked":["hexamod:ThermalTransfer","hexamod:GhostOfSpireFuture","hexamod:NightmareGuise"],"picked":"hexamod:CrushingStance","floor":11.0},{"not_picked":["hexamod:ParanormalForm","hexamod:BacktrackSmack","hexamod:GhostLash"],"picked":"hexamod:HeatCrush","floor":12.0},{"not_picked":["hexamod:ThermalTransfer","hexamod:GhostOfSpireFuture","hexamod:SoulSteal","hexamod:CatchUp"],"picked":"SKIP","floor":14.0},{"not_picked":["hexamod:SwordOfDarkness","hexamod:BurningTouch","hexamod:FourthSeal"],"picked":"hexamod:SpectersWail","floor":15.0},{"not_picked":["hexamod:GhostflameInferno","hexamod:ParanormalForm","hexamod:VolcanoVisage"],"picked":"hexamod:SixthSeal","floor":16.0},{"not_picked":["hexamod:NightmareStrike+1","hexamod:ThermalTransfer","hexamod:HauntingEcho"],"picked":"hexamod:ChargedBarrage","floor":19.0},{"not_picked":["hexamod:Again+1","hexamod:Firestarter","hexamod:ShieldOfDarkness"],"picked":"hexamod:PowerFromBeyond+1","floor":20.0},{"not_picked":["hexamod:Hexaguard","hexamod:EmpoweredFlame","hexamod:ThermalTransfer"],"picked":"hexamod:ExtraCrispy","floor":21.0},{"not_picked":["hexamod:BurningTouch","hexamod:VolcanoVisage","hexamod:Hexaguard"],"picked":"hexamod:FifthSeal","floor":23.0},{"not_picked":["hexamod:FourthSeal","hexamod:SecondSeal","hexamod:ThirdSeal"],"picked":"hexamod:FirstSeal","floor":25.0},{"not_picked":["hexamod:SwordOfDarkness","hexamod:BurningTouch","hexamod:Hexaguard"],"picked":"hexamod:Toasty","floor":25.0},{"not_picked":["hexamod:AdvancingGuard","hexamod:NecessarySacrifice","hexamod:SixthSeal","hexamod:EmpoweredFlame"],"picked":"SKIP","floor":26.0},{"not_picked":["hexamod:SecondSeal","hexamod:SixthSeal","hexamod:FirstSeal"],"picked":"hexamod:FourthSeal","floor":28.0},{"not_picked":["hexamod:BacktrackSmack+1","hexamod:NecessarySacrifice","hexamod:HeatShield","hexamod:GhostShield"],"picked":"SKIP","floor":28.0},{"not_picked":["hexamod:FourthSeal","hexamod:SixthSeal","hexamod:SecondSeal"],"picked":"hexamod:ThirdSeal","floor":30.0},{"not_picked":["hexamod:RainOfEmbers","hexamod:NightmareStrike","hexamod:HeatCrush"],"picked":"hexamod:VolcanoVisage","floor":30.0},{"not_picked":["hexamod:FourthSeal","hexamod:FirstSeal","hexamod:SixthSeal"],"picked":"hexamod:SecondSeal","floor":31.0},{"not_picked":["hexamod:ShieldOfDarkness","hexamod:ChargedBarrage","hexamod:Firestarter","hexamod:SwordOfDarkness"],"picked":"SKIP","floor":31.0},{"not_picked":["hexamod:SwordOfDarkness","hexamod:RadiantFlame","hexamod:BacktrackSmack"],"picked":"hexamod:RetreatToShadows+1","floor":32.0},{"not_picked":["hexamod:Again","hexamod:Firestarter","hexamod:RainOfEmbers"],"picked":"hexamod:HexaLevel","floor":32.0},{"not_picked":["hexamod:TimeOfNeed","hexamod:ParanormalForm","hexamod:GhostflameInferno"],"picked":"hexamod:VolcanoVisage","floor":33.0},{"not_picked":["hexamod:Firestarter+1","hexamod:FourthSeal","hexamod:ShieldOfDarkness+1","hexamod:GhostLash+1"],"picked":"SKIP","floor":36.0},{"not_picked":["hexamod:SecondSeal","hexamod:RainOfEmbers","hexamod:ThermalTransfer"],"picked":"hexamod:SpectersWail+1","floor":37.0},{"not_picked":["hexamod:ThirdSeal","hexamod:SwordOfDarkness","hexamod:FastForward"],"picked":"hexamod:FlamesFromBeyond+1","floor":39.0},{"not_picked":["hexamod:AdvancingGuard+1","hexamod:Hexaguard","hexamod:HeatMetal","hexamod:NightmareStrike+1"],"picked":"SKIP","floor":42.0},{"not_picked":["hexamod:ChargedBarrage","hexamod:SwordOfDarkness+1","hexamod:GhostOfSpireFuture","hexamod:SkipABeat+1"],"picked":"SKIP","floor":44},{"not_picked":["hexamod:EmpoweredFlame","hexamod:InspiringFlames","hexamod:GhostShield","hexamod:SwordOfDarkness"],"picked":"SKIP","floor":46},{"not_picked":["hexamod:GhostShield","hexamod:ExtraCrispy","hexamod:HeatCrush+1"],"picked":"hexamod:Incineration+1","floor":48},{"not_picked":["hexamod:ShieldOfDarkness","hexamod:SixthSeal","hexamod:GhostLash"],"picked":"hexamod:FlamesFromBeyond","floor":49}],"player_experience":422227,"relics_obtained":[{"floor":7.0,"key":"CeramicFish"},{"floor":10.0,"key":"Question Card"},{"floor":24.0,"key":"Potion Belt"},{"floor":26.0,"key":"StrikeDummy"},{"floor":26.0,"key":"Lizard Tail"},{"floor":46,"key":"MealTicket"},{"floor":46,"key":"Strawberry"},{"floor":48,"key":"Oddly Smooth Stone"},{"floor":48,"key":"White Beast Statue"}],"event_choices":[{"damage_healed":0.0,"max_hp_gain":0.0,"max_hp_loss":0.0,"gold_gain":0.0,"event_name":"Scrap Ooze","player_choice":"Success","floor":4.0,"gold_loss":0.0,"damage_taken":7.0,"relics_obtained":["Orichalcum"]}],"is_beta":false,"boss_relics":[{"not_picked":["Philosopher\u0027s Stone","Snecko Eye"],"picked":"Black Star"},{"not_picked":["Calling Bell","Runic Dome"],"picked":"SlaversCollar"}],"items_purged_floors":[12,20,23,30,38],"is_endless":false,"potions_floor_spawned":[5,10,11,14,15,19,25,28,31,39,46,48,49],"ascension_level":1}}