{"host":"iy58fyt9wsbv4cf1","time":1610139225,"event":{"mods":["BaseMod","Better Altar","Better Match","Better Skull","Better Third Choice","BetterRewards","Conspire","Custom Start","Defuse TimeMaze Blight","Hubris","Infinite Spire","Minty Spire (QoL Compilation)","Permanent Neow","Quick Restart","Spicy Shops","StSLib"],"gold_per_floor":[119,119,138,151,163,189,199,231,282,294,294,294,304,379,379,481,481,481],"floor_reached":17,"playtime":440,"items_purged":[],"score":294,"play_id":"6c2472a0-c45b-4fb6-8293-2347324d8664","local_time":"20210108155345","is_ascension_mode":false,"campfire_choices":[{"data":"Accuracy","floor":12,"key":"SMITH"},{"floor":15,"key":"REST"}],"circlet_count":0,"master_deck":["Strike_G","Strike_G","Strike_G","Strike_G","Strike_G","Defend_G","Defend_G","Defend_G","Defend_G","Defend_G","Survivor","Neutralize","Accuracy+1","Blade Dance","Escape Plan","Backstab","Dagger Spray","Malaise","Accuracy","Envenom"],"relics":["Ring of the Snake","Frozen Eye","Shovel","FossilizedHelix","Ninja Scroll","hubris:PeanutButter","Turnip","infinitespire:Beetle Shell","Runic Dome"],"acts_visited":["Exordium","TheCity"],"potions_floor_usage":[],"damage_taken":[{"damage":0,"enemies":"conspire:RoseBush","floor":1,"turns":2},{"damage":0,"enemies":"Cultist","floor":3,"turns":3},{"damage":0,"enemies":"Small Slimes","floor":4,"turns":2},{"damage":0,"enemies":"2 Fungi Beasts","floor":5,"turns":1},{"damage":7,"enemies":"3 Sentries","floor":6,"turns":5},{"damage":0,"enemies":"Red Slaver","floor":7,"turns":1},{"damage":0,"enemies":"Gremlin Nob","floor":8,"turns":2},{"damage":0,"enemies":"Blue Slaver","floor":10,"turns":3},{"damage":0,"enemies":"Exordium Thugs","floor":13,"turns":3},{"damage":29,"enemies":"The Guardian","floor":16,"turns":12}],"seed_played":"-2092548449366031168","potions_obtained":[{"floor":1,"key":"Block Potion"},{"floor":6,"key":"GhostInAJar"},{"floor":7,"key":"Dexterity Potion"}],"is_trial":false,"path_per_floor":["M","?","M","M","M","E","M","E","T","M","?","R","M","?","R","B",null],"character_chosen":"THE_SILENT","items_purchased":["Frozen Eye","Shovel","FossilizedHelix","Accuracy","Blade Dance","Ninja Scroll","Escape Plan"],"campfire_rested":1,"item_purchase_floors":[0,0,0,0,0,0,0],"current_hp_per_floor":[28,28,28,28,28,21,21,21,21,21,21,21,21,10,31,2,70,70],"gold":481,"neow_bonus":"","is_daily":false,"chose_seed":false,"campfire_upgraded":1,"win_rate":0.0,"timestamp":1610139225,"path_taken":["M","?","?","M","?","E","M","E","T","M","?","R","M","?","R","BOSS"],"items_purchased_type":["Relic","Relic","Relic","Card","Card","Relic","Card"],"build_version":"2020-12-22","purchased_purges":0,"victory":false,"max_hp_per_floor":[70,70,70,70,70,70,70,70,70,70,70,70,70,70,70,70,70,70],"card_choices":[{"not_picked":["Terror","Catalyst","Leg Sweep"],"picked":"SKIP","floor":1},{"not_picked":["Infinite Blades","Reflex"],"picked":"Backstab","floor":3},{"not_picked":["Bane","Dodge and Roll"],"picked":"Dagger Spray","floor":4},{"not_picked":["Tactician","Poisoned Stab","Outmaneuver"],"picked":"SKIP","floor":5},{"not_picked":["Crippling Poison","Acrobatics","Riddle With Holes"],"picked":"SKIP","floor":6},{"not_picked":["Dagger Throw","Bane","Choke"],"picked":"SKIP","floor":7},{"not_picked":["Deadly Poison","Dodge and Roll","Malaise"],"picked":"SKIP","floor":8},{"not_picked":["Deadly Poison","Dodge and Roll"],"picked":"Malaise","floor":8},{"not_picked":["Acrobatics","Quick Slash"],"picked":"Accuracy","floor":10},{"not_picked":["Outmaneuver","Setup","Flying Knee"],"picked":"SKIP","floor":13},{"not_picked":["Grand Finale","Tools of the Trade"],"picked":"Envenom","floor":16}],"player_experience":47279,"relics_obtained":[{"floor":6,"key":"hubris:PeanutButter"},{"floor":8,"key":"Turnip"},{"floor":9,"key":"infinitespire:Beetle Shell"}],"event_choices":[{"damage_healed":0,"gold_gain":0,"player_choice":"Ignored","damage_taken":0,"max_hp_gain":0,"max_hp_loss":0,"event_name":"NoteForYourself","floor":2,"gold_loss":0},{"damage_healed":0,"gold_gain":75,"player_choice":"Gold","damage_taken":11,"max_hp_gain":0,"max_hp_loss":0,"event_name":"betterThird:BetterGoop","floor":14,"gold_loss":0}],"is_beta":false,"boss_relics":[{"not_picked":["Velvet Choker","Busted Crown"],"picked":"Runic Dome"}],"items_purged_floors":[],"is_endless":false,"potions_floor_spawned":[1,6,7,13,16],"ascension_level":0}}