{"host":"i9h64q9gphvrup4n","time":1610067617,"event":{"mods":["2.2 Compatiblity","AchievementEnabler","Aspiration","Astrologer","Bard","BaseMod","Beaked The Cultist","BetterRewards","Colored Powertips","Conspire","Downfall","Gremlin Mod","Hermit","Hubris","Infinite Spire","Jorbs\u0027s Wanderer Trilogy","Minty Spire (QoL Compilation)","Replay The Spire","Shop Mod","StSLib","SuperFastMode","The Blackbeard","The Bladedancer","The Bug Knight","The Construct","The Cursed","The Disciple","The Hierophant","The Jungle","The Necromancer","The Runesmith","The Wild Card","slay the spire mod where everything is the same but ironclad has a cowboy hat","vexMod"],"gold_per_floor":[116,116,313,0,15,42,61,94,94,106,106,125,136,154,154,228,228,243,243,253,253,253,279,279,309,309,309,309],"floor_reached":27,"playtime":961,"items_purged":[],"score":434,"play_id":"a29ef1ea-4c41-4c85-9176-8f120a2b6317","local_time":"20210107190017","is_ascension_mode":true,"campfire_choices":[{"floor":11,"key":"REST"},{"data":"Grasp_Heart","floor":24,"key":"SMITH"}],"circlet_count":0,"master_deck":["AscendersBane","Strike_W","Strike_W","Strike_W","Strike_W","Defend_W","Defend_W","Defend_W","Defend_W","Negative_Energy_Arrows","Bone_Wall","Strike_W","hexamod:Defend","vexMod:StairwayStrike","Negative_Energy_Burst","Summon_Undead_Army","Skeleton_Dragon","Death_March_Dance","Bone_Shift","Negative_Energy_Sphere","Bone_Shift+1","Summon_Undead_Army","Negative_Energy_Shield","Bone_Armor","Negative_Energy_Shield","Grasp_Heart+1","Bone_Shift+1","Bone_Bullets","Finger_Of_Death+1","Bones_to_Steel"],"relics":["Vampire_Amulet","Guardian:PocketSentry","hubris:TenFootPole","Onion Ring","hubris:ToyBattleship","conspire:Dentures","SlaversCollar","Black Star","vexMod:TimeEaterHat","Letter Opener","aspiration:EmptySkull","Omamori","ReplayTheSpireMod:TigerMarble","aspiration:FrozenJewel"],"acts_visited":["Exordium","TheCity"],"potions_floor_usage":[8,10,14,25,27],"damage_taken":[{"damage":19,"enemies":"Jaw Worm","floor":1,"turns":5},{"damage":0,"enemies":"2 Louse","floor":5,"turns":2},{"damage":2,"enemies":"HollowMod:MossKnight","floor":6,"turns":6},{"damage":0,"enemies":"Small Slimes","floor":7,"turns":2},{"damage":28,"enemies":"Lagavulin","floor":8,"turns":6},{"damage":1,"enemies":"Exordium Thugs","floor":10,"turns":2},{"damage":5,"enemies":"Gremlin Gang","floor":12,"turns":3},{"damage":0,"enemies":"2 Fungi Beasts","floor":13,"turns":3},{"damage":8,"enemies":"Exordium Thugs","floor":14,"turns":4},{"damage":28,"enemies":"Slime Boss","floor":16,"turns":8},{"damage":0,"enemies":"Chosen","floor":18,"turns":5},{"damage":9,"enemies":"Centurion and Healer","floor":20,"turns":7},{"damage":17,"enemies":"Replay:Snechameleon","floor":23,"turns":5},{"damage":33,"enemies":"conspire:SneckoGhost","floor":25,"turns":6},{"damage":25,"enemies":"Cultist and Chosen","floor":27,"turns":4}],"seed_played":"-2897230164867188814","potions_obtained":[{"floor":6,"key":"SteroidPotion"},{"floor":7,"key":"Regen Potion"},{"floor":13,"key":"SkillPotion"},{"floor":18,"key":"Swift Potion"},{"floor":23,"key":"AttackPotion"}],"is_trial":false,"path_per_floor":["M","?","?","$","M","E","M","E","T","M","R","M","M","M","R","B",null,"M","?","M","?","AVR","E","R","E","T","M"],"character_chosen":"NECROMANCER","items_purchased":["hubris:TenFootPole","Skeleton_Dragon"],"campfire_rested":1,"item_purchase_floors":[4,4],"current_hp_per_floor":[51,44,44,44,48,52,56,45,45,48,70,73,75,71,75,55,70,72,72,67,67,67,52,52,21,21,0,0],"gold":309,"neow_bonus":"RANDOM_COLORLESS_2","is_daily":false,"chose_seed":false,"campfire_upgraded":1,"win_rate":0.0,"timestamp":1610067617,"path_taken":["M","?","?","$","?","E","M","E","T","M","R","M","M","?","R","BOSS","M","?","M","?","AVR","E","R","E","T","M"],"items_purchased_type":["Relic","Card"],"build_version":"2020-12-22","purchased_purges":0,"victory":false,"max_hp_per_floor":[75,75,75,75,75,75,75,75,75,75,75,75,75,75,75,75,75,75,75,75,75,75,75,75,75,75,75,75],"card_choices":[{"not_picked":["Thinking Ahead","expansioncontent:Corrupt"],"picked":"vexMod:StairwayStrike","floor":0},{"not_picked":["Negative_Energy_Shield","Toxic_Smoke_Screen"],"picked":"Negative_Energy_Burst","floor":1},{"not_picked":["Bone_Shift","Pandemic"],"picked":"Summon_Undead_Army","floor":3},{"not_picked":["Exploit","Flesh_Made_Foul"],"picked":"Death_March_Dance","floor":5},{"not_picked":["Flesh_Made_Foul","Blood_Curse"],"picked":"Bone_Shift","floor":6},{"not_picked":["Negative_Energy_Mist","Toxic_Smoke_Screen"],"picked":"Negative_Energy_Sphere","floor":7},{"not_picked":["Blood_Is_Power","Necromantic_Selection"],"picked":"Bone_Shift","floor":8},{"not_picked":["Acid_Javelin","Chill_Blood"],"picked":"Summon_Undead_Army","floor":10},{"not_picked":["Death_Coil","Blood_Whip"],"picked":"Negative_Energy_Shield","floor":12},{"not_picked":["Spectral_Walk","Skeleton_Dragon"],"picked":"Bone_Armor","floor":13},{"not_picked":["Vampiric_Strike","Blood_Curse"],"picked":"Negative_Energy_Shield","floor":14},{"not_picked":["Blood_Magic","Cloudkill"],"picked":"Grasp_Heart","floor":16},{"not_picked":["Epidemic","Blood_for_Blood"],"picked":"Bone_Shift+1","floor":18},{"not_picked":["Slay_Living","Spectral_Armor"],"picked":"Bone_Bullets","floor":20},{"not_picked":["Scare","Shade_Step"],"picked":"Finger_Of_Death+1","floor":23},{"not_picked":["Scare","Spectral_Walk"],"picked":"Bones_to_Steel","floor":25}],"player_experience":692939,"relics_obtained":[{"floor":6,"key":"Onion Ring"},{"floor":8,"key":"hubris:ToyBattleship"},{"floor":9,"key":"conspire:Dentures"},{"floor":23,"key":"Letter Opener"},{"floor":23,"key":"aspiration:EmptySkull"},{"floor":25,"key":"Omamori"},{"floor":25,"key":"ReplayTheSpireMod:TigerMarble"},{"floor":26,"key":"aspiration:FrozenJewel"}],"event_choices":[{"damage_healed":0,"gold_gain":0,"player_choice":"Success","damage_taken":7,"relics_obtained":["Guardian:PocketSentry"],"max_hp_gain":0,"max_hp_loss":0,"event_name":"Scrap Ooze","floor":2,"gold_loss":0},{"damage_healed":0,"gold_gain":0,"player_choice":"Ignored","damage_taken":0,"max_hp_gain":0,"max_hp_loss":0,"event_name":"Vampires","floor":21,"gold_loss":0}],"is_beta":false,"boss_relics":[{"not_picked":["conspire:SeveredTorchhead","Calling Bell"],"picked":"SlaversCollar"}],"items_purged_floors":[],"is_endless":false,"potions_floor_spawned":[6,7,13,18,23],"killed_by":"Cultist and Chosen","ascension_level":13}}