{"host":"qdfumeom6htv8yxl","time":1610116118,"event":{"mods":["AchievementEnabler","BaseMod","Bestiary","Block Reminder","Minty Spire (QoL Compilation)","Quick Restart","Relic Stats"],"gold_per_floor":[115,190,25,38,38,38,38,38,38,54,80,80,153,172,172,172,172],"floor_reached":16,"playtime":1462,"items_purged":[],"score":196,"play_id":"530f8687-9c01-4613-952f-5f7f93498aa5","local_time":"20210108082838","is_ascension_mode":true,"campfire_choices":[{"floor":6.0,"key":"REST"},{"data":"Neutralize","floor":8.0,"key":"SMITH"},{"data":"Cloak And Dagger","floor":12,"key":"SMITH"},{"data":"Blade Dance","floor":15,"key":"SMITH"}],"circlet_count":0,"master_deck":["AscendersBane","Strike_G","Strike_G","Strike_G","Strike_G","Defend_G","Defend_G","Defend_G","Defend_G","Defend_G","Survivor","Neutralize+1","Cloak And Dagger+1","Crippling Poison+1","Blade Dance+1","Blur"],"relics":["Sozu","TwistedFunnel","HornCleat","MealTicket","White Beast Statue"],"acts_visited":[],"potions_floor_usage":[],"damage_taken":[{"damage":7.0,"enemies":"Jaw Worm","floor":1.0,"turns":5.0},{"damage":2.0,"enemies":"Small Slimes","floor":4.0,"turns":3.0},{"damage":0.0,"enemies":"Cultist","floor":10.0,"turns":3.0},{"damage":7.0,"enemies":"3 Sentries","floor":11.0,"turns":8.0},{"damage":0,"enemies":"Looter","floor":14,"turns":3},{"damage":46,"enemies":"Hexaghost","floor":16,"turns":12}],"seed_played":"3859850486684551258","potions_obtained":[],"is_trial":false,"path_per_floor":["M","?","$","M","?","R","?","R","T","M","E","R","T","M","R","B"],"character_chosen":"THE_SILENT","items_purchased":["TwistedFunnel"],"campfire_rested":1,"item_purchase_floors":[3],"current_hp_per_floor":[52,41,41,39,32,51,51,51,51,51,44,44,44,44,44,0,0],"gold":172,"neow_bonus":"BOSS_RELIC","is_daily":false,"chose_seed":false,"campfire_upgraded":3,"win_rate":0.0,"timestamp":1610116118,"path_taken":["M","?","$","M","?","R","?","R","T","?","E","R","?","M","R","BOSS"],"items_purchased_type":["Relic"],"build_version":"2020-12-22","purchased_purges":0,"victory":false,"max_hp_per_floor":[66,66,66,66,66,66,66,66,66,66,66,66,66,66,66,66,66],"relic_stats":{"Sozu":3,"counters":[6,34],"MealTicket":0,"obtain_stats":[{"Sozu":0,"TwistedFunnel":3,"HornCleat":9,"MealTicket":11,"White Beast Statue":13,"Ring of the Snake":0},{"Sozu":0,"TwistedFunnel":1,"HornCleat":2,"MealTicket":4,"White Beast Statue":4,"Ring of the Snake":0},{"Sozu":0,"TwistedFunnel":5,"HornCleat":8,"MealTicket":19,"White Beast Statue":19,"Ring of the Snake":0}]},"card_choices":[{"not_picked":["Concentrate","Eviscerate"],"picked":"Cloak And Dagger","floor":1.0},{"not_picked":["Setup","Dagger Spray"],"picked":"Crippling Poison","floor":4.0},{"not_picked":["Sucker Punch","Underhanded Strike"],"picked":"Blade Dance","floor":10.0},{"not_picked":["Prepared","Doppelganger"],"picked":"Blur","floor":11},{"not_picked":["Outmaneuver","Cloak And Dagger","Flying Knee"],"picked":"SKIP","floor":14}],"player_experience":1732990,"relics_obtained":[{"floor":9.0,"key":"HornCleat"},{"floor":11,"key":"MealTicket"},{"floor":13,"key":"White Beast Statue"}],"event_choices":[{"damage_healed":0.0,"max_hp_gain":0.0,"max_hp_loss":0.0,"gold_gain":75.0,"event_name":"World of Goop","player_choice":"Gather Gold","floor":2.0,"gold_loss":0.0,"damage_taken":11.0},{"cards_removed":["Strike_G"],"damage_healed":0.0,"max_hp_gain":0.0,"max_hp_loss":0.0,"gold_gain":0.0,"event_name":"Golden Wing","player_choice":"Card Removal","floor":5.0,"gold_loss":0.0,"damage_taken":7.0},{"damage_healed":0.0,"max_hp_gain":0.0,"max_hp_loss":0.0,"gold_gain":0.0,"event_name":"Accursed Blacksmith","player_choice":"Forge","floor":7.0,"gold_loss":0.0,"damage_taken":0.0,"cards_upgraded":["Crippling Poison"]}],"is_beta":false,"boss_relics":[],"items_purged_floors":[],"is_endless":false,"potions_floor_spawned":[1,11,14],"killed_by":"Hexaghost","ascension_level":20}}