{"host":"gsmj583br51y3r1c","time":1610125482,"event":{"mods":["AchievementEnabler","BaseMod","Better Note","Better Third Choice","Colored Map","Dark Map","Downfall","Fiend Mod","Hermit","Highlight Path","Hubris","Infinite Spire","Marisa????????","Minty Spire (QoL Compilation)","Permanent Neow","Quick Restart","StSLib","The Bug Knight","The Cursed","The Disciple","The Marked","The Mystic","The Runesmith","The Servant 0.9.4","everything is the same but u backflip on backflip"],"gold_per_floor":[369,385,385,213,213,213,227,54,126,139,139,139,139,51,51,182,182,202,202,117,123,123],"floor_reached":21,"playtime":1473,"items_purged":[],"score":165,"play_id":"f4c3b3dc-4753-4ed5-aa34-9547f4c1a107","local_time":"20210108190442","is_ascension_mode":false,"campfire_choices":[{"data":"Eruption","floor":6,"key":"SMITH"},{"data":"Mayhem","floor":11,"key":"SMITH"},{"data":"Perseverance","floor":13,"key":"SMITH"},{"data":"ClearTheMind","floor":15,"key":"SMITH"}],"circlet_count":0,"master_deck":["Strike_P","Strike_P","Strike_P","Strike_P","Defend_P","Defend_P","Defend_P","Eruption+1","Vigilance","Nirvana","Prostrate","EmptyBody","FlurryOfBlows","Devotion","Perseverance+1","BattleHymn","Mayhem+1","Adaptation","Injury","Nirvana","ClearTheMind+1","LessonLearned","EmptyBody"],"relics":["PureWater","infinitespire:Midas Blood","Golden Idol","Velvet Choker","hubris:SlimyHat"],"acts_visited":["Exordium","TheCity"],"potions_floor_usage":[16,16,21],"damage_taken":[{"damage":2,"enemies":"Small Slimes","floor":1,"turns":5},{"damage":2,"enemies":"Jaw Worm","floor":2,"turns":3},{"damage":0,"enemies":"2 Louse","floor":7,"turns":3},{"damage":5,"enemies":"2 Fungi Beasts","floor":10,"turns":5},{"damage":11,"enemies":"The Guardian","floor":16,"turns":8},{"damage":16,"enemies":"Shell Parasite","floor":18,"turns":5},{"damage":15,"enemies":"Sentry and Sphere","floor":21,"turns":4}],"seed_played":"-3449165996454980083","potions_obtained":[{"floor":2,"key":"PowerPotion"},{"floor":10,"key":"FearPotion"},{"floor":18,"key":"SpeedPotion"}],"is_trial":false,"path_per_floor":["M","M","?","$","?","R","M","$","T","M","R","?","R","$","R","B",null,"M","?","?","M"],"character_chosen":"WATCHER","items_purchased":["FlurryOfBlows","Devotion","Mayhem","Nirvana","ClearTheMind"],"campfire_rested":0,"item_purchase_floors":[4,4,8,14,14],"current_hp_per_floor":[49,47,47,47,47,47,47,47,47,42,42,42,42,42,42,31,72,56,56,56,41,41],"gold":123,"neow_bonus":"TWO_FIFTY_GOLD","is_daily":false,"chose_seed":false,"campfire_upgraded":4,"win_rate":0.0,"timestamp":1610125482,"path_taken":["M","M","?","$","?","R","M","?","T","M","R","?","R","$","R","BOSS","M","?","?","M"],"items_purchased_type":["Card","Card","Card","Card","Card"],"build_version":"2020-12-22","purchased_purges":0,"victory":false,"max_hp_per_floor":[72,72,72,72,72,72,72,72,72,72,72,72,72,72,72,72,72,72,72,72,72,72],"card_choices":[{"not_picked":["SignatureMove","CrushJoints"],"picked":"Nirvana","floor":1},{"not_picked":["Evaluate","WheelKick"],"picked":"Prostrate","floor":2},{"not_picked":["Crescendo","Collect"],"picked":"BattleHymn","floor":7},{"not_picked":["CutThroughFate","Evaluate"],"picked":"Adaptation","floor":10},{"not_picked":["Vault","Establishment"],"picked":"LessonLearned","floor":16},{"not_picked":["Crescendo","BowlingBash+1"],"picked":"EmptyBody","floor":18}],"player_experience":356771,"relics_obtained":[{"floor":9,"key":"infinitespire:Midas Blood"}],"event_choices":[{"damage_healed":0,"gold_gain":0,"cards_transformed":["Defend_P"],"player_choice":"Change","damage_taken":0,"max_hp_gain":0,"max_hp_loss":0,"event_name":"Living Wall","floor":3,"gold_loss":0,"cards_obtained":["EmptyBody"]},{"damage_healed":0,"gold_gain":0,"player_choice":"Take Wound","damage_taken":0,"relics_obtained":["Golden Idol"],"max_hp_gain":0,"max_hp_loss":0,"event_name":"Golden Idol","floor":12,"gold_loss":0,"cards_obtained":["Injury"]},{"cards_removed":["Injury"],"damage_healed":0,"gold_gain":0,"player_choice":"Give","damage_taken":0,"max_hp_gain":0,"max_hp_loss":0,"event_name":"betterNote:BetterNote","floor":19,"gold_loss":0,"cards_obtained":["hermit:Strike_Hermit"]},{"damage_healed":0,"gold_gain":0,"player_choice":"Obtained Relic","damage_taken":0,"relics_obtained":["hubris:SlimyHat"],"max_hp_gain":0,"max_hp_loss":0,"event_name":"Addict","floor":20,"gold_loss":85}],"is_beta":false,"boss_relics":[{"not_picked":["hubris:TerracottaHorce","Tiny House"],"picked":"Velvet Choker"}],"items_purged_floors":[],"is_endless":false,"potions_floor_spawned":[2,10,18],"killed_by":"Sentry and Sphere","ascension_level":0}}