{"host":"91blwi3hgehj6ch9","time":1610083522,"event":{"mods":["2.2 Compatiblity","AchievementEnabler","BaseMod","Colored Map","DeckTracker","Keyboard Shortcuts","Minty Spire (QoL Compilation)","Permanent Neow","Quick Restart","StSLib","SuperFastMode"],"gold_per_floor":[118,218,228,153,168,168,185,197,197,197,217,217,217,117,117,218,218,236,270,270,283,283,283,158,158,158],"floor_reached":25,"playtime":698,"items_purged":["Strike_R","Strike_R","Strike_R"],"score":220,"play_id":"1935e733-a72c-4215-a605-26f36b856ac8","local_time":"20210108142522","is_ascension_mode":true,"campfire_choices":[{"data":"Body Slam","floor":6.0,"key":"SMITH"},{"data":"Entrench","floor":10.0,"key":"SMITH"},{"data":"Warcry","floor":12.0,"key":"SMITH"},{"data":"Cleave","floor":15.0,"key":"SMITH"},{"data":"Impervious","floor":23,"key":"SMITH"}],"circlet_count":0,"master_deck":["Strike_R","Defend_R","Defend_R","Defend_R","Bash","Body Slam+1","Cleave+1","Warcry+1","Entrench+1","Impervious+1","Warcry+1","Sword Boomerang","Evolve"],"relics":["Black Blood","Orichalcum","Sundial","Red Mask"],"acts_visited":["Exordium","TheCity"],"potions_floor_usage":[21],"damage_taken":[{"damage":1.0,"enemies":"2 Louse","floor":1.0,"turns":2.0},{"damage":6.0,"enemies":"Cultist","floor":3.0,"turns":4.0},{"damage":5.0,"enemies":"Small Slimes","floor":5.0,"turns":4.0},{"damage":17.0,"enemies":"Exordium Thugs","floor":7.0,"turns":5.0},{"damage":13.0,"enemies":"Exordium Wildlife","floor":8.0,"turns":5.0},{"damage":5.0,"enemies":"Blue Slaver","floor":11.0,"turns":5.0},{"damage":37.0,"enemies":"The Guardian","floor":16.0,"turns":20.0},{"damage":10.0,"enemies":"2 Thieves","floor":18.0,"turns":4.0},{"damage":60,"enemies":"Masked Bandits","floor":19,"turns":8},{"damage":24,"enemies":"Chosen","floor":21,"turns":7},{"damage":33,"enemies":"3 Cultists","floor":25,"turns":4}],"seed_played":"-1581493130216161765","potions_obtained":[{"floor":1.0,"key":"Regen Potion"},{"floor":7.0,"key":"Fire Potion"},{"floor":11.0,"key":"Block Potion"},{"floor":18.0,"key":"LiquidBronze"}],"is_trial":false,"path_per_floor":["M","?","M","$","M","R","M","M","T","R","M","R","?","$","R","B",null,"M","?","?","M","?","R","$","M"],"character_chosen":"IRONCLAD","items_purchased":[],"campfire_rested":0,"item_purchase_floors":[],"current_hp_per_floor":[80,80,80,80,80,80,69,62,62,62,63,63,55,55,55,39,80,80,32,32,20,20,20,20,0,0],"gold":158,"neow_bonus":"RANDOM_COMMON_RELIC","is_daily":false,"chose_seed":false,"campfire_upgraded":5,"win_rate":0.0,"timestamp":1610083522,"path_taken":["M","?","?","$","M","R","M","M","T","R","M","R","?","?","R","BOSS","M","?","?","M","?","R","$","M"],"items_purchased_type":[],"build_version":"2020-12-22","purchased_purges":3,"victory":false,"max_hp_per_floor":[80,80,80,80,80,80,80,80,80,80,80,80,80,80,80,80,80,80,80,80,80,80,80,80,80,80],"card_choices":[{"not_picked":["Cleave","Headbutt"],"picked":"Body Slam","floor":1.0},{"not_picked":["Rampage","Sword Boomerang","Clothesline"],"picked":"SKIP","floor":3.0},{"not_picked":["Perfected Strike","Heavy Blade"],"picked":"Cleave","floor":5.0},{"not_picked":["Heavy Blade","Thunderclap"],"picked":"Warcry","floor":7.0},{"not_picked":["Carnage","Sword Boomerang"],"picked":"Entrench","floor":8.0},{"not_picked":["Clash","Clothesline","Heavy Blade"],"picked":"SKIP","floor":11.0},{"not_picked":["Double Tap","Reaper"],"picked":"Impervious","floor":16.0},{"not_picked":["Blood for Blood+1","Second Wind"],"picked":"Warcry+1","floor":18.0},{"not_picked":["Warcry","Armaments","Perfected Strike"],"picked":"SKIP","floor":21}],"player_experience":135316,"relics_obtained":[{"floor":9.0,"key":"Sundial"},{"floor":19,"key":"Red Mask"}],"event_choices":[{"damage_healed":0.0,"max_hp_gain":0.0,"max_hp_loss":0.0,"gold_gain":100.0,"event_name":"Golden Shrine","player_choice":"Pray","floor":2.0,"gold_loss":0.0,"damage_taken":0.0},{"damage_healed":0.0,"max_hp_gain":0.0,"max_hp_loss":0.0,"gold_gain":0.0,"event_name":"Wheel of Change","player_choice":"Damaged","floor":13.0,"gold_loss":0.0,"damage_taken":8.0},{"damage_healed":0,"gold_gain":0,"player_choice":"Fought Bandits","damage_taken":0,"max_hp_gain":0,"max_hp_loss":0,"event_name":"Masked Bandits","floor":19,"gold_loss":0},{"damage_healed":0,"gold_gain":0,"player_choice":"Ignored","damage_taken":0,"max_hp_gain":0,"max_hp_loss":0,"event_name":"Vampires","floor":20,"gold_loss":0},{"damage_healed":0,"gold_gain":0,"cards_transformed":["Strike_R","Defend_R"],"player_choice":"Became Test Subject","damage_taken":0,"max_hp_gain":0,"max_hp_loss":0,"event_name":"Drug Dealer","floor":22,"gold_loss":0,"cards_obtained":["Sword Boomerang","Evolve"]}],"is_beta":false,"boss_relics":[{"not_picked":["Ectoplasm","SlaversCollar"],"picked":"Black Blood"}],"items_purged_floors":[4,14,24],"is_endless":false,"potions_floor_spawned":[1,7,11,18],"killed_by":"3 Cultists","ascension_level":3}}