{"host":"w3q5ijqu8eoknil3","time":1610065660,"event":{"mods":["AchievementEnabler","BaseMod","Block Reminder","Colored Powertips","Curses Come First","Minty Spire (QoL Compilation)","Quick Restart","Relic Stats","StSLib","ojb\u0027s Better Paths Mod","ojb\u0027s Info Mod","slay the spire mod where everything is the same but ironclad has a cowboy hat"],"gold_per_floor":[111,124,137,137,137,137,162,162,162,173,173,186,261,286,286,286,286],"floor_reached":16,"playtime":486,"items_purged":[],"score":185,"play_id":"1f09112f-172c-4b79-914b-f252b922b01f","local_time":"20210108002740","is_ascension_mode":true,"campfire_choices":[{"data":"Skewer","floor":6,"key":"SMITH"},{"data":"Blade Dance","floor":8,"key":"SMITH"},{"floor":15,"key":"REST"}],"circlet_count":0,"master_deck":["AscendersBane","Strike_G","Strike_G","Strike_G","Strike_G","Defend_G","Defend_G","Defend_G","Defend_G","Defend_G+1","Survivor","Neutralize","Bullet Time+1","Dash","Skewer+1","Dagger Spray","Cloak And Dagger","Blade Dance+1","Leg Sweep","Sucker Punch","Burst"],"relics":["Ring of the Snake","HornCleat","Regal Pillow","Odd Mushroom"],"acts_visited":["Exordium"],"potions_floor_usage":[7,16],"damage_taken":[{"damage":5,"enemies":"Jaw Worm","floor":1,"turns":6},{"damage":5,"enemies":"Small Slimes","floor":2,"turns":5},{"damage":1,"enemies":"2 Louse","floor":3,"turns":4},{"damage":18,"enemies":"Gremlin Nob","floor":7,"turns":5},{"damage":0,"enemies":"2 Fungi Beasts","floor":10,"turns":2},{"damage":0,"enemies":"Blue Slaver","floor":12,"turns":3},{"damage":1,"enemies":"The Mushroom Lair","floor":14,"turns":6},{"damage":40,"enemies":"Slime Boss","floor":16,"turns":7}],"seed_played":"-1975672390627205716","potions_obtained":[{"floor":3,"key":"Energy Potion"},{"floor":14,"key":"FearPotion"}],"is_trial":false,"path_per_floor":["M","M","M","?","?","R","E","R","T","M","?","M","?","?","R","B"],"character_chosen":"THE_SILENT","items_purchased":[],"campfire_rested":1,"item_purchase_floors":[],"current_hp_per_floor":[54,49,48,53,53,53,35,35,35,35,14,14,3,2,38,0,0],"gold":286,"neow_bonus":"ONE_RANDOM_RARE_CARD","is_daily":false,"chose_seed":false,"campfire_upgraded":2,"win_rate":0.0,"timestamp":1610065660,"path_taken":["M","M","M","?","?","R","E","R","T","M","?","M","?","?","R","BOSS"],"items_purchased_type":[],"build_version":"2020-12-22","purchased_purges":0,"victory":false,"max_hp_per_floor":[66,66,66,71,71,71,71,71,71,71,71,71,71,71,71,71,71],"relic_stats":{"Regal Pillow":15,"counters":[8,38],"obtain_stats":[{"Regal Pillow":9,"HornCleat":7,"Odd Mushroom":14,"Ring of the Snake":0},{"Regal Pillow":4,"HornCleat":4,"Odd Mushroom":7,"Ring of the Snake":0},{"Regal Pillow":20,"HornCleat":20,"Odd Mushroom":31,"Ring of the Snake":0}],"Ring of the Snake":[16]},"card_choices":[{"not_picked":["Poisoned Stab","Bane"],"picked":"Dash","floor":1},{"not_picked":["Bane","Heel Hook"],"picked":"Skewer","floor":2},{"not_picked":["Acrobatics","Reflex"],"picked":"Dagger Spray","floor":3},{"not_picked":["Caltrops","All Out Attack"],"picked":"Blade Dance","floor":7},{"not_picked":["Acrobatics","Underhanded Strike"],"picked":"Leg Sweep","floor":10},{"not_picked":["Reflex","Dodge and Roll"],"picked":"Sucker Punch","floor":12},{"not_picked":["Finisher","Dodge and Roll"],"picked":"Burst","floor":14}],"player_experience":954654,"relics_obtained":[{"floor":7,"key":"HornCleat"},{"floor":9,"key":"Regal Pillow"},{"floor":14,"key":"Odd Mushroom"}],"event_choices":[{"damage_healed":0,"gold_gain":0,"player_choice":"Donut","damage_taken":0,"max_hp_gain":5,"max_hp_loss":0,"event_name":"Big Fish","floor":4,"gold_loss":0},{"damage_healed":0,"gold_gain":0,"cards_transformed":["Strike_G"],"player_choice":"Change","damage_taken":0,"max_hp_gain":0,"max_hp_loss":0,"event_name":"Living Wall","floor":5,"gold_loss":0,"cards_obtained":["Cloak And Dagger"]},{"damage_healed":0,"gold_gain":0,"player_choice":"Entered Light","damage_taken":21,"max_hp_gain":0,"max_hp_loss":0,"event_name":"Shining Light","floor":11,"gold_loss":0,"cards_upgraded":["Defend_G","Bullet Time"]},{"damage_healed":0,"gold_gain":75,"player_choice":"Gather Gold","damage_taken":11,"max_hp_gain":0,"max_hp_loss":0,"event_name":"World of Goop","floor":13,"gold_loss":0},{"damage_healed":0,"gold_gain":0,"player_choice":"Fought Mushrooms","damage_taken":0,"max_hp_gain":0,"max_hp_loss":0,"event_name":"Mushrooms","floor":14,"gold_loss":0}],"is_beta":false,"boss_relics":[],"items_purged_floors":[],"is_endless":false,"potions_floor_spawned":[3,14],"killed_by":"Slime Boss","ascension_level":17}}