{"host":"dxhqtkke6bt2qzoz","time":1610089889,"event":{"mods":["ATMod(阿瑾Mod)","Act Like it!","Arknights The Spire","Astrologer","BaseMod","Chen","Dota2Spire","Gensokyo","KinomotoSakuraMod(木之本樱)","Koishi","LagranYue(拉格朗・月)","Marisa（F雨　魔理沙）","Minty Spire (QoL Compilation)","Nova Terra(诺娃・泰拉)","Prisma Mod","Reimu（博丽灵梦）","Remilia（蕾米莉亚）","SIMod","StSLib","TestMod","The Dragon Tamer","The Marked","Waifu the Spire","WarShipGirlsR/战舰少女R mod","Yakumo Yukari mod","Youmu（魂魄妖梦）","Yuri Mod","Yuyuko","[IsaacMod]以撒尖塔","【遗物卡牌】REMEMod"],"gold_per_floor":[144,189,234,279,324,324,369,414,439,536,588,678,678,638,638,980,980,1039,1091,1136,1195,916,916,1120,1120,1145,1235,835,835,408,408,408,815,815,860,916,916],"floor_reached":36,"playtime":877,"items_purged":["DoctorFetus","AT_ChampionKick","Chen:Rush"],"score":566,"play_id":"db864494-328a-4c4b-a9d5-787b5bd053b3","local_time":"20210108151129","daily_mods":["Draft","Vintage","Midas"],"is_ascension_mode":false,"campfire_choices":[{"floor":6,"key":"REST"},{"floor":15,"key":"REST"},{"floor":23,"key":"REST"},{"floor":25,"key":"REST"},{"floor":32,"key":"REST"}],"circlet_count":0,"master_deck":["Apotheosis","Chen:Rush","Chen:Sweep","Chen:Shot","Chen:Sweep","Chen:Lacerate","Chen:Scratch","Chen:Instinct","Chen:Salvo","Chen:Barrier","Chen:Sweep","Chen:Instinct","Chen:Scratch","Chen:Rush","Chen:Barrier","Chen:Gash","Chen:SelfConfidence","Chen:PhoenixWings","Chen:CatPunch","Chen:Afterimages","Chen:RapidfireEvasive","Chen:Spray+1","Chen:FlankingStrike+1"],"relics":["Chen:Catnip","HushsDoor","REME_ComplimentaryCards","testmod-TestBox","AT_ATBox","SatanicBible","testmod-TimeTraveler","LagranYue:RandomDrawCardRelic","testmod-Justice","Eternal Feather","AT_ImmortalShieldbow","testmod-HeartOfStrike","Oddly Smooth Stone","SalivaCoin","Regal Pillow","Nunchaku","Dota2Spire:BladeMail","SacredBark","AT_ChloranthyRing","Bag of Preparation","testmod-TurbochargingSystem","AT_TheCollector","Chaos","AT_GoldPhoenixTree","Dota2Spire:ArmletOfMordiggian","Dota2Spire:CrimsonGuard","Dota2Spire:Mjollnir","Molten Egg 2","DeathBook"],"acts_visited":["Exordium","TheCity","TheBeyond"],"potions_floor_usage":[5,10,11,12,19,20,27,35],"damage_taken":[{"damage":0,"enemies":"2 Louse","floor":1,"turns":2},{"damage":0,"enemies":"Small Slimes","floor":2,"turns":1},{"damage":0,"enemies":"Jaw Worm","floor":3,"turns":2},{"damage":0,"enemies":"Gremlin Gang","floor":4,"turns":1},{"damage":0,"enemies":"2 Fungi Beasts","floor":5,"turns":1},{"damage":0,"enemies":"3 Louse","floor":7,"turns":1},{"damage":0,"enemies":"Blue Slaver","floor":8,"turns":2},{"damage":0,"enemies":"Gremlin Nob","floor":10,"turns":2},{"damage":0,"enemies":"Exordium Thugs","floor":11,"turns":2},{"damage":0,"enemies":"3 Sentries","floor":12,"turns":1},{"damage":18,"enemies":"Hexaghost","floor":16,"turns":2},{"damage":10,"enemies":"Chosen","floor":18,"turns":3},{"damage":2,"enemies":"Shell Parasite","floor":19,"turns":3},{"damage":0,"enemies":"Sentry and Sphere","floor":20,"turns":1},{"damage":18,"enemies":"Shelled Parasite and Fungi","floor":21,"turns":1},{"damage":12,"enemies":"Book of Stabbing","floor":24,"turns":2},{"damage":0,"enemies":"Slavers","floor":27,"turns":2},{"damage":12,"enemies":"Collector","floor":33,"turns":4},{"damage":0,"enemies":"3 Darklings","floor":35,"turns":2},{"damage":65,"enemies":"3 Darklings","floor":36,"turns":5}],"seed_played":"-6062085814737979882","potions_obtained":[{"floor":1,"key":"SteroidPotion"},{"floor":8,"key":"testmod-TestPotion"},{"floor":10,"key":"Explosive Potion"},{"floor":11,"key":"GrandPatriotsElixir:ReiMu"},{"floor":16,"key":"Block Potion"},{"floor":18,"key":"PowerPotion"},{"floor":20,"key":"FearPotion"},{"floor":21,"key":"testmod-EscapePotion"}],"is_trial":false,"path_per_floor":["M","M","M","M","M","R","M","M","T","E","M","E","?","?","R","B",null,"M","M","M","M","$","R","E","R","T","E","$","?","$","?","R","B",null,"M","?"],"character_chosen":"CHEN","items_purchased":["Chen:CatPunch","Chaos","Dota2Spire:Mjollnir","Molten Egg 2","Chen:Spray+1"],"campfire_rested":5,"item_purchase_floors":[22,22,28,30,30],"current_hp_per_floor":[70,70,70,70,70,70,70,70,70,70,70,70,70,70,70,52,70,60,58,58,40,40,70,58,70,70,70,70,70,70,70,70,58,70,70,0,0],"gold":916,"neow_bonus":"","is_daily":true,"chose_seed":false,"campfire_upgraded":0,"win_rate":0.0,"timestamp":1610089889,"path_taken":["M","M","M","M","M","R","M","M","T","E","M","E","?","?","R","BOSS","M","?","M","M","$","R","E","R","T","E","$","?","?","?","R","BOSS","M","?"],"items_purchased_type":["Card","Card","Relic","Relic","Card"],"build_version":"2020-12-22","purchased_purges":3,"victory":false,"max_hp_per_floor":[70,70,70,70,70,70,70,70,70,70,70,70,70,70,70,70,70,70,70,70,70,70,70,70,70,70,70,70,70,70,70,70,70,70,70,70,70],"card_choices":[{"not_picked":[],"picked":"DoctorFetus","floor":0},{"not_picked":["Chen:Deceitful","Chen:Barrier"],"picked":"Chen:Rush","floor":0},{"not_picked":["Chen:Excitement","Chen:EmergencyEscape"],"picked":"Chen:Sweep","floor":0},{"not_picked":["Chen:Assault","Chen:Spray"],"picked":"Chen:Rush","floor":0},{"not_picked":["Chen:Barrier","Chen:Exploit"],"picked":"Chen:Shot","floor":0},{"not_picked":["Chen:Recuperate","Chen:PentagramFlight"],"picked":"Chen:Sweep","floor":0},{"not_picked":["Chen:Instinct","Chen:Barrier"],"picked":"Chen:Lacerate","floor":0},{"not_picked":["Chen:ResistTemptation","Chen:Panic"],"picked":"Chen:Scratch","floor":0},{"not_picked":["Chen:RecklessLeap","Chen:ResistTemptation"],"picked":"Chen:Instinct","floor":0},{"not_picked":["Chen:Adaptability","Chen:Barrier"],"picked":"Chen:Salvo","floor":0},{"not_picked":["Chen:MisdirectSwipe","Chen:Sidestep"],"picked":"Chen:Barrier","floor":0},{"not_picked":["Chen:Sneak","Chen:Barrier"],"picked":"Chen:Sweep","floor":0},{"not_picked":["Chen:Exploit","Chen:Sidestep"],"picked":"Chen:Instinct","floor":0},{"not_picked":["Chen:Adaptability","Chen:Excitement"],"picked":"Chen:Scratch","floor":0},{"not_picked":["Chen:Shot","Chen:PentagramFlight"],"picked":"Chen:Rush","floor":0},{"not_picked":["Chen:SelfConfidence","Chen:PentagramFlight"],"picked":"Chen:Barrier","floor":0},{"not_picked":["Chen:ResistTemptation","Chen:Unpredictable"],"picked":"Chen:Gash","floor":10},{"not_picked":["Chen:Shot","Chen:FinalSpellCard"],"picked":"Chen:SelfConfidence","floor":12},{"not_picked":["Chen:RapidfireEvasive","Chen:DazzleFlash"],"picked":"Chen:PhoenixWings","floor":16},{"not_picked":["Chen:Sweep","Chen:RecklessLeap","Chen:Instinct+1"],"picked":"SKIP","floor":24},{"not_picked":["Chen:UnstableBoundary+1","Chen:Unpredictable"],"picked":"Chen:Afterimages","floor":27},{"not_picked":[],"picked":"Chen:RapidfireEvasive","floor":29},{"not_picked":["Chen:FinalSpellCard","Chen:WhateverWorks"],"picked":"Chen:FlankingStrike+1","floor":33}],"player_experience":220375,"relics_obtained":[{"floor":1,"key":"testmod-Justice"},{"floor":2,"key":"Eternal Feather"},{"floor":3,"key":"AT_ImmortalShieldbow"},{"floor":4,"key":"testmod-HeartOfStrike"},{"floor":7,"key":"Oddly Smooth Stone"},{"floor":8,"key":"SalivaCoin"},{"floor":9,"key":"Regal Pillow"},{"floor":11,"key":"Nunchaku"},{"floor":12,"key":"Dota2Spire:BladeMail"},{"floor":18,"key":"AT_ChloranthyRing"},{"floor":19,"key":"Bag of Preparation"},{"floor":20,"key":"testmod-TurbochargingSystem"},{"floor":21,"key":"AT_TheCollector"},{"floor":24,"key":"AT_GoldPhoenixTree"},{"floor":26,"key":"Dota2Spire:ArmletOfMordiggian"},{"floor":27,"key":"Dota2Spire:CrimsonGuard"}],"event_choices":[{"damage_healed":0,"gold_gain":0,"player_choice":"Ignored","damage_taken":0,"max_hp_gain":0,"max_hp_loss":0,"event_name":"给自己的盒子","floor":13,"gold_loss":0},{"damage_healed":0,"gold_gain":0,"player_choice":"Left Gold","damage_taken":0,"max_hp_gain":0,"max_hp_loss":0,"event_name":"World of Goop","floor":14,"gold_loss":40}],"is_beta":false,"boss_relics":[{"not_picked":["testmod-Prudence","testmod-NegativeEmotionEnhancer"],"picked":"SacredBark"},{"not_picked":[]},{"not_picked":["testmod-Charity","AT_BellDemon"],"picked":"DeathBook"},{"not_picked":[]}],"items_purged_floors":[22,28,30],"is_endless":false,"potions_floor_spawned":[1,8,10,11,16,18,20,21],"killed_by":"3 Darklings","ascension_level":0}}