{"host":"v4tuy5ykrbdcm9o9","time":1610123212,"event":{"mods":["BaseMod","Duelist Mod","Minty Spire (QoL Compilation)","Replay The Spire","StSLib"],"gold_per_floor":[117,117,136,151,170,195,195,229,229,241,273,273,298,298,298,396,396,416,39,39,39,50,76,40,69,131,160,172,209,221,253,265,380,392,423,449,461,461],"floor_reached":37,"playtime":4325,"items_purged":[],"score":784,"play_id":"839bc645-eed0-43b9-8330-88b2e5d0cb98","local_time":"20210108112652","is_ascension_mode":true,"campfire_choices":[{"data":"Rebound","floor":7,"key":"SMITH"},{"floor":12,"key":"REST"},{"floor":15,"key":"REST"},{"floor":28,"key":"REST"},{"floor":32,"key":"REST"}],"circlet_count":0,"master_deck":["Defend_B","Defend_B","Defend_B","Defend_B","Zap","Dualcast","Compile Driver","Rebound+1","Skim","Gash+1","Sweeping Beam","Ball Lightning","Beam Cell+1","BootSequence","Go for the Eyes","Amplify+1","All For One","Core Surge","Beam Cell+1","Turbo","Bite","Bite","Bite","Bite","Bite","Rip and Tear+1","Self Repair","All For One","Scrape+1","Melter","Hologram","Leap+1"],"relics":["Cracked Core","Shuriken","Potion Belt","Gremlin Food","Solar Panel","Vajra","StoneCalendar","Busted Crown","Dream Catcher","Replay:Bottled Eggs","Anchor","MawBank","Ancient Tea Set","Kunai","SlaversCollar"],"acts_visited":["Exordium","TheCity","TheBeyond"],"potions_floor_usage":[8,11,16,23,29,31,37],"damage_taken":[{"damage":0,"enemies":"Small Slimes","floor":1,"turns":2},{"damage":0,"enemies":"Cultist","floor":3,"turns":2},{"damage":3,"enemies":"2 Louse","floor":4,"turns":2},{"damage":12,"enemies":"Looter","floor":5,"turns":3},{"damage":10,"enemies":"Gremlin Nob","floor":6,"turns":3},{"damage":8,"enemies":"Replay:BlueRogue","floor":8,"turns":4},{"damage":0,"enemies":"Large Slime","floor":10,"turns":2},{"damage":25,"enemies":"Lagavulin","floor":11,"turns":5},{"damage":8,"enemies":"Replay:BlueRogue","floor":13,"turns":4},{"damage":16,"enemies":"Hexaghost","floor":16,"turns":6},{"damage":11,"enemies":"Spheric Guardian","floor":18,"turns":3},{"damage":21,"enemies":"Shell Parasite","floor":22,"turns":4},{"damage":4,"enemies":"theDuelist:KaibaA2","floor":23,"turns":3},{"damage":48,"enemies":"Gremlin Leader","floor":25,"turns":5},{"damage":13,"enemies":"Snecko","floor":27,"turns":3},{"damage":11,"enemies":"Replay:Snechameleon","floor":29,"turns":4},{"damage":15,"enemies":"Snake Plant","floor":31,"turns":3},{"damage":47,"enemies":"Pondfish","floor":33,"turns":7},{"damage":0,"enemies":"Orb Walker","floor":35,"turns":2},{"damage":34,"enemies":"3 Shapes","floor":36,"turns":4},{"damage":41,"enemies":"2 Orb Walkers","floor":37,"turns":3}],"seed_played":"-4089575594937664954","potions_obtained":[{"floor":1,"key":"Languid Potion"},{"floor":6,"key":"Elixir"},{"floor":10,"key":"PowerPotion"},{"floor":13,"key":"Energy Potion"},{"floor":18,"key":"EssenceOfSteel"},{"floor":22,"key":"Ancient Potion"},{"floor":25,"key":"Weak Potion"},{"floor":27,"key":"LiquidMemories"},{"floor":35,"key":"BlessingOfTheForge"}],"is_trial":false,"path_per_floor":["M","?","M","M","M","E","R","E","T","M","E","R","E","?","R","B",null,"M","$","?","?","M","E","$","E","T","M","R","E","?","M","R","B",null,"M","M","?"],"character_chosen":"DEFECT","items_purchased":["Core Surge","Beam Cell","Turbo","Dream Catcher","Self Repair"],"campfire_rested":4,"item_purchase_floors":[19,19,19,19,24],"current_hp_per_floor":[75,75,75,72,60,50,50,42,42,42,17,39,35,32,54,42,67,60,60,60,52,41,45,45,16,16,20,35,39,39,32,47,30,47,52,33,0,0],"gold":461,"neow_bonus":"THREE_CARDS","is_daily":false,"chose_seed":false,"campfire_upgraded":1,"win_rate":0.0,"timestamp":1610123212,"path_taken":["M","?","M","M","?","E","R","E","T","M","E","R","E","?","R","BOSS","M","$","?","?","M","E","?","E","T","M","R","E","?","?","R","BOSS","M","M","?"],"items_purchased_type":["Card","Card","Card","Relic","Card"],"build_version":"2020-12-22","purchased_purges":0,"victory":false,"max_hp_per_floor":[75,75,75,75,75,75,75,75,75,75,75,75,75,75,75,75,75,75,75,75,52,52,52,52,52,52,52,52,52,52,52,52,52,52,52,52,52,52],"card_choices":[{"not_picked":["Barrage","Steam"],"picked":"Compile Driver","floor":0},{"not_picked":["Consume","Streamline"],"picked":"Rebound","floor":1},{"not_picked":["Compile Driver","Stack"],"picked":"Gash","floor":3},{"not_picked":["Hologram","Panic Button"],"picked":"Sweeping Beam","floor":4},{"not_picked":["ReplayTheSpireMod:Repulse","Compile Driver"],"picked":"Ball Lightning","floor":5},{"not_picked":["Recycle","Capacitor"],"picked":"Beam Cell","floor":6},{"not_picked":["Rip and Tear","Rebound"],"picked":"BootSequence","floor":8},{"not_picked":["Barrage","ReplayTheSpireMod:Calculation Training"],"picked":"Go for the Eyes","floor":10},{"not_picked":["Reinforced Body","Hologram"],"picked":"Amplify","floor":11},{"not_picked":["Leap","Compile Driver","Hologram"],"picked":"SKIP","floor":13},{"not_picked":["ReplayRNGCard","Fission"],"picked":"All For One","floor":16},{"not_picked":["ReplayTheSpireMod:Reroute Power+1"],"picked":"SKIP","floor":18},{"not_picked":["Glacier"],"picked":"SKIP","floor":22},{"not_picked":[],"picked":"Rip and Tear+1","floor":23},{"not_picked":[],"picked":"All For One","floor":25},{"not_picked":[],"picked":"Scrape","floor":27},{"not_picked":["Biased Cognition"],"picked":"SKIP","floor":29},{"not_picked":["Sweeping Beam"],"picked":"SKIP","floor":31},{"not_picked":[],"picked":"Hologram","floor":35},{"not_picked":[],"picked":"Leap+1","floor":36}],"player_experience":574051,"relics_obtained":[{"floor":6,"key":"Shuriken"},{"floor":8,"key":"Potion Belt"},{"floor":9,"key":"Gremlin Food"},{"floor":11,"key":"Solar Panel"},{"floor":13,"key":"Vajra"},{"floor":23,"key":"Anchor"},{"floor":25,"key":"MawBank"},{"floor":26,"key":"Ancient Tea Set"},{"floor":29,"key":"Kunai"}],"event_choices":[{"damage_healed":0,"gold_gain":0,"cards_transformed":["Strike_B"],"player_choice":"Transformed","damage_taken":0,"max_hp_gain":0,"max_hp_loss":0,"event_name":"Transmorgrifier","floor":2,"gold_loss":0,"cards_obtained":["Skim"]},{"damage_healed":0,"gold_gain":0,"player_choice":"Success","damage_taken":3,"relics_obtained":["StoneCalendar"],"max_hp_gain":0,"max_hp_loss":0,"event_name":"Scrap Ooze","floor":14,"gold_loss":0},{"damage_healed":0,"gold_gain":0,"player_choice":"Opened","damage_taken":0,"relics_obtained":["Replay:Bottled Eggs"],"max_hp_gain":0,"max_hp_loss":0,"event_name":"The Mausoleum","floor":20,"gold_loss":0},{"damage_healed":0,"gold_gain":0,"player_choice":"Became a vampire","damage_taken":0,"max_hp_gain":0,"max_hp_loss":23,"event_name":"Vampires","floor":21,"gold_loss":0,"cards_obtained":["Bite","Bite","Bite","Bite","Bite"]},{"damage_healed":0,"gold_gain":0,"player_choice":"Read","damage_taken":0,"max_hp_gain":0,"max_hp_loss":0,"event_name":"The Library","floor":30,"gold_loss":0,"cards_obtained":["Melter"]},{"damage_healed":0,"gold_gain":0,"player_choice":"Fight","damage_taken":0,"max_hp_gain":0,"max_hp_loss":0,"event_name":"Mysterious Sphere","floor":37,"gold_loss":0}],"is_beta":false,"boss_relics":[{"not_picked":["Sozu","FrozenCore"],"picked":"Busted Crown"},{"not_picked":["Pandora\u0027s Box","Honey Jar"],"picked":"SlaversCollar"}],"items_purged_floors":[],"is_endless":false,"potions_floor_spawned":[1,6,10,13,18,22,25,27,35],"killed_by":"2 Orb Walkers","ascension_level":5}}