{"host":"fibyd43azno9rfrs","time":1610112850,"event":{"mods":["AchievementEnabler","BaseMod","Better Match","BetterRewards","Card Forge","Colored Map","Colored Powertips","Minty Spire (QoL Compilation)","Quick Restart","Rare Cards Sparkle","StSLib","Starting Relic: Pandora\u0027s Box","Swap Starting Deck Mod","everything is the same but u backflip on backflip"],"gold_per_floor":[119,132,146,159,178,178,203,215,239,239,289,323,344,294,294,414,414,438,137,337,350,369,400,415,56,56,95,21,45,79,99,99,223,223,241,241,241,84,102,138,138,181,181,204,55,55,76,95,95,95,95,95,22,55,55],"floor_reached":56,"playtime":2016,"items_purged":[],"score":2086,"play_id":"637fbb8a-a374-492f-906b-b720c583ea3d","local_time":"20210108223410","is_ascension_mode":true,"campfire_choices":[{"floor":6,"key":"RECALL"},{"floor":15,"key":"REST"},{"floor":32,"key":"DIG"},{"floor":41,"key":"DIG"},{"floor":49,"key":"REST"},{"floor":52,"key":"DIG"}],"circlet_count":0,"master_deck":["Reprogram+1","Gash+1","Hologram+1","Hyperbeam+1","All For One+1","Double Energy+1","BootSequence+1","Conserve Battery+1","Reinforced Body+1","Barricade+1","Reprogram+1","Seek+1","Gash+1","Hologram+1","Conserve Battery+1","Gash+1","Gash+1","Seek+1"],"relics":["Pandora\u0027s Box","Hammer of Thor","Seething Fire","Anvil of the Gods","Bottled Tornado","PreservedInsect","Turnip","Dream Catcher","Golden Idol","Pen Nib","Vajra","Runic Pyramid","Art of War","HandDrill","Bronze Scales","Membership Card","Bottled Lightning","Lantern","CaptainsWheel","Nunchaku","Cauldron","Shovel","Sundial","Fusion Hammer","Omamori","ClockworkSouvenir","Akabeko","Dead Branch","Boot","Blue Candle","Toolbox","Bag of Marbles","Whetstone","HornCleat","Anchor","White Beast Statue"],"acts_visited":["Exordium","TheCity","TheBeyond","TheEnding"],"potions_floor_usage":[21,55,55,55],"damage_taken":[{"damage":0,"enemies":"Cultist","floor":1,"turns":2},{"damage":0,"enemies":"2 Louse","floor":2,"turns":3},{"damage":0,"enemies":"Jaw Worm","floor":3,"turns":3},{"damage":0,"enemies":"Lots of Slimes","floor":4,"turns":1},{"damage":5,"enemies":"3 Louse","floor":5,"turns":2},{"damage":0,"enemies":"3 Sentries","floor":7,"turns":2},{"damage":0,"enemies":"Large Slime","floor":8,"turns":2},{"damage":0,"enemies":"Lagavulin","floor":12,"turns":5},{"damage":0,"enemies":"Looter","floor":13,"turns":3},{"damage":0,"enemies":"Hexaghost","floor":16,"turns":4},{"damage":0,"enemies":"Chosen","floor":18,"turns":4},{"damage":0,"enemies":"Shell Parasite","floor":21,"turns":3},{"damage":0,"enemies":"3 Cultists","floor":22,"turns":2},{"damage":0,"enemies":"Slavers","floor":23,"turns":1},{"damage":0,"enemies":"Shelled Parasite and Fungi","floor":24,"turns":2},{"damage":0,"enemies":"Book of Stabbing","floor":27,"turns":3},{"damage":0,"enemies":"Snecko","floor":29,"turns":3},{"damage":0,"enemies":"Slavers","floor":30,"turns":1},{"damage":0,"enemies":"Snake Plant","floor":31,"turns":3},{"damage":0,"enemies":"Champ","floor":33,"turns":5},{"damage":0,"enemies":"Orb Walker","floor":35,"turns":3},{"damage":11,"enemies":"3 Shapes","floor":39,"turns":2},{"damage":0,"enemies":"Nemesis","floor":40,"turns":3},{"damage":59,"enemies":"Reptomancer","floor":42,"turns":3},{"damage":0,"enemies":"Transient","floor":44,"turns":5},{"damage":0,"enemies":"Jaw Worm Horde","floor":47,"turns":1},{"damage":0,"enemies":"Writhing Mass","floor":48,"turns":4},{"damage":0,"enemies":"Time Eater","floor":50,"turns":6},{"damage":0,"enemies":"Shield and Spear","floor":54,"turns":2},{"damage":32,"enemies":"The Heart","floor":55,"turns":5}],"seed_played":"-5519459108401548697","potions_obtained":[{"floor":3,"key":"GamblersBrew"},{"floor":8,"key":"Ancient Potion"},{"floor":13,"key":"Swift Potion"},{"floor":16,"key":"Energy Potion"},{"floor":21,"key":"Fruit Juice"},{"floor":23,"key":"ColorlessPotion"},{"floor":28,"key":"Energy Potion"}],"is_trial":false,"path_per_floor":["M","M","M","M","M","R","E","M","T","?","T","E","M","?","R","B",null,"M","$","?","M","M","E","M","$","T","E","$","M","E","M","R","B",null,"M","?","?","$","M","E","R","E","T","M","$","T","M","M","R","B",null,"R","$","E","B",null],"character_chosen":"DEFECT","items_purchased":["Bottled Tornado","PreservedInsect","Art of War","HandDrill","Membership Card","Bottled Lightning","Lantern","Cauldron","Omamori","ClockworkSouvenir","Toolbox","Bag of Marbles","Anchor"],"campfire_rested":2,"item_purchase_floors":[0,0,19,19,25,25,25,28,38,38,45,45,53],"current_hp_per_floor":[47,47,47,47,42,42,42,42,42,24,24,24,24,24,46,46,75,75,75,75,80,80,80,80,80,80,80,80,80,80,80,80,80,80,80,80,80,80,69,69,69,10,10,10,10,10,10,10,34,34,80,80,80,80,48],"gold":55,"neow_bonus":"","is_daily":false,"chose_seed":false,"campfire_upgraded":0,"win_rate":0.0,"timestamp":1610112850,"path_taken":["M","M","M","M","?","R","E","M","T","?","?","E","?","?","R","BOSS","M","$","?","M","M","E","M","$","T","E","$","?","E","M","R","BOSS","M","?","?","$","M","E","R","E","T","M","?","?","M","M","R","BOSS","R","$","E","BOSS"],"items_purchased_type":["Relic","Relic","Relic","Relic","Relic","Relic","Relic","Relic","Relic","Relic","Relic","Relic","Relic"],"build_version":"2020-12-22","purchased_purges":0,"victory":true,"max_hp_per_floor":[75,75,75,75,75,75,75,75,75,75,75,75,75,75,75,75,75,75,75,75,80,80,80,80,80,80,80,80,80,80,80,80,80,80,80,80,80,80,80,80,80,80,80,80,80,80,80,80,80,80,80,80,80,80,80],"card_choices":[{"not_picked":["Double Energy","Reinforced Body","Barrage"],"picked":"SKIP","floor":1},{"not_picked":["Ball Lightning","Chill","Coolheaded"],"picked":"SKIP","floor":2},{"not_picked":["Coolheaded","Barrage","Compile Driver"],"picked":"SKIP","floor":3},{"not_picked":["Sunder","Hologram","Self Repair"],"picked":"SKIP","floor":4},{"not_picked":["White Noise","Go for the Eyes","Coolheaded"],"picked":"SKIP","floor":5},{"not_picked":["Multi-Cast","Compile Driver","Force Field"],"picked":"SKIP","floor":7},{"not_picked":["Doom and Gloom","Barrage","Coolheaded"],"picked":"SKIP","floor":8},{"not_picked":["Streamline","Meteor Strike","Glacier"],"picked":"SKIP","floor":12},{"not_picked":["Force Field","Coolheaded","Scrape"],"picked":"SKIP","floor":13},{"not_picked":["Fusion+1","Steam Power","Ball Lightning"],"picked":"SKIP","floor":18},{"not_picked":["Steam","Darkness+1","Barrage+1"],"picked":"SKIP","floor":21},{"not_picked":["Hologram+1","Skim","Coolheaded+1"],"picked":"SKIP","floor":22},{"not_picked":["Turbo+1","Chill","Streamline"],"picked":"SKIP","floor":23},{"not_picked":["Rebound","Barrage+1","Stack"],"picked":"SKIP","floor":24},{"not_picked":["Ball Lightning+1","Creative AI","Amplify"],"picked":"SKIP","floor":27},{"not_picked":["Aggregate","Sunder+1","Fusion"],"picked":"SKIP","floor":29},{"not_picked":["Storm","Reboot","Fusion"],"picked":"SKIP","floor":30},{"not_picked":["Compile Driver","Sweeping Beam","Chill"],"picked":"SKIP","floor":31},{"not_picked":["Machine Learning","Echo Form"],"picked":"Seek","floor":33},{"not_picked":["Rebound","Cold Snap+1","Hello World+1"],"picked":"SKIP","floor":35},{"not_picked":["Compile Driver","Undo","Auto Shields+1"],"picked":"SKIP","floor":39},{"not_picked":["Chill","Ball Lightning","Steam+1"],"picked":"SKIP","floor":40},{"not_picked":["Steam","Rip and Tear+1","Reinforced Body+1"],"picked":"SKIP","floor":42},{"not_picked":["Auto Shields+1","Go for the Eyes+1","Barrage+1"],"picked":"SKIP","floor":44},{"not_picked":["Hologram","Barrage+1","Turbo"],"picked":"SKIP","floor":47},{"not_picked":["Static Discharge+1","Defragment","Steam"],"picked":"SKIP","floor":48},{"not_picked":["Sweeping Beam","Amplify","Steam"],"picked":"SKIP","floor":54}],"player_experience":166144,"relics_obtained":[{"floor":7,"key":"Dream Catcher"},{"floor":11,"key":"Pen Nib"},{"floor":12,"key":"Vajra"},{"floor":23,"key":"Bronze Scales"},{"floor":26,"key":"CaptainsWheel"},{"floor":27,"key":"Nunchaku"},{"floor":30,"key":"Shovel"},{"floor":32,"key":"Sundial"},{"floor":40,"key":"Akabeko"},{"floor":41,"key":"Dead Branch"},{"floor":42,"key":"Boot"},{"floor":43,"key":"Blue Candle"},{"floor":46,"key":"Whetstone"},{"floor":52,"key":"HornCleat"},{"floor":54,"key":"White Beast Statue"}],"event_choices":[{"damage_healed":0,"gold_gain":0,"player_choice":"Take Damage","damage_taken":18,"relics_obtained":["Golden Idol"],"max_hp_gain":0,"max_hp_loss":0,"event_name":"Golden Idol","floor":10,"gold_loss":0},{"cards_removed":["Double Energy"],"damage_healed":0,"gold_gain":0,"player_choice":"Card Removal","damage_taken":0,"max_hp_gain":0,"max_hp_loss":0,"event_name":"The Cleric","floor":14,"gold_loss":50},{"damage_healed":0,"gold_gain":250,"player_choice":"Bet on Owner","damage_taken":0,"max_hp_gain":0,"max_hp_loss":0,"event_name":"The Joust","floor":20,"gold_loss":50},{"damage_healed":0,"gold_gain":0,"player_choice":"Memory 1","damage_taken":0,"max_hp_gain":0,"max_hp_loss":0,"event_name":"SensoryStone","floor":36,"gold_loss":0},{"cards_removed":["Entrench"],"damage_healed":0,"gold_gain":0,"player_choice":"Removed Skill","damage_taken":0,"max_hp_gain":0,"max_hp_loss":0,"event_name":"Falling","floor":37,"gold_loss":0}],"is_beta":false,"boss_relics":[{"not_picked":["Ectoplasm","Empty Cage"],"picked":"Runic Pyramid"},{"not_picked":["Philosopher\u0027s Stone","Black Star"],"picked":"Fusion Hammer"}],"items_purged_floors":[],"is_endless":false,"potions_floor_spawned":[3,8,13,16,21,22,23,27,30,35,40,54],"ascension_level":1}}