{"host":"0fmi5fguj5lvt8pf","time":1610069486,"event":{"mods":["BaseMod","Colored Map","Curses Come First","Downfall","Minty Spire (QoL Compilation)","Permanent Neow","StSLib","Waifu the Spire"],"gold_per_floor":[0,13,13,13,24,9,9,26,11,186,205,205,205,231,246,246,246,246],"floor_reached":16,"playtime":692,"items_purged":[],"score":100,"play_id":"21c05164-cb30-473f-87c6-d7c6aa12a69b","local_time":"20210107173126","is_ascension_mode":false,"campfire_choices":[{"data":"hexamod:Sear","floor":1,"key":"SMITH"},{"data":"hexamod:EmpoweringStance","floor":13,"key":"SMITH"}],"circlet_count":0,"master_deck":["hexamod:Strike","hexamod:Strike","hexamod:Strike+1","hexamod:Defend","hexamod:Defend+1","hexamod:Defend+1","hexamod:Sear+1","hexamod:Float+1","hexamod:BurningTouch","hexamod:ShieldOfDarkness","hexamod:SixthSeal","hexamod:FastForward","hexamod:EmpoweringStance+1","Doubt","hexamod:SwordOfDarkness"],"relics":["hexamod:SpiritBrand","Pear","Ornamental Fan","Tiny Chest"],"acts_visited":["Exordium"],"potions_floor_usage":[],"damage_taken":[{"damage":0,"enemies":"Cultist","floor":2,"turns":3},{"damage":5,"enemies":"Jaw Worm","floor":5,"turns":3},{"damage":0,"enemies":"downfall:FleeingMerchant","floor":6,"turns":4},{"damage":0,"enemies":"2 Louse","floor":8,"turns":3},{"damage":9,"enemies":"downfall:FleeingMerchant","floor":9,"turns":4},{"damage":0,"enemies":"Exordium Wildlife","floor":11,"turns":3},{"damage":30,"enemies":"3 Sentries","floor":14,"turns":10},{"damage":7,"enemies":"Lots of Slimes","floor":15,"turns":4},{"damage":0,"enemies":"downfall:Defect","floor":16,"turns":2}],"seed_played":"-2823245181637799988","potions_obtained":[{"floor":8,"key":"Strength Potion"},{"floor":15,"key":"DistilledChaos"}],"is_trial":false,"path_per_floor":["R","M","?","T","M","$","T","M","$","?","M","?","R","E","M","B"],"character_chosen":"THE_SPIRIT","items_purchased":[],"campfire_rested":0,"item_purchase_floors":[],"current_hp_per_floor":[70,70,68,68,63,63,63,63,54,54,54,80,80,50,43,43,43,43],"gold":246,"neow_bonus":"REMOVE_TWO","is_daily":false,"chose_seed":false,"campfire_upgraded":2,"win_rate":0.0,"timestamp":1610069486,"path_taken":["R","M","?","?","M","$","T","?","$","?","M","?","R","E","M","BOSS"],"items_purchased_type":[],"build_version":"2020-12-22","purchased_purges":0,"victory":false,"max_hp_per_floor":[70,70,80,80,80,80,80,80,80,80,80,80,80,80,80,80,80,80],"card_choices":[{"not_picked":["hexamod:GhostLash","hexamod:Firestarter"],"picked":"hexamod:BurningTouch","floor":2},{"not_picked":["hexamod:AdvancingGuard","hexamod:SkipABeat"],"picked":"hexamod:ShieldOfDarkness","floor":5},{"not_picked":["hexamod:ThirdSeal","hexamod:NightmareStrike"],"picked":"hexamod:SixthSeal","floor":6},{"not_picked":["hexamod:NecessarySacrifice","hexamod:AdvancingGuard"],"picked":"hexamod:FastForward","floor":8},{"not_picked":["hexamod:RadiantFlame","hexamod:SwordOfDarkness"],"picked":"hexamod:EmpoweringStance","floor":9},{"not_picked":["hexamod:GhostOfSpirePresent","hexamod:SpectersWail"],"picked":"hexamod:SwordOfDarkness","floor":11},{"not_picked":["hexamod:ShieldOfDarkness","hexamod:ChargedBarrage","hexamod:CatchUp"],"picked":"SKIP","floor":14},{"not_picked":["hexamod:GhostLash","hexamod:FlamesFromBeyond","hexamod:SkipABeat"],"picked":"SKIP","floor":15}],"player_experience":1306397,"relics_obtained":[{"floor":7,"key":"Ornamental Fan"},{"floor":14,"key":"Tiny Chest"}],"event_choices":[{"damage_healed":0,"gold_gain":0,"player_choice":"Success","damage_taken":12,"relics_obtained":["Pear"],"max_hp_gain":0,"max_hp_loss":0,"event_name":"Scrap Ooze","floor":3,"gold_loss":0},{"damage_healed":26,"gold_gain":0,"player_choice":"Banana","damage_taken":0,"max_hp_gain":0,"max_hp_loss":0,"event_name":"Big Fish","floor":12,"gold_loss":0}],"is_beta":false,"boss_relics":[],"items_purged_floors":[],"is_endless":false,"potions_floor_spawned":[8,15],"killed_by":"downfall:Defect","ascension_level":0}}