{"host":"cbu6enf2xtq4r7r3","time":1610143179,"event":{"mods":["2.2 Compatiblity","AlwaysNeverKeys","BaseMod","Better Match","Better Note","Better Sensory Stone","Better Skull","Better Third Choice","Colored Map","Colored Powertips","Defuse TimeMaze Blight","Emptier Cage","Minty Spire (QoL Compilation)","Permanent Neow","Quick Restart","Random Character Button","Relic Sorter","Reorder Act Four","Shop Mod","StSLib"],"gold_per_floor":[110,110,285,303,155,188,188,211,211,244,244,244,288,304,304,304,304],"floor_reached":16,"playtime":366,"items_purged":[],"score":185,"play_id":"cda578b6-c7ca-4147-bb52-073b40f71554","local_time":"20210108225939","is_ascension_mode":true,"campfire_choices":[{"data":"Rainbow","floor":7,"key":"SMITH"},{"data":"Fission","floor":11,"key":"SMITH"},{"data":"Redo","floor":15,"key":"SMITH"}],"circlet_count":0,"master_deck":["Strike_B","Strike_B","Strike_B","Strike_B","Defend_B","Defend_B","Defend_B","Defend_B","Zap+1","Dualcast","Darkness","Doubt","Hologram","Cold Snap","Rainbow+1","Glacier","Conserve Battery","Coolheaded","Cold Snap","Conserve Battery","Fission+1","Redo+1"],"relics":["Cracked Core","NeowsBlessing","Golden Idol","Orrery","The Courier","Akabeko","Cables","Anchor"],"acts_visited":["Exordium"],"potions_floor_usage":[10],"damage_taken":[{"damage":0,"enemies":"Cultist","floor":1,"turns":1},{"damage":0,"enemies":"Jaw Worm","floor":4,"turns":1},{"damage":0,"enemies":"3 Sentries","floor":6,"turns":2},{"damage":6,"enemies":"2 Louse","floor":8,"turns":3},{"damage":6,"enemies":"Lagavulin","floor":10,"turns":8},{"damage":0,"enemies":"3 Sentries","floor":13,"turns":6},{"damage":0,"enemies":"Exordium Thugs","floor":14,"turns":4},{"damage":0,"enemies":"The Guardian","floor":16,"turns":1}],"seed_played":"-8314249267064847288","potions_obtained":[{"floor":1,"key":"AttackPotion"},{"floor":10,"key":"Strength Potion"},{"floor":13,"key":"SteroidPotion"}],"is_trial":false,"path_per_floor":["M","?","?","M","$","E","R","M","T","E","R","?","E","M","R","B"],"character_chosen":"DEFECT","items_purchased":["Orrery"],"campfire_rested":0,"item_purchase_floors":[5],"current_hp_per_floor":[75,69,69,69,69,69,69,63,63,57,57,57,57,57,57,57,57],"gold":304,"neow_bonus":"THREE_ENEMY_KILL","is_daily":false,"chose_seed":false,"campfire_upgraded":3,"win_rate":0.0,"timestamp":1610143179,"path_taken":["M","?","?","M","$","E","R","M","T","E","R","?","E","M","R","BOSS"],"items_purchased_type":["Relic"],"build_version":"2020-12-22","purchased_purges":0,"victory":false,"max_hp_per_floor":[75,69,69,69,69,69,69,69,69,69,69,69,69,69,69,69,69],"card_choices":[{"not_picked":["Compile Driver","Doom and Gloom"],"picked":"Darkness","floor":1},{"not_picked":["Stack","Storm"],"picked":"Hologram","floor":4},{"not_picked":["Multi-Cast","Storm"],"picked":"Cold Snap","floor":5},{"not_picked":["Go for the Eyes","Streamline"],"picked":"Rainbow","floor":5},{"not_picked":["Static Discharge","Melter"],"picked":"Glacier","floor":5},{"not_picked":["Aggregate","Go for the Eyes"],"picked":"Conserve Battery","floor":5},{"not_picked":["Conserve Battery","Force Field"],"picked":"Coolheaded","floor":5},{"not_picked":["Scrape","Self Repair"],"picked":"Cold Snap","floor":6},{"not_picked":["Steam","Streamline"],"picked":"Conserve Battery","floor":8},{"not_picked":["Capacitor","Compile Driver"],"picked":"Fission","floor":10},{"not_picked":["Aggregate","Gash","Steam"],"picked":"SKIP","floor":13},{"not_picked":["Stack","Steam"],"picked":"Redo","floor":14}],"player_experience":66913,"relics_obtained":[{"floor":6,"key":"The Courier"},{"floor":9,"key":"Akabeko"},{"floor":10,"key":"Cables"},{"floor":13,"key":"Anchor"}],"event_choices":[{"damage_healed":0,"gold_gain":0,"player_choice":"Lose Max HP","damage_taken":0,"relics_obtained":["Golden Idol"],"max_hp_gain":0,"max_hp_loss":6,"event_name":"Golden Idol","floor":2,"gold_loss":0},{"damage_healed":0,"gold_gain":175,"player_choice":"AGREE","damage_taken":110,"max_hp_gain":0,"max_hp_loss":0,"event_name":"betterThird:BetterSerpent","floor":3,"gold_loss":0},{"damage_healed":0,"gold_gain":0,"player_choice":"Upgraded","damage_taken":0,"max_hp_gain":0,"max_hp_loss":0,"event_name":"Upgrade Shrine","floor":12,"gold_loss":0,"cards_upgraded":["Zap"]}],"is_beta":false,"boss_relics":[],"items_purged_floors":[],"is_endless":false,"potions_floor_spawned":[1,10,13],"killed_by":"The Guardian","ascension_level":2}}