{"host":"cfluht5kr2kfk9p9","time":1610143239,"event":{"mods":["ATMod(阿瑾Mod)","Arknights The Spire","BaseMod","GungeonMod","Highlight Path","Library of Ruina","Library of Ruina Extra","Minty Spire (QoL Compilation)","Quick Restart","Rare Cards Sparkle","Relic Stats","RumiaBox-露米娅的神秘盒子","Spicy Shops","StSLib","TestMod","The Alterego","【功能Mod】混沌之环修复补丁"],"gold_per_floor":[111,123,123,142,155,168,194,194,246,271,271,300,318,243,243,315,315,334,349,361,361,12,45,45,64,64,64,84,117,130,160,172,260,272,299,117,142,153,0,30,3,3,26,36,36,53,83,95,95,95,95,95,95,95,20,53,53],"floor_reached":58,"playtime":2820,"items_purged":["Strike_G","Decay","Strike_G","Pain"],"score":3506,"play_id":"1917ddd2-ee79-46b3-abc6-5269b2c19623","local_time":"20210109060039","is_ascension_mode":true,"campfire_choices":[{"data":"Blade Dance","floor":8.0,"key":"SMITH"},{"data":"Crippling Poison","floor":11.0,"key":"SMITH"},{"data":"AT_ThistleTea","floor":15.0,"key":"SMITH"},{"data":"Blade Dance","floor":24.0,"key":"SMITH"},{"data":"AT_EssenceShift","floor":27.0,"key":"SMITH"},{"data":"Reflex","floor":32.0,"key":"SMITH"},{"data":"Adrenaline","floor":42,"key":"SMITH"},{"floor":49,"key":"RECALL"},{"data":"Burning Pact","floor":54,"key":"SMITH"}],"circlet_count":0,"master_deck":["AscendersBane","Defend_G","Defend_G","Defend_G","Defend_G","Defend_G","Survivor","Neutralize","AT_EssenceShift+1","Backflip","Crippling Poison+1","Quick Slash","AT_ThistleTea+1","Blade Dance+1","Escape Plan","Backflip","Expertise","Corpse Explosion","Quick Slash+1","Well Laid Plans+1","Terror+1","Blade Dance+1","Skewer","Backflip","Dodge and Roll+1","Riddle With Holes","AT_WindFlip","Outmaneuver","Reflex+1","Adrenaline+1","testmod-BackupPower","TheArtOfRapidSteps","FrontalAssault","Adrenaline+1","Burning Pact+1","QuickAttack"],"relics":["testmod-TestBox","AT_ATBox","testmod-CardMagician","testmod-StringDisintegrator","Baka","White Beast Statue","DemoMod:WhiteGuonStone","Art of War","GodSword3","Astrolabe","Membership Card","Sundial","Ornamental Fan","DemoMod:OrangeGuonStone","Boot","MawBank","AddBug","DemoMod:WhiteGuonStone","PrismaticShard","AT_RabadonDeathcap","Sundial","Red Mask","AT_RedTearstoneRing","testmod-StringDisintegrator","Gremlin Horn","GodSword3","testmod-TurbochargingSystem"],"acts_visited":["Exordium","TheCity","TheBeyond","TheEnding"],"potions_floor_usage":[40,57],"damage_taken":[{"damage":1.0,"enemies":"Small Slimes","floor":1.0,"turns":4.0},{"damage":1.0,"enemies":"Cultist","floor":2.0,"turns":7.0},{"damage":1.0,"enemies":"Jaw Worm","floor":4.0,"turns":4.0},{"damage":7.0,"enemies":"Large Slime","floor":5.0,"turns":8.0},{"damage":1.0,"enemies":"2 Fungi Beasts","floor":6.0,"turns":4.0},{"damage":25.0,"enemies":"3 Sentries","floor":7.0,"turns":8.0},{"damage":0.0,"enemies":"Gremlin Nob","floor":10.0,"turns":4.0},{"damage":14.0,"enemies":"3 Sentries","floor":12.0,"turns":8.0},{"damage":4.0,"enemies":"Lots of Slimes","floor":13.0,"turns":5.0},{"damage":13.0,"enemies":"The Guardian","floor":16.0,"turns":6.0},{"damage":0.0,"enemies":"Spheric Guardian","floor":18.0,"turns":3.0},{"damage":20.0,"enemies":"Shell Parasite","floor":19.0,"turns":4.0},{"damage":0.0,"enemies":"Cultist and Chosen","floor":20.0,"turns":5.0},{"damage":11.0,"enemies":"Snake Plant","floor":21.0,"turns":4.0},{"damage":38.0,"enemies":"Slavers","floor":23.0,"turns":6.0},{"damage":14.0,"enemies":"Snecko","floor":25.0,"turns":5.0},{"damage":0.0,"enemies":"Cultist and Chosen","floor":28.0,"turns":5.0},{"damage":0.0,"enemies":"Book of Stabbing","floor":29.0,"turns":5.0},{"damage":13.0,"enemies":"Shelled Parasite and Fungi","floor":30.0,"turns":3.0},{"damage":0.0,"enemies":"Slavers","floor":31.0,"turns":4.0},{"damage":0.0,"enemies":"KingOfGreed","floor":33.0,"turns":6.0},{"damage":0.0,"enemies":"Orb Walker","floor":35.0,"turns":3.0},{"damage":0,"enemies":"Mind Bloom Boss Battle","floor":37,"turns":3},{"damage":0,"enemies":"3 Shapes","floor":38,"turns":2},{"damage":34,"enemies":"Giant Head","floor":40,"turns":5},{"damage":3,"enemies":"Jaw Worm Horde","floor":41,"turns":2},{"damage":5,"enemies":"Maw","floor":44,"turns":5},{"damage":0,"enemies":"3 Darklings","floor":46,"turns":1},{"damage":0,"enemies":"Reptomancer","floor":47,"turns":1},{"damage":0,"enemies":"Spire Growth","floor":48,"turns":3},{"damage":0,"enemies":"Donu and Deca","floor":50,"turns":6},{"damage":2,"enemies":"Awakened One","floor":51,"turns":3},{"damage":9,"enemies":"Shield and Spear","floor":56,"turns":3},{"damage":110,"enemies":"The Heart","floor":57,"turns":6}],"seed_played":"-2224798445022666662","potions_obtained":[{"floor":2.0,"key":"Explosive Potion"},{"floor":5.0,"key":"Block Potion"},{"floor":6.0,"key":"Swift Potion"},{"floor":10.0,"key":"Swift Potion"},{"floor":12.0,"key":"LiquidBronze"},{"floor":13.0,"key":"EssenceOfSteel"},{"floor":16.0,"key":"Strength Potion"},{"floor":18.0,"key":"Energy Potion"},{"floor":19.0,"key":"DuplicationPotion"},{"floor":23.0,"key":"Swift Potion"},{"floor":29.0,"key":"Ancient Potion"},{"floor":30.0,"key":"EssenceOfSteel"},{"floor":31.0,"key":"FairyPotion"},{"floor":40,"key":"testmod-SpacePotion"},{"floor":41,"key":"Swift Potion"},{"floor":44,"key":"Swift Potion"}],"is_trial":false,"path_per_floor":["M","M","?","M","M","M","E","R","T","E","R","E","M","$","R","B",null,"M","M","M","M","$","E","R","M","T","R","M","E","M","E","R","B",null,"M","$","?","M","?","E","M","R","T","M","?","M","E","M","R","B","B",null,null,"R","$","E","B",null],"character_chosen":"THE_SILENT","items_purchased":["Membership Card","Sundial","testmod-BackupPower","PrismaticShard"],"campfire_rested":0,"item_purchase_floors":[22,22,36,36],"current_hp_per_floor":[58,62,62,61,59,63,52,52,52,52,52,53,54,54,54,46,53,53,43,43,42,42,34,34,25,25,25,25,20,17,13,13,13,42,42,42,42,42,42,18,15,15,15,10,10,10,10,10,10,10,8,8,40,40,40,41,38],"gold":53,"neow_bonus":"BOSS_RELIC","is_daily":false,"chose_seed":false,"campfire_upgraded":8,"win_rate":0.0,"timestamp":1610143239,"path_taken":["M","M","?","M","M","M","E","R","T","E","R","E","M","$","R","BOSS","M","M","?","M","$","E","R","M","T","R","M","E","?","E","R","BOSS","M","$","?","M","?","E","M","R","T","M","?","?","E","M","R","BOSS","BOSS","R","$","E","BOSS"],"items_purchased_type":["Relic","Relic","Card","Relic"],"build_version":"2020-12-22","purchased_purges":4,"victory":true,"max_hp_per_floor":[66,65,65,65,64,63,60,60,60,60,60,57,56,56,56,55,55,55,53,53,51,51,45,45,44,44,44,44,49,47,52,52,52,52,52,52,52,52,52,50,50,50,50,50,50,50,50,50,50,50,50,50,50,50,50,48,38],"relic_stats":{"Gremlin Horn":[3,3],"counters":[34,150],"Sundial":[54],"Ornamental Fan":[240],"Astrolabe":["Quick Slash","Well Laid Plans","Terror"],"Art of War":[13],"Boot":[156],"MawBank":60,"obtain_stats":[{"AT_ATBox":0,"Gremlin Horn":47,"DemoMod:GlassGuonStoneRelic":7,"DemoMod:WhiteGuonStone":9,"Boot":29,"PrismaticShard":36,"testmod-StringDisintegrator":0,"Sundial":22,"Red Mask":39,"Ring of the Snake":0,"AT_RabadonDeathcap":37,"AT_RedTearstoneRing":40,"testmod-TestBox":0,"Astrolabe":17,"DemoMod:OrangeGuonStone":26,"testmod-CardMagician":0,"AddBug":34,"Baka":1,"testmod-TurbochargingSystem":56,"MawBank":31,"White Beast Statue":7,"Ornamental Fan":23,"Art of War":10,"Membership Card":22,"GodSword3":12},{"AT_ATBox":0,"Gremlin Horn":29,"DemoMod:GlassGuonStoneRelic":6,"DemoMod:WhiteGuonStone":6,"Boot":18,"PrismaticShard":22,"testmod-StringDisintegrator":0,"Sundial":14,"Red Mask":24,"Ring of the Snake":0,"AT_RabadonDeathcap":23,"AT_RedTearstoneRing":25,"testmod-TestBox":0,"Astrolabe":10,"DemoMod:OrangeGuonStone":16,"testmod-CardMagician":0,"AddBug":21,"Baka":1,"testmod-TurbochargingSystem":33,"MawBank":20,"White Beast Statue":6,"Ornamental Fan":15,"Art of War":7,"Membership Card":14,"GodSword3":8},{"AT_ATBox":0,"Gremlin Horn":129,"DemoMod:GlassGuonStoneRelic":35,"DemoMod:WhiteGuonStone":35,"Boot":94,"PrismaticShard":110,"testmod-StringDisintegrator":0,"Sundial":74,"Red Mask":115,"Ring of the Snake":0,"AT_RabadonDeathcap":113,"AT_RedTearstoneRing":120,"testmod-TestBox":0,"Astrolabe":58,"DemoMod:OrangeGuonStone":85,"testmod-CardMagician":0,"AddBug":107,"Baka":4,"testmod-TurbochargingSystem":144,"MawBank":101,"White Beast Statue":35,"Ornamental Fan":80,"Art of War":39,"Membership Card":74,"GodSword3":47}]},"card_choices":[{"not_picked":["Poisoned Stab","Dagger Spray"],"picked":"Backflip","floor":1.0},{"not_picked":["Distraction","AT_FocusSwordFire"],"picked":"Crippling Poison","floor":2.0},{"not_picked":["Underhanded Strike","Cloak And Dagger"],"picked":"Quick Slash","floor":4.0},{"not_picked":["Acrobatics","AT_KneejerkReflex"],"picked":"AT_ThistleTea","floor":5.0},{"not_picked":["Masterful Stab","Well Laid Plans"],"picked":"Blade Dance","floor":6.0},{"not_picked":["Quick Slash","Outmaneuver"],"picked":"Escape Plan","floor":7.0},{"not_picked":["Slice","Bane","Quick Slash"],"picked":"SKIP","floor":10.0},{"not_picked":["Blade Dance","Backstab"],"picked":"Backflip","floor":12.0},{"not_picked":["Quick Slash","Dagger Throw"],"picked":"Expertise","floor":13.0},{"not_picked":["Malaise","Doppelganger"],"picked":"Corpse Explosion","floor":16.0},{"not_picked":["Bane","Poisoned Stab","Masterful Stab"],"picked":"SKIP","floor":18.0},{"not_picked":["Bane","Poisoned Stab","Masterful Stab"],"picked":"SKIP","floor":18.0},{"not_picked":["Dagger Throw","Flying Knee"],"picked":"Blade Dance","floor":19.0},{"not_picked":["Dagger Spray","Dodge and Roll"],"picked":"Skewer","floor":20.0},{"not_picked":["Setup","Prepared"],"picked":"Backflip","floor":21.0},{"not_picked":["Deflect","A Thousand Cuts"],"picked":"Dodge and Roll+1","floor":23.0},{"not_picked":["Riddle With Holes","Cloak And Dagger","Bane"],"picked":"SKIP","floor":25.0},{"not_picked":["Cloak And Dagger","Bane"],"picked":"Riddle With Holes","floor":25.0},{"not_picked":["Concentrate","Deflect","Heel Hook"],"picked":"SKIP","floor":28.0},{"not_picked":["Quick Slash+1","Escape Plan+1"],"picked":"AT_WindFlip","floor":29.0},{"not_picked":["Dagger Spray","Backflip"],"picked":"Outmaneuver","floor":30.0},{"not_picked":["Tactician","Heel Hook"],"picked":"Reflex","floor":31.0},{"not_picked":["Bullet Time","Tools of the Trade"],"picked":"Adrenaline","floor":33.0},{"not_picked":["Deadly Poison","Outmaneuver","Deflect"],"picked":"SKIP","floor":35.0},{"not_picked":["CumulusWall","alterego_mod:Maid"],"picked":"TheArtOfRapidSteps","floor":37},{"not_picked":["FierceOnslaught","testmod-WeaknessCounterattack","YourShield"],"picked":"SKIP","floor":38},{"not_picked":["TraceOfFumes","PanicButton"],"picked":"FrontalAssault","floor":40},{"not_picked":["StayCalm","BayonetCombat","InhaleSmoke"],"picked":"SKIP","floor":41},{"not_picked":["Heel Hook+1","Poisoned Stab","Creak+1"],"picked":"SKIP","floor":44},{"not_picked":["ForeignInfluence","AT_WarpDrive","alterego_mod:GoddessCore"],"picked":"SKIP","floor":46},{"not_picked":["TimeForALittleTest+1","Nirvana","Prostrate"],"picked":"SKIP","floor":47},{"not_picked":["BladeWhirl","AT_HeatAcrobatics"],"picked":"Burning Pact","floor":48},{"not_picked":["Slice_lor","Chaos+1"],"picked":"QuickAttack","floor":56}],"player_experience":65293,"relics_obtained":[{"floor":1.0,"key":"Baka"},{"floor":7.0,"key":"White Beast Statue"},{"floor":9.0,"key":"DemoMod:WhiteGuonStone"},{"floor":10.0,"key":"Art of War"},{"floor":12.0,"key":"GodSword3"},{"floor":23.0,"key":"Ornamental Fan"},{"floor":26.0,"key":"DemoMod:OrangeGuonStone"},{"floor":29.0,"key":"Boot"},{"floor":31.0,"key":"MawBank"},{"floor":35.0,"key":"DemoMod:WhiteGuonStone"},{"floor":37,"key":"AT_RabadonDeathcap"},{"floor":38,"key":"Sundial"},{"floor":40,"key":"AT_RedTearstoneRing"},{"floor":44,"key":"testmod-StringDisintegrator"},{"floor":47,"key":"Gremlin Horn"},{"floor":56,"key":"GodSword3"},{"floor":56,"key":"testmod-TurbochargingSystem"}],"event_choices":[{"damage_healed":0.0,"max_hp_gain":0.0,"max_hp_loss":0.0,"gold_gain":0.0,"event_name":"Wheel of Change","player_choice":"Cursed","floor":3.0,"gold_loss":0.0,"damage_taken":0.0,"cards_obtained":["Decay"]},{"damage_healed":0,"gold_gain":0,"player_choice":"Fight","damage_taken":0,"max_hp_gain":0,"max_hp_loss":0,"event_name":"MindBloom","floor":37,"gold_loss":0},{"damage_healed":0,"gold_gain":0,"player_choice":"Paid","damage_taken":0,"relics_obtained":["Red Mask"],"max_hp_gain":0,"max_hp_loss":0,"event_name":"Tomb of Lord Red Mask","floor":39,"gold_loss":153},{"damage_healed":0,"gold_gain":0,"player_choice":"Copied","damage_taken":0,"max_hp_gain":0,"max_hp_loss":0,"event_name":"Duplicator","floor":45,"gold_loss":0,"cards_obtained":["Adrenaline"]}],"is_beta":false,"boss_relics":[{"not_picked":["testmod-NegativeEmotionEnhancer","SoulBox"],"picked":"Astrolabe"},{"not_picked":["testmod-KeyOfTheVoid","Tiny House"],"picked":"AddBug"}],"items_purged_floors":[14,22,36,55],"is_endless":false,"potions_floor_spawned":[2,5,6,10,12,13,16,18,19,20,21,23,25,28,29,30,31,33,35,37,38,40,41,44,46,47,48,56],"ascension_level":20}}