{"host":"y6zg4wwu39otf01a","time":1610065464,"event":{"mods":["Act Like it!","Aspiration","BaseMod","Better Altar","Better Match","Better Note","Better Sensory Stone","Better Skull","Better Third Choice","Challenge The Spire","Colored Map","Colored Powertips","Conspire","GifTheSpireLib","Glutton Mod","Halation","Hermit","Highlight Path","Hubris","Infinite Spire","Mimic Mod","Minty Spire (QoL Compilation)","Quick Restart","Random Character Button","Rare Cards Sparkle","Replay The Spire","Retaliation","Shade Mod","Spicy Shops","StSLib","Stuff the Spire","The Blue Laboratory","The Jungle","TheArtist","thorton","vexMod"],"gold_per_floor":[417,251,276,308,343,343,343,194,221,251,279,279,279,279,307,307,307],"floor_reached":16,"playtime":1039,"items_purged":[],"score":225,"play_id":"b2684fb1-e96e-47ed-886a-98423cd045e2","local_time":"20210107192424","daily_mods":["challengethespire:Bronze Difficulty","challengethespire:Elite Rush","Uncertain Future"],"is_ascension_mode":false,"campfire_choices":[{"data":"hermit:CursedWeapon","floor":7,"key":"SMITH"},{"floor":13,"key":"REST"},{"floor":14,"key":"REST"}],"circlet_count":0,"master_deck":["hermit:Strike_Hermit","hermit:Strike_Hermit","hermit:Strike_Hermit","hermit:Strike_Hermit","hermit:Defend_Hermit","hermit:Defend_Hermit","hermit:Defend_Hermit","hermit:Defend_Hermit","hermit:Snapshot","hermit:Covet","Clumsy","hermit:Glare","hermit:CursedWeapon+1","StuffTheSpire:PlasmaPulse","hermit:Gambit","hermit:Enervate","hermit:FinalCanter","Writhe","hermit:BigShot","hermit:Enervate","hermit:Snipe","hermit:Gambit","hermit:GoldenBullet","hermit:Midnight"],"relics":["hermit:Momento","Black Star","Sling","PreservedInsect","aspiration:KaomsHeart"],"acts_visited":["Exordium"],"potions_floor_usage":[9,10,15,16],"damage_taken":[{"damage":11,"enemies":"3 Sentries","floor":3,"turns":5},{"damage":2,"enemies":"Lagavulin","floor":4,"turns":2},{"damage":7,"enemies":"Gremlin Nob","floor":5,"turns":3},{"damage":66,"enemies":"Slavers","floor":9,"turns":6},{"damage":40,"enemies":"Gremlin Leader","floor":10,"turns":4},{"damage":15,"enemies":"Book of Stabbing","floor":11,"turns":3},{"damage":62,"enemies":"Giant Head","floor":15,"turns":7},{"damage":89,"enemies":"Reptomancer","floor":16,"turns":3}],"seed_played":"1816757507498837881","potions_obtained":[{"floor":4,"key":"AttackPotion"},{"floor":9,"key":"PowerPotion"},{"floor":11,"key":"DistilledChaos"},{"floor":15,"key":"AttackPotion"}],"is_trial":true,"path_per_floor":["$","$","E","E","E","T","R","$","E","E","E","T","R","R","E","E"],"character_chosen":"HERMIT","items_purchased":["aspiration:KaomsHeart","Meat on the Bone","hermit:Glare","hermit:CursedWeapon","StuffTheSpire:PlasmaPulse","aspiration:KMNothing","aspiration:KMNothing","aspiration:KMNothing","aspiration:KMNothing","aspiration:KMNothing","aspiration:KMNothing","hermit:BigShot","hermit:Enervate"],"campfire_rested":2,"item_purchase_floors":[1,1,1,2,2,8,8,8,8,8,8,8,8],"current_hp_per_floor":[175,175,164,162,155,155,155,155,89,49,34,34,86,138,76,0,0],"gold":307,"neow_bonus":"","is_daily":false,"chose_seed":false,"campfire_upgraded":1,"win_rate":0.0,"timestamp":1610065464,"path_taken":["$","$","E","E","E","T","R","$","E","E","E","T","R","R","E","E"],"items_purchased_type":["Relic","Relic","Card","Card","Card","Relic","Relic","Relic","Relic","Relic","Relic","Card","Card"],"build_version":"2020-12-22","purchased_purges":0,"victory":false,"max_hp_per_floor":[175,175,175,175,175,175,175,175,175,175,175,175,175,175,175,175,175],"card_choices":[],"player_experience":682891,"relics_obtained":[{"floor":3,"key":"aspiration:KMNothing"},{"floor":3,"key":"aspiration:KMNothing"},{"floor":4,"key":"aspiration:KMNothing"},{"floor":4,"key":"aspiration:KMNothing"},{"floor":5,"key":"aspiration:KMNothing"},{"floor":5,"key":"aspiration:KMNothing"},{"floor":9,"key":"aspiration:KMNothing"},{"floor":9,"key":"aspiration:KMNothing"},{"floor":10,"key":"aspiration:KMNothing"},{"floor":10,"key":"aspiration:KMNothing"},{"floor":11,"key":"aspiration:KMNothing"},{"floor":11,"key":"aspiration:KMNothing"},{"floor":15,"key":"aspiration:KMNothing"},{"floor":15,"key":"aspiration:KMNothing"}],"event_choices":[],"is_beta":false,"boss_relics":[{"not_picked":["aspiration:KMNothing","aspiration:KMNothing"],"picked":"aspiration:KMNothing"},{"not_picked":["aspiration:KMNothing","aspiration:KMNothing"],"picked":"aspiration:KMNothing"}],"items_purged_floors":[],"is_endless":false,"potions_floor_spawned":[4,9,11,15],"killed_by":"Reptomancer","ascension_level":0}}