{"host":"ueaobptuyu87ouwy","time":1610109870,"event":{"mods":["Aspiration","Bard","BaseMod","Better Altar","Better Match","Better Note","Better Sensory Stone","Better Skull","Better Third Choice","BetterRewards","CCEM","Colored Map","Conspire","Downfall","GifTheSpireLib","GungeonMod","Halation","Hermit","Highlight Path","Hubris","Infinite Spire","Jedi Mod","Jorbs\u0027s Wanderer Trilogy","Marisa????????","Marked Mod","Mimic Mod","Minty Spire (QoL Compilation)","Permanent Neow","Replay The Spire","Shop Mod","Small Relic Pack","StSLib","Stuff the Spire","The Runesmith","Unceasing Turn Reminder","everything is the same but u backflip on backflip","slay the spire mod where everything is the same but ironclad has a cowboy hat"],"gold_per_floor":[113,132,132,152,172,172,200,200,239,239,268,287,13,13,13,117,117,132,201,201,261,311,311],"floor_reached":22,"playtime":1190,"items_purged":["Strike_B"],"score":206,"play_id":"baf6e589-68d1-4cda-8d3c-e73bd565786a","local_time":"20210108204430","is_ascension_mode":true,"campfire_choices":[{"data":"Loop","floor":6,"key":"SMITH"},{"floor":10,"key":"REST"},{"data":"Zap","floor":15,"key":"SMITH"}],"circlet_count":0,"master_deck":["Strike_B","Defend_B","Defend_B","Defend_B","Defend_B","Zap+1","Dualcast","BasicCrystalCard","jedi:blockon","Loop+1","Capacitor","Cold Snap","Hello World","Capacitor+1","Thinking Ahead","Ball Lightning","Hologram","Consume","hubris:Despair","ReplayTheSpireMod:Haul","Replay:SS_hec_1","jedi:BurstDark","hermit:Snapshot","infinitespire:TheBestDefense","Rebound+1"],"relics":["Cracked Core","aspiration:Nostalgia","m_BurningSludge","Shovel","PreservedInsect","Vajra","hubris:Towel","relicPack:KazumaCape","ReplayTheSpireMod:SealedPack","CCEMRelics:BiPhaseBiplane"],"acts_visited":["Exordium","TheCity"],"potions_floor_usage":[6,18,19,21,22],"damage_taken":[{"damage":12,"enemies":"Small Slimes","floor":1,"turns":3},{"damage":1,"enemies":"Cultist","floor":2,"turns":4},{"damage":4,"enemies":"2 Louse","floor":4,"turns":2},{"damage":0,"enemies":"Exordium Thugs","floor":5,"turns":4},{"damage":15,"enemies":"Lagavulin","floor":7,"turns":7},{"damage":0,"enemies":"3 Louse","floor":9,"turns":5},{"damage":27,"enemies":"Gremlin Nob","floor":11,"turns":4},{"damage":6,"enemies":"3 Louse","floor":12,"turns":3},{"damage":39,"enemies":"Fading Forest","floor":16,"turns":11},{"damage":31,"enemies":"3 Byrds","floor":18,"turns":4},{"damage":17,"enemies":"2 Thieves","floor":19,"turns":4},{"damage":24,"enemies":"Snake Plant","floor":21,"turns":4},{"damage":17,"enemies":"Snecko","floor":22,"turns":3}],"seed_played":"-4699713539878583451","potions_obtained":[{"floor":4,"key":"SkillPotion"},{"floor":5,"key":"Fruit Juice"},{"floor":7,"key":"jedi:tentaclejuice"},{"floor":11,"key":"Reflective Coating"},{"floor":12,"key":"FocusPotion"},{"floor":18,"key":"FearPotion"}],"is_trial":false,"path_per_floor":["M","M","?","M","M","R","E","?","MIM","R","E","M","$","?","R","B",null,"M","M","AVR","M","M"],"character_chosen":"DEFECT","items_purchased":["Capacitor+1","Thinking Ahead","Ball Lightning"],"campfire_rested":1,"item_purchase_floors":[13,13,13],"current_hp_per_floor":[63,62,62,58,58,63,48,48,48,72,45,39,39,39,39,10,80,49,32,32,8,0,0],"gold":311,"neow_bonus":"NOSTALGIA","is_daily":false,"chose_seed":false,"campfire_upgraded":2,"win_rate":0.0,"timestamp":1610109870,"path_taken":["M","M","?","M","?","R","E","?","MIM","R","E","M","$","?","R","BOSS","M","M","AVR","M","M"],"items_purchased_type":["Card","Card","Card"],"build_version":"2020-12-13","purchased_purges":1,"victory":false,"max_hp_per_floor":[75,75,75,75,75,80,80,80,80,80,80,80,80,80,80,80,80,80,80,80,80,80,80],"card_choices":[{"not_picked":["jedi:BurstFrost","Sword Boomerang"],"picked":"BasicCrystalCard","floor":1},{"not_picked":["jedi:spotbugs","BasicCrystalCard"],"picked":"jedi:blockon","floor":2},{"not_picked":["Slimebound:ViciousTackle","Defragment"],"picked":"Loop","floor":4},{"not_picked":["Tempest","hubris:PowerSurge","Steam"],"picked":"SKIP","floor":5},{"not_picked":["ReplayTheSpireMod:Repulse","StuffTheSpire:GlassShard","Slimebound:HungryTackle"],"picked":"SKIP","floor":7},{"not_picked":["Twin Strike","Coolheaded"],"picked":"Capacitor","floor":9},{"not_picked":["Leap","Reaper"],"picked":"Cold Snap","floor":11},{"not_picked":["Turbo","StuffTheSpire:CleanHardDrive"],"picked":"Hello World","floor":12},{"not_picked":["Ball Lightning","Stack"],"picked":"Hologram","floor":18},{"not_picked":["Conserve Battery","jedi:locknload"],"picked":"Consume","floor":19},{"not_picked":["ReplayTheSpireMod:??????????????????????","hubris:Fate"],"picked":"ReplayTheSpireMod:Haul","floor":20},{"not_picked":["Dark Shackles","Replay:Sssssssssstrike"],"picked":"Replay:SS_hec_1","floor":20},{"not_picked":["Machine Learning","Meteor Strike"],"picked":"jedi:BurstDark","floor":20},{"not_picked":["Replay:GuardianBash","Bash"],"picked":"hermit:Snapshot","floor":20},{"not_picked":["Stack","conspire:SharedLibrary"],"picked":"Rebound+1","floor":21}],"player_experience":78241,"relics_obtained":[{"floor":7,"key":"Shovel"},{"floor":9,"key":"PreservedInsect"},{"floor":11,"key":"Vajra"}],"event_choices":[{"cards_removed":["Strike_B"],"damage_healed":0,"gold_gain":0,"player_choice":"Purged","damage_taken":0,"max_hp_gain":0,"max_hp_loss":0,"event_name":"Purifier","floor":3,"gold_loss":0},{"cards_removed":["Strike_B"],"damage_healed":0,"gold_gain":0,"player_choice":"Offered Basic","damage_taken":0,"max_hp_gain":0,"max_hp_loss":0,"event_name":"Bonfire Elementals","floor":8,"gold_loss":0}],"is_beta":false,"boss_relics":[{"not_picked":["Fusion Hammer","aspiration:RunesmithSkillbook"],"picked":"relicPack:KazumaCape"}],"items_purged_floors":[20],"is_endless":false,"potions_floor_spawned":[4,5,7,11,12,18],"killed_by":"Snecko","ascension_level":1}}