{"host":"kh6fvhxn285ncg0o","time":1610113038,"event":{"mods":["Act Like it!","BaseMod","Colored Map","Friendly Minions","Keyboard Shortcuts","Minty Spire (QoL Compilation)","Quick Restart","Relic Stats","StSLib","SuperFastMode"],"gold_per_floor":[113,38,38,38,114,150,170,205,205,248,248,286,307,387,387,483,483,497,342,342,366,416,449,449,480,480,521,62,62,83,103,103,201,201,219,219,239,264,282,315,147,147,171,192,205,245,245,285,285,285,285,285,285,65,105,105],"floor_reached":57,"playtime":1653,"items_purged":["Strike_R","Strike_R","Hemokinesis"],"score":3377,"play_id":"081d1461-1923-4061-b186-81f14db19166","local_time":"20210108223718","is_ascension_mode":true,"campfire_choices":[{"data":"Bash","floor":11.0,"key":"SMITH"},{"data":"Body Slam","floor":15.0,"key":"SMITH"},{"data":"Offering","floor":24.0,"key":"SMITH"},{"data":"Entrench","floor":29.0,"key":"SMITH"},{"data":"Shrug It Off","floor":32.0,"key":"SMITH"},{"data":"Barricade","floor":47.0,"key":"SMITH"},{"floor":49.0,"key":"RECALL"},{"data":"Seeing Red","floor":53.0,"key":"SMITH"}],"circlet_count":0,"master_deck":["AscendersBane","Defend_R","Defend_R","Defend_R","Defend_R","Bash+1","Pummel","Headbutt","Evolve+1","Offering+1","Body Slam+1","Barricade+1","Wild Strike+1","Fire Breathing","Whirlwind+1","Shrug It Off+1","Warcry+1","Pommel Strike+1","Entrench+1","Reckless Charge+1","Seeing Red+1"],"relics":["Burning Blood","NeowsBlessing","Golden Idol","HornCleat","Charon\u0027s Ashes","Bottled Flame","Pantograph","Eternal Feather","Lantern","Molten Egg 2","Busted Crown","Matryoshka","Gremlin Horn","Bronze Scales","The Courier","CaptainsWheel","Pen Nib","Centennial Puzzle","Orrery","SacredBark","Oddly Smooth Stone","Blue Candle","Juzu Bracelet","Kunai","Bag of Preparation","InkBottle"],"acts_visited":["Exordium","TheCity","TheBeyond","TheEnding"],"potions_floor_usage":[56,56],"damage_taken":[{"damage":0.0,"enemies":"2 Louse","floor":1.0,"turns":2.0},{"damage":0.0,"enemies":"Lagavulin","floor":6.0,"turns":1.0},{"damage":0.0,"enemies":"Small Slimes","floor":7.0,"turns":1.0},{"damage":6.0,"enemies":"3 Sentries","floor":8.0,"turns":6.0},{"damage":20.0,"enemies":"Lagavulin","floor":10.0,"turns":4.0},{"damage":4.0,"enemies":"3 Sentries","floor":12.0,"turns":5.0},{"damage":4.0,"enemies":"Jaw Worm","floor":13.0,"turns":3.0},{"damage":73.0,"enemies":"The Guardian","floor":16.0,"turns":12.0},{"damage":9.0,"enemies":"3 Byrds","floor":18.0,"turns":5.0},{"damage":0.0,"enemies":"2 Thieves","floor":21.0,"turns":1.0},{"damage":6.0,"enemies":"Gremlin Leader","floor":23.0,"turns":4.0},{"damage":13.0,"enemies":"Slavers","floor":25.0,"turns":2.0},{"damage":37.0,"enemies":"Book of Stabbing","floor":27.0,"turns":3.0},{"damage":6.0,"enemies":"3 Cultists","floor":30.0,"turns":1.0},{"damage":0.0,"enemies":"Chosen and Byrds","floor":31.0,"turns":3.0},{"damage":6.0,"enemies":"Collector","floor":33.0,"turns":7.0},{"damage":6.0,"enemies":"Orb Walker","floor":35.0,"turns":1.0},{"damage":1.0,"enemies":"3 Shapes","floor":37.0,"turns":6.0},{"damage":2.0,"enemies":"Sphere and 2 Shapes","floor":38.0,"turns":4.0},{"damage":8.0,"enemies":"Writhing Mass","floor":39.0,"turns":6.0},{"damage":42.0,"enemies":"Nemesis","floor":40.0,"turns":5.0},{"damage":6.0,"enemies":"Maw","floor":44.0,"turns":5.0},{"damage":6.0,"enemies":"Spire Growth","floor":45.0,"turns":4.0},{"damage":12.0,"enemies":"Reptomancer","floor":46.0,"turns":3.0},{"damage":11.0,"enemies":"Nemesis","floor":48.0,"turns":4.0},{"damage":6.0,"enemies":"Donu and Deca","floor":50.0,"turns":6.0},{"damage":25.0,"enemies":"Time Eater","floor":51.0,"turns":8.0},{"damage":32.0,"enemies":"Shield and Spear","floor":55.0,"turns":6.0},{"damage":10,"enemies":"The Heart","floor":56,"turns":7}],"seed_played":"7513988298684944129","potions_obtained":[{"floor":7.0,"key":"EssenceOfSteel"},{"floor":8.0,"key":"Strength Potion"},{"floor":16.0,"key":"Strength Potion"},{"floor":21.0,"key":"AttackPotion"},{"floor":23.0,"key":"SpeedPotion"},{"floor":27.0,"key":"DuplicationPotion"},{"floor":40.0,"key":"ColorlessPotion"},{"floor":45.0,"key":"Dexterity Potion"}],"is_trial":false,"path_per_floor":["M","?","?","?","T","E","M","E","T","E","R","E","M","T","R","B",null,"M","$","?","M","?","E","R","E","T","E","$","R","M","M","R","B",null,"M","?","M","M","M","E","$","?","T","M","M","E","R","E","R","B","B",null,"R","$","E","B",null],"character_chosen":"IRONCLAD","items_purchased":["Fire Breathing","Pen Nib","Centennial Puzzle","Orrery","Seeing Red","Bag of Preparation","Energy Potion","SkillPotion"],"campfire_rested":0,"item_purchase_floors":[19,28,28,28,41,54,54,54],"current_hp_per_floor":[74,74,67,41,41,47,53,53,53,39,45,47,49,49,58,8,58,55,55,55,61,61,61,70,63,63,32,32,44,44,50,62,75,75,75,71,71,71,69,33,33,33,33,33,33,27,39,34,46,71,52,66,71,71,45,66],"gold":105,"neow_bonus":"THREE_ENEMY_KILL","is_daily":false,"chose_seed":false,"campfire_upgraded":7,"win_rate":0.0,"timestamp":1610113038,"path_taken":["M","?","?","?","?","E","?","E","T","E","R","E","?","?","R","BOSS","M","$","?","?","?","E","R","E","T","E","$","R","M","M","R","BOSS","M","?","M","M","M","E","$","?","T","M","M","E","R","E","R","BOSS","BOSS","R","$","E","BOSS"],"items_purchased_type":["Card","Relic","Relic","Relic","Card","Relic","Potion","Potion"],"build_version":"2020-12-22","purchased_purges":3,"victory":true,"max_hp_per_floor":[75,75,75,75,75,75,75,75,75,75,75,75,75,75,75,75,75,75,75,75,75,75,75,75,75,75,75,75,75,75,75,75,75,75,75,71,71,71,71,71,71,71,71,71,71,71,71,71,71,71,71,71,71,71,71,71],"relic_stats":{"Gremlin Horn":[15,15],"counters":[29,125],"Golden Idol":228,"Blue Candle":[2],"Eternal Feather":77,"Charon\u0027s Ashes":[494],"Pen Nib":[15],"Juzu Bracelet":0,"Bag of Preparation":[4],"Burning Blood":165,"Centennial Puzzle":[45],"Busted Crown":46,"Pantograph":80,"Bronze Scales":[306],"Kunai":[11],"obtain_stats":[{"Lantern":12,"Gremlin Horn":25,"SacredBark":34,"Juzu Bracelet":46,"Bag of Preparation":54,"Burning Blood":0,"Centennial Puzzle":28,"HornCleat":5,"Matryoshka":23,"Pantograph":9,"Kunai":48,"InkBottle":55,"NeowsBlessing":0,"Golden Idol":4,"Blue Candle":43,"Oddly Smooth Stone":40,"Eternal Feather":10,"Charon\u0027s Ashes":6,"The Courier":26,"Pen Nib":28,"Bottled Flame":8,"CaptainsWheel":27,"Busted Crown":17,"Bronze Scales":26,"Orrery":28,"Molten Egg 2":14},{"Lantern":6,"Gremlin Horn":12,"SacredBark":16,"Juzu Bracelet":24,"Bag of Preparation":27,"Burning Blood":0,"Centennial Puzzle":13,"HornCleat":1,"Matryoshka":11,"Pantograph":4,"Kunai":25,"InkBottle":28,"NeowsBlessing":0,"Golden Idol":1,"Blue Candle":21,"Oddly Smooth Stone":21,"Eternal Feather":5,"Charon\u0027s Ashes":2,"The Courier":12,"Pen Nib":13,"Bottled Flame":4,"CaptainsWheel":13,"Busted Crown":8,"Bronze Scales":12,"Orrery":13,"Molten Egg 2":7},{"Lantern":19,"Gremlin Horn":46,"SacredBark":60,"Juzu Bracelet":94,"Bag of Preparation":112,"Burning Blood":0,"Centennial Puzzle":49,"HornCleat":2,"Matryoshka":44,"Pantograph":10,"Kunai":98,"InkBottle":118,"NeowsBlessing":0,"Golden Idol":2,"Blue Candle":82,"Oddly Smooth Stone":82,"Eternal Feather":14,"Charon\u0027s Ashes":3,"The Courier":46,"Pen Nib":49,"Bottled Flame":10,"CaptainsWheel":49,"Busted Crown":34,"Bronze Scales":46,"Orrery":49,"Molten Egg 2":22}],"InkBottle":[3]},"card_choices":[{"not_picked":["Clash","Armaments"],"picked":"Pummel","floor":6.0},{"not_picked":["Iron Wave","Cleave"],"picked":"Headbutt","floor":7.0},{"not_picked":["Burning Pact","Thunderclap"],"picked":"Hemokinesis","floor":8.0},{"not_picked":["Burning Pact","Second Wind"],"picked":"Evolve","floor":10.0},{"not_picked":["Pummel","Armaments"],"picked":"Offering","floor":12.0},{"not_picked":["Clash","Wild Strike"],"picked":"Body Slam","floor":13.0},{"not_picked":["Juggernaut","Demon Form"],"picked":"Barricade","floor":16.0},{"not_picked":[],"picked":"Wild Strike+1","floor":18.0},{"not_picked":[],"picked":"Shrug It Off","floor":21.0},{"not_picked":[],"picked":"Warcry+1","floor":23.0},{"not_picked":["Anger+1"],"picked":"SKIP","floor":25.0},{"not_picked":[],"picked":"Pommel Strike+1","floor":27.0},{"not_picked":[],"picked":"Entrench","floor":28.0},{"not_picked":["Heavy Blade+1"],"picked":"SKIP","floor":30.0},{"not_picked":["Bloodletting"],"picked":"SKIP","floor":31.0},{"not_picked":["Rupture+1"],"picked":"SKIP","floor":35.0},{"not_picked":["Cleave+1"],"picked":"SKIP","floor":37.0},{"not_picked":["Wild Strike+1"],"picked":"SKIP","floor":38.0},{"not_picked":[],"picked":"Reckless Charge+1","floor":39.0},{"not_picked":["Armaments+1"],"picked":"SKIP","floor":40.0},{"not_picked":["Sword Boomerang+1"],"picked":"SKIP","floor":44.0},{"not_picked":["Sword Boomerang+1"],"picked":"SKIP","floor":45.0},{"not_picked":["Twin Strike+1"],"picked":"SKIP","floor":46.0},{"not_picked":["Reckless Charge+1"],"picked":"SKIP","floor":48.0},{"not_picked":["Carnage+1"],"picked":"SKIP","floor":55.0}],"player_experience":3386327,"relics_obtained":[{"floor":5.0,"key":"HornCleat"},{"floor":6.0,"key":"Charon\u0027s Ashes"},{"floor":8.0,"key":"Bottled Flame"},{"floor":9.0,"key":"Pantograph"},{"floor":10.0,"key":"Eternal Feather"},{"floor":12.0,"key":"Lantern"},{"floor":14.0,"key":"Molten Egg 2"},{"floor":23.0,"key":"Matryoshka"},{"floor":25.0,"key":"Gremlin Horn"},{"floor":26.0,"key":"Bronze Scales"},{"floor":26.0,"key":"The Courier"},{"floor":27.0,"key":"CaptainsWheel"},{"floor":40.0,"key":"Oddly Smooth Stone"},{"floor":43.0,"key":"Blue Candle"},{"floor":46.0,"key":"Juzu Bracelet"},{"floor":48.0,"key":"Kunai"},{"floor":55.0,"key":"InkBottle"}],"event_choices":[{"cards_removed":["Strike_R"],"damage_healed":0.0,"max_hp_gain":0.0,"max_hp_loss":0.0,"gold_gain":0.0,"event_name":"The Cleric","player_choice":"Card Removal","floor":2.0,"gold_loss":75.0,"damage_taken":0.0},{"cards_removed":["Strike_R"],"damage_healed":0.0,"max_hp_gain":0.0,"max_hp_loss":0.0,"gold_gain":0.0,"event_name":"Golden Wing","player_choice":"Card Removal","floor":3.0,"gold_loss":0.0,"damage_taken":7.0},{"damage_healed":0.0,"max_hp_gain":0.0,"max_hp_loss":0.0,"gold_gain":0.0,"event_name":"Golden Idol","player_choice":"Take Damage","floor":4.0,"gold_loss":0.0,"damage_taken":26.0,"relics_obtained":["Golden Idol"]},{"damage_healed":0.0,"max_hp_gain":0.0,"max_hp_loss":0.0,"gold_gain":0.0,"cards_transformed":["Strike_R"],"event_name":"Transmorgrifier","player_choice":"Transformed","floor":20.0,"gold_loss":0.0,"damage_taken":0.0,"cards_obtained":["Whirlwind"]},{"damage_healed":0.0,"max_hp_gain":0.0,"max_hp_loss":0.0,"gold_gain":50.0,"event_name":"Nest","player_choice":"Stole From Cult","floor":22.0,"gold_loss":0.0,"damage_taken":0.0},{"damage_healed":0.0,"max_hp_gain":0.0,"max_hp_loss":4.0,"gold_gain":0.0,"event_name":"Winding Halls","player_choice":"Max HP","floor":36.0,"gold_loss":0.0,"damage_taken":0.0},{"damage_healed":0.0,"max_hp_gain":0.0,"max_hp_loss":0.0,"gold_gain":0.0,"event_name":"Accursed Blacksmith","player_choice":"Forge","floor":42.0,"gold_loss":0.0,"damage_taken":0.0,"cards_upgraded":["Evolve"]}],"is_beta":false,"boss_relics":[{"not_picked":["Empty Cage","Tiny House"],"picked":"Busted Crown"},{"not_picked":["Astrolabe","Calling Bell"],"picked":"SacredBark"}],"items_purged_floors":[19,28,41],"is_endless":false,"potions_floor_spawned":[7,8,16,18,21,23,27,35,37,39,40,45],"ascension_level":20}}