{"host":"3a1ypf1irl30q4k8","time":1610113321,"event":{"mods":["AchievementEnabler","BaseMod","Bestiary","Colored Map","Minty Spire (QoL Compilation)","Relic Stats"],"gold_per_floor":[119,129,140,14,29,55,55,18,18,38,38,3,3,28,28,132,132,148,158,158,83,95,95,120,139,139,155,155,155,155,155,155,253,253,272,292,342,342,18,18,18,18,18,30,30,45,45,78,78,78,78,78,2,36,36,36],"floor_reached":55,"playtime":3584,"items_purged":["Strike_G"],"score":707,"play_id":"7ff4dcf5-06dc-4fb0-95ed-133f05b62f0b","local_time":"20210108134201","is_ascension_mode":true,"campfire_choices":[{"data":"Die Die Die","floor":7.0,"key":"SMITH"},{"data":"Dash","floor":11.0,"key":"SMITH"},{"data":"Noxious Fumes","floor":13.0,"key":"SMITH"},{"data":"Deadly Poison","floor":15.0,"key":"SMITH"},{"data":"Wraith Form v2","floor":23.0,"key":"SMITH"},{"floor":28.0,"key":"REST"},{"data":"Footwork","floor":32.0,"key":"SMITH"},{"floor":40,"key":"RECALL"},{"data":"Blur","floor":42,"key":"SMITH"},{"data":"Dash","floor":45,"key":"SMITH"},{"data":"Terror","floor":47,"key":"SMITH"},{"floor":49,"key":"REST"},{"data":"Footwork","floor":52,"key":"SMITH"}],"circlet_count":0,"master_deck":["Survivor","Neutralize","Die Die Die+1","Dash+1","Poisoned Stab","Quick Slash","Deadly Poison+1","Noxious Fumes+1","Footwork+1","Well Laid Plans","Wraith Form v2+1","Backflip","Glass Knife","Caltrops","Terror+1","Poisoned Stab","Finisher","Flying Knee+1","Quick Slash","After Image","Escape Plan","Dash+1","Blur+1","Outmaneuver","After Image+1","Skewer+1","Footwork+1","The Bomb","Catalyst+1","Dagger Spray+1","Crippling Poison"],"relics":["Ring of the Snake","Oddly Smooth Stone","Bottled Tornado","Letter Opener","Pandora\u0027s Box","Ornamental Fan","Omamori","Busted Crown","StoneCalendar","Ancient Tea Set","Bottled Lightning"],"acts_visited":["Exordium","TheCity","TheBeyond","TheEnding"],"potions_floor_usage":[37,48,48],"damage_taken":[{"damage":0.0,"enemies":"2 Louse","floor":1.0,"turns":2.0},{"damage":0.0,"enemies":"Jaw Worm","floor":2.0,"turns":2.0},{"damage":0.0,"enemies":"Small Slimes","floor":3.0,"turns":2.0},{"damage":0.0,"enemies":"Looter","floor":5.0,"turns":3.0},{"damage":18.0,"enemies":"Lagavulin","floor":6.0,"turns":5.0},{"damage":0.0,"enemies":"Large Slime","floor":10.0,"turns":5.0},{"damage":4.0,"enemies":"Gremlin Nob","floor":14.0,"turns":4.0},{"damage":18.0,"enemies":"The Guardian","floor":16.0,"turns":8.0},{"damage":2.0,"enemies":"Chosen","floor":18.0,"turns":4.0},{"damage":7.0,"enemies":"Shell Parasite","floor":19.0,"turns":4.0},{"damage":19.0,"enemies":"Snake Plant","floor":22.0,"turns":5.0},{"damage":34.0,"enemies":"Gremlin Leader","floor":24.0,"turns":7.0},{"damage":14.0,"enemies":"Sentry and Sphere","floor":25.0,"turns":8.0},{"damage":1.0,"enemies":"3 Cultists","floor":27.0,"turns":6.0},{"damage":2.0,"enemies":"Automaton","floor":33.0,"turns":11.0},{"damage":0.0,"enemies":"Orb Walker","floor":35.0,"turns":4.0},{"damage":6,"enemies":"3 Darklings","floor":36,"turns":5},{"damage":0,"enemies":"Mind Bloom Boss Battle","floor":37,"turns":6},{"damage":3,"enemies":"Transient","floor":44,"turns":5},{"damage":7,"enemies":"Jaw Worm Horde","floor":46,"turns":5},{"damage":16,"enemies":"Nemesis","floor":48,"turns":7},{"damage":25,"enemies":"Time Eater","floor":50,"turns":12},{"damage":57,"enemies":"Shield and Spear","floor":54,"turns":7},{"damage":46,"enemies":"The Heart","floor":55,"turns":2}],"seed_played":"8347335736377556293","potions_obtained":[{"floor":1.0,"key":"SteroidPotion"},{"floor":5.0,"key":"SpeedPotion"},{"floor":6.0,"key":"Energy Potion"},{"floor":16.0,"key":"EssenceOfSteel"},{"floor":22.0,"key":"Regen Potion"},{"floor":24.0,"key":"GamblersBrew"},{"floor":27.0,"key":"Fruit Juice"},{"floor":36,"key":"LiquidMemories"},{"floor":37,"key":"FearPotion"},{"floor":44,"key":"Explosive Potion"}],"is_trial":false,"path_per_floor":["M","M","M","$","M","E","R","$","T","M","R","?","R","E","R","B",null,"M","M","?","?","M","R","E","M","T","M","R","?","?","?","R","B",null,"M","M","?","?","$","R","?","R","T","M","R","M","R","E","R","B",null,"R","$","E","B"],"character_chosen":"THE_SILENT","items_purchased":["Quick Slash","Footwork","Footwork","The Bomb","EssenceOfSteel","Crippling Poison"],"campfire_rested":2,"item_purchase_floors":[4,8,39,39,39,53],"current_hp_per_floor":[49,49,49,49,49,31,31,31,31,31,31,48,48,44,44,26,70,68,61,61,61,42,42,23,9,9,13,35,60,60,60,60,58,75,75,69,69,69,69,69,69,69,69,66,66,59,59,43,65,40,75,75,75,18,0,0],"gold":36,"neow_bonus":"THREE_RARE_CARDS","is_daily":false,"chose_seed":false,"campfire_upgraded":10,"win_rate":0.0,"timestamp":1610113321,"path_taken":["M","M","M","$","M","E","R","$","T","M","R","?","R","E","R","BOSS","M","M","?","?","M","R","E","M","T","M","R","?","?","?","R","BOSS","M","M","?","?","$","R","?","R","T","?","R","M","R","E","R","BOSS","R","$","E","BOSS"],"items_purchased_type":["Card","Card","Card","Card","Potion","Card"],"build_version":"2020-12-22","purchased_purges":1,"victory":false,"max_hp_per_floor":[70,70,70,70,70,70,70,70,70,70,70,70,70,70,70,70,70,70,70,70,70,70,70,70,70,70,75,75,75,75,75,75,75,75,75,75,75,75,75,75,75,75,75,75,75,75,75,75,75,75,75,75,75,75,75,75],"relic_stats":{"Busted Crown":16,"counters":[24,129],"Ornamental Fan":[80],"Pandora\u0027s Box":["Backflip","Glass Knife","Riddle With Holes","Caltrops","Terror","Choke","Cloak And Dagger","Poisoned Stab","Finisher"],"StoneCalendar":[145],"Letter Opener":[47],"obtain_stats":[{"Busted Crown":34,"Ornamental Fan":24,"Oddly Smooth Stone":6,"Pandora\u0027s Box":17,"StoneCalendar":37,"Omamori":26,"Letter Opener":14,"Bottled Lightning":54,"Bottled Tornado":9,"Ancient Tea Set":48,"Ring of the Snake":0},{"Busted Crown":15,"Ornamental Fan":12,"Oddly Smooth Stone":5,"Pandora\u0027s Box":8,"StoneCalendar":18,"Omamori":13,"Letter Opener":7,"Bottled Lightning":23,"Bottled Tornado":5,"Ancient Tea Set":21,"Ring of the Snake":0},{"Busted Crown":76,"Ornamental Fan":51,"Oddly Smooth Stone":14,"Pandora\u0027s Box":31,"StoneCalendar":91,"Omamori":59,"Letter Opener":23,"Bottled Lightning":127,"Bottled Tornado":14,"Ancient Tea Set":108,"Ring of the Snake":0}],"Ring of the Snake":[48]},"card_choices":[{"not_picked":["Phantasmal Killer","Wraith Form v2"],"picked":"Die Die Die","floor":0.0},{"not_picked":["Outmaneuver","Underhanded Strike"],"picked":"Dash","floor":1.0},{"not_picked":["Dodge and Roll","Outmaneuver"],"picked":"Acrobatics","floor":2.0},{"not_picked":["Masterful Stab","Endless Agony"],"picked":"Poisoned Stab","floor":3.0},{"not_picked":["Deflect","Acrobatics"],"picked":"Deadly Poison","floor":5.0},{"not_picked":["Blade Dance","Deadly Poison"],"picked":"Noxious Fumes","floor":6.0},{"not_picked":["PiercingWail","Dodge and Roll"],"picked":"Well Laid Plans","floor":10.0},{"not_picked":["Cloak And Dagger","Setup","Underhanded Strike"],"picked":"SKIP","floor":14.0},{"not_picked":["Envenom","After Image"],"picked":"Wraith Form v2","floor":16.0},{"not_picked":["PiercingWail","Bane"],"picked":"Flying Knee+1","floor":18.0},{"not_picked":["Outmaneuver+1","Backflip","Quick Slash"],"picked":"SKIP","floor":19.0},{"not_picked":["All Out Attack","Slice"],"picked":"Quick Slash","floor":22.0},{"not_picked":["All Out Attack","Acrobatics"],"picked":"After Image","floor":24.0},{"not_picked":["Sucker Punch","Quick Slash"],"picked":"Escape Plan","floor":25.0},{"not_picked":["Choke","Distraction"],"picked":"Dash","floor":27.0},{"not_picked":["Envenom","Unload"],"picked":"After Image","floor":33.0},{"not_picked":["Quick Slash"],"picked":"SKIP","floor":35},{"not_picked":["Slice"],"picked":"SKIP","floor":36},{"not_picked":[],"picked":"Skewer+1","floor":37},{"not_picked":["Skewer+1"],"picked":"SKIP","floor":44},{"not_picked":[],"picked":"Catalyst+1","floor":46},{"not_picked":[],"picked":"Dagger Spray+1","floor":48},{"not_picked":["Underhanded Strike"],"picked":"SKIP","floor":54}],"player_experience":992358,"relics_obtained":[{"floor":6.0,"key":"Oddly Smooth Stone"},{"floor":9.0,"key":"Bottled Tornado"},{"floor":14.0,"key":"Letter Opener"},{"floor":24.0,"key":"Ornamental Fan"},{"floor":26.0,"key":"Omamori"},{"floor":37,"key":"StoneCalendar"},{"floor":48,"key":"Ancient Tea Set"},{"floor":54,"key":"Bottled Lightning"}],"event_choices":[{"damage_healed":17.0,"max_hp_gain":0.0,"max_hp_loss":0.0,"gold_gain":0.0,"event_name":"The Cleric","player_choice":"Healed","floor":12.0,"gold_loss":35.0,"damage_taken":0.0},{"cards_removed":["Acrobatics"],"damage_healed":0.0,"max_hp_gain":0.0,"max_hp_loss":0.0,"gold_gain":0.0,"event_name":"Back to Basics","player_choice":"Elegance","floor":20.0,"gold_loss":0.0,"damage_taken":0.0},{"cards_removed":["Riddle With Holes"],"damage_healed":0.0,"max_hp_gain":0.0,"max_hp_loss":0.0,"gold_gain":0.0,"event_name":"Beggar","player_choice":"Gave Gold","floor":21.0,"gold_loss":75.0,"damage_taken":0.0},{"damage_healed":25.0,"max_hp_gain":0.0,"max_hp_loss":0.0,"gold_gain":0.0,"event_name":"The Library","player_choice":"Heal","floor":29.0,"gold_loss":0.0,"damage_taken":0.0},{"damage_healed":0.0,"max_hp_gain":0.0,"max_hp_loss":0.0,"gold_gain":0.0,"event_name":"Vampires","player_choice":"Ignored","floor":30.0,"gold_loss":0.0,"damage_taken":0.0},{"damage_healed":0.0,"max_hp_gain":0.0,"max_hp_loss":0.0,"gold_gain":0.0,"cards_transformed":["Cloak And Dagger","Choke"],"event_name":"Drug Dealer","player_choice":"Became Test Subject","floor":31.0,"gold_loss":0.0,"damage_taken":0.0,"cards_obtained":["Blur","Outmaneuver"]},{"damage_healed":0,"gold_gain":0,"player_choice":"Fight","damage_taken":0,"max_hp_gain":0,"max_hp_loss":0,"event_name":"MindBloom","floor":37,"gold_loss":0},{"damage_healed":0,"gold_gain":0,"player_choice":"Ignored","damage_taken":0,"max_hp_gain":0,"max_hp_loss":0,"event_name":"Mysterious Sphere","floor":38,"gold_loss":0},{"damage_healed":0,"gold_gain":0,"player_choice":"Forge","damage_taken":0,"max_hp_gain":0,"max_hp_loss":0,"event_name":"Accursed Blacksmith","floor":41,"gold_loss":0,"cards_upgraded":["After Image"]}],"is_beta":false,"boss_relics":[{"not_picked":["Tiny House","Philosopher\u0027s Stone"],"picked":"Pandora\u0027s Box"},{"not_picked":["HoveringKite","Ring of the Serpent"],"picked":"Busted Crown"}],"items_purged_floors":[4],"is_endless":false,"potions_floor_spawned":[1,5,6,16,22,24,27,36,37,44],"killed_by":"The Heart","ascension_level":1}}