{"host":"g7trc0x2teqyd8ye","time":1610141117,"event":{"mods":["BaseMod","Key Reminder","Minty Spire (QoL Compilation)","Relic Stats"],"gold_per_floor":[111,286,236,236,34,34,61,61,88,88,98,118,133,196,196,299,299,317,74,74,44,44],"floor_reached":21,"playtime":619,"items_purged":["Defend_B"],"score":271,"play_id":"947083fa-fcdd-438e-a26b-185f99f04645","local_time":"20210108222517","is_ascension_mode":true,"campfire_choices":[{"data":"Loop","floor":6,"key":"SMITH"},{"data":"Dualcast","floor":8,"key":"SMITH"},{"floor":15,"key":"REST"}],"circlet_count":0,"master_deck":["AscendersBane","Strike_B+1","Strike_B+1","Defend_B","Defend_B","Zap","Dualcast+1","Loop+1","Conserve Battery","White Noise+1","Redo","Ball Lightning","Ball Lightning","Compile Driver+1","Creative AI","Blizzard+1","Loop+1","Leap+1","Consume","Flash of Steel+1","Blizzard+1"],"relics":["Runic Pyramid","Whetstone","Centennial Puzzle","Regal Pillow","Molten Egg 2","Astrolabe"],"acts_visited":["Exordium","TheCity"],"potions_floor_usage":[14,16],"damage_taken":[{"damage":7,"enemies":"2 Louse","floor":1,"turns":4},{"damage":8,"enemies":"Lagavulin","floor":7,"turns":6},{"damage":0,"enemies":"Small Slimes","floor":11,"turns":3},{"damage":2,"enemies":"Jaw Worm","floor":12,"turns":3},{"damage":0,"enemies":"2 Fungi Beasts","floor":13,"turns":3},{"damage":10,"enemies":"3 Sentries","floor":14,"turns":5},{"damage":17,"enemies":"Hexaghost","floor":16,"turns":9},{"damage":44,"enemies":"Shell Parasite","floor":18,"turns":7},{"damage":10,"enemies":"2 Thieves","floor":21,"turns":1}],"seed_played":"-3511820974430093461","potions_obtained":[{"floor":7,"key":"LiquidMemories"},{"floor":11,"key":"PowerPotion"},{"floor":18,"key":"Energy Potion"}],"is_trial":false,"path_per_floor":["M","?","?","?","$","R","E","R","T","?","M","M","M","?","R","B",null,"M","$","?","M"],"character_chosen":"DEFECT","items_purchased":["Whetstone","Conserve Battery","Flash of Steel+1","Blizzard+1"],"campfire_rested":1,"item_purchase_floors":[5,5,19,19],"current_hp_per_floor":[61,61,61,46,46,46,38,38,38,38,38,36,36,26,63,46,68,24,24,10,0,0],"gold":44,"neow_bonus":"BOSS_RELIC","is_daily":false,"chose_seed":false,"campfire_upgraded":2,"win_rate":0.0,"timestamp":1610141117,"path_taken":["M","?","?","?","?","R","E","R","T","?","M","?","M","?","R","BOSS","M","$","?","M"],"items_purchased_type":["Relic","Card","Card","Card"],"build_version":"2020-12-22","purchased_purges":1,"victory":false,"max_hp_per_floor":[75,75,75,75,75,75,75,75,75,75,75,75,75,75,75,75,75,75,75,80,80,80],"relic_stats":{"Centennial Puzzle":[12],"Regal Pillow":15,"counters":[9,39],"Astrolabe":["Blizzard","Loop","Leap"],"Whetstone":["Strike_B","Strike_B"],"obtain_stats":[{"Centennial Puzzle":7,"Regal Pillow":9,"Astrolabe":17,"Molten Egg 2":14,"Whetstone":5,"Cracked Core":0,"Runic Pyramid":0},{"Centennial Puzzle":2,"Regal Pillow":2,"Astrolabe":7,"Molten Egg 2":5,"Whetstone":1,"Cracked Core":0,"Runic Pyramid":0},{"Centennial Puzzle":10,"Regal Pillow":10,"Astrolabe":32,"Molten Egg 2":19,"Whetstone":4,"Cracked Core":0,"Runic Pyramid":0}]},"card_choices":[{"not_picked":["Steam","Defragment"],"picked":"Loop","floor":1},{"not_picked":["Rebound","Compile Driver"],"picked":"White Noise","floor":7},{"not_picked":["Gash","Stack"],"picked":"Redo","floor":11},{"not_picked":["Sweeping Beam","Streamline"],"picked":"Ball Lightning","floor":12},{"not_picked":["FTL","Capacitor"],"picked":"Ball Lightning","floor":13},{"not_picked":["Reprogram","Leap"],"picked":"Compile Driver+1","floor":14},{"not_picked":["Buffer","All For One+1"],"picked":"Creative AI","floor":16},{"not_picked":["Gash+1","Beam Cell+1"],"picked":"Consume","floor":18}],"player_experience":893827,"relics_obtained":[{"floor":7,"key":"Centennial Puzzle"},{"floor":9,"key":"Regal Pillow"}],"event_choices":[{"damage_healed":0,"gold_gain":175,"player_choice":"AGREE","damage_taken":0,"max_hp_gain":0,"max_hp_loss":0,"event_name":"Liars Game","floor":2,"gold_loss":0,"cards_obtained":["Doubt"]},{"cards_removed":["Doubt"],"damage_healed":0,"gold_gain":0,"player_choice":"Card Removal","damage_taken":0,"max_hp_gain":0,"max_hp_loss":0,"event_name":"The Cleric","floor":3,"gold_loss":50},{"damage_healed":0,"gold_gain":0,"player_choice":"Entered Light","damage_taken":15,"max_hp_gain":0,"max_hp_loss":0,"event_name":"Shining Light","floor":4,"gold_loss":0,"cards_upgraded":["Strike_B","Strike_B"]},{"damage_healed":0,"gold_gain":0,"player_choice":"Forge","damage_taken":0,"max_hp_gain":0,"max_hp_loss":0,"event_name":"Accursed Blacksmith","floor":10,"gold_loss":0,"cards_upgraded":["White Noise"]},{"damage_healed":0,"gold_gain":0,"player_choice":"Searched \u00273\u0027 times","damage_taken":0,"relics_obtained":["Molten Egg 2"],"max_hp_gain":0,"max_hp_loss":0,"event_name":"Dead Adventurer","floor":14,"gold_loss":0},{"damage_healed":0,"gold_gain":0,"player_choice":"Shed Blood","damage_taken":19,"max_hp_gain":5,"max_hp_loss":0,"event_name":"Forgotten Altar","floor":20,"gold_loss":0}],"is_beta":false,"boss_relics":[{"not_picked":["SacredBark","Cursed Key"],"picked":"Astrolabe"}],"items_purged_floors":[19],"is_endless":false,"potions_floor_spawned":[7,11,12,13,18],"killed_by":"2 Thieves","ascension_level":11}}