{"host":"w5ovz9boloi14a0g","time":1610075645,"event":{"mods":["BaseMod","Downfall","Googly Eyes","Minty Spire (QoL Compilation)","StSLib","SuperFastMode"],"gold_per_floor":[99,114,214,224,237,266,266,298,298,47,47,61,76,61,74,74,74],"floor_reached":16,"playtime":526,"items_purged":[],"score":137,"play_id":"4949aa60-a26f-444d-a4de-5b817636cab2","local_time":"20210107211405","is_ascension_mode":false,"campfire_choices":[{"data":"sneckomod:SnekBite","floor":1,"key":"SMITH"},{"floor":9,"key":"REST"},{"floor":11,"key":"REST"}],"circlet_count":0,"master_deck":["sneckomod:Strike","sneckomod:Strike","sneckomod:Strike","sneckomod:Defend","sneckomod:Defend","sneckomod:Defend","sneckomod:TailWhip","sneckomod:SnekBite+1","sneckomod:Unknown","sneckomod:Unknown","sneckomod:IronFang","sneckomod:SoulDraw","sneckomod:UnknownStrike","sneckomod:Unknown0Cost","sneckomod:WideSting","sneckomod:DiceCrush","sneckomod:SnakeSap"],"relics":["sneckomod:SneckoSoul","Singing Bowl","Unceasing Top","Matryoshka","HandDrill"],"acts_visited":["Exordium"],"potions_floor_usage":[],"damage_taken":[{"damage":4,"enemies":"Cultist","floor":2,"turns":3},{"damage":0,"enemies":"2 Louse","floor":4,"turns":3},{"damage":3,"enemies":"Small Slimes","floor":5,"turns":4},{"damage":22,"enemies":"3 Sentries","floor":6,"turns":8},{"damage":51,"enemies":"Gremlin Nob","floor":8,"turns":5},{"damage":10,"enemies":"downfall:FleeingMerchant","floor":10,"turns":4},{"damage":0,"enemies":"Lots of Slimes","floor":12,"turns":2},{"damage":0,"enemies":"2 Fungi Beasts","floor":13,"turns":2},{"damage":4,"enemies":"downfall:FleeingMerchant","floor":14,"turns":4},{"damage":14,"enemies":"Large Slime","floor":15,"turns":4},{"damage":71,"enemies":"downfall:Defect","floor":16,"turns":5}],"seed_played":"-2564724488129863801","potions_obtained":[{"floor":2,"key":"Regen Potion"},{"floor":12,"key":"EssenceOfSteel"},{"floor":13,"key":"PowerPotion"}],"is_trial":false,"path_per_floor":["R","M","?","M","M","E","T","E","R","$","R","M","M","$","M","B"],"character_chosen":"THE_SNECKO","items_purchased":["sneckomod:SnakeSap","HandDrill"],"campfire_rested":2,"item_purchase_floors":[10,10],"current_hp_per_floor":[99,95,95,99,97,76,76,25,55,45,75,77,79,77,65,0,0],"gold":74,"neow_bonus":"TEN_PERCENT_HP_BONUS","is_daily":false,"chose_seed":false,"campfire_upgraded":1,"win_rate":0.0,"timestamp":1610075645,"path_taken":["R","M","?","M","M","E","T","E","R","$","R","M","?","?","M","BOSS"],"items_purchased_type":["Card","Relic"],"build_version":"2020-12-22","purchased_purges":0,"victory":false,"max_hp_per_floor":[99,99,99,99,100,101,101,101,101,101,101,103,105,107,109,109,109],"card_choices":[{"not_picked":["sneckomod:DiceCrush","sneckomod:Unknown1Cost"],"picked":"sneckomod:IronFang","floor":2},{"not_picked":["sneckomod:UnknownClassSLIMEBOUND","sneckomod:QuickMove"],"picked":"sneckomod:SoulDraw","floor":4},{"not_picked":["sneckomod:WideSting","sneckomod:CheapStock"],"picked":"sneckomod:UnknownStrike","floor":5},{"not_picked":["sneckomod:UnknownUncommonPower","sneckomod:UnknownBlock"],"picked":"sneckomod:Unknown0Cost","floor":6},{"not_picked":["sneckomod:Mudshield","sneckomod:UnknownCommonSkill"],"picked":"sneckomod:WideSting","floor":8},{"not_picked":["sneckomod:UnknownUncommonSkill","sneckomod:Unknown2Cost"],"picked":"sneckomod:DiceCrush","floor":10},{"not_picked":["sneckomod:Unknown1Cost","sneckomod:ImprovisedAttack","sneckomod:SoulRoll"],"picked":"Singing Bowl","floor":12},{"not_picked":["sneckomod:DiceCrush","sneckomod:UnknownWeak","sneckomod:SoulRoll"],"picked":"Singing Bowl","floor":13},{"not_picked":["sneckomod:UnknownEthereal","sneckomod:IronFang","sneckomod:ImprovisedGuard"],"picked":"Singing Bowl","floor":14},{"not_picked":["sneckomod:SoulRoll","sneckomod:Nope","sneckomod:UnknownClassBLUE"],"picked":"Singing Bowl","floor":15}],"player_experience":65764,"relics_obtained":[{"floor":6,"key":"Singing Bowl"},{"floor":7,"key":"Unceasing Top"},{"floor":8,"key":"Matryoshka"}],"event_choices":[],"is_beta":false,"boss_relics":[],"items_purged_floors":[],"is_endless":false,"potions_floor_spawned":[2,12,13],"killed_by":"downfall:Defect","ascension_level":0}}