{"host":"6pfj0wha12yu6wq3","time":1610132186,"event":{"mods":["AchievementEnabler","BaseMod","Colored Map","Colored Powertips","Curses Come First","DeckTracker","Filter the Spire","Hermit","Minty Spire (QoL Compilation)","RNG Fix","Relic Sorter","Relic Stats","StSLib","The Cursed","The Disciple","The Marked","UnlockEverythingMod","Waifu the Spire","ojb\u0027s Better Paths Mod","ojb\u0027s Info Mod"],"gold_per_floor":[14,30,49,59,75,109,34,61,61,61,77,111,131,86,86,158,158,173,173,73,73,91,119,119,150,174,174,203,222,222,253,253,325,325,335,335,335,352,34,34,62,62,88,100,0,20,54,64,64,64,64,64],"floor_reached":51,"playtime":4381,"items_purged":["Strike_G","Writhe","Strike_G"],"score":1785,"play_id":"e7465f43-7e17-4c61-9058-71b293ebdbe8","local_time":"20210108135626","is_ascension_mode":true,"campfire_choices":[{"data":"Glass Knife","floor":15.0,"key":"SMITH"},{"data":"Bullet Time","floor":24.0,"key":"SMITH"},{"data":"Blade Dance","floor":30.0,"key":"SMITH"},{"floor":32.0,"key":"DIG"},{"data":"Wraith Form v2","floor":40.0,"key":"SMITH"},{"floor":42.0,"key":"RECALL"},{"floor":49.0,"key":"DIG"}],"circlet_count":0,"master_deck":["AscendersBane","Strike_G","Defend_G","Defend_G","Defend_G","Defend_G","Defend_G","Survivor","Neutralize","Slice","Glass Knife+1","Dagger Spray","Blade Dance+1","Bouncing Flask","Malaise+1","Dash","Crippling Poison","Acrobatics","Dash","Terror","Bullet Time+1","Expertise+1","Malaise","PiercingWail+1","Noxious Fumes","Envenom","Reflex","Blade Dance","Dagger Throw+1","Wraith Form v2+1","Sucker Punch+1","Discovery","Madness","Impatience","Madness","Madness","PiercingWail","Calculated Gamble","Blade Dance+1"],"relics":["Ring of the Snake","Meat on the Bone","Bronze Scales","Shuriken","FossilizedHelix","Black Star","White Beast Statue","Orichalcum","Regal Pillow","Art of War","War Paint","Vajra","Smiling Mask","Shovel","Molten Egg 2","Strawberry","SlaversCollar","Kunai","Anchor","Eternal Feather","Lantern","Red Mask","Mercury Hourglass","Tingsha","Happy Flower"],"acts_visited":["Exordium","TheCity","TheBeyond"],"potions_floor_usage":[51],"damage_taken":[{"damage":0.0,"enemies":"Jaw Worm","floor":1.0,"turns":3.0},{"damage":0.0,"enemies":"Small Slimes","floor":2.0,"turns":2.0},{"damage":0.0,"enemies":"2 Louse","floor":3.0,"turns":3.0},{"damage":0.0,"enemies":"Looter","floor":4.0,"turns":2.0},{"damage":2.0,"enemies":"Red Slaver","floor":5.0,"turns":2.0},{"damage":32.0,"enemies":"Lagavulin","floor":6.0,"turns":6.0},{"damage":8.0,"enemies":"Gremlin Nob","floor":8.0,"turns":4.0},{"damage":0.0,"enemies":"3 Louse","floor":11.0,"turns":2.0},{"damage":4.0,"enemies":"Lagavulin","floor":12.0,"turns":7.0},{"damage":0.0,"enemies":"Large Slime","floor":13.0,"turns":4.0},{"damage":11.0,"enemies":"Hexaghost","floor":16.0,"turns":8.0},{"damage":0.0,"enemies":"Chosen","floor":18.0,"turns":5.0},{"damage":0.0,"enemies":"Spheric Guardian","floor":22.0,"turns":3.0},{"damage":0.0,"enemies":"Book of Stabbing","floor":23.0,"turns":7.0},{"damage":0.0,"enemies":"Gremlin Leader","floor":25.0,"turns":6.0},{"damage":58.0,"enemies":"Slavers","floor":28.0,"turns":6.0},{"damage":6.0,"enemies":"Centurion and Healer","floor":29.0,"turns":6.0},{"damage":0.0,"enemies":"Gremlin Leader","floor":31.0,"turns":5.0},{"damage":35.0,"enemies":"Automaton","floor":33.0,"turns":8.0},{"damage":6.0,"enemies":"3 Darklings","floor":35.0,"turns":6.0},{"damage":0.0,"enemies":"3 Shapes","floor":38.0,"turns":5.0},{"damage":37.0,"enemies":"Giant Head","floor":41.0,"turns":6.0},{"damage":0.0,"enemies":"Jaw Worm Horde","floor":44.0,"turns":4.0},{"damage":29.0,"enemies":"Spire Growth","floor":46.0,"turns":4.0},{"damage":0.0,"enemies":"Nemesis","floor":47.0,"turns":7.0},{"damage":0.0,"enemies":"4 Shapes","floor":48.0,"turns":3.0},{"damage":26.0,"enemies":"Time Eater","floor":50.0,"turns":14.0},{"damage":40,"enemies":"Donu and Deca","floor":51,"turns":6}],"seed_played":"-2059173372420140190","potions_obtained":[{"floor":1.0,"key":"Weak Potion"},{"floor":6.0,"key":"Block Potion"},{"floor":8.0,"key":"Poison Potion"},{"floor":12.0,"key":"FearPotion"},{"floor":22.0,"key":"SneckoOil"},{"floor":23.0,"key":"SkillPotion"},{"floor":25.0,"key":"Regen Potion"},{"floor":28.0,"key":"Weak Potion"},{"floor":29.0,"key":"DistilledChaos"},{"floor":31.0,"key":"Energy Potion"},{"floor":33.0,"key":"SpeedPotion"},{"floor":35.0,"key":"BlessingOfTheForge"},{"floor":38.0,"key":"CunningPotion"},{"floor":41.0,"key":"Strength Potion"},{"floor":44.0,"key":"EntropicBrew"},{"floor":46.0,"key":"Energy Potion"},{"floor":47.0,"key":"DistilledChaos"}],"is_trial":false,"path_per_floor":["M","M","M","M","M","E","$","E","T","?","M","E","M","$","R","B",null,"M","?","$","?","M","E","R","E","T","?","E","M","R","E","R","B",null,"M","?","?","M","$","R","E","R","T","M","?","M","E","M","R","B","B"],"character_chosen":"THE_SILENT","items_purchased":["Terror","Kunai"],"campfire_rested":0,"item_purchase_floors":[14,39],"current_hp_per_floor":[59,59,59,59,57,25,25,29,29,3,15,23,35,35,35,36,59,59,59,59,59,59,59,59,59,59,59,28,34,34,34,41,18,59,53,43,30,42,42,42,17,38,38,38,38,21,33,45,66,40,0,0],"gold":64,"neow_bonus":"TRANSFORM_TWO_CARDS","is_daily":false,"chose_seed":false,"campfire_upgraded":4,"win_rate":0.0,"timestamp":1610132186,"path_taken":["M","M","M","M","M","E","$","E","T","?","M","E","M","$","R","BOSS","M","?","$","?","M","E","R","E","T","?","E","M","R","E","R","BOSS","M","?","?","M","$","R","E","R","T","M","?","M","E","M","R","BOSS","BOSS"],"items_purchased_type":["Card","Relic"],"build_version":"2020-12-22","purchased_purges":3,"victory":false,"max_hp_per_floor":[66,66,66,66,66,66,66,66,66,66,66,66,66,66,66,66,66,66,66,66,66,66,66,66,66,66,66,66,66,66,66,73,73,73,73,73,73,73,73,73,73,73,73,73,73,73,73,73,73,73,73,73],"relic_stats":{"Regal Pillow":0,"Happy Flower":[6],"counters":[28,143],"Eternal Feather":42,"Tingsha":[33],"Orichalcum":[276],"War Paint":["Malaise","PiercingWail"],"Smiling Mask":75,"Mercury Hourglass":[84],"Shovel":2,"Shuriken":[55],"Bronze Scales":[375],"Black Star":6,"Art of War":[13],"Kunai":[26],"obtain_stats":[{"Regal Pillow":23,"Lantern":43,"Vajra":28,"Smiling Mask":28,"Shovel":31,"Strawberry":32,"Red Mask":45,"Kunai":39,"Ring of the Snake":0,"Happy Flower":49,"Eternal Feather":41,"Tingsha":47,"Orichalcum":23,"War Paint":25,"White Beast Statue":19,"Mercury Hourglass":47,"SlaversCollar":34,"Anchor":41,"Shuriken":9,"Bronze Scales":8,"Molten Egg 2":31,"Black Star":17,"Art of War":25,"FossilizedHelix":12,"Meat on the Bone":6},{"Regal Pillow":14,"Lantern":22,"Vajra":16,"Smiling Mask":16,"Shovel":18,"Strawberry":18,"Red Mask":23,"Kunai":21,"Ring of the Snake":0,"Happy Flower":26,"Eternal Feather":22,"Tingsha":25,"Orichalcum":14,"War Paint":15,"White Beast Statue":12,"Mercury Hourglass":25,"SlaversCollar":19,"Anchor":22,"Shuriken":7,"Bronze Scales":7,"Molten Egg 2":18,"Black Star":11,"Art of War":15,"FossilizedHelix":9,"Meat on the Bone":6},{"Regal Pillow":58,"Lantern":106,"Vajra":70,"Smiling Mask":70,"Shovel":81,"Strawberry":81,"Red Mask":110,"Kunai":100,"Ring of the Snake":0,"Happy Flower":124,"Eternal Feather":106,"Tingsha":121,"Orichalcum":58,"War Paint":64,"White Beast Statue":48,"Mercury Hourglass":121,"SlaversCollar":89,"Anchor":106,"Shuriken":22,"Bronze Scales":22,"Molten Egg 2":81,"Black Star":43,"Art of War":64,"FossilizedHelix":31,"Meat on the Bone":18}],"Ring of the Snake":[56],"Meat on the Bone":156},"card_choices":[{"not_picked":["Bane","Slice"],"picked":"Dagger Spray","floor":1.0},{"not_picked":["Sucker Punch","Prepared"],"picked":"Blade Dance","floor":2.0},{"not_picked":["Prepared","Poisoned Stab"],"picked":"Bouncing Flask","floor":3.0},{"not_picked":["Dagger Spray","Cloak And Dagger","Bane"],"picked":"SKIP","floor":4.0},{"not_picked":["Dagger Throw","Infinite Blades"],"picked":"Malaise","floor":5.0},{"not_picked":["Dodge and Roll","Sucker Punch"],"picked":"Dash","floor":6.0},{"not_picked":["Bane","Cloak And Dagger"],"picked":"Crippling Poison","floor":8.0},{"not_picked":["Bane","Dagger Spray"],"picked":"Acrobatics","floor":11.0},{"not_picked":["Dagger Spray","Flying Knee"],"picked":"Dash","floor":12.0},{"not_picked":["Flying Knee","Cloak And Dagger","Poisoned Stab"],"picked":"SKIP","floor":13.0},{"not_picked":["Night Terror","Doppelganger"],"picked":"Bullet Time","floor":16.0},{"not_picked":["Cloak And Dagger","Flying Knee"],"picked":"Expertise+1","floor":18.0},{"not_picked":["Eviscerate","Catalyst"],"picked":"PiercingWail","floor":22.0},{"not_picked":["Underhanded Strike","Deadly Poison"],"picked":"Noxious Fumes","floor":23.0},{"not_picked":["Riddle With Holes","Deadly Poison"],"picked":"Envenom","floor":25.0},{"not_picked":["Masterful Stab","Tactician"],"picked":"Blade Dance","floor":28.0},{"not_picked":["Poisoned Stab","Prepared","Cloak And Dagger"],"picked":"SKIP","floor":29.0},{"not_picked":["Setup","Caltrops"],"picked":"Dagger Throw+1","floor":31.0},{"not_picked":["Envenom","Burst"],"picked":"Wraith Form v2","floor":33.0},{"not_picked":["Slice+1","Skewer+1"],"picked":"Sucker Punch+1","floor":35.0},{"not_picked":["Blind","Secret Weapon"],"picked":"Discovery","floor":36.0},{"not_picked":["Bandage Up","Purity"],"picked":"Madness","floor":36.0},{"not_picked":["Forethought","Swift Strike+1"],"picked":"Impatience","floor":36.0},{"not_picked":["Masterful Stab+1","Prepared"],"picked":"PiercingWail","floor":38.0},{"not_picked":["All Out Attack+1","Catalyst","Sucker Punch+1"],"picked":"SKIP","floor":41.0},{"not_picked":["Sucker Punch+1","Bouncing Flask","Cloak And Dagger"],"picked":"SKIP","floor":44.0},{"not_picked":["Prepared","Outmaneuver","Deadly Poison"],"picked":"SKIP","floor":46.0},{"not_picked":["Prepared","Outmaneuver","Deadly Poison"],"picked":"SKIP","floor":46.0},{"not_picked":["Glass Knife+1","Poisoned Stab+1"],"picked":"Calculated Gamble","floor":47.0},{"not_picked":["Slice+1","Infinite Blades"],"picked":"Blade Dance+1","floor":48.0}],"player_experience":121529,"relics_obtained":[{"floor":6.0,"key":"Meat on the Bone"},{"floor":8.0,"key":"Bronze Scales"},{"floor":9.0,"key":"Shuriken"},{"floor":12.0,"key":"FossilizedHelix"},{"floor":23.0,"key":"Orichalcum"},{"floor":23.0,"key":"Regal Pillow"},{"floor":25.0,"key":"Art of War"},{"floor":25.0,"key":"War Paint"},{"floor":28.0,"key":"Vajra"},{"floor":28.0,"key":"Smiling Mask"},{"floor":31.0,"key":"Shovel"},{"floor":31.0,"key":"Molten Egg 2"},{"floor":32.0,"key":"Strawberry"},{"floor":41.0,"key":"Anchor"},{"floor":41.0,"key":"Eternal Feather"},{"floor":43.0,"key":"Lantern"},{"floor":47.0,"key":"Mercury Hourglass"},{"floor":47.0,"key":"Tingsha"},{"floor":49.0,"key":"Happy Flower"}],"event_choices":[{"damage_healed":0.0,"max_hp_gain":0.0,"max_hp_loss":0.0,"gold_gain":0.0,"event_name":"Scrap Ooze","player_choice":"Fled","floor":10.0,"gold_loss":0.0,"damage_taken":26.0},{"damage_healed":0.0,"max_hp_gain":0.0,"max_hp_loss":0.0,"gold_gain":0.0,"event_name":"The Mausoleum","player_choice":"Opened","floor":19.0,"gold_loss":0.0,"damage_taken":0.0,"relics_obtained":["White Beast Statue"],"cards_obtained":["Writhe"]},{"damage_healed":0.0,"max_hp_gain":0.0,"max_hp_loss":0.0,"gold_gain":0.0,"event_name":"Duplicator","player_choice":"Copied","floor":21.0,"gold_loss":0.0,"damage_taken":0.0,"cards_obtained":["Malaise"]},{"damage_healed":0.0,"max_hp_gain":0.0,"max_hp_loss":0.0,"gold_gain":0.0,"event_name":"The Library","player_choice":"Read","floor":27.0,"gold_loss":0.0,"damage_taken":0.0,"cards_obtained":["Reflex"]},{"damage_healed":0.0,"max_hp_gain":0.0,"max_hp_loss":0.0,"gold_gain":0.0,"event_name":"SensoryStone","player_choice":"Memory 3","floor":36.0,"gold_loss":0.0,"damage_taken":10.0},{"damage_healed":0.0,"max_hp_gain":0.0,"max_hp_loss":0.0,"gold_gain":0.0,"event_name":"Winding Halls","player_choice":"Embrace Madness","floor":37.0,"gold_loss":0.0,"damage_taken":13.0,"cards_obtained":["Madness","Madness"]},{"damage_healed":0.0,"max_hp_gain":0.0,"max_hp_loss":0.0,"gold_gain":0.0,"event_name":"Tomb of Lord Red Mask","player_choice":"Paid","floor":45.0,"gold_loss":100.0,"damage_taken":0.0,"relics_obtained":["Red Mask"]}],"is_beta":false,"boss_relics":[{"not_picked":["Cursed Key","HoveringKite"],"picked":"Black Star"},{"not_picked":["Velvet Choker","Astrolabe"],"picked":"SlaversCollar"}],"items_purged_floors":[7,20,39],"is_endless":false,"potions_floor_spawned":[1,6,8,12,22,23,25,28,29,31,33,35,38,41,44,46,47,48],"killed_by":"Donu and Deca","ascension_level":20}}