{"host":"7po9pgh86bqe2blc","time":1610148268,"event":{"mods":["BaseMod","ChefMod","Colored Map","Colored Powertips","Hermit","Koishi","Minty Spire (QoL Compilation)","StSLib","The Cursed","The Disciple","The Hierophant","The Runesmith"],"gold_per_floor":[110,35,47,47,47,47,47,47,71,91,115,115,149,172,172,297,297,312,212,233,73,0,52,61,61,138,138,137,137,156,81,90,169,178,189,206,211,211,219,219,224,229,253,7,7,18,58,56,65,10],"floor_reached":51,"playtime":8156,"items_purged":["Koishi:BasicDefend","Koishi:BasicStrike","Koishi:BasicStrike","Koishi:BasicDefend"],"score":739,"play_id":"aac611e6-d187-4b4d-bb4a-a45b99f32eed","local_time":"20210109002428","is_ascension_mode":false,"campfire_choices":[{"data":"Koishi:EmbersOfLove","floor":7,"key":"SMITH"},{"data":"Koishi:HauntingSlash","floor":12,"key":"SMITH"},{"data":"Koishi:DreadfulBlow","floor":15,"key":"SMITH"},{"data":"Koishi:Heartbroken","floor":27,"key":"SMITH"},{"data":"Koishi:UnconsciousUrges","floor":29,"key":"SMITH"},{"floor":32,"key":"REST"},{"data":"Koishi:TerrifyingSpectre","floor":40,"key":"SMITH"},{"floor":45,"key":"DIG"},{"floor":49,"key":"REST"}],"circlet_count":0,"master_deck":["Koishi:BasicStrike","Koishi:BasicDefend+1","Koishi:Provoke","Koishi:HauntingSlash+1","Koishi:EmbersOfLove+1","Koishi:DreadfulBlow+1","Koishi:PhantomBarrier","Koishi:FleetingPhantom","Koishi:DreadfulBlow+1","Koishi:Heartbroken+1","Koishi:PhantomBarrier","Koishi:UnconsciousUrges+1","Koishi:RollingInRichesHeart","Koishi:SpiritedAway+1","Koishi:Whimsy+1","Koishi:TerrifyingSpectre+1","CurseOfTheBell","Koishi:DreadfulBlow+1","Koishi:Untouchable+1"],"relics":["Koishi:ImaginaryFriend","Bloody Idol","Koishi:AHoleWhereASisterShouldBe","Juzu Bracelet","Black Star","CeramicFish","Gambling Chip","Bottled Flame","Bronze Scales","Dream Catcher","Calling Bell","Shovel","Regal Pillow","StrikeDummy","TungstenRod"],"acts_visited":["Exordium","TheCity","TheBeyond"],"potions_floor_usage":[23,30,36,39,41,46,46,46,48,50],"damage_taken":[{"damage":0,"enemies":"Small Slimes","floor":1,"turns":3},{"damage":2,"enemies":"2 Louse","floor":3,"turns":3},{"damage":0,"enemies":"Cultist","floor":10,"turns":3},{"damage":2,"enemies":"Blue Slaver","floor":11,"turns":4},{"damage":17,"enemies":"3 Sentries","floor":13,"turns":12},{"damage":12,"enemies":"Looter","floor":14,"turns":3},{"damage":20,"enemies":"Slime Boss","floor":16,"turns":22},{"damage":42,"enemies":"Shell Parasite","floor":18,"turns":13},{"damage":46,"enemies":"Spheric Guardian","floor":20,"turns":12},{"damage":24,"enemies":"Gremlin Leader","floor":23,"turns":17},{"damage":0,"enemies":"Snake Plant","floor":24,"turns":7},{"damage":7,"enemies":"Cultist and Chosen","floor":28,"turns":9},{"damage":21,"enemies":"Book of Stabbing","floor":30,"turns":5},{"damage":0,"enemies":"Champ","floor":33,"turns":15},{"damage":30,"enemies":"3 Darklings","floor":35,"turns":13},{"damage":35,"enemies":"Orb Walker","floor":36,"turns":4},{"damage":35,"enemies":"Maw","floor":37,"turns":10},{"damage":35,"enemies":"Sphere and 2 Shapes","floor":39,"turns":6},{"damage":7,"enemies":"Jaw Worm Horde","floor":41,"turns":5},{"damage":28,"enemies":"3 Darklings","floor":42,"turns":8},{"damage":23,"enemies":"Spire Growth","floor":46,"turns":6},{"damage":0,"enemies":"Mind Bloom Boss Battle","floor":47,"turns":8},{"damage":26,"enemies":"Maw","floor":48,"turns":7},{"damage":0,"enemies":"Time Eater","floor":50,"turns":26}],"seed_played":"-1473049592850095516","potions_obtained":[{"floor":1,"key":"CultistPotion"},{"floor":11,"key":"Strength Potion"},{"floor":16,"key":"FairyPotion"},{"floor":18,"key":"Fire Potion"},{"floor":24,"key":"GamblersBrew"},{"floor":28,"key":"FairyPotion"},{"floor":35,"key":"Fruit Juice"},{"floor":36,"key":"PowerPotion"},{"floor":39,"key":"ColorlessPotion"},{"floor":46,"key":"Fire Potion"},{"floor":48,"key":"AttackPotion"}],"is_trial":false,"path_per_floor":["M","$","M","?","$","?","R","?","T","M","M","R","E","M","R","B",null,"M","$","M","$","?","E","M","?","T","R","M","R","E","?","R","B",null,"M","M","M","?","M","R","M","M","T","$","R","M","?","M","R","B",null],"character_chosen":"KOISHI","items_purchased":["Koishi:UnconsciousUrges","Energy Potion","PowerPotion"],"campfire_rested":2,"item_purchase_floors":[21,44,44],"current_hp_per_floor":[66,66,66,53,53,37,37,66,66,66,66,66,51,42,42,34,66,42,42,26,26,26,28,39,39,44,44,59,59,48,48,66,66,66,66,46,35,35,9,9,14,27,32,32,32,26,36,27,68,71],"gold":10,"neow_bonus":"TEN_PERCENT_HP_BONUS","is_daily":false,"chose_seed":false,"campfire_upgraded":6,"win_rate":0.0,"timestamp":1610148268,"path_taken":["M","$","M","?","$","?","R","?","T","M","M","R","E","M","R","BOSS","M","$","M","$","?","E","M","?","T","R","M","R","E","?","R","BOSS","M","M","M","?","M","R","M","M","T","$","R","M","?","M","R","BOSS"],"items_purchased_type":["Card","Potion","Potion"],"build_version":"2020-12-13","purchased_purges":4,"victory":true,"max_hp_per_floor":[66,66,66,66,66,66,66,66,66,66,66,66,66,66,66,66,66,66,66,66,66,66,66,66,66,66,66,66,66,66,66,66,66,66,66,71,71,71,71,71,71,71,71,71,71,71,71,71,71,71],"card_choices":[{"not_picked":["Koishi:VengefulSpirit","Koishi:Jaunt"],"picked":"Koishi:EmbersOfLove","floor":1},{"not_picked":["Koishi:RacingHeart","Koishi:LastRemote"],"picked":"Koishi:DreadfulBlow","floor":3},{"not_picked":["Koishi:ParalyzingFear","Koishi:SpiritedAway"],"picked":"Koishi:PhantomBarrier","floor":10},{"not_picked":["Koishi:PhantomStrike","Koishi:SubterraneanRose","Koishi:HeartfeltFancy"],"picked":"SKIP","floor":11},{"not_picked":["Koishi:HeartfeltFancy","Koishi:StingingMind"],"picked":"Koishi:FleetingPhantom","floor":13},{"not_picked":["Koishi:ReflexRadar","Koishi:EmbryosDream"],"picked":"Koishi:DreadfulBlow","floor":14},{"not_picked":["Koishi:ConditionedTeleport","Koishi:SuperEgo"],"picked":"Koishi:Heartbroken","floor":16},{"not_picked":["Koishi:Prune","Koishi:Jaunt","Koishi:HeartAttack+1"],"picked":"SKIP","floor":18},{"not_picked":["Koishi:UnconsciousUprising","Koishi:FourthEye"],"picked":"Koishi:PhantomBarrier","floor":20},{"not_picked":["Koishi:Jaunt","Koishi:ReflexRadar"],"picked":"Koishi:RollingInRichesHeart","floor":23},{"not_picked":["Koishi:PhantomStrike+1","Koishi:SubterraneanRose+1","Koishi:RacingHeart"],"picked":"SKIP","floor":24},{"not_picked":["Koishi:FleetingPhantom","Koishi:PhantomStrike+1"],"picked":"Koishi:SpiritedAway+1","floor":28},{"not_picked":["Koishi:BramblyRoseGarden","Koishi:StrangeCloudFist","Koishi:SuperEgo"],"picked":"SKIP","floor":30},{"not_picked":["Koishi:DanmakuParanoia","Koishi:UnconsciousUprising"],"picked":"Koishi:Whimsy+1","floor":32},{"not_picked":["Koishi:HeartStoppingHorror","Koishi:FadingMemory"],"picked":"Koishi:TerrifyingSpectre","floor":33},{"not_picked":["Koishi:HeartfeltFancy","Koishi:UnconsciousUprising"],"picked":"Koishi:DreadfulBlow+1","floor":35},{"not_picked":["Koishi:ReflexRadar+1","Koishi:TremblingHands+1","Koishi:Whimsy"],"picked":"SKIP","floor":36},{"not_picked":["Koishi:UnconsciousUprising","Koishi:JumpScare","Koishi:LastRemote+1"],"picked":"SKIP","floor":37},{"not_picked":["Koishi:YoukaiPolygraph+1","Koishi:BloodcurdlingScream","Koishi:StrangeCloudFist"],"picked":"SKIP","floor":39},{"not_picked":["Koishi:PhantomStrike+1","Koishi:SubterraneanRose+1","Koishi:Vanish+1"],"picked":"SKIP","floor":41},{"not_picked":["Koishi:SubterraneanRose","Koishi:PerfectMindControl","Koishi:Prune"],"picked":"SKIP","floor":42},{"not_picked":["Koishi:LastRemote+1","Koishi:EmbryosDream","Koishi:PhantomStrike"],"picked":"SKIP","floor":46},{"not_picked":["Koishi:FleetingPhantom+1","Koishi:EmbryosDream+1","Koishi:PredatoryInstincts+1"],"picked":"SKIP","floor":48},{"not_picked":["Koishi:DanmakuParanoia+1","Koishi:TremblingHands+1"],"picked":"Koishi:Untouchable+1","floor":49}],"player_experience":314977,"relics_obtained":[{"floor":9,"key":"Koishi:AHoleWhereASisterShouldBe"},{"floor":13,"key":"Juzu Bracelet"},{"floor":23,"key":"CeramicFish"},{"floor":23,"key":"Gambling Chip"},{"floor":26,"key":"Bottled Flame"},{"floor":30,"key":"Bronze Scales"},{"floor":30,"key":"Dream Catcher"},{"floor":34,"key":"Shovel"},{"floor":43,"key":"Regal Pillow"},{"floor":45,"key":"StrikeDummy"},{"floor":47,"key":"TungstenRod"}],"event_choices":[{"damage_healed":0,"gold_gain":0,"player_choice":"Entered Light","damage_taken":13,"max_hp_gain":0,"max_hp_loss":0,"event_name":"Shining Light","floor":4,"gold_loss":0,"cards_upgraded":["Koishi:DreadfulBlow","Koishi:BasicDefend"]},{"damage_healed":0,"gold_gain":0,"player_choice":"Take Damage","damage_taken":16,"relics_obtained":["Golden Idol"],"max_hp_gain":0,"max_hp_loss":0,"event_name":"Golden Idol","floor":6,"gold_loss":0},{"damage_healed":29,"gold_gain":0,"player_choice":"Full Heal","damage_taken":0,"max_hp_gain":0,"max_hp_loss":0,"event_name":"Wheel of Change","floor":8,"gold_loss":0},{"damage_healed":0,"gold_gain":0,"player_choice":"Paid Fearfully","damage_taken":0,"max_hp_gain":0,"max_hp_loss":0,"event_name":"Masked Bandits","floor":22,"gold_loss":73},{"damage_healed":0,"gold_gain":0,"player_choice":"Gave Idol","damage_taken":0,"relics_obtained":["Bloody Idol"],"max_hp_gain":0,"max_hp_loss":0,"event_name":"Forgotten Altar","floor":25,"relics_lost":["Golden Idol"],"gold_loss":0},{"cards_removed":["Koishi:BasicStrike"],"damage_healed":0,"gold_gain":0,"player_choice":"Gave Gold","damage_taken":0,"max_hp_gain":0,"max_hp_loss":0,"event_name":"Beggar","floor":31,"gold_loss":75},{"cards_removed":["Koishi:BasicDefend"],"damage_healed":0,"gold_gain":0,"player_choice":"Purged","damage_taken":0,"max_hp_gain":0,"max_hp_loss":0,"event_name":"Purifier","floor":38,"gold_loss":0},{"damage_healed":0,"gold_gain":0,"player_choice":"Fight","damage_taken":0,"max_hp_gain":0,"max_hp_loss":0,"event_name":"MindBloom","floor":47,"gold_loss":0}],"is_beta":false,"boss_relics":[{"not_picked":["Fusion Hammer","Sozu"],"picked":"Black Star"},{"not_picked":["Snecko Eye","Velvet Choker"],"picked":"Calling Bell"}],"items_purged_floors":[2,19,21,44],"is_endless":false,"potions_floor_spawned":[1,11,16,18,24,28,35,36,39,46,48],"ascension_level":0}}