{"host":"sav7uxregyirlf69","time":1610117417,"event":{"mods":["AchievementEnabler","BaseMod","Colored Map","DeckTracker","Keyboard Shortcuts","Minty Spire (QoL Compilation)","READ ME - Guardian Mod","StSLib","SuperFastMode"],"gold_per_floor":[116,191,209,209,134,167,186,186,186],"floor_reached":8,"playtime":86,"items_purged":["Strike_G"],"score":162,"play_id":"5b66d5f0-8d52-4b20-9382-e4dcc8ef7fc9","local_time":"20210108235017","is_ascension_mode":true,"campfire_choices":[],"circlet_count":0,"master_deck":["AscendersBane","Strike_G","Strike_G","Strike_G","Strike_G","Defend_G","Defend_G","Defend_G","Defend_G","Defend_G","Survivor","Neutralize","Dagger Spray","Deadly Poison","Caltrops"],"relics":["Ring of the Snake","NeowsBlessing","Golden Idol","MealTicket"],"acts_visited":["Exordium"],"potions_floor_usage":[],"damage_taken":[{"damage":0,"enemies":"2 Louse","floor":1,"turns":1},{"damage":0,"enemies":"Jaw Worm","floor":3,"turns":1},{"damage":0,"enemies":"Gremlin Nob","floor":6,"turns":1},{"damage":1,"enemies":"Small Slimes","floor":7,"turns":3},{"damage":53,"enemies":"Lagavulin","floor":8,"turns":8}],"seed_played":"1054568279789557310","potions_obtained":[],"is_trial":false,"path_per_floor":["M","?","M","?","$","E","M","E"],"character_chosen":"THE_SILENT","items_purchased":[],"campfire_rested":0,"item_purchase_floors":[],"current_hp_per_floor":[59,48,48,48,48,48,47,0,0],"gold":186,"neow_bonus":"THREE_ENEMY_KILL","is_daily":false,"chose_seed":false,"campfire_upgraded":0,"win_rate":0.0,"timestamp":1610117417,"path_taken":["M","?","M","?","?","E","M","E"],"items_purchased_type":[],"build_version":"2020-12-22","purchased_purges":1,"victory":false,"max_hp_per_floor":[66,66,66,60,60,60,60,60,60],"card_choices":[{"not_picked":["Dodge and Roll","Heel Hook"],"picked":"Dagger Spray","floor":1},{"not_picked":["Cloak And Dagger","Sucker Punch","Flying Knee"],"picked":"SKIP","floor":3},{"not_picked":["Terror","Outmaneuver"],"picked":"Deadly Poison","floor":6},{"not_picked":["Envenom","Prepared"],"picked":"Caltrops","floor":7}],"player_experience":1205500,"relics_obtained":[{"floor":6,"key":"MealTicket"}],"event_choices":[{"damage_healed":0,"gold_gain":75,"player_choice":"Gather Gold","damage_taken":11,"max_hp_gain":0,"max_hp_loss":0,"event_name":"World of Goop","floor":2,"gold_loss":0},{"damage_healed":0,"gold_gain":0,"player_choice":"Lose Max HP","damage_taken":0,"relics_obtained":["Golden Idol"],"max_hp_gain":0,"max_hp_loss":6,"event_name":"Golden Idol","floor":4,"gold_loss":0}],"is_beta":false,"boss_relics":[],"items_purged_floors":[5],"is_endless":false,"potions_floor_spawned":[],"killed_by":"Lagavulin","ascension_level":20}}