{"host":"tfkz8stxzb1up54p","time":1610077184,"event":{"mods":["AchievementEnabler","BaseMod","Better Note","BetterRewards","Block Reminder","Colored Powertips","Curses Come First","Disable Question Mark Monsters","Displayed Cursed Tome","Emptier Cage","Gold Saver","Gremlin Skip","Highlight Path","Minty Spire (QoL Compilation)","Permanent Neow","Poor People Problems","Replay The Spire","StSLib"],"gold_per_floor":[1295,1340,1385,294,294,294,339,384,409,409,454,454,544,589,589,889,1039,1084,1129,1174,1224,1269,1359,1359,1404,1429,1429,1474,1519,1144,1144,1144,1344,1344,1389,1434,1202,1202,1247,1247,1247,1247],"floor_reached":41,"playtime":4196,"items_purged":["Havoc"],"score":469,"play_id":"3ef8486e-4bf0-4b2a-9006-4c87bae09b13","local_time":"20210108033944","daily_mods":["Draft","Uncertain Future","Midas"],"is_ascension_mode":false,"campfire_choices":[{"data":"Regret","floor":12,"key":"PURGE"},{"data":"Body Slam","floor":15,"key":"PURGE"},{"data":"Dropkick","floor":24,"key":"PURGE"},{"data":"Havoc","floor":27,"key":"PURGE"},{"floor":32,"key":"REST"},{"data":"Thunderclap","floor":40,"key":"PURGE"}],"circlet_count":0,"master_deck":["Anger","Anger","Armaments","Seeing Red","Shrug It Off","ReplayTheSpireMod:Stacked","Headbutt","Spot Weakness","Headbutt","Pommel Strike","Sword Boomerang","Pommel Strike","Body Slam+1","Shrug It Off","Shrug It Off","Feel No Pain","Chrysalis","Swift Strike+1","Pummel","Carnage","ReplayTheSpireMod:Strike From Hell","Demon Form","Burning Pact","Second Wind+1","Havoc+1","Body Slam+1","True Grit+1","True Grit+1","Eclipse","Shockwave","ReplayTheSpireMod:Strike From Hell+1","Enlightenment","Bandage Up","Panacea","Trip","Uppercut+1"],"relics":["Black Blood","Frozen Eye","Peace Pipe","Question Card","PreservedInsect","Mirror","HornCleat","Tiny House","Replay:Accelerometer","Potion Belt","DollysMirror","Blood Vial","Pondfish Scales","Anchor"],"acts_visited":["Exordium","TheCity","TheBeyond"],"potions_floor_usage":[3,8,16,18,19,22,22,23,29],"damage_taken":[{"damage":0,"enemies":"2 Louse","floor":1,"turns":1},{"damage":7,"enemies":"Small Slimes","floor":2,"turns":2},{"damage":6,"enemies":"Jaw Worm","floor":3,"turns":3},{"damage":0,"enemies":"Gremlin Gang","floor":7,"turns":3},{"damage":0,"enemies":"2 Fungi Beasts","floor":8,"turns":2},{"damage":6,"enemies":"3 Louse","floor":11,"turns":2},{"damage":8,"enemies":"Replay:BlueRogue","floor":13,"turns":4},{"damage":0,"enemies":"Blue Slaver","floor":14,"turns":2},{"damage":16,"enemies":"Hexaghost","floor":16,"turns":7},{"damage":2,"enemies":"Chosen","floor":18,"turns":5},{"damage":10,"enemies":"Shell Parasite","floor":19,"turns":4},{"damage":32,"enemies":"Sentry and Sphere","floor":20,"turns":7},{"damage":8,"enemies":"Shelled Parasite and Fungi","floor":22,"turns":6},{"damage":20,"enemies":"Slavers","floor":23,"turns":5},{"damage":7,"enemies":"Centurion and Healer","floor":25,"turns":5},{"damage":12,"enemies":"Snecko","floor":28,"turns":5},{"damage":7,"enemies":"Snake Plant","floor":29,"turns":3},{"damage":47,"enemies":"Collector","floor":33,"turns":8},{"damage":13,"enemies":"3 Darklings","floor":35,"turns":5},{"damage":2,"enemies":"3 Shapes","floor":36,"turns":5},{"damage":35,"enemies":"Transient","floor":39,"turns":5},{"damage":85,"enemies":"Giant Head","floor":41,"turns":8}],"seed_played":"-6062085814737979882","potions_obtained":[{"floor":1,"key":"PowerPotion"},{"floor":2,"key":"Regen Potion"},{"floor":7,"key":"Energy Potion"},{"floor":11,"key":"Strength Potion"},{"floor":13,"key":"Block Potion"},{"floor":17,"key":"BlessingOfTheForge"},{"floor":18,"key":"HeartOfIron"},{"floor":22,"key":"Fruit Juice"},{"floor":28,"key":"Adrenaline Potion"},{"floor":33,"key":"Venom Potion"},{"floor":36,"key":"GamblersBrew"}],"is_trial":false,"path_per_floor":["M","M","M","$","?","?","M","M","T","?","M","R","E","M","R","B",null,"M","M","M","?","M","E","R","M","T","R","M","M","$","?","R","B",null,"M","M","$","?","M","R","E"],"character_chosen":"IRONCLAD","items_purchased":["Frozen Eye","Peace Pipe","Question Card","Shrug It Off","Feel No Pain","Chrysalis","Swift Strike","DollysMirror","Blood Vial","Anchor","Enlightenment"],"campfire_rested":1,"item_purchase_floors":[4,4,4,4,4,4,4,30,30,37,37],"current_hp_per_floor":[80,79,79,79,79,79,80,80,80,80,80,80,78,80,80,70,85,85,81,55,55,68,59,59,58,58,58,52,51,51,51,78,39,90,89,90,90,80,63,63,0,0],"gold":1247,"neow_bonus":"","is_daily":true,"chose_seed":false,"campfire_upgraded":0,"win_rate":0.0,"timestamp":1610077184,"path_taken":["M","M","M","$","?","?","M","M","T","?","M","R","E","M","R","BOSS","M","M","M","?","M","E","R","M","T","R","?","M","$","?","R","BOSS","M","M","$","?","M","R","E"],"items_purchased_type":["Relic","Relic","Relic","Card","Card","Card","Card","Relic","Relic","Relic","Card"],"build_version":"2020-12-22","purchased_purges":1,"victory":false,"max_hp_per_floor":[80,80,80,80,80,80,80,80,80,80,80,80,80,80,80,80,85,85,85,85,85,85,90,90,90,90,90,90,90,90,90,90,90,90,90,90,90,90,90,90,90,90],"card_choices":[{"not_picked":["ReplayTheSpireMod:Limb From Limb","Combust"],"picked":"Anger","floor":0},{"not_picked":["Dark Embrace","Flex"],"picked":"Anger","floor":0},{"not_picked":["Warcry","ReplayTheSpireMod:Strike From Hell"],"picked":"Thunderclap","floor":0},{"not_picked":["Clothesline","Iron Wave"],"picked":"Armaments","floor":0},{"not_picked":["Iron Wave","Heavy Blade"],"picked":"Seeing Red","floor":0},{"not_picked":["ReplayTheSpireMod:Strike From Hell","Spot Weakness"],"picked":"Shrug It Off","floor":0},{"not_picked":["Battle Trance","Clothesline"],"picked":"Body Slam","floor":0},{"not_picked":["Shrug It Off","Reckless Charge"],"picked":"ReplayTheSpireMod:Stacked","floor":0},{"not_picked":["Life Link","ReplayTheSpireMod:Limb From Limb"],"picked":"Havoc","floor":0},{"not_picked":["Evolve","Reckless Charge"],"picked":"Headbutt","floor":0},{"not_picked":["Havoc","Defy Death"],"picked":"Spot Weakness","floor":0},{"not_picked":["Life Link","Defy Death"],"picked":"Havoc","floor":0},{"not_picked":["Heavy Blade","Iron Wave"],"picked":"Dropkick","floor":0},{"not_picked":["ReplayTheSpireMod:Limb From Limb","True Grit"],"picked":"Headbutt","floor":0},{"not_picked":["Clash","Carnage"],"picked":"Pommel Strike","floor":0},{"not_picked":["Metallicize","Heavy Blade"],"picked":"Sword Boomerang","floor":1},{"not_picked":["Iron Wave","Clash"],"picked":"Pommel Strike","floor":2},{"not_picked":["True Grit","Havoc"],"picked":"Body Slam","floor":3},{"not_picked":["Battle Trance","Thunderclap","Headbutt","Warcry"],"picked":"SKIP","floor":7},{"not_picked":["Dropkick","Clash","Havoc"],"picked":"Pummel","floor":8},{"not_picked":["ReplayTheSpireMod:Corrosion Curse","Flex","Anger","Rupture"],"picked":"SKIP","floor":11},{"not_picked":["Iron Wave","Corruption","Body Slam"],"picked":"Carnage","floor":13},{"not_picked":["Hemokinesis","ReplayReversal","Reckless Charge"],"picked":"ReplayTheSpireMod:Strike From Hell","floor":14},{"not_picked":["Impervious","Immolate","Demonic Infusion"],"picked":"Demon Form","floor":16},{"not_picked":["Headbutt","Flame Barrier","Perfected Strike"],"picked":"Burning Pact","floor":17},{"not_picked":["Defy Death","Wild Strike","Anger"],"picked":"Second Wind+1","floor":18},{"not_picked":["Perfected Strike","Shrug It Off","ReplayReversal"],"picked":"Havoc+1","floor":19},{"not_picked":["Rage","Iron Wave","Feel No Pain+1","Replay:Undeath\u0027s Touch"],"picked":"SKIP","floor":20},{"not_picked":["Clothesline","ReplayTheSpireMod:Limb From Limb","Intimidate"],"picked":"Body Slam+1","floor":22},{"not_picked":["Sword Boomerang","Iron Wave+1","Wild Strike","Rampage"],"picked":"SKIP","floor":23},{"not_picked":["Cleave","Iron Wave+1","Twin Strike","Warcry"],"picked":"SKIP","floor":25},{"not_picked":["Defy Death+1","Replay:Undeath\u0027s Touch","Brutality","Rampage"],"picked":"SKIP","floor":28},{"not_picked":["Sword Boomerang","Flex","Headbutt"],"picked":"True Grit+1","floor":29},{"not_picked":["Replay:Many Hands","Fiend Fire","Juggernaut"],"picked":"Eclipse","floor":33},{"not_picked":["Shrug It Off","Clothesline+1","Cleave+1"],"picked":"Shockwave","floor":35},{"not_picked":["Impervious","Power Through+1","Bloodletting"],"picked":"ReplayTheSpireMod:Strike From Hell+1","floor":36},{"not_picked":["Survey Options","Forethought","Replay:Bootleg Shield Generator"],"picked":"Bandage Up","floor":38},{"not_picked":["Forethought","Replay:Sssssssssshield","Secret Weapon"],"picked":"Panacea","floor":38},{"not_picked":["ReplayTheSpireMod:Trickstab","Survey Options","ReplayTheSpireMod:Uncanny Aura"],"picked":"Trip","floor":38},{"not_picked":["Whirlwind","Wild Strike+1","ReplayReversal+1"],"picked":"Uppercut+1","floor":39}],"player_experience":1320542,"relics_obtained":[{"floor":9,"key":"PreservedInsect"},{"floor":13,"key":"HornCleat"},{"floor":23,"key":"Replay:Accelerometer"},{"floor":26,"key":"Potion Belt"}],"event_choices":[{"damage_healed":0,"gold_gain":0,"player_choice":"Leave","damage_taken":0,"max_hp_gain":0,"max_hp_loss":0,"event_name":"The Cleric","floor":5,"gold_loss":0},{"damage_healed":0,"gold_gain":0,"player_choice":"Box","damage_taken":0,"relics_obtained":["Mirror"],"max_hp_gain":0,"max_hp_loss":0,"event_name":"Big Fish","floor":10,"gold_loss":0,"cards_obtained":["Regret"]},{"damage_healed":0,"gold_gain":100,"player_choice":"Bet on Murderer","damage_taken":0,"max_hp_gain":0,"max_hp_loss":0,"event_name":"The Joust","floor":21,"gold_loss":50},{"damage_healed":0,"gold_gain":0,"player_choice":"Memory 3","damage_taken":10,"max_hp_gain":0,"max_hp_loss":0,"event_name":"SensoryStone","floor":38,"gold_loss":0}],"is_beta":false,"boss_relics":[{"not_picked":["Electric Blood","Astrolabe"],"picked":"Tiny House"},{"not_picked":["Replay:Grab Bag","ReplayTheSpireMod:DimensionalGlitch"],"picked":"Black Blood"}],"items_purged_floors":[30],"is_endless":false,"potions_floor_spawned":[1,2,7,11,13,18,22,28,33,36],"killed_by":"Giant Head","ascension_level":0}}