{"host":"ig7tc0uedzltt2sr","time":1610065255,"event":{"mods":["BaseMod","Better Twitch Integration","Block Reminder","Colored Map","Colored Powertips","Communication Mod","Current Relic Mod","GifTheSpireLib","HexUI Lib","Minty Spire (QoL Compilation)","Quick Restart","Random Character Button","Rare Cards Sparkle","Relic Sorter","Relic Stats","Slay the Relics Exporter","StSLib","SuperFastMode","Synergy Search","Twitch Decklist","Twitch Utils","everything is the same but u backflip on backflip","slay the spire mod where everything is the same but ironclad has a cowboy hat"],"gold_per_floor":[214,214,214,22,40,40,40,40],"floor_reached":7,"playtime":49,"items_purged":[],"score":39,"play_id":"d38d2f15-2dfa-4c15-b994-87218d99f5e9","local_time":"20210107162055","is_ascension_mode":false,"campfire_choices":[{"floor":6,"key":"RECALL"}],"circlet_count":0,"master_deck":["Strike_R","Strike_R","Strike_R","Strike_R","Strike_R","Defend_R","Defend_R","Defend_R","Defend_R","Bash","Havoc","Reckless Charge","Clash","Flex","Hemokinesis"],"relics":["Burning Blood"],"acts_visited":["Exordium"],"potions_floor_usage":[],"damage_taken":[{"damage":53,"enemies":"Jaw Worm","floor":1,"turns":13},{"damage":2,"enemies":"Cultist","floor":5,"turns":2},{"damage":42,"enemies":"3 Sentries","floor":7,"turns":5}],"seed_played":"-67517951081610911","potions_obtained":[{"floor":1,"key":"DistilledChaos"}],"is_trial":false,"path_per_floor":["M","?","T","$","M","R","E"],"character_chosen":"IRONCLAD","items_purchased":["Reckless Charge","Clash","AttackPotion","Flex"],"campfire_rested":0,"item_purchase_floors":[4,4,4,4],"current_hp_per_floor":[33,30,30,30,34,34,0,0],"gold":40,"neow_bonus":"HUNDRED_GOLD","is_daily":false,"chose_seed":false,"campfire_upgraded":0,"win_rate":0.0,"timestamp":1610065255,"path_taken":["M","?","?","$","M","R","E"],"items_purchased_type":["Card","Card","Potion","Card"],"build_version":"2020-12-22","purchased_purges":0,"victory":false,"max_hp_per_floor":[80,80,80,80,80,80,80,80],"relic_stats":{"counters":[3,20],"obtain_stats":[{"Burning Blood":0},{"Burning Blood":0},{"Burning Blood":0}],"Burning Blood":12},"card_choices":[{"not_picked":["Armaments","Sword Boomerang"],"picked":"Havoc","floor":1},{"not_picked":["Second Wind","Flex"],"picked":"Hemokinesis","floor":5}],"player_experience":1463536,"relics_obtained":[],"event_choices":[{"damage_healed":0,"gold_gain":0,"player_choice":"Fled","damage_taken":3,"max_hp_gain":0,"max_hp_loss":0,"event_name":"Scrap Ooze","floor":2,"gold_loss":0}],"is_beta":false,"boss_relics":[],"items_purged_floors":[],"is_endless":false,"potions_floor_spawned":[1],"killed_by":"3 Sentries","ascension_level":0}}