{"host":"i2dzm7mf0pic4rds","time":1610111026,"event":{"mods":["BaseMod","Minty Spire (QoL Compilation)","Permanent Neow","Quick Restart","StSLib"],"gold_per_floor":[116,129,129,146,161,161,171,26,50,12,24,36,60,84,96,204,216,243,255,255],"floor_reached":19,"playtime":1110,"items_purged":[],"score":161,"play_id":"d2415e1f-8b51-4a9b-95b0-8091fdce228a","local_time":"20210108140346","daily_mods":["Heirloom"],"is_ascension_mode":false,"campfire_choices":[{"data":"Eruption","floor":6,"key":"SMITH"},{"data":"JustLucky","floor":11,"key":"SMITH"},{"data":"Protect","floor":15,"key":"SMITH"}],"circlet_count":0,"master_deck":["Strike_P","Strike_P","Strike_P","Defend_P","Defend_P","Defend_P","Defend_P","Eruption+1","Vigilance","EmptyBody","Study+1","FearNoEvil","JustLucky+1","Protect+1","ClearTheMind","Adaptation"],"relics":["PureWater","Ice Cream","Anchor","MawBank","Busted Crown"],"acts_visited":["Exordium","TheCity"],"potions_floor_usage":[7,14,16],"damage_taken":[{"damage":0,"enemies":"2 Louse","floor":1,"turns":2},{"damage":5,"enemies":"Cultist","floor":2,"turns":6},{"damage":1,"enemies":"Jaw Worm","floor":4,"turns":4},{"damage":12,"enemies":"Exordium Wildlife","floor":5,"turns":5},{"damage":0,"enemies":"2 Fungi Beasts","floor":7,"turns":3},{"damage":0,"enemies":"3 Louse","floor":13,"turns":3},{"damage":1,"enemies":"Exordium Thugs","floor":14,"turns":4},{"damage":14,"enemies":"Slime Boss","floor":16,"turns":9},{"damage":29,"enemies":"Chosen","floor":18,"turns":7},{"damage":0,"enemies":"2 Thieves","floor":19,"turns":1}],"seed_played":"-5233924616148444399","potions_obtained":[{"floor":1,"key":"GamblersBrew"},{"floor":2,"key":"SteroidPotion"},{"floor":13,"key":"DistilledChaos"}],"is_trial":true,"path_per_floor":["M","M","?","M","M","R","M","$","T","?","R","$","M","M","R","B",null,"M","M"],"character_chosen":"WATCHER","items_purchased":["Anchor"],"campfire_rested":0,"item_purchase_floors":[8],"current_hp_per_floor":[72,67,67,66,54,54,54,54,54,54,54,54,54,53,53,39,72,43,43,43],"gold":255,"neow_bonus":"","is_daily":false,"chose_seed":false,"campfire_upgraded":3,"win_rate":0.0,"timestamp":1610111026,"path_taken":["M","M","?","?","M","R","?","$","T","?","R","?","M","M","R","BOSS","M","M"],"items_purchased_type":["Relic"],"build_version":"2020-12-22","purchased_purges":0,"victory":false,"max_hp_per_floor":[72,72,72,72,72,72,72,72,72,72,72,72,72,72,72,72,72,72,72,72],"card_choices":[{"not_picked":["Protect","PathToVictory"],"picked":"EmptyBody","floor":1},{"not_picked":["SignatureMove","Protect"],"picked":"Study","floor":2},{"not_picked":["Crescendo","PathToVictory"],"picked":"FearNoEvil","floor":4},{"not_picked":["Conclude","PathToVictory"],"picked":"JustLucky","floor":5},{"not_picked":["JustLucky","BowlingBash","Omniscience"],"picked":"SKIP","floor":7},{"not_picked":["Weave","PathToVictory"],"picked":"Protect","floor":13},{"not_picked":["JustLucky","SashWhip"],"picked":"ClearTheMind","floor":14},{"not_picked":[],"picked":"Adaptation","floor":18}],"player_experience":130347,"relics_obtained":[{"floor":9,"key":"MawBank"}],"event_choices":[{"damage_healed":0,"gold_gain":0,"player_choice":"Upgraded","damage_taken":0,"max_hp_gain":0,"max_hp_loss":0,"event_name":"Upgrade Shrine","floor":3,"gold_loss":0,"cards_upgraded":["Study"]},{"cards_removed":["Strike_P"],"damage_healed":0,"gold_gain":0,"player_choice":"Card Removal","damage_taken":0,"max_hp_gain":0,"max_hp_loss":0,"event_name":"The Cleric","floor":10,"gold_loss":50}],"is_beta":false,"boss_relics":[{"not_picked":["Snecko Eye","Astrolabe"],"picked":"Busted Crown"}],"items_purged_floors":[],"is_endless":false,"potions_floor_spawned":[1,2,13],"killed_by":"2 Thieves","ascension_level":0}}