{"host":"zdcz0a6aak4rnx0s","time":1610075720,"event":{"mods":["AchievementEnabler","BaseMod","Colored Map","Colored Powertips","Minty Spire (QoL Compilation)","StSLib"],"gold_per_floor":[109,259,142,154,154,179,199,199,199,199,211,136,151,151,151,223,273,245,145,163,163,163,163],"floor_reached":22,"playtime":2015,"items_purged":["Doubt","Strike_R"],"score":350,"play_id":"67d3d360-b23e-4a33-842c-8ff0a5b2fe3b","local_time":"20210107211520","is_ascension_mode":true,"campfire_choices":[{"floor":8.0,"key":"REST"},{"data":"Shockwave","floor":10.0,"key":"SMITH"},{"floor":15,"key":"REST"}],"circlet_count":0,"master_deck":["AscendersBane","Strike_R","Strike_R","Strike_R","Defend_R+1","Defend_R","Defend_R","Defend_R","Bash","Double Tap","Intimidate","Shockwave+1","Whirlwind","True Grit+1","Evolve","Immolate","Burning Pact","Decay"],"relics":["Burning Blood","Bottled Lightning","Pen Nib","Tiny House"],"acts_visited":["Exordium","TheCity"],"potions_floor_usage":[13,16,18],"damage_taken":[{"damage":19.0,"enemies":"Jaw Worm","floor":1.0,"turns":4.0},{"damage":6.0,"enemies":"Cultist","floor":4.0,"turns":3.0},{"damage":46.0,"enemies":"Lagavulin","floor":6.0,"turns":8.0},{"damage":3.0,"enemies":"2 Louse","floor":7.0,"turns":2.0},{"damage":10.0,"enemies":"2 Fungi Beasts","floor":11.0,"turns":5.0},{"damage":7,"enemies":"Lots of Slimes","floor":13,"turns":2},{"damage":50,"enemies":"Hexaghost","floor":16,"turns":11},{"damage":6,"enemies":"2 Thieves","floor":18,"turns":4},{"damage":48,"enemies":"Spheric Guardian","floor":20,"turns":7},{"damage":34,"enemies":"Centurion and Healer","floor":22,"turns":3}],"seed_played":"-4781165974121151787","potions_obtained":[{"floor":4.0,"key":"Block Potion"},{"floor":6.0,"key":"SkillPotion"},{"floor":7.0,"key":"BlessingOfTheForge"},{"floor":17,"key":"Block Potion"}],"is_trial":false,"path_per_floor":["M","?","$","M","?","E","M","R","T","R","M","?","M","?","R","B",null,"M","$","M","?","M"],"character_chosen":"IRONCLAD","items_purchased":["Shockwave"],"campfire_rested":2,"item_purchase_floors":[3],"current_hp_per_floor":[55,55,55,55,55,15,18,40,40,40,36,36,35,35,57,13,65,65,65,23,23,0,0],"gold":163,"neow_bonus":"ONE_RANDOM_RARE_CARD","is_daily":false,"chose_seed":false,"campfire_upgraded":1,"win_rate":0.0,"timestamp":1610075720,"path_taken":["M","?","$","M","?","E","?","R","T","R","M","?","M","?","R","BOSS","M","?","M","?","M"],"items_purchased_type":["Card"],"build_version":"2020-12-22","purchased_purges":2,"victory":false,"max_hp_per_floor":[75,75,75,75,75,75,75,75,75,75,75,75,75,75,75,75,80,80,80,80,80,80,80],"card_choices":[{"not_picked":["Wild Strike","Iron Wave"],"picked":"Intimidate","floor":1.0},{"not_picked":["Flex","Infernal Blade"],"picked":"Whirlwind","floor":4.0},{"not_picked":["Wild Strike","True Grit","Dark Embrace"],"picked":"SKIP","floor":6.0},{"not_picked":["Seeing Red","Flex","Havoc"],"picked":"SKIP","floor":7.0},{"not_picked":["Body Slam","Uppercut"],"picked":"Evolve","floor":11.0},{"not_picked":["Hemokinesis","Heavy Blade","Wild Strike"],"picked":"SKIP","floor":13},{"not_picked":["Brutality","Impervious"],"picked":"Immolate","floor":16},{"not_picked":["Wild Strike","Shockwave"],"picked":"Burning Pact","floor":17},{"not_picked":["Havoc","Heavy Blade","Flex"],"picked":"SKIP","floor":18},{"not_picked":["Armaments","Headbutt","Wild Strike"],"picked":"SKIP","floor":20}],"player_experience":1007591,"relics_obtained":[{"floor":6.0,"key":"Bottled Lightning"},{"floor":9.0,"key":"Pen Nib"}],"event_choices":[{"damage_healed":0.0,"max_hp_gain":0.0,"max_hp_loss":0.0,"gold_gain":150.0,"event_name":"Liars Game","player_choice":"AGREE","floor":2.0,"gold_loss":0.0,"damage_taken":0.0,"cards_obtained":["Doubt"]},{"damage_healed":0.0,"max_hp_gain":0.0,"max_hp_loss":0.0,"gold_gain":0.0,"event_name":"Match and Keep!","player_choice":"1 cards matched","floor":5.0,"gold_loss":0.0,"damage_taken":0.0,"cards_obtained":["True Grit"]},{"cards_removed":["Strike_R"],"damage_healed":0.0,"max_hp_gain":0.0,"max_hp_loss":0.0,"gold_gain":0.0,"event_name":"The Cleric","player_choice":"Card Removal","floor":12.0,"gold_loss":75.0,"damage_taken":0.0},{"damage_healed":0,"gold_gain":0,"player_choice":"Forge","damage_taken":0,"max_hp_gain":0,"max_hp_loss":0,"event_name":"Accursed Blacksmith","floor":14,"gold_loss":0,"cards_upgraded":["True Grit"]},{"damage_healed":0,"gold_gain":0,"player_choice":"Cursed","damage_taken":0,"max_hp_gain":0,"max_hp_loss":0,"event_name":"Wheel of Change","floor":21,"gold_loss":0,"cards_obtained":["Decay"]}],"is_beta":false,"boss_relics":[{"not_picked":["Philosopher\u0027s Stone","Coffee Dripper"],"picked":"Tiny House"}],"items_purged_floors":[3,19],"is_endless":false,"potions_floor_spawned":[4,6,7,11],"killed_by":"Centurion and Healer","ascension_level":18}}