{"host":"luggkjkcl69096c9","time":1610073974,"event":{"mods":["AchievementEnabler","BaseMod","Colored Map","Colored Powertips","Highlight Path","Minty Spire (QoL Compilation)","Quick Restart","StSLib","SuperFastMode"],"gold_per_floor":[113,126,142,161,179,179,194,194,217,292,262,262,272,152,152,248,248,265,277,292,292,292,304,304,304],"floor_reached":24,"playtime":2025,"items_purged":["Bash"],"score":192,"play_id":"7472f951-362f-42cc-b44f-b5aabd3af8a0","local_time":"20210107184614","is_ascension_mode":false,"campfire_choices":[{"data":"Armaments","floor":6,"key":"SMITH"},{"floor":15,"key":"REST"}],"circlet_count":0,"master_deck":["Strike_R","Strike_R","Strike_R","Strike_R","Strike_R","Defend_R","Defend_R","Defend_R","Defend_R","Metallicize","Entrench","Iron Wave","Armaments+1","Rage","Iron Wave","Barricade","RitualDagger","Iron Wave"],"relics":["Burning Blood","NeowsBlessing","Regal Pillow","GremlinMask","Busted Crown"],"acts_visited":["Exordium","TheCity"],"potions_floor_usage":[16,16],"damage_taken":[{"damage":0,"enemies":"Cultist","floor":1,"turns":1},{"damage":0,"enemies":"Small Slimes","floor":2,"turns":1},{"damage":0,"enemies":"2 Louse","floor":3,"turns":1},{"damage":8,"enemies":"Looter","floor":4,"turns":4},{"damage":12,"enemies":"Lots of Slimes","floor":5,"turns":8},{"damage":16,"enemies":"Exordium Thugs","floor":7,"turns":8},{"damage":0,"enemies":"Looter","floor":11,"turns":4},{"damage":18,"enemies":"Gremlin Gang","floor":13,"turns":7},{"damage":14,"enemies":"The Guardian","floor":16,"turns":20},{"damage":0,"enemies":"Shell Parasite","floor":18,"turns":14},{"damage":31,"enemies":"3 Byrds","floor":19,"turns":11},{"damage":2,"enemies":"Centurion and Healer","floor":20,"turns":17},{"damage":9,"enemies":"Chosen and Byrds","floor":23,"turns":15},{"damage":66,"enemies":"Cultist and Chosen","floor":24,"turns":8}],"seed_played":"4360697903848928623","potions_obtained":[{"floor":2,"key":"Swift Potion"},{"floor":3,"key":"Weak Potion"},{"floor":4,"key":"LiquidMemories"},{"floor":5,"key":"Ancient Potion"},{"floor":16,"key":"Dexterity Potion"},{"floor":23,"key":"SteroidPotion"}],"is_trial":false,"path_per_floor":["M","M","M","M","M","R","M","?","T","?","M","?","M","$","R","B",null,"M","M","M","?","?","M","M"],"character_chosen":"IRONCLAD","items_purchased":["Iron Wave"],"campfire_rested":1,"item_purchase_floors":[14],"current_hp_per_floor":[80,80,80,78,72,72,62,50,50,39,45,45,33,33,72,64,80,80,55,59,53,53,50,0,0],"gold":304,"neow_bonus":"THREE_ENEMY_KILL","is_daily":false,"chose_seed":false,"campfire_upgraded":1,"win_rate":0.0,"timestamp":1610073974,"path_taken":["M","?","M","M","M","R","M","?","T","?","M","?","M","$","R","BOSS","M","?","M","?","?","?","M"],"items_purchased_type":["Card"],"build_version":"2020-12-22","purchased_purges":1,"victory":false,"max_hp_per_floor":[80,80,80,80,80,80,80,80,80,80,80,80,80,80,80,80,80,80,80,80,80,80,80,80,80],"card_choices":[{"not_picked":["Wild Strike","Dark Embrace","Pummel"],"picked":"SKIP","floor":1},{"not_picked":["Flame Barrier","Wild Strike"],"picked":"Metallicize","floor":2},{"not_picked":["Armaments","Headbutt"],"picked":"Entrench","floor":3},{"not_picked":["Reckless Charge","Havoc"],"picked":"Iron Wave","floor":4},{"not_picked":["Ghostly Armor","Havoc"],"picked":"Armaments","floor":5},{"not_picked":["Heavy Blade","Clothesline","Headbutt"],"picked":"SKIP","floor":7},{"not_picked":["Pommel Strike","Uppercut"],"picked":"Rage","floor":11},{"not_picked":["Feed","Flex","Uppercut"],"picked":"SKIP","floor":13},{"not_picked":["Immolate","Brutality"],"picked":"Barricade","floor":16},{"not_picked":["Havoc"],"picked":"SKIP","floor":18},{"not_picked":["Power Through"],"picked":"SKIP","floor":19},{"not_picked":["Wild Strike"],"picked":"SKIP","floor":20},{"not_picked":[],"picked":"Iron Wave","floor":23}],"player_experience":130291,"relics_obtained":[],"event_choices":[{"damage_healed":0,"gold_gain":0,"player_choice":"Success","damage_taken":12,"relics_obtained":["Regal Pillow"],"max_hp_gain":0,"max_hp_loss":0,"event_name":"Scrap Ooze","floor":8,"gold_loss":0},{"damage_healed":0,"gold_gain":75,"player_choice":"Gather Gold","damage_taken":11,"max_hp_gain":0,"max_hp_loss":0,"event_name":"World of Goop","floor":10,"gold_loss":0},{"damage_healed":0,"gold_gain":0,"player_choice":"Trade","damage_taken":0,"relics_obtained":["GremlinMask"],"max_hp_gain":0,"max_hp_loss":0,"event_name":"FaceTrader","floor":12,"gold_loss":0},{"damage_healed":0,"gold_gain":0,"player_choice":"Joined the Cult","damage_taken":6,"max_hp_gain":0,"max_hp_loss":0,"event_name":"Nest","floor":21,"gold_loss":0,"cards_obtained":["RitualDagger"]},{"damage_healed":0,"gold_gain":0,"player_choice":"Bought 0 Potions","damage_taken":0,"max_hp_gain":0,"max_hp_loss":0,"event_name":"The Woman in Blue","floor":22,"gold_loss":0}],"is_beta":false,"boss_relics":[{"not_picked":["Runic Dome","Runic Cube"],"picked":"Busted Crown"}],"items_purged_floors":[14],"is_endless":false,"potions_floor_spawned":[2,3,4,5,16,23],"killed_by":"Cultist and Chosen","ascension_level":0}}