{"host":"9b7hrp48q3pna783","time":1614114351,"event":{"mods":["BaseMod","Colored Map","Colored Powertips","Highlight Path","Minty Spire (QoL Compilation)","Relic Stats"],"gold_per_floor":[111,111,111,186,205,205,380,380,380,394,429,443,63,76,76,176,176,191,211,211,230,230,230,240,240,240,260,160,35,64,83,83,180,180,194,194,194,44,60,60,88,98,98,98,98,98,98],"floor_reached":46,"language":"ENG","playtime":4349,"items_purged":["Defend_G","Doubt","Strike_G","Decay"],"score":592,"play_id":"3e84c9fd-7626-40a9-a108-d62a8e16f225","local_time":"20210223160551","is_ascension_mode":true,"campfire_choices":[{"data":"Survivor","floor":6,"key":"SMITH"},{"data":"Neutralize","floor":8,"key":"SMITH"},{"data":"Poisoned Stab","floor":15,"key":"SMITH"},{"data":"Envenom","floor":23,"key":"SMITH"},{"data":"Tools of the Trade","floor":25,"key":"SMITH"},{"floor":32,"key":"REST"},{"data":"A Thousand Cuts","floor":40,"key":"SMITH"}],"circlet_count":0,"master_deck":["Strike_G","Strike_G","Defend_G","Defend_G","Defend_G","Survivor+1","Neutralize+1","Well Laid Plans+1","Poisoned Stab+1","Poisoned Stab","Deadly Poison+1","Envenom+1","PiercingWail+1","Blade Dance+1","Ghostly+1","Ghostly+1","Ghostly+1","Ghostly+1","Ghostly+1","Tools of the Trade+1","Backflip+1","A Thousand Cuts+1","Noxious Fumes+1","Pain","Thinking Ahead+1"],"relics":["Ring of the Snake","NeowsBlessing","Question Card","Nunchaku","Toxic Egg 2","Cursed Key","Ornamental Fan","Regal Pillow","Empty Cage","Toy Ornithopter"],"acts_visited":["Exordium","TheCity","TheBeyond"],"potions_floor_usage":[11,11,11,18,21,24,46],"damage_taken":[{"damage":0,"enemies":"Small Slimes","floor":1,"turns":1},{"damage":0,"enemies":"2 Louse","floor":5,"turns":1},{"damage":0,"enemies":"Jaw Worm","floor":10,"turns":1},{"damage":12,"enemies":"3 Sentries","floor":11,"turns":8},{"damage":9,"enemies":"Exordium Thugs","floor":12,"turns":6},{"damage":8,"enemies":"Blue Slaver","floor":14,"turns":4},{"damage":8,"enemies":"Hexaghost","floor":16,"turns":8},{"damage":19,"enemies":"Spheric Guardian","floor":18,"turns":6},{"damage":0,"enemies":"Chosen","floor":19,"turns":4},{"damage":19,"enemies":"Snecko","floor":21,"turns":6},{"damage":0,"enemies":"Centurion and Healer","floor":24,"turns":5},{"damage":14,"enemies":"Cultist and Chosen","floor":27,"turns":8},{"damage":0,"enemies":"Book of Stabbing","floor":30,"turns":5},{"damage":4,"enemies":"Snake Plant","floor":31,"turns":4},{"damage":8,"enemies":"Collector","floor":33,"turns":8},{"damage":1,"enemies":"Orb Walker","floor":35,"turns":4},{"damage":0,"enemies":"3 Shapes","floor":39,"turns":7},{"damage":5,"enemies":"Nemesis","floor":41,"turns":7},{"damage":1,"enemies":"Sphere and 2 Shapes","floor":42,"turns":6},{"damage":36,"enemies":"2 Orb Walkers","floor":46,"turns":6}],"seed_played":"-5899051470232216870","potions_obtained":[{"floor":1,"key":"LiquidBronze"},{"floor":5,"key":"Energy Potion"},{"floor":10,"key":"Poison Potion"},{"floor":16,"key":"Dexterity Potion"},{"floor":18,"key":"PowerPotion"},{"floor":21,"key":"Fire Potion"},{"floor":35,"key":"SteroidPotion"},{"floor":42,"key":"LiquidMemories"}],"is_trial":false,"path_per_floor":["M","?","?","?","M","R","?","R","T","M","E","M","$","M","R","B",null,"M","M","?","M","?","R","M","R","T","M","$","$","E","M","R","B",null,"M","?","?","$","M","R","E","M","T","?","?","?"],"character_chosen":"THE_SILENT","items_purchased":["Poisoned Stab","Toxic Egg 2"],"campfire_rested":1,"item_purchase_floors":[13,13],"current_hp_per_floor":[70,56,56,45,45,45,45,45,45,45,33,24,24,16,16,8,70,51,51,51,32,32,32,32,32,32,18,18,18,18,14,35,27,35,34,33,33,33,33,33,28,27,27,27,27,0,0],"gold":98,"neow_bonus":"THREE_ENEMY_KILL","is_daily":false,"chose_seed":false,"campfire_upgraded":6,"win_rate":0.0,"timestamp":1614114351,"path_taken":["M","?","?","?","M","R","?","R","T","M","E","?","$","M","R","BOSS","M","M","?","M","?","R","M","R","T","M","?","$","E","M","R","BOSS","M","?","?","$","?","R","E","M","T","?","?","?"],"items_purchased_type":["Card","Relic"],"build_version":"2020-12-22","purchased_purges":4,"victory":false,"max_hp_per_floor":[70,70,70,70,70,70,70,70,70,70,70,70,70,70,70,70,70,70,70,70,70,35,35,35,35,35,35,35,35,35,35,35,35,35,35,33,33,33,33,33,33,33,33,33,33,33,33],"relic_stats":{"Nunchaku":[19],"Regal Pillow":11,"counters":[20,105],"Ornamental Fan":[88],"Question Card":18,"Cursed Key":2,"obtain_stats":[{"Nunchaku":11,"Regal Pillow":30,"NeowsBlessing":0,"Ornamental Fan":26,"Toxic Egg 2":13,"Question Card":9,"Cursed Key":17,"Empty Cage":34,"Toy Ornithopter":41,"Ring of the Snake":0},{"Nunchaku":4,"Regal Pillow":13,"NeowsBlessing":0,"Ornamental Fan":11,"Toxic Egg 2":5,"Question Card":2,"Cursed Key":7,"Empty Cage":15,"Toy Ornithopter":18,"Ring of the Snake":0},{"Nunchaku":11,"Regal Pillow":63,"NeowsBlessing":0,"Ornamental Fan":50,"Toxic Egg 2":17,"Question Card":2,"Cursed Key":29,"Empty Cage":75,"Toy Ornithopter":93,"Ring of the Snake":0}],"Toy Ornithopter":5,"Ring of the Snake":[40]},"card_choices":[{"not_picked":["Endless Agony","Slice"],"picked":"Well Laid Plans","floor":1},{"not_picked":["Reflex","Expertise","Outmaneuver"],"picked":"SKIP","floor":5},{"not_picked":["Tactician","Acrobatics","Infinite Blades"],"picked":"Poisoned Stab","floor":10},{"not_picked":["Expertise","Endless Agony","Die Die Die","Outmaneuver"],"picked":"SKIP","floor":11},{"not_picked":["Cloak And Dagger","Footwork","Endless Agony"],"picked":"Quick Slash","floor":12},{"not_picked":["Concentrate+1","Deflect+1","Glass Knife"],"picked":"Deadly Poison+1","floor":14},{"not_picked":["Venomology+1","Adrenaline+1","Storm of Steel+1"],"picked":"Envenom","floor":16},{"not_picked":["Flying Knee","Skewer","Heel Hook","Underhanded Strike"],"picked":"SKIP","floor":18},{"not_picked":["Calculated Gamble+1","Sucker Punch+1","Caltrops"],"picked":"PiercingWail+1","floor":19},{"not_picked":["Cloak And Dagger+1","Terror+1","Distraction+1"],"picked":"Blade Dance+1","floor":21},{"not_picked":["PiercingWail+1","Sucker Punch","Poisoned Stab"],"picked":"Tools of the Trade","floor":24},{"not_picked":["Skewer+1","Tactician+1","Poisoned Stab"],"picked":"Backflip+1","floor":27},{"not_picked":["Infinite Blades","Quick Slash+1","Cloak And Dagger+1","Deflect+1"],"picked":"SKIP","floor":30},{"not_picked":["All Out Attack","Leg Sweep+1","Setup+1","Distraction+1"],"picked":"SKIP","floor":31},{"not_picked":["Unload","Storm of Steel+1","Bullet Time+1"],"picked":"A Thousand Cuts","floor":33},{"not_picked":["Blade Dance+1","Dodge and Roll+1","PiercingWail+1"],"picked":"Noxious Fumes+1","floor":35},{"not_picked":["Endless Agony+1","Deflect+1","Underhanded Strike+1","Flying Knee"],"picked":"SKIP","floor":39},{"not_picked":["Concentrate+1","A Thousand Cuts","Distraction+1","Sucker Punch+1"],"picked":"SKIP","floor":41},{"not_picked":["Concentrate+1","A Thousand Cuts","Distraction+1","Sucker Punch+1"],"picked":"SKIP","floor":41},{"not_picked":["Poisoned Stab+1","Slice","Deflect+1","Dagger Throw+1"],"picked":"SKIP","floor":42},{"not_picked":["Blind+1","Jack Of All Trades+1","Violence+1"],"picked":"Thinking Ahead+1","floor":44}],"player_experience":173284,"relics_obtained":[{"floor":9,"key":"Question Card"},{"floor":11,"key":"Nunchaku"},{"floor":26,"key":"Ornamental Fan"},{"floor":30,"key":"Regal Pillow"},{"floor":41,"key":"Toy Ornithopter"}],"event_choices":[{"damage_healed":0,"gold_gain":0,"player_choice":"Entered Light","damage_taken":14,"max_hp_gain":0,"max_hp_loss":0,"event_name":"Shining Light","floor":2,"gold_loss":0,"cards_upgraded":["Strike_G","Well Laid Plans"]},{"cards_removed":["Strike_G"],"damage_healed":0,"gold_gain":0,"player_choice":"Forget","damage_taken":0,"max_hp_gain":0,"max_hp_loss":0,"event_name":"Living Wall","floor":3,"gold_loss":0},{"damage_healed":0,"gold_gain":75,"player_choice":"Gather Gold","damage_taken":11,"max_hp_gain":0,"max_hp_loss":0,"event_name":"World of Goop","floor":4,"gold_loss":0},{"damage_healed":0,"gold_gain":175,"player_choice":"AGREE","damage_taken":0,"max_hp_gain":0,"max_hp_loss":0,"event_name":"Liars Game","floor":7,"gold_loss":0,"cards_obtained":["Doubt"]},{"damage_healed":0,"gold_gain":0,"player_choice":"Ignored","damage_taken":0,"max_hp_gain":0,"max_hp_loss":0,"event_name":"Cursed Tome","floor":20,"gold_loss":0},{"damage_healed":0,"gold_gain":0,"player_choice":"Became a Ghost","damage_taken":0,"max_hp_gain":0,"max_hp_loss":35,"event_name":"Ghosts","floor":22,"gold_loss":0,"cards_obtained":["Ghostly","Ghostly","Ghostly","Ghostly","Ghostly"]},{"damage_healed":0,"gold_gain":0,"player_choice":"Max HP","damage_taken":0,"max_hp_gain":0,"max_hp_loss":2,"event_name":"Winding Halls","floor":36,"gold_loss":0},{"cards_removed":["Quick Slash"],"damage_healed":0,"gold_gain":0,"player_choice":"Removed Attack","damage_taken":0,"max_hp_gain":0,"max_hp_loss":0,"event_name":"Falling","floor":37,"gold_loss":0},{"damage_healed":0,"gold_gain":0,"player_choice":"Memory 1","damage_taken":0,"max_hp_gain":0,"max_hp_loss":0,"event_name":"SensoryStone","floor":44,"gold_loss":0},{"damage_healed":0,"gold_gain":0,"player_choice":"Ignored","damage_taken":0,"max_hp_gain":0,"max_hp_loss":0,"event_name":"Tomb of Lord Red Mask","floor":45,"gold_loss":0},{"damage_healed":0,"gold_gain":0,"player_choice":"Fight","damage_taken":0,"max_hp_gain":0,"max_hp_loss":0,"event_name":"Mysterious Sphere","floor":46,"gold_loss":0}],"is_beta":false,"boss_relics":[{"not_picked":["Snecko Eye","Fusion Hammer"],"picked":"Cursed Key"},{"not_picked":["SacredBark","SlaversCollar"],"picked":"Empty Cage"}],"items_purged_floors":[13,28,29,38],"is_endless":false,"potions_floor_spawned":[1,5,10,16,18,21,35,42],"killed_by":"2 Orb Walkers","ascension_level":3}}