{"host":"mq7pyadb5kndcn8l","time":1614103104,"event":{"mods":["AchievementEnabler","Act Like it!","Arknights","Aspiration","BaseMod","Better Altar","Better Match","Better Note","Better Sensory Stone","Better Skull","Better Third Choice","BetterRewards","Block Reminder","CCEM2","Challenge The Spire","ChefMod","Colored Map","Colored Powertips","Conspire","Displayed Cursed Tome","Dota2Spire","Energized Spire","GifTheSpireLib","Highlight Path","Hubris","Infinite Spire","Mad Scientist","Marked Mod","Mimic Mod","Minty Spire (QoL Compilation)","Permanent Neow","QueenMod","Quick Restart","Random Character Button","Rare Cards Sparkle","Relic Filter","Relic Sorter","Reliquary","Replay The Spire","Reworked Bosses","Shade Mod","Shop Mod","Spicy Shops","Spikes Relics","Spire Arcade","StSLib","Stuff the Spire","SuperFastMode","The Blue Laboratory","Trackpad","Transform Curses","Wandering Minibosses"],"gold_per_floor":[119,69,82,82,34,48,81,81,133,161,161,187,197,227,227,302,302,317,317,317,282,298,298,328,328,358,358,375,375,410,6,6,80,80,96,96,96,96,109,109,109,109,109,139,28,55,82,94,94,94,94,94,20,45,45],"floor_reached":56,"language":"ENG","playtime":7219,"items_purged":["Defend_G","Strike_G","Defend_G","Strike_G","Strike_G","Strike_G","Defend_G"],"score":2842,"play_id":"239def6b-4d9f-4c36-ab9f-d7b6ab4d116e","local_time":"20210223125824","is_ascension_mode":true,"campfire_choices":[{"data":"ReplayTheSpireMod:Scrap Shanks","floor":8.0,"key":"SMITH"},{"floor":11.0,"key":"REST"},{"floor":15.0,"key":"REST"},{"data":"Prepared","floor":23,"key":"SMITH"},{"data":"Prepared","floor":25,"key":"SMITH"},{"data":"A Thousand Cuts","floor":27,"key":"SMITH"},{"data":"StuffTheSpire:Fury","floor":29,"key":"SMITH"},{"data":"Concentrate","floor":40,"key":"SMITH"},{"data":"Neutralize","floor":42,"key":"SMITH"},{"floor":49,"key":"RECALL"},{"data":"StuffTheSpire:Shiver","floor":52,"key":"SMITH"}],"circlet_count":0,"master_deck":["AscendersBane","Strike_G+1","Defend_G+1","Survivor","Neutralize+1","Acrobatics+1","Concentrate+1","Deadly Poison","Poisoned Stab","ReplayTheSpireMod:Scrap Shanks+1","Prepared+1","StuffTheSpire:Shiver+1","Acrobatics+1","Prepared+1","A Thousand Cuts+1","Backflip","StuffTheSpire:Fury+1","StuffTheSpire:Incantation+1","Blur","StuffTheSpire:ReptileScales"],"relics":["Ring of the Snake","Dota2Spire:BladeMail","Dota2Spire:DrumOfEndurance","MerchantsRug","reliquary:FingerTrap","Mercury Hourglass","CCEMRelics:CocoNut","Calipers","hubris:64BitClover","StuffTheSpire:CocoNut","trackpad:Mousetrap","reliquary:PartyBalloon","Tough Bandages","Blood Vial","Dota2Spire:Butterfly","wanderingMiniBosses:Inkheart","reliquary:RadioactivePellet","ToxicTincture","trackpad:RiggedDice","hubris:Towel","Dota2Spire:Bloodstone","aspiration:FetidBarrel","ReplayTheSpireMod:Lightbulb","CCEMRelics:SoftDrink","Iron Hammer","Replay:Wax Seal","SpikesRelics:DaevaFist"],"acts_visited":["Exordium","TheCity","TheBeyond","TheEnding"],"potions_floor_usage":[28,55],"damage_taken":[{"damage":0.0,"enemies":"2 Louse","floor":1.0,"turns":2.0},{"damage":1.0,"enemies":"infinitespire:Voidling","floor":3.0,"turns":3.0},{"damage":3.0,"enemies":"Small Slimes","floor":6.0,"turns":2.0},{"damage":6.0,"enemies":"3 Louse","floor":7.0,"turns":7.0},{"damage":14.0,"enemies":"3 Sentries","floor":10.0,"turns":4.0},{"damage":15.0,"enemies":"Lagavulin","floor":12.0,"turns":5.0},{"damage":1.0,"enemies":"3 Louse","floor":13.0,"turns":2.0},{"damage":0.0,"enemies":"Replay:BlueRogue","floor":14.0,"turns":3.0},{"damage":2.0,"enemies":"The Guardian","floor":16.0,"turns":6.0},{"damage":0,"enemies":"Shell Parasite","floor":18,"turns":1},{"damage":0,"enemies":"2 Thieves","floor":22,"turns":1},{"damage":0,"enemies":"Gremlin Leader","floor":24,"turns":3},{"damage":0,"enemies":"Centurion and Healer","floor":26,"turns":4},{"damage":0,"enemies":"Centurion and Healer","floor":28,"turns":5},{"damage":0,"enemies":"Shelled Parasite and Fungi","floor":30,"turns":2},{"damage":0,"enemies":"bossMod:newCollector","floor":33,"turns":2},{"damage":0,"enemies":"Orb Walker","floor":35,"turns":1},{"damage":0,"enemies":"3 Shapes","floor":39,"turns":2},{"damage":0,"enemies":"Nemesis","floor":44,"turns":1},{"damage":0,"enemies":"R_Hoarder","floor":46,"turns":3},{"damage":0,"enemies":"Writhing Mass","floor":48,"turns":1},{"damage":0,"enemies":"bossMod:newShapes","floor":50,"turns":2},{"damage":0,"enemies":"Shield and Spear","floor":54,"turns":1},{"damage":0,"enemies":"The Heart","floor":55,"turns":3}],"seed_played":"1419247813766837809","potions_obtained":[{"floor":3.0,"key":"Block Potion"},{"floor":6.0,"key":"blueLaboratory:PhilterOfMotion"},{"floor":13.0,"key":"Swift Potion"},{"floor":16.0,"key":"Energy Potion"},{"floor":33,"key":"Explosive Potion"},{"floor":44,"key":"blueLaboratory:RecallPotion"},{"floor":48,"key":"Energy Potion"}],"is_trial":false,"path_per_floor":["M","?","M","?","$","M","MIM","R","T","E","R","E","M","E","R","B",null,"M","?","?","?","M","R","E","R","MIM","R","M","R","MIM","$","R_BF","B",null,"M","?","?","AVR","M","R","?","R","T","E","$","E","T","M","R","B",null,"R","$","E","B",null],"character_chosen":"THE_SILENT","items_purchased":["MerchantsRug","reliquary:FingerTrap","Mercury Hourglass","Tiny Chest","Orrery","Gremlin Food","reliquary:SculptingSteel","CCEMRelics:CocoNut","Dota2Spire:DrumOfEndurance","Calipers","Deadly Poison","Prepared","ToxicTincture","Blur","CCEMRelics:SoftDrink","SpikesRelics:DaevaFist"],"campfire_rested":2,"item_purchase_floors":[0,0,0,0,0,0,0,0,0,0,0,5,31,31,45,53],"current_hp_per_floor":[26,26,34,44,44,41,42,42,42,28,54,39,38,38,64,62,81,81,81,81,86,86,86,86,86,88,88,90,90,92,92,92,92,92,92,92,92,92,92,92,92,92,92,92,92,92,92,92,92,92,92,92,92,92,92],"gold":45,"neow_bonus":"","is_daily":false,"chose_seed":false,"campfire_upgraded":8,"win_rate":0.0,"timestamp":1614103104,"path_taken":["M","?","?","?","$","M","?","R","T","E","R","E","M","E","R","BOSS","M","?","?","?","M","R","E","R","MIM","R","M","R","?","$","R_BF","BOSS","M","?","?","AVR","M","R","?","R","T","E","$","E","?","M","R","BOSS","R","$","E","BOSS"],"items_purchased_type":["Relic","Relic","Relic","Relic","Relic","Relic","Relic","Relic","Relic","Relic","Card","Card","Relic","Card","Relic","Relic"],"build_version":"2020-12-22","purchased_purges":7,"victory":true,"max_hp_per_floor":[75,75,75,80,80,80,87,87,87,87,87,87,87,87,87,87,87,87,87,87,92,92,92,92,92,92,92,92,92,92,92,92,92,92,92,92,92,92,92,92,92,92,92,92,92,92,92,92,92,92,92,92,92,92,92],"card_choices":[{"not_picked":["Poisoned Stab","ReplayTheSpireMod:Speed Training"],"picked":"Acrobatics","floor":0.0},{"not_picked":["Outmaneuver","Phantasmal Killer"],"picked":"Concentrate","floor":0.0},{"not_picked":["Quick Slash","Backstab"],"picked":"Poisoned Stab","floor":0.0},{"not_picked":["Flying Knee","All Out Attack","StuffTheSpire:ClusterCrunch"],"picked":"SKIP","floor":1.0},{"not_picked":["Slice","Poison Darts"],"picked":"ReplayTheSpireMod:Scrap Shanks","floor":3.0},{"not_picked":["Outmaneuver","Predator","PiercingWail"],"picked":"SKIP","floor":6.0},{"not_picked":["Pace","Deadly Poison"],"picked":"StuffTheSpire:Shiver","floor":10.0},{"not_picked":["StuffTheSpire:Injection","Dagger Spray","Outmaneuver"],"picked":"SKIP","floor":12.0},{"not_picked":["Bullet Time","Cloak And Dagger"],"picked":"Acrobatics","floor":13.0},{"not_picked":["Deadly Poison","Outmaneuver"],"picked":"Prepared","floor":14.0},{"not_picked":["Phantasmal Killer","StuffTheSpire:FinalStruggle"],"picked":"A Thousand Cuts","floor":16.0},{"not_picked":["Dagger Spray","Acrobatics","Quick Slash"],"picked":"SKIP","floor":18},{"not_picked":["Infinite Blades","StuffTheSpire:BumpUp"],"picked":"Backflip","floor":22},{"not_picked":["ReplayTheSpireMod:Shiv Toss","Dash","conspire:DoublingDagger"],"picked":"SKIP","floor":24},{"not_picked":["ReplayTheSpireMod:Scrap Shanks","PiercingWail"],"picked":"StuffTheSpire:Fury","floor":28},{"not_picked":["Prepared","Acrobatics"],"picked":"StuffTheSpire:Incantation+1","floor":30},{"not_picked":["Flying Knee","StuffTheSpire:Python","Terror"],"picked":"SKIP","floor":35},{"not_picked":["Fluid Movement","Cloak And Dagger","StuffTheSpire:Repulse"],"picked":"SKIP","floor":39},{"not_picked":["Bullet Time","Caltrops+1","StuffTheSpire:BumpUp+1"],"picked":"SKIP","floor":44},{"not_picked":["StuffTheSpire:Injection","ReplayTheSpireMod:Necrosis","Quick Slash"],"picked":"SKIP","floor":46},{"not_picked":["ReplayTheSpireMod:Exploit Weakness","Sucker Punch","Infinite Blades"],"picked":"SKIP","floor":48},{"not_picked":["Concentrate","Blade Dance","hubris:TrickCloak+1"],"picked":"SKIP","floor":54}],"player_experience":766016,"relics_obtained":[{"floor":7.0,"key":"StuffTheSpire:CocoNut"},{"floor":9.0,"key":"StuffTheSpire:WitherSkull"},{"floor":10.0,"key":"trackpad:Mousetrap"},{"floor":12.0,"key":"reliquary:PartyBalloon"},{"floor":14.0,"key":"trackpad:Compendium"},{"floor":24,"key":"Blood Vial"},{"floor":26,"key":"Dota2Spire:Butterfly"},{"floor":28,"key":"wanderingMiniBosses:Inkheart"},{"floor":28,"key":"reliquary:RadioactivePellet"},{"floor":43,"key":"aspiration:FetidBarrel"},{"floor":44,"key":"ReplayTheSpireMod:Lightbulb"},{"floor":46,"key":"Iron Hammer"},{"floor":47,"key":"Replay:Wax Seal"},{"floor":54,"key":"Dota2Spire:BladeMail"}],"event_choices":[{"damage_healed":0.0,"max_hp_gain":0.0,"max_hp_loss":0.0,"gold_gain":0.0,"event_name":"WeMeetAgain","player_choice":"Paid Gold","floor":2.0,"gold_loss":50.0,"damage_taken":0.0,"relics_obtained":["hubris:64BitClover"]},{"damage_healed":0,"gold_gain":0,"player_choice":"Ignored","damage_taken":0,"max_hp_gain":0,"max_hp_loss":0,"event_name":"Vampires","floor":19,"gold_loss":0},{"damage_healed":0,"gold_gain":0,"player_choice":"Obtained Relic","damage_taken":0,"relics_obtained":["Tiny House"],"max_hp_gain":0,"max_hp_loss":0,"event_name":"Addict","floor":21,"gold_loss":85},{"damage_healed":0,"gold_gain":0,"player_choice":"Upgraded","damage_taken":0,"max_hp_gain":0,"max_hp_loss":0,"event_name":"Upgrade Shrine","floor":41,"gold_loss":0,"cards_upgraded":["Acrobatics"]}],"is_beta":false,"boss_relics":[{"not_picked":["energizedSpire:PogoStick","energizedSpire:EnergizedDie"],"picked":"hubris:Backtick"},{"not_picked":["hubris:GrandSneckoEye","Calling Bell"],"picked":"trackpad:RiggedDice"}],"items_purged_floors":[0,0,0,0,31,31,38],"is_endless":false,"potions_floor_spawned":[3,6,13,16,22,24,33,44,48,54],"ascension_level":13}}