{"host":"jsd6g3c2vo13e69c","time":1614097889,"event":{"mods":["2.2 Compatiblity","Act Like it!","BaseMod","Better Altar","Better Match","Better Note","Better Sensory Stone","Better Third Choice","BetterRewards","Colored Map","Colored Powertips","Downfall","Friendly Minions","GifTheSpireLib","Googly Eyes","Gremlin Mod","Hermit","Hubris","Infinite Spire","Melee Mod","Minty Spire (QoL Compilation)","Permanent Neow","Quick Restart","Random Character Button","Replay The Spire","Shop Mod","Spire Arcade","StSLib","The Cursed","The Disciple","The Forsaken","thorton"],"gold_per_floor":[120,140,165,165,165,188,188,215,215,69,90,90,116,116,247,247,278,261,290,490,64,64,64,64,86,114,114,123,123,123],"floor_reached":29,"language":"ENG","playtime":1519,"items_purged":["Normality"],"score":217,"play_id":"7926dcfe-cc49-4ee4-acfa-7fc182fe76bf","local_time":"20210223113129","is_ascension_mode":false,"campfire_choices":[{"data":"thethorton:DoubleRun","floor":6,"key":"SMITH"},{"data":"hubris:Fate","floor":10,"key":"SMITH"},{"floor":15,"key":"REST"},{"data":"theForsaken:SiphonStrike","floor":25,"key":"SMITH"}],"circlet_count":0,"master_deck":["thethorton:Strike","thethorton:Strike","thethorton:Strike","thethorton:Strike","thethorton:Defend","thethorton:Defend","thethorton:Defend","thethorton:Defend","thethorton:Heckle","thethorton:CreditCard","TheCursedMod:Strike_TheCursed","hermit:Defend_Hermit","thethorton:WhirlingBriefcase","thethorton:RunningKick","thethorton:DoubleRun+1","thethorton:ChartProject","hubris:Fate+1","Slimebound:Schlurp","Slimebound:SamplingLick","bronze:FindAndReplace","thethorton:WhirlingBriefcase","Flash of Steel","theForsaken:SiphonStrike+1","thethorton:ThickSkin+1","theForsaken:Thunderbolt","Slimebound:Grow"],"relics":["thethorton:CouragePotion","hubris:Teleporter","hubris:Towel","Happy Flower","PrismaticShard","Golden Idol","thethorton:CrushedCigarette","hubris:Zylophone","Frozen Egg 2"],"acts_visited":["Exordium","TheCity"],"potions_floor_usage":[7,16,19,29,29],"damage_taken":[{"damage":2,"enemies":"2 Louse","floor":1,"turns":4},{"damage":4,"enemies":"Jaw Worm","floor":2,"turns":5},{"damage":0,"enemies":"Small Slimes","floor":3,"turns":3},{"damage":0,"enemies":"2 Fungi Beasts","floor":7,"turns":4},{"damage":0,"enemies":"3 Louse","floor":12,"turns":1},{"damage":21,"enemies":"Exordium Thugs","floor":14,"turns":5},{"damage":23,"enemies":"Slime Boss","floor":16,"turns":8},{"damage":21,"enemies":"Spheric Guardian","floor":18,"turns":5},{"damage":13,"enemies":"2 Thieves","floor":19,"turns":5},{"damage":6,"enemies":"Snake Plant","floor":20,"turns":2},{"damage":35,"enemies":"Snecko","floor":26,"turns":11},{"damage":12,"enemies":"Shelled Parasite and Fungi","floor":27,"turns":9},{"damage":20,"enemies":"Snake Plant","floor":29,"turns":4}],"seed_played":"1348504079508776194","potions_obtained":[{"floor":1,"key":"SpeedPotion"},{"floor":3,"key":"Fire Potion"},{"floor":7,"key":"BlessingOfTheForge"},{"floor":16,"key":"Strength Potion"},{"floor":26,"key":"SpeedPotion"},{"floor":27,"key":"Adrenaline Potion"}],"is_trial":false,"path_per_floor":["M","M","M","?","R","M","?","T","R","$","M","?","M","R","B",null,"M","M","M","?","$","PTL","PTL","R","M","M","T","M"],"character_chosen":"THE_THORT","items_purchased":["PrismaticShard","thethorton:ThickSkin+1","hubris:Zylophone"],"campfire_rested":1,"item_purchase_floors":[11,22,22],"current_hp_per_floor":[66,62,62,62,62,62,45,45,45,45,45,28,22,42,19,68,47,34,28,28,28,28,28,28,8,1,1,0,0,0],"gold":123,"neow_bonus":"ONE_RARE_RELIC","is_daily":false,"chose_seed":false,"campfire_upgraded":3,"win_rate":0.0,"timestamp":1614097889,"path_taken":["M","M","M","?","R","M","?","T","R","?","M","?","M","R","BOSS","M","M","M","?","?","PTL","PTL","R","M","M","T","?"],"items_purchased_type":["Relic","Card","Relic"],"build_version":"2020-12-22","purchased_purges":1,"victory":false,"max_hp_per_floor":[68,68,68,68,68,68,68,68,68,68,68,68,68,68,68,68,68,68,68,68,68,68,68,68,68,68,68,68,68,68],"card_choices":[{"not_picked":["thethorton:ElbowSmash","thethorton:FearfulRun"],"picked":"thethorton:WhirlingBriefcase","floor":1},{"not_picked":["thethorton:FearfulRun","thethorton:RichRun"],"picked":"thethorton:RunningKick","floor":2},{"not_picked":["thethorton:ROI","thethorton:BusinessBoom"],"picked":"thethorton:DoubleRun","floor":3},{"not_picked":["thethorton:Distance","thethorton:DualBap"],"picked":"thethorton:ChartProject","floor":7},{"not_picked":["infinitespire:SevenWalls","infinitespire:Collect"],"picked":"hubris:Fate","floor":8},{"not_picked":["Replay:Cycle","TheCursedMod:SpitefulStrike"],"picked":"Slimebound:Schlurp","floor":12},{"not_picked":["Guardian:Clone","SpiritShield"],"picked":"Slimebound:SamplingLick","floor":14},{"not_picked":["theForsaken:DesperatePlea","Gremlin:ShowStopper"],"picked":"bronze:FindAndReplace","floor":16},{"not_picked":["Guardian:Incinerate","bronze:DelayedGuard"],"picked":"thethorton:WhirlingBriefcase","floor":18},{"not_picked":["hexamod:PowerFromBeyond","Prostrate"],"picked":"Flash of Steel","floor":19},{"not_picked":["Crescendo","meleeMod_RaptorBoost+1"],"picked":"theForsaken:SiphonStrike","floor":20},{"not_picked":["thethorton:BattleTrash","Poisoned Stab"],"picked":"theForsaken:Thunderbolt","floor":26},{"not_picked":["bronze:Fortify+1","ReplayTheSpireMod:Limb From Limb+1"],"picked":"Slimebound:Grow","floor":27}],"player_experience":417120,"relics_obtained":[{"floor":9,"key":"Happy Flower"},{"floor":28,"key":"Frozen Egg 2"}],"event_choices":[{"damage_healed":0,"gold_gain":0,"player_choice":"Take Damage","damage_taken":17,"relics_obtained":["Golden Idol"],"max_hp_gain":0,"max_hp_loss":0,"event_name":"Golden Idol","floor":13,"gold_loss":0},{"damage_healed":0,"gold_gain":200,"player_choice":"Gold","damage_taken":0,"max_hp_gain":0,"max_hp_loss":0,"event_name":"Wheel of Change","floor":21,"gold_loss":0}],"is_beta":false,"boss_relics":[{"not_picked":["infinitespire:Cupcake","Black Star"],"picked":"thethorton:CrushedCigarette"}],"items_purged_floors":[22],"is_endless":false,"potions_floor_spawned":[1,3,7,16,26,27],"killed_by":"Snake Plant","ascension_level":0}}