{"host":"8is2j71l4wmybkoi","time":1614081599,"event":{"mods":["AchievementEnabler","BaseMod","Colored Map","DeckTracker","Minty Spire (QoL Compilation)","Rare Cards Sparkle","Relic Stats","StSLib","SuperFastMode"],"gold_per_floor":[109,109,127,141,43,43,57,57,57,57,57,77,410,430,430,502,502,512,359,359,359,378,378,378,378,378,378,378,394,394,410,410,482,482,496,371,371,73,73,73,73,106,131,131,151,151,151,151],"floor_reached":47,"language":"KOR","playtime":2650,"items_purged":["Defend_G","Blade Dance","Poisoned Stab","Deadly Poison"],"score":786,"play_id":"b3acba98-25dd-4c6e-92ea-7b83cdfab666","local_time":"20210223205959","is_ascension_mode":true,"campfire_choices":[{"data":"Neutralize","floor":6.0,"key":"SMITH"},{"data":"Prepared","floor":8.0,"key":"SMITH"},{"floor":15.0,"key":"REST"},{"floor":23.0,"key":"REST"},{"data":"Prepared","floor":25.0,"key":"SMITH"},{"data":"Acrobatics","floor":27.0,"key":"SMITH"},{"data":"Well Laid Plans","floor":30,"key":"SMITH"},{"floor":32,"key":"REST"},{"floor":40,"key":"REST"},{"data":"Panacea","floor":41,"key":"SMITH"},{"floor":44,"key":"REST"},{"floor":46,"key":"RECALL"}],"circlet_count":0,"master_deck":["AscendersBane","Survivor","Neutralize+1","Deadly Poison","Dodge and Roll","Backflip","Prepared+1","Crippling Poison","Die Die Die","Heel Hook","Grand Finale","Caltrops","Sucker Punch","Well Laid Plans+1","Dagger Throw","Quick Slash","Die Die Die","Prepared+1","PiercingWail","Backflip","Acrobatics+1","Escape Plan","Corpse Explosion","Finesse","Panacea+1"],"relics":["Ring of the Snake","WingedGreaves","Torii","Old Coin","Pandora\u0027s Box","Anchor","SacredBark","Ancient Tea Set","Snake Skull"],"acts_visited":["Exordium","TheCity","TheBeyond"],"potions_floor_usage":[29,33,33,42,47],"damage_taken":[{"damage":2.0,"enemies":"2 Louse","floor":1.0,"turns":5.0},{"damage":0.0,"enemies":"Jaw Worm","floor":3.0,"turns":3.0},{"damage":1.0,"enemies":"Cultist","floor":4.0,"turns":4.0},{"damage":1.0,"enemies":"Looter","floor":7.0,"turns":4.0},{"damage":0.0,"enemies":"2 Fungi Beasts","floor":12.0,"turns":4.0},{"damage":23.0,"enemies":"Gremlin Nob","floor":13.0,"turns":5.0},{"damage":0.0,"enemies":"Large Slime","floor":14.0,"turns":4.0},{"damage":1.0,"enemies":"The Guardian","floor":16.0,"turns":9.0},{"damage":6.0,"enemies":"3 Byrds","floor":18.0,"turns":3.0},{"damage":5.0,"enemies":"Shell Parasite","floor":22.0,"turns":6.0},{"damage":7,"enemies":"Snake Plant","floor":29,"turns":5},{"damage":10,"enemies":"Snecko","floor":31,"turns":6},{"damage":48,"enemies":"Champ","floor":33,"turns":9},{"damage":7,"enemies":"Orb Walker","floor":35,"turns":3},{"damage":51,"enemies":"Reptomancer","floor":42,"turns":7},{"damage":0,"enemies":"3 Darklings","floor":45,"turns":2},{"damage":30,"enemies":"Writhing Mass","floor":47,"turns":2}],"seed_played":"6593117523285515020","potions_obtained":[{"floor":1.0,"key":"LiquidMemories"},{"floor":12.0,"key":"Ancient Potion"},{"floor":13.0,"key":"Dexterity Potion"},{"floor":16.0,"key":"Ancient Potion"},{"floor":22.0,"key":"BlessingOfTheForge"},{"floor":31,"key":"Poison Potion"},{"floor":33,"key":"Poison Potion"},{"floor":42,"key":"PowerPotion"},{"floor":45,"key":"BlessingOfTheForge"}],"is_trial":false,"path_per_floor":["M","?","M","M","$","R","M","R","T","?","?","M","E","M","R","B",null,"M","$","?","?","M","R","?","R","T","R","?","M","R","M","R","B",null,"M","$","?","$","?","R","R","E","T","R","M","R","M"],"character_chosen":"THE_SILENT","items_purchased":["Backflip","Backflip","Ancient Tea Set"],"campfire_rested":5,"item_purchase_floors":[5,19,38],"current_hp_per_floor":[57,37,37,36,36,36,35,35,35,35,35,35,12,12,31,30,57,51,51,33,33,28,49,49,49,49,49,49,42,42,32,53,5,55,48,48,48,48,38,59,59,8,8,29,29,29,0,0],"gold":151,"neow_bonus":"ONE_RARE_RELIC","is_daily":false,"chose_seed":false,"campfire_upgraded":6,"win_rate":0.0,"timestamp":1614081599,"path_taken":["M","?","M","M","$","R","M","R","T","?","?","M","E","M","R","BOSS","M","$","?","?","M","R","?","R","T","R","?","M","R","M","R","BOSS","M","$","?","$","?","R","R","E","T","R","M","R","M"],"items_purchased_type":["Card","Card","Relic"],"build_version":"2020-12-22","purchased_purges":4,"victory":false,"max_hp_per_floor":[66,66,66,66,66,66,66,66,66,66,66,66,66,66,66,66,66,66,66,71,71,71,71,71,71,71,71,71,71,71,71,71,71,71,71,71,71,71,71,71,71,71,71,71,71,71,71,71],"relic_stats":{"Torii":24,"counters":[17,81],"Pandora\u0027s Box":["Caltrops","Sucker Punch","Well Laid Plans","Dagger Throw","Quick Slash","Blade Dance","Die Die Die","Prepared"],"Snake Skull":[5],"obtain_stats":[{"Anchor":26,"Torii":9,"SacredBark":34,"Pandora\u0027s Box":17,"WingedGreaves":0,"Snake Skull":42,"Ancient Tea Set":38,"Ring of the Snake":0,"Old Coin":13},{"Anchor":10,"Torii":4,"SacredBark":13,"Pandora\u0027s Box":8,"WingedGreaves":0,"Snake Skull":15,"Ancient Tea Set":14,"Ring of the Snake":0,"Old Coin":6},{"Anchor":47,"Torii":16,"SacredBark":67,"Pandora\u0027s Box":38,"WingedGreaves":0,"Snake Skull":77,"Ancient Tea Set":70,"Ring of the Snake":0,"Old Coin":25}],"Ring of the Snake":[34]},"card_choices":[{"not_picked":["Sucker Punch","Deflect"],"picked":"Deadly Poison","floor":1.0},{"not_picked":["Acrobatics","Sucker Punch"],"picked":"Dodge and Roll","floor":3.0},{"not_picked":["Dagger Throw","Expertise"],"picked":"Poisoned Stab","floor":4.0},{"not_picked":["Underhanded Strike","Dodge and Roll"],"picked":"Prepared","floor":7.0},{"not_picked":["Terror","Sucker Punch"],"picked":"Die Die Die","floor":12.0},{"not_picked":["Masterful Stab","Blade Dance"],"picked":"Heel Hook","floor":13.0},{"not_picked":["Dagger Throw","Bane"],"picked":"Deadly Poison","floor":14.0},{"not_picked":["Tools of the Trade","Malaise"],"picked":"Grand Finale","floor":16.0},{"not_picked":["Deadly Poison","Footwork"],"picked":"PiercingWail","floor":18.0},{"not_picked":["PiercingWail","Wraith Form v2","Sucker Punch"],"picked":"SKIP","floor":22.0},{"not_picked":["Cloak And Dagger","Blade Dance"],"picked":"Escape Plan","floor":29},{"not_picked":["Bane","Quick Slash+1","Sucker Punch"],"picked":"SKIP","floor":31},{"not_picked":["Unload","Storm of Steel"],"picked":"Corpse Explosion","floor":33},{"not_picked":["Blade Dance","Flechettes","All Out Attack"],"picked":"SKIP","floor":35},{"not_picked":["Violence","Secret Technique"],"picked":"Finesse","floor":39},{"not_picked":["Magnetism","Enlightenment"],"picked":"Panacea","floor":39},{"not_picked":["Accuracy+1","Backflip","Dagger Spray+1"],"picked":"SKIP","floor":42},{"not_picked":["Endless Agony","Eviscerate+1","Sucker Punch+1"],"picked":"SKIP","floor":45}],"player_experience":1319417,"relics_obtained":[{"floor":9.0,"key":"Torii"},{"floor":13.0,"key":"Old Coin"},{"floor":26.0,"key":"Anchor"},{"floor":42,"key":"Snake Skull"}],"event_choices":[{"damage_healed":0.0,"max_hp_gain":0.0,"max_hp_loss":0.0,"gold_gain":0.0,"event_name":"Shining Light","player_choice":"Entered Light","floor":2.0,"gold_loss":0.0,"damage_taken":20.0,"cards_upgraded":["Strike_G","Defend_G"]},{"damage_healed":0.0,"max_hp_gain":0.0,"max_hp_loss":0.0,"gold_gain":0.0,"cards_transformed":["Strike_G"],"event_name":"Living Wall","player_choice":"Change","floor":10.0,"gold_loss":0.0,"damage_taken":0.0,"cards_obtained":["Crippling Poison"]},{"cards_removed":["Clumsy"],"damage_healed":0.0,"max_hp_gain":0.0,"max_hp_loss":0.0,"gold_gain":0.0,"event_name":"Fountain of Cleansing","player_choice":"Removed Curses","floor":11.0,"gold_loss":0.0,"damage_taken":0.0},{"damage_healed":0.0,"max_hp_gain":5.0,"max_hp_loss":0.0,"gold_gain":0.0,"event_name":"Forgotten Altar","player_choice":"Shed Blood","floor":20.0,"gold_loss":0.0,"damage_taken":23.0},{"damage_healed":0.0,"max_hp_gain":0.0,"max_hp_loss":0.0,"gold_gain":0.0,"event_name":"Vampires","player_choice":"Ignored","floor":21.0,"gold_loss":0.0,"damage_taken":0.0},{"damage_healed":0.0,"max_hp_gain":0.0,"max_hp_loss":0.0,"gold_gain":0.0,"event_name":"The Library","player_choice":"Read","floor":24.0,"gold_loss":0.0,"damage_taken":0.0,"cards_obtained":["Acrobatics"]},{"damage_healed":0,"gold_gain":0,"player_choice":"Ignored","damage_taken":0,"max_hp_gain":0,"max_hp_loss":0,"event_name":"Cursed Tome","floor":28,"gold_loss":0},{"damage_healed":0,"gold_gain":0,"player_choice":"Ignored","damage_taken":0,"max_hp_gain":0,"max_hp_loss":0,"event_name":"Tomb of Lord Red Mask","floor":37,"gold_loss":0},{"damage_healed":0,"gold_gain":0,"player_choice":"Memory 3","damage_taken":10,"max_hp_gain":0,"max_hp_loss":0,"event_name":"SensoryStone","floor":39,"gold_loss":0}],"is_beta":false,"boss_relics":[{"not_picked":["Philosopher\u0027s Stone","Black Star"],"picked":"Pandora\u0027s Box"},{"not_picked":["Runic Pyramid","Runic Dome"],"picked":"SacredBark"}],"items_purged_floors":[5,19,36,38],"is_endless":false,"potions_floor_spawned":[1,12,13,14,16,22,31,33,42,45],"killed_by":"Writhing Mass","ascension_level":15}}