{"host":"h9c2ptiayi21rmia","time":1614115900,"event":{"mods":["AchievementEnabler","Aspiration","BaseMod","Better Altar","Better Match","Better Note","Better Sensory Stone","Better Skull","Better Third Choice","Better Vampires","Block Reminder","ChefMod","Dio Mod","Evolution","Hermit","Hubris","JesterMod","Jorbs\u0027s Wanderer Trilogy","Kratos Character Expansion","Minty Spire (QoL Compilation)","Permanent Neow","Poor People Problems","Relic Stats","Replay The Spire","Shade Mod","Small Relic Pack","Spicy Shops","StS++","StSLib","The Marked","TheSwordswoman"],"gold_per_floor":[109,24,40,5,5,36,52,65,65,93,93,125,125,142,142,142,142],"floor_reached":16,"language":"ENG","playtime":944,"items_purged":[],"score":132,"play_id":"a045bc2d-0749-4fa1-84a9-e79501d4ad4c","local_time":"20210223163140","is_ascension_mode":true,"campfire_choices":[{"floor":13,"key":"REST"},{"data":"Shade:GreaterAnimation","floor":15,"key":"SMITH"}],"circlet_count":0,"master_deck":["Shade:Bonestorm","Shade:Bonestorm","Shade:Bonestorm","Shade:Strike_Shade","Shade:Defend_Shade","Shade:Defend_Shade","Shade:Defend_Shade+1","Shade:Defend_Shade","Shade:AnimateDead","Shade:CarefulCut","Shade:Patience","Shade:ExtraLimbs","Shade:ExtraLimbs","Shade:SpontaneousRitual","Shade:GreaterAnimation+1","Shade:CallOfTheGrave","Shade:RavenousHorde","Shade:CallWraith","Shade:ScuttlingHand","Shade:GraveStillness","Shade:LyeBath","Shade:Brains"],"relics":["Shade:YorickSkull","EVO:Axolotl","NlothsMask","KratosMod:minohorn","hubris:SlimyHat","Bag of Preparation"],"acts_visited":["Exordium"],"potions_floor_usage":[10,12,16,16],"damage_taken":[{"damage":5,"enemies":"Small Slimes","floor":1,"turns":3},{"damage":2,"enemies":"Cultist","floor":3,"turns":3},{"damage":14,"enemies":"3 Sentries","floor":6,"turns":4},{"damage":0,"enemies":"Jaw Worm","floor":7,"turns":1},{"damage":1,"enemies":"Blue Slaver","floor":8,"turns":2},{"damage":26,"enemies":"Lagavulin","floor":10,"turns":9},{"damage":3,"enemies":"Gremlin Nob","floor":12,"turns":4},{"damage":6,"enemies":"Exordium Wildlife","floor":14,"turns":3},{"damage":29,"enemies":"The Guardian","floor":16,"turns":5}],"seed_played":"-5771032432480110978","potions_obtained":[{"floor":6,"key":"Cursed Concoction"},{"floor":8,"key":"ColorlessPotion"},{"floor":10,"key":"PowerPotion"},{"floor":12,"key":"FearPotion"}],"is_trial":false,"path_per_floor":["M","$","M","$","?","E","M","M","T","E","?","E","R","M","R","B"],"character_chosen":"SHADE","items_purchased":["Shade:ExtraLimbs","Shade:SpontaneousRitual","Shade:CallOfTheGrave"],"campfire_rested":1,"item_purchase_floors":[2,2,4],"current_hp_per_floor":[60,60,58,58,58,44,44,43,43,17,17,14,33,27,27,0,0],"gold":142,"neow_bonus":"THREE_CARDS","is_daily":false,"chose_seed":false,"campfire_upgraded":1,"win_rate":0.0,"timestamp":1614115900,"path_taken":["M","$","M","$","?","E","M","?","T","E","?","E","R","M","R","BOSS"],"items_purchased_type":["Card","Card","Card"],"build_version":"2020-12-22","purchased_purges":0,"victory":false,"max_hp_per_floor":[65,65,65,65,65,65,65,65,65,65,65,65,65,65,65,65,65],"relic_stats":{"counters":[9,34],"Bag of Preparation":[4],"obtain_stats":[{"Shade:YorickSkull":0,"KratosMod:minohorn":6,"hubris:SlimyHat":10,"Bag of Preparation":12,"EVO:Axolotl":0,"NlothsMask":5},{"Shade:YorickSkull":0,"KratosMod:minohorn":3,"hubris:SlimyHat":6,"Bag of Preparation":7,"EVO:Axolotl":0,"NlothsMask":2},{"Shade:YorickSkull":0,"KratosMod:minohorn":10,"hubris:SlimyHat":22,"Bag of Preparation":26,"EVO:Axolotl":0,"NlothsMask":6}]},"card_choices":[{"not_picked":["Shade:Haruspicy","Shade:StitchTogether"],"picked":"Shade:Patience","floor":0},{"not_picked":["Shade:Frenzy","Shade:GreyBargain"],"picked":"Shade:ExtraLimbs","floor":1},{"not_picked":["Shade:Frenzy","Shade:BoneShards"],"picked":"Shade:GreaterAnimation","floor":3},{"not_picked":["Shade:FreshBones","Shade:ExtraLimbs"],"picked":"Shade:RavenousHorde","floor":6},{"not_picked":["Shade:CommandSoldier","Shade:SoulToxin"],"picked":"Shade:CallWraith","floor":7},{"not_picked":["Shade:LastGasp","Shade:Bonestorm"],"picked":"Shade:ScuttlingHand","floor":8},{"not_picked":["Shade:CoffinDance","Shade:FingerOfDeath"],"picked":"Shade:GraveStillness","floor":10},{"not_picked":["Shade:OpenGraves","Shade:Bonestorm"],"picked":"Shade:LyeBath","floor":12},{"not_picked":["Shade:AncientSpear","Shade:ClawBack"],"picked":"Shade:Brains","floor":14}],"player_experience":315812,"relics_obtained":[{"floor":6,"key":"KratosMod:minohorn"},{"floor":10,"key":"hubris:SlimyHat"},{"floor":12,"key":"Bag of Preparation"}],"event_choices":[{"damage_healed":0,"gold_gain":0,"player_choice":"Trade","damage_taken":0,"relics_obtained":["NlothsMask"],"max_hp_gain":0,"max_hp_loss":0,"event_name":"FaceTrader","floor":5,"gold_loss":0}],"is_beta":false,"boss_relics":[],"items_purged_floors":[],"is_endless":false,"potions_floor_spawned":[6,8,10,12],"killed_by":"The Guardian","ascension_level":2}}