{"host":"ihhmze8k3dygjpvp","time":1614098223,"event":{"mods":["10 clothes from DAL","Act Like it!","BaseMod","Colored Map","Hallownest","Highlight Path","Minty Spire (QoL Compilation)","MostiFishMod","Pale of the Ancients","Quick Restart","RumiaBox-露米娅的神秘盒子","Shop Mod","Spicy Shops","StSLib","TestMod","[IsaacMod]以撒尖塔","【功能Mod】混沌之环修复补丁","【功能Mod】聪明的最终Boss"],"gold_per_floor":[112,127,127,127,127,155,155,155,155],"floor_reached":8,"language":"ZHS","playtime":289,"items_purged":["Defend_G"],"score":59,"play_id":"3f585003-634f-4131-a555-7f0309eef451","local_time":"20210224003703","is_ascension_mode":true,"campfire_choices":[{"floor":7,"key":"REST"}],"circlet_count":0,"master_deck":["Strike_G","Strike_G","Strike_G","Strike_G","Strike_G","Defend_G+1","Defend_G","Survivor+1","Neutralize","Prepared+1"],"relics":["Ring of the Snake","testmod-TestBox","HushsDoor","DaveBox","DiscerningMonocle","SharpPlug","testmod-Justice","SynthV:TestCard","MerchantsRug","DALC_TWO","Toxic Egg 2","testmod-Antiphasic","testmod-IndustrialRevolution","War Paint","ImprovedEquipment"],"acts_visited":["Exordium"],"potions_floor_usage":[6,6,6],"damage_taken":[{"damage":19,"enemies":"Jaw Worm","floor":1,"turns":5},{"damage":14,"enemies":"2 Louse","floor":2,"turns":4},{"damage":24,"enemies":"Gremlin Nob","floor":6,"turns":4},{"damage":8,"enemies":"3 Sentries","floor":8,"turns":3}],"seed_played":"4905194874368940488","potions_obtained":[{"floor":2,"key":"CultistPotion"}],"is_trial":false,"path_per_floor":["M","M","?","$","?","E","R","E"],"character_chosen":"THE_SILENT","items_purchased":["MerchantsRug","DALC_TWO","Toxic Egg 2","testmod-Antiphasic","testmod-IndustrialRevolution","War Paint","Energy Potion","Explosive Potion"],"campfire_rested":1,"item_purchase_floors":[4,4,4,4,4,4,4,4],"current_hp_per_floor":[58,44,37,37,37,13,36,28,28],"gold":155,"neow_bonus":"TEN_PERCENT_HP_BONUS","is_daily":false,"chose_seed":false,"campfire_upgraded":0,"win_rate":0.0,"timestamp":1614098223,"path_taken":["M","M","?","$","?","E","R","E"],"items_purchased_type":["Relic","Relic","Relic","Relic","Relic","Relic","Potion","Potion"],"build_version":"2020-12-22","purchased_purges":1,"victory":false,"max_hp_per_floor":[77,77,77,77,77,77,77,77,77],"card_choices":[{"not_picked":[],"picked":"ChaosCard","floor":0},{"not_picked":["Predator","Heel Hook","Cloak And Dagger"],"picked":"SKIP","floor":1},{"not_picked":["Cloak And Dagger","Finisher","Backflip","MostiFishMod:PreservedThorns","Prepared"],"picked":"SKIP","floor":2},{"not_picked":["Underhanded Strike","Heel Hook","Die Die Die","Choke"],"picked":"Prepared+1","floor":6}],"player_experience":19290,"relics_obtained":[{"floor":1,"key":"SynthV:TestCard"},{"floor":6,"key":"ImprovedEquipment"}],"event_choices":[{"cards_removed":["Defend_G"],"damage_healed":0,"gold_gain":0,"player_choice":"Card Removal","damage_taken":7,"max_hp_gain":0,"max_hp_loss":0,"event_name":"Golden Wing","floor":3,"gold_loss":0},{"cards_removed":["Defend_G"],"damage_healed":0,"gold_gain":0,"player_choice":"Card Removal","damage_taken":0,"max_hp_gain":0,"max_hp_loss":0,"event_name":"Wheel of Change","floor":5,"gold_loss":0}],"is_beta":false,"boss_relics":[],"items_purged_floors":[4],"is_endless":false,"potions_floor_spawned":[2],"killed_by":"3 Sentries","ascension_level":2}}