{"host":"szp1d6dso4pv7ddl","time":1614050250,"event":{"mods":["AchievementEnabler","Alarm Clock","BaseMod","Bestiary","Block Reminder","Colored Map","Colored Powertips","Curses Come First","Dark Map","Displayed Cursed Tome","Highlight Path","Minty Spire (QoL Compilation)","Permanent Neow","Quick Restart","Relic Sorter","Relic Stats","StSLib","Synergy Search"],"gold_per_floor":[113,58,74,74,90,90,55,80,80,97,97,111,111,130,130,204,204,219,63,76,76,76],"floor_reached":21,"language":"ENG","playtime":970,"items_purged":["Strike_R"],"score":362,"play_id":"353a785d-4908-442d-8eca-2270eb45c8f2","local_time":"20210222191730","is_ascension_mode":true,"campfire_choices":[{"data":"True Grit","floor":6,"key":"SMITH"},{"floor":11,"key":"REST"},{"floor":15,"key":"REST"}],"circlet_count":0,"master_deck":["AscendersBane","Strike_R","Strike_R","Strike_R","Strike_R","Defend_R","Defend_R","Defend_R","Defend_R","Bash+1","Cleave","Headbutt","True Grit+1","Carnage+1","Pommel Strike+1","Iron Wave+1","True Grit","Juggernaut","Havoc","Shockwave","Burning Pact+1"],"relics":["Burning Blood","Boot","Ornamental Fan","Molten Egg 2","StrikeDummy","Fusion Hammer"],"acts_visited":["Exordium","TheCity"],"potions_floor_usage":[12,16,16],"damage_taken":[{"damage":24,"enemies":"Jaw Worm","floor":1,"turns":4},{"damage":1,"enemies":"Cultist","floor":3,"turns":3},{"damage":10,"enemies":"Small Slimes","floor":5,"turns":3},{"damage":56,"enemies":"Gremlin Nob","floor":8,"turns":5},{"damage":6,"enemies":"2 Fungi Beasts","floor":10,"turns":3},{"damage":17,"enemies":"Gremlin Gang","floor":12,"turns":4},{"damage":0,"enemies":"Blue Slaver","floor":14,"turns":3},{"damage":42,"enemies":"The Guardian","floor":16,"turns":10},{"damage":23,"enemies":"Spheric Guardian","floor":18,"turns":4},{"damage":29,"enemies":"Shell Parasite","floor":20,"turns":4},{"damage":23,"enemies":"Snake Plant","floor":21,"turns":3}],"seed_played":"-2103835719666365484","potions_obtained":[{"floor":3,"key":"LiquidMemories"},{"floor":5,"key":"SkillPotion"},{"floor":14,"key":"SteroidPotion"},{"floor":20,"key":"DuplicationPotion"}],"is_trial":false,"path_per_floor":["M","?","M","$","M","R","?","E","T","M","R","M","?","M","R","B",null,"M","$","M","M"],"character_chosen":"IRONCLAD","items_purchased":["Shockwave"],"campfire_rested":2,"item_purchase_floors":[19],"current_hp_per_floor":[50,50,55,55,51,51,69,19,19,19,41,30,30,36,58,22,62,45,45,22,0,0],"gold":76,"neow_bonus":"RANDOM_COMMON_RELIC","is_daily":false,"chose_seed":false,"campfire_upgraded":1,"win_rate":0.0,"timestamp":1614050250,"path_taken":["M","?","?","$","M","R","?","E","T","M","R","M","?","M","R","BOSS","M","$","M","M"],"items_purchased_type":["Card"],"build_version":"2020-12-22","purchased_purges":1,"victory":false,"max_hp_per_floor":[75,75,75,75,75,75,75,75,75,75,75,75,75,75,75,75,75,75,75,75,75,75],"relic_stats":{"counters":[11,46],"Ornamental Fan":[20],"Boot":[1],"obtain_stats":[{"Ornamental Fan":2,"Molten Egg 2":8,"Fusion Hammer":17,"Boot":0,"StrikeDummy":9,"Burning Blood":0},{"Ornamental Fan":1,"Molten Egg 2":4,"Fusion Hammer":8,"Boot":0,"StrikeDummy":4,"Burning Blood":0},{"Ornamental Fan":4,"Molten Egg 2":15,"Fusion Hammer":35,"Boot":0,"StrikeDummy":15,"Burning Blood":0}],"Burning Blood":60},"card_choices":[{"not_picked":["Wild Strike","Clothesline"],"picked":"Cleave","floor":1},{"not_picked":["Rage","Sword Boomerang"],"picked":"Headbutt","floor":3},{"not_picked":["Wild Strike","Heavy Blade"],"picked":"True Grit","floor":5},{"not_picked":["Exhume","Warcry"],"picked":"Carnage+1","floor":8},{"not_picked":["Sword Boomerang+1","Perfected Strike+1"],"picked":"Pommel Strike+1","floor":10},{"not_picked":["Rupture","Twin Strike+1"],"picked":"Iron Wave+1","floor":12},{"not_picked":["Armaments","Clash+1"],"picked":"True Grit","floor":14},{"not_picked":["Berserk","Limit Break"],"picked":"Juggernaut","floor":16},{"not_picked":["Heavy Blade+1","Combust"],"picked":"Havoc","floor":18},{"not_picked":["Twin Strike+1","Flex"],"picked":"Burning Pact+1","floor":20}],"player_experience":1642864,"relics_obtained":[{"floor":8,"key":"Molten Egg 2"},{"floor":9,"key":"StrikeDummy"}],"event_choices":[{"damage_healed":0,"gold_gain":0,"player_choice":"Paid Gold","damage_taken":0,"relics_obtained":["Ornamental Fan"],"max_hp_gain":0,"max_hp_loss":0,"event_name":"WeMeetAgain","floor":2,"gold_loss":55},{"damage_healed":18,"gold_gain":0,"player_choice":"Healed","damage_taken":0,"max_hp_gain":0,"max_hp_loss":0,"event_name":"The Cleric","floor":7,"gold_loss":35},{"damage_healed":0,"gold_gain":0,"player_choice":"Forge","damage_taken":0,"max_hp_gain":0,"max_hp_loss":0,"event_name":"Accursed Blacksmith","floor":13,"gold_loss":0,"cards_upgraded":["Bash"]}],"is_beta":false,"boss_relics":[{"not_picked":["Coffee Dripper","Runic Dome"],"picked":"Fusion Hammer"}],"items_purged_floors":[19],"is_endless":false,"potions_floor_spawned":[3,5,14,20],"killed_by":"Snake Plant","ascension_level":20}}