{"host":"2d69zsihwnsihkt1","time":1614117835,"event":{"mods":["AchievementEnabler","Act Like it!","BaseMod","Better Altar","Better Note","Better Skull","Bossed Relics","Colored Map","Colored Powertips","Curses Come First","Displayed Cursed Tome","Googly Eyes","Hermit","Minty Spire (QoL Compilation)","Rare Cards Sparkle","Relic Stats","Replay The Spire","Robot Space Explorer","Shapeshifter Mod","Shop Mod","StSLib","The Forsaken","The Hayseed","The Runesmith"],"gold_per_floor":[112,128,128,150,159,194,194,181,205,107,107,147,165,185,185,295,295,309,14,14,24,24,67,94,94,117,117,117,117,117,145,145,258,258,270,292,292,31,50,50,50,50,73,104,104,130,130,130,130,130],"floor_reached":51,"language":"ENG","playtime":10548,"items_purged":[],"score":972,"play_id":"7d0a5290-c454-45e2-987d-399d13458e22","local_time":"20210223160355","is_ascension_mode":true,"campfire_choices":[{"data":"theForsaken:DarkBarrier","floor":7,"key":"SMITH"},{"data":"theForsaken:Terrorize","floor":11,"key":"SMITH"},{"data":"theForsaken:DesperatePlea","floor":15,"key":"SMITH"},{"floor":25,"key":"REST"},{"data":"theForsaken:Mantra","floor":28,"key":"SMITH"},{"floor":30,"key":"DIG"},{"floor":32,"key":"DIG"},{"floor":40,"key":"DIG"},{"floor":42,"key":"DIG"},{"floor":47,"key":"REST"},{"floor":49,"key":"REST"}],"circlet_count":0,"master_deck":["theForsaken:TheForsaken_Strike","theForsaken:TheForsaken_Strike","theForsaken:TheForsaken_Strike","theForsaken:TheForsaken_Strike","theForsaken:TheForsaken_Defend","theForsaken:TheForsaken_Defend","theForsaken:TheForsaken_Defend","theForsaken:Smite","theForsaken:Penitence","theForsaken:Bolster","theForsaken:DarkBarrier+1","theForsaken:Terrorize+1","theForsaken:BountifulSunlight","theForsaken:DesperatePlea+1","theForsaken:Mantra+1","theForsaken:CowardsBrand","theForsaken:Enfeeble","theForsaken:FountainOfLife","theForsaken:BountifulSunlight","theForsaken:AncientWords"],"relics":["theForsaken:JudgementScales","CeramicFish","theForsaken:Lifeblossom","Tiny Chest","Smiling Mask","SlaversCollar","Shovel","InkBottle","Replay:Towering Pillar of Hats","Replay:Wax Seal","Juzu Bracelet","ReplayTheSpireMod:TigerMarble","Quantum Egg","ReplayTheSpireMod:DimensionalGlitch","Iron Hammer","Akabeko","Runesmith:Nanobots","Blood Vial","Omamori","Replay:Kaleidoscope"],"acts_visited":["Exordium","TheCity","TheBeyond"],"potions_floor_usage":[12,16,23,24,27,44,44,46,50],"damage_taken":[{"damage":3,"enemies":"Cultist","floor":1,"turns":6},{"damage":3,"enemies":"2 Louse","floor":2,"turns":2},{"damage":4,"enemies":"Small Slimes","floor":4,"turns":5},{"damage":10,"enemies":"Gremlin Nob","floor":6,"turns":7},{"damage":6,"enemies":"Exordium Thugs","floor":8,"turns":4},{"damage":25,"enemies":"3 Sentries","floor":12,"turns":10},{"damage":0,"enemies":"Gremlin Gang","floor":13,"turns":6},{"damage":4,"enemies":"Blue Slaver","floor":14,"turns":4},{"damage":0,"enemies":"Fading Forest","floor":16,"turns":11},{"damage":23,"enemies":"Spheric Guardian","floor":18,"turns":8},{"damage":11,"enemies":"Shell Parasite","floor":21,"turns":12},{"damage":13,"enemies":"Gremlin Leader","floor":23,"turns":9},{"damage":40,"enemies":"Cultist and Chosen","floor":24,"turns":8},{"damage":0,"enemies":"3 Cultists","floor":27,"turns":2},{"damage":34,"enemies":"Slavers","floor":31,"turns":10},{"damage":29,"enemies":"Collector","floor":33,"turns":11},{"damage":46,"enemies":"3 Shapes","floor":35,"turns":14},{"damage":12,"enemies":"3 Darklings","floor":36,"turns":7},{"damage":11,"enemies":"Spire Growth","floor":39,"turns":10},{"damage":0,"enemies":"R_Hoarder","floor":44,"turns":8},{"damage":65,"enemies":"Sphere and 2 Shapes","floor":46,"turns":6},{"damage":48,"enemies":"Time Eater","floor":50,"turns":15}],"seed_played":"5625967704200308715","potions_obtained":[{"floor":2,"key":"LiquidBronze"},{"floor":4,"key":"FearPotion"},{"floor":12,"key":"AttackPotion"},{"floor":14,"key":"Fire Potion"},{"floor":16,"key":"BlessingOfTheForge"},{"floor":23,"key":"SmokeBomb"},{"floor":35,"key":"BlessingOfTheForge"},{"floor":36,"key":"Weak Potion"}],"is_trial":false,"path_per_floor":["M","M","?","M","?","E","R","M","T","$","R","E","M","M","R","B",null,"M","$","?","M","T","E","M","R","T","M","R","$","R","E","R","B",null,"M","M","?","$","M","R","?","R","T","E","T","M","R","$","R","B",null],"character_chosen":"THE_FORSAKEN","items_purchased":["FairyPotion","Shovel","Iron Hammer"],"campfire_rested":3,"item_purchase_floors":[10,19,38],"current_hp_per_floor":[59,56,56,55,55,51,51,55,55,55,55,41,62,63,63,65,65,44,44,44,51,51,65,27,46,46,49,49,49,49,65,65,58,63,28,33,33,33,56,56,56,56,56,77,77,14,37,37,60,78],"gold":130,"neow_bonus":"RANDOM_COMMON_RELIC","is_daily":false,"chose_seed":false,"campfire_upgraded":4,"win_rate":0.0,"timestamp":1614117835,"path_taken":["M","M","?","?","?","E","R","?","T","?","R","E","M","M","R","BOSS","M","?","?","M","?","E","?","R","T","M","R","$","R","E","R","BOSS","M","M","?","$","M","R","?","R","T","E","?","M","R","?","R","BOSS"],"items_purchased_type":["Potion","Relic","Relic"],"build_version":"2020-12-22","purchased_purges":0,"victory":true,"max_hp_per_floor":[65,65,65,65,65,65,65,65,65,65,65,65,65,65,65,65,65,65,65,65,65,65,65,65,65,65,65,65,65,65,65,65,65,65,71,71,71,71,77,77,77,77,77,77,77,77,77,77,77,79],"relic_stats":{"Blood Vial":2,"Shovel":4,"counters":[22,175],"CeramicFish":99,"Tiny Chest":2,"Juzu Bracelet":0,"Smiling Mask":0,"obtain_stats":[{"Runesmith:Nanobots":42,"Replay:Towering Pillar of Hats":23,"CeramicFish":0,"Quantum Egg":32,"theForsaken:Lifeblossom":6,"Juzu Bracelet":30,"Omamori":44,"Replay:Kaleidoscope":45,"Smiling Mask":12,"Akabeko":40,"Blood Vial":43,"SlaversCollar":17,"Shovel":19,"Tiny Chest":9,"Iron Hammer":38,"ReplayTheSpireMod:TigerMarble":31,"Replay:Wax Seal":26,"theForsaken:JudgementScales":0,"ReplayTheSpireMod:DimensionalGlitch":34,"InkBottle":22},{"Runesmith:Nanobots":19,"Replay:Towering Pillar of Hats":12,"CeramicFish":0,"Quantum Egg":15,"theForsaken:Lifeblossom":4,"Juzu Bracelet":14,"Omamori":20,"Replay:Kaleidoscope":20,"Smiling Mask":6,"Akabeko":19,"Blood Vial":19,"SlaversCollar":9,"Shovel":10,"Tiny Chest":5,"Iron Hammer":18,"ReplayTheSpireMod:TigerMarble":15,"Replay:Wax Seal":13,"theForsaken:JudgementScales":0,"ReplayTheSpireMod:DimensionalGlitch":16,"InkBottle":11},{"Runesmith:Nanobots":146,"Replay:Towering Pillar of Hats":84,"CeramicFish":0,"Quantum Egg":104,"theForsaken:Lifeblossom":20,"Juzu Bracelet":94,"Omamori":154,"Replay:Kaleidoscope":154,"Smiling Mask":34,"Akabeko":146,"Blood Vial":146,"SlaversCollar":55,"Shovel":63,"Tiny Chest":24,"Iron Hammer":136,"ReplayTheSpireMod:TigerMarble":104,"Replay:Wax Seal":92,"theForsaken:JudgementScales":0,"ReplayTheSpireMod:DimensionalGlitch":115,"InkBottle":75}],"InkBottle":[24]},"card_choices":[{"not_picked":["theForsaken:FatRoll","theForsaken:NobleSacrifice","theForsaken:Parry"],"picked":"SKIP","floor":1},{"not_picked":["theForsaken:PowerUp","theForsaken:FuryStrikes","theForsaken:PreciseStrike"],"picked":"SKIP","floor":2},{"not_picked":["theForsaken:DarkBargain","theForsaken:DarkRift"],"picked":"theForsaken:Bolster","floor":4},{"not_picked":["theForsaken:ScorchingSunlight","theForsaken:Thunderbolt"],"picked":"theForsaken:Terrorize","floor":6},{"not_picked":["theForsaken:ChargeAttack","theForsaken:CleansingLight","theForsaken:BlightOfFamine"],"picked":"SKIP","floor":8},{"not_picked":["theForsaken:BlindFaith","theForsaken:Tranquility"],"picked":"theForsaken:BountifulSunlight","floor":12},{"not_picked":["theForsaken:LightRoll","theForsaken:Parry","theForsaken:BlightOfFamine"],"picked":"SKIP","floor":13},{"not_picked":["theForsaken:HymnOfRest","theForsaken:StoreUp"],"picked":"theForsaken:DesperatePlea","floor":14},{"not_picked":["theForsaken:CorruptedForm","theForsaken:DarkRift"],"picked":"theForsaken:Mantra","floor":16},{"not_picked":["theForsaken:BindingThorns+1","theForsaken:LightRoll","theForsaken:Preservation"],"picked":"SKIP","floor":18},{"not_picked":["theForsaken:RainingSunlight","theForsaken:Backlash","theForsaken:FuryStrikes"],"picked":"SKIP","floor":21},{"not_picked":["theForsaken:Preservation","theForsaken:MagicWeapon"],"picked":"theForsaken:CowardsBrand","floor":23},{"not_picked":["theForsaken:ScorchingSunlight","theForsaken:FatRoll"],"picked":"theForsaken:Enfeeble","floor":24},{"not_picked":["theForsaken:StoreUp+1","theForsaken:WordOfPower","theForsaken:CowardsBrand"],"picked":"SKIP","floor":31},{"not_picked":["theForsaken:SacrificeSoul","theForsaken:CorruptDeck"],"picked":"theForsaken:FountainOfLife","floor":33},{"not_picked":["theForsaken:NobleSacrifice","theForsaken:QuickAttack","theForsaken:WordsOfMight"],"picked":"SKIP","floor":35},{"not_picked":["theForsaken:FuryStrikes+1","theForsaken:RainingSunlight+1"],"picked":"theForsaken:BountifulSunlight","floor":36},{"not_picked":["theForsaken:Bolster","theForsaken:HorrifyingStrike","theForsaken:BindingThorns+1"],"picked":"SKIP","floor":39},{"not_picked":["theForsaken:BottledPlague+1","theForsaken:Parry+1","theForsaken:HymnOfPatience+1"],"picked":"SKIP","floor":44},{"not_picked":["theForsaken:Enfeeble","theForsaken:HymnOfRest+1"],"picked":"theForsaken:AncientWords","floor":46}],"player_experience":1874458,"relics_obtained":[{"floor":6,"key":"theForsaken:Lifeblossom"},{"floor":9,"key":"Tiny Chest"},{"floor":12,"key":"Smiling Mask"},{"floor":22,"key":"InkBottle"},{"floor":23,"key":"Replay:Towering Pillar of Hats"},{"floor":26,"key":"Replay:Wax Seal"},{"floor":30,"key":"Juzu Bracelet"},{"floor":31,"key":"ReplayTheSpireMod:TigerMarble"},{"floor":32,"key":"Quantum Egg"},{"floor":40,"key":"Akabeko"},{"floor":42,"key":"Runesmith:Nanobots"},{"floor":43,"key":"Blood Vial"},{"floor":44,"key":"Omamori"},{"floor":45,"key":"Replay:Kaleidoscope"}],"event_choices":[{"damage_healed":0,"gold_gain":0,"player_choice":"Leave","damage_taken":0,"max_hp_gain":0,"max_hp_loss":0,"event_name":"FaceTrader","floor":3,"gold_loss":0},{"damage_healed":0,"gold_gain":0,"cards_transformed":["theForsaken:TheForsaken_Defend"],"player_choice":"Transformed","damage_taken":0,"max_hp_gain":0,"max_hp_loss":0,"event_name":"Transmorgrifier","floor":5,"gold_loss":0,"cards_obtained":["theForsaken:DarkBarrier"]},{"damage_healed":0,"gold_gain":0,"player_choice":"Ignored","damage_taken":0,"max_hp_gain":0,"max_hp_loss":0,"event_name":"Ghosts","floor":20,"gold_loss":0}],"is_beta":false,"boss_relics":[{"not_picked":["Runesmith:UraniumAnvil","Tiny House"],"picked":"SlaversCollar"},{"not_picked":["Replay:Ancient Bell","Velvet Choker"],"picked":"ReplayTheSpireMod:DimensionalGlitch"}],"items_purged_floors":[],"is_endless":false,"potions_floor_spawned":[2,4,12,14,16,18,21,23,27,35,36],"ascension_level":6}}