{"host":"8vqkh0x3c7vpgzzm","time":1614103543,"event":{"mods":["AchievementEnabler","BaseMod","Colored Map","Colored Powertips","Curses Come First","DeckTracker","Highlight Path","Minty Spire (QoL Compilation)","Permanent Neow","Quick Restart","Random Character Mod","Rare Cards Sparkle","Relic Sorter","Relic Stats","StSLib","SuperFastMode","Unceasing Turn Reminder","egg","everything is the same but u backflip on backflip"],"gold_per_floor":[114,39,49,49,68,68,142,142,190,265,265,294,45,75,75,175,175,185,210,220,220,231,266,266,266,266],"floor_reached":25,"language":"ENG","playtime":1283,"items_purged":["Normality"],"score":392,"play_id":"3b79d003-ba13-4643-a5df-ad8c39b1dc07","local_time":"20210223190543","is_ascension_mode":true,"campfire_choices":[{"data":"Magnetism","floor":6,"key":"SMITH"},{"floor":8,"key":"REST"},{"floor":15,"key":"REST"},{"floor":24,"key":"REST"}],"circlet_count":0,"master_deck":["AscendersBane","Strike_B","Strike_B","Strike_B","Strike_B","Defend_B","Defend_B","Defend_B","Zap","Dualcast","Magnetism+1","Recycle","Beam Cell","Coolheaded","Ball Lightning","Genetic Algorithm","Glacier","Biased Cognition","Sweeping Beam+1","Amplify","Ghostly","Ghostly","Ghostly","Ghostly","Ghostly","Coolheaded","Chaos+1","Hologram"],"relics":["Cracked Core","Dream Catcher","Centennial Puzzle","Regal Pillow","Mummified Hand","Lantern","Philosopher\u0027s Stone","Tiny Chest","Oddly Smooth Stone"],"acts_visited":["Exordium","TheCity"],"potions_floor_usage":[7],"damage_taken":[{"damage":7,"enemies":"2 Louse","floor":1,"turns":4},{"damage":4,"enemies":"Small Slimes","floor":3,"turns":3},{"damage":9,"enemies":"Jaw Worm","floor":5,"turns":3},{"damage":30,"enemies":"3 Sentries","floor":7,"turns":8},{"damage":21,"enemies":"Lagavulin","floor":12,"turns":7},{"damage":34,"enemies":"Gremlin Nob","floor":14,"turns":5},{"damage":34,"enemies":"The Guardian","floor":16,"turns":16},{"damage":8,"enemies":"Chosen","floor":18,"turns":5},{"damage":6,"enemies":"Spheric Guardian","floor":20,"turns":3},{"damage":22,"enemies":"Chosen and Byrds","floor":22,"turns":7},{"damage":11,"enemies":"Book of Stabbing","floor":23,"turns":6},{"damage":30,"enemies":"Gremlin Leader","floor":25,"turns":9}],"seed_played":"-152357589870351599","potions_obtained":[{"floor":3,"key":"BlessingOfTheForge"},{"floor":23,"key":"Energy Potion"}],"is_trial":false,"path_per_floor":["M","$","M","?","M","R","E","R","T","?","?","E","$","E","R","B",null,"M","T","M","?","M","E","R","E"],"character_chosen":"DEFECT","items_purchased":["Mummified Hand"],"campfire_rested":3,"item_purchase_floors":[13],"current_hp_per_floor":[61,61,57,50,41,41,11,33,33,22,75,54,54,20,57,23,62,54,54,48,37,15,4,30,0,0],"gold":266,"neow_bonus":"RANDOM_COLORLESS_2","is_daily":false,"chose_seed":false,"campfire_upgraded":1,"win_rate":0.0,"timestamp":1614103543,"path_taken":["M","$","M","?","M","R","E","R","T","?","?","E","$","E","R","BOSS","M","?","M","?","M","E","R","E"],"items_purchased_type":["Relic"],"build_version":"2020-12-22","purchased_purges":1,"victory":false,"max_hp_per_floor":[75,75,75,75,75,75,75,75,75,75,75,75,75,75,75,75,75,75,75,75,37,37,37,37,37,37],"relic_stats":{"Dream Catcher":3,"Centennial Puzzle":[24],"Regal Pillow":30,"counters":[12,76],"Mummified Hand":[17],"Tiny Chest":0,"obtain_stats":[{"Dream Catcher":7,"Centennial Puzzle":9,"Regal Pillow":12,"Lantern":14,"Mummified Hand":13,"Oddly Smooth Stone":23,"Philosopher\u0027s Stone":17,"Tiny Chest":19,"Cracked Core":0},{"Dream Catcher":4,"Centennial Puzzle":4,"Regal Pillow":5,"Lantern":6,"Mummified Hand":5,"Oddly Smooth Stone":11,"Philosopher\u0027s Stone":7,"Tiny Chest":8,"Cracked Core":0},{"Dream Catcher":18,"Centennial Puzzle":18,"Regal Pillow":25,"Lantern":30,"Mummified Hand":25,"Oddly Smooth Stone":67,"Philosopher\u0027s Stone":46,"Tiny Chest":51,"Cracked Core":0}]},"card_choices":[{"not_picked":["Master of Strategy","Secret Weapon"],"picked":"Magnetism","floor":0},{"not_picked":["Redo","Doom and Gloom"],"picked":"Recycle","floor":1},{"not_picked":["Cold Snap","Leap"],"picked":"Beam Cell","floor":3},{"not_picked":["Consume","Scrape"],"picked":"Lockon","floor":5},{"not_picked":["Conserve Battery","Recycle"],"picked":"Coolheaded","floor":7},{"not_picked":["Storm","Steam Power"],"picked":"Ball Lightning","floor":8},{"not_picked":["Redo","Barrage","Heatsinks"],"picked":"SKIP","floor":12},{"not_picked":["Reinforced Body","Ball Lightning"],"picked":"Genetic Algorithm","floor":14},{"not_picked":["Rebound","Amplify"],"picked":"Glacier","floor":15},{"not_picked":["Buffer","Hyperbeam"],"picked":"Biased Cognition","floor":16},{"not_picked":["Gash","Blizzard"],"picked":"Sweeping Beam+1","floor":18},{"not_picked":["Turbo+1","Conserve Battery"],"picked":"Amplify","floor":20},{"not_picked":["Barrage","Steam"],"picked":"Coolheaded","floor":22},{"not_picked":["Melter","Turbo"],"picked":"Chaos+1","floor":23},{"not_picked":["Doom and Gloom","Aggregate+1"],"picked":"Hologram","floor":24}],"player_experience":631839,"relics_obtained":[{"floor":7,"key":"Dream Catcher"},{"floor":9,"key":"Centennial Puzzle"},{"floor":12,"key":"Regal Pillow"},{"floor":14,"key":"Lantern"},{"floor":19,"key":"Tiny Chest"},{"floor":23,"key":"Oddly Smooth Stone"}],"event_choices":[{"cards_removed":["Defend_B"],"damage_healed":0,"gold_gain":0,"player_choice":"Card Removal","damage_taken":7,"max_hp_gain":0,"max_hp_loss":0,"event_name":"Golden Wing","floor":4,"gold_loss":0},{"damage_healed":0,"gold_gain":75,"player_choice":"Gather Gold","damage_taken":11,"max_hp_gain":0,"max_hp_loss":0,"event_name":"World of Goop","floor":10,"gold_loss":0},{"cards_removed":["Lockon"],"damage_healed":53,"gold_gain":0,"player_choice":"Offered Uncommon","damage_taken":0,"max_hp_gain":0,"max_hp_loss":0,"event_name":"Bonfire Elementals","floor":11,"gold_loss":0},{"damage_healed":0,"gold_gain":0,"player_choice":"Became a Ghost","damage_taken":0,"max_hp_gain":0,"max_hp_loss":38,"event_name":"Ghosts","floor":21,"gold_loss":0,"cards_obtained":["Ghostly","Ghostly","Ghostly","Ghostly","Ghostly"]}],"is_beta":false,"boss_relics":[{"not_picked":["FrozenCore","Fusion Hammer"],"picked":"Philosopher\u0027s Stone"}],"items_purged_floors":[2],"is_endless":false,"potions_floor_spawned":[3,23],"killed_by":"Gremlin Leader","ascension_level":11}}