{"host":"mxzdufzqk8sjj15q","time":1614124009,"event":{"mods":["2.2 Compatiblity","BaseMod","Better Note","Downfall","Googly Eyes","Minty Spire (QoL Compilation)","Random Character Button","Rare Cards Sparkle","StSLib","The Cursed","The Disciple","The Hierophant"],"gold_per_floor":[99,99,99,99,99,99,123,25,25,25,25,38,38,70,84,185,185,185,185,201,401,418,418,418,318,332,39,66,66,77,23,40,40,40,40],"floor_reached":33,"language":"ENG","playtime":1478,"items_purged":["bronze:Strike","bronze:BugBarrage"],"score":297,"play_id":"be3669e2-7bd3-49d0-84c1-ea7cf3d14bac","local_time":"20210223204649","is_ascension_mode":true,"campfire_choices":[{"data":"bronze:Goto","floor":1.0,"key":"SMITH"},{"floor":11.0,"key":"DIG"},{"data":"bronze:InfiniteBeams","floor":13.0,"key":"SMITH"},{"data":"bronze:MaxOutput","floor":18.0,"key":"SMITH"},{"floor":23.0,"key":"DIG"},{"floor":25.0,"key":"RECALL"},{"data":"bronze:Repulsor","floor":29.0,"key":"SMITH"}],"circlet_count":0,"master_deck":["bronze:Replicate","bronze:Goto+1","bronze:DelayedSlice","bronze:Repulsor+1","bronze:InfiniteBeams+1","bronze:BitShift+1","bronze:Boost","bronze:MaxOutput+1","bronze:Boost","bronze:BurnOut","bronze:BronzeArmor","bronze:ClassDefault","bronze:Allocate","bronze:Shield","bronze:DelayedGuard","bronze:ItsAFeature+1","bronze:DelayedGuard+1","bronze:ForLoop+1","bronze:MaxOutput","expansioncontent:Chronoboost","bronze:ThunderWave","bronze:ForLoop","bronze:HardenedForm+1","bronze:ForceShield","bronze:DelayedGuard+1"],"relics":["bronze:BronzeCore","downfall:HeartsMalice","Shovel","Blood Vial","Kunai","War Paint","Pandora\u0027s Box","Pear","downfall:HeartBlessingBlue","Frozen Egg 2"],"acts_visited":["Exordium","TheCity"],"potions_floor_usage":[33],"damage_taken":[{"damage":0.0,"enemies":"Jaw Worm","floor":2.0,"turns":1.0},{"damage":0.0,"enemies":"Cultist","floor":5.0,"turns":1.0},{"damage":0.0,"enemies":"downfall:FleeingMerchant","floor":8.0,"turns":1.0},{"damage":3.0,"enemies":"2 Louse","floor":12.0,"turns":3.0},{"damage":4.0,"enemies":"3 Sentries","floor":14.0,"turns":5.0},{"damage":3.0,"enemies":"Lots of Slimes","floor":15.0,"turns":4.0},{"damage":9.0,"enemies":"WA_ARCHETYPE_RETAIN","floor":16.0,"turns":5.0},{"damage":0.0,"enemies":"Shell Parasite","floor":20.0,"turns":4.0},{"damage":1.0,"enemies":"Spheric Guardian","floor":22.0,"turns":4.0},{"damage":20.0,"enemies":"Snake Plant","floor":26.0,"turns":5.0},{"damage":1.0,"enemies":"downfall:FleeingMerchant","floor":27.0,"turns":4.0},{"damage":32.0,"enemies":"Book of Stabbing","floor":28.0,"turns":6.0},{"damage":0.0,"enemies":"3 Cultists","floor":30.0,"turns":5.0},{"damage":15.0,"enemies":"downfall:FleeingMerchant","floor":31.0,"turns":4.0},{"damage":26.0,"enemies":"Centurion and Healer","floor":32.0,"turns":5.0},{"damage":13,"enemies":"IC_MUSHROOM_ARCHETYPE","floor":33,"turns":4}],"seed_played":"5470736640365008647","potions_obtained":[{"floor":12.0,"key":"FearPotion"},{"floor":15.0,"key":"BlessingOfTheForge"},{"floor":22.0,"key":"DistilledChaos"},{"floor":26.0,"key":"DuplicationPotion"},{"floor":28.0,"key":"FearPotion"}],"is_trial":false,"path_per_floor":["R","M","?","?","M","?","T","$","?","?","R","M","R","E","M","B",null,"R","?","M","?","M","R","T","R","M","$","E","R","M","$","M","B"],"character_chosen":"THE_AUTOMATON","items_purchased":["bronze:BitShift","bronze:MaxOutput","expansioncontent:Chronoboost","bronze:ForceShield"],"campfire_rested":0,"item_purchase_floors":[8,27,27,31],"current_hp_per_floor":[70,70,75,75,75,57,57,59,59,59,59,58,58,56,55,48,75,75,75,75,75,74,84,84,94,75,76,46,46,48,35,11,0,0,0],"gold":40,"neow_bonus":"THREE_ENEMY_KILL","is_daily":false,"chose_seed":false,"campfire_upgraded":4,"win_rate":0.0,"timestamp":1614124009,"path_taken":["R","M","?","?","?","?","T","$","?","?","R","?","R","E","M","BOSS","R","?","M","?","?","R","T","R","M","$","E","R","M","$","M","BOSS"],"items_purchased_type":["Card","Card","Card","Card"],"build_version":"2020-12-22","purchased_purges":2,"victory":false,"max_hp_per_floor":[70,70,75,75,75,75,75,75,75,75,75,75,75,75,75,75,75,75,75,75,75,75,85,85,95,95,95,95,95,95,95,95,95,95,95],"card_choices":[{"not_picked":["bronze:CloningBeam","bronze:Separator"],"picked":"bronze:DelayedSlice","floor":2.0},{"not_picked":["bronze:ForLoop","bronze:Overload"],"picked":"bronze:Repulsor","floor":5.0},{"not_picked":["bronze:GetLatest","bronze:CleanCode"],"picked":"bronze:InfiniteBeams","floor":8.0},{"not_picked":["bronze:GetLatest","bronze:BitShift"],"picked":"bronze:Boost","floor":12.0},{"not_picked":["bronze:DelayedSlice","bronze:ChildClass"],"picked":"bronze:MaxOutput","floor":14.0},{"not_picked":["bronze:Branch","bronze:DelayedSlice"],"picked":"bronze:Boost","floor":15.0},{"not_picked":["bronze:Break","bronze:SpaghettiCode"],"picked":"bronze:BurnOut","floor":16.0},{"not_picked":["bronze:BugBarrage","bronze:GetLatest"],"picked":"bronze:DelayedGuard","floor":20.0},{"not_picked":["bronze:ChosenStrike","bronze:OilSpill+1"],"picked":"bronze:ItsAFeature+1","floor":22.0},{"not_picked":["bronze:Overheat","bronze:Fortify"],"picked":"bronze:DelayedGuard+1","floor":26.0},{"not_picked":["bronze:Refactor+1","bronze:DigitalCarnage"],"picked":"bronze:ForLoop+1","floor":27.0},{"not_picked":["bronze:Safeguard","bronze:CloningBeam"],"picked":"bronze:ThunderWave","floor":28.0},{"not_picked":["bronze:Fortify","bronze:Branch"],"picked":"bronze:ForLoop","floor":30.0},{"not_picked":["bronze:Optimize+1","bronze:OilSpill+1"],"picked":"bronze:HardenedForm+1","floor":31.0},{"not_picked":["bronze:Constructor+1","bronze:Branch"],"picked":"bronze:DelayedGuard+1","floor":32.0}],"player_experience":571267,"relics_obtained":[{"floor":7.0,"key":"Blood Vial"},{"floor":11.0,"key":"Kunai"},{"floor":14.0,"key":"War Paint"},{"floor":23.0,"key":"Pear"},{"floor":28.0,"key":"Frozen Egg 2"}],"event_choices":[{"damage_healed":0.0,"max_hp_gain":5.0,"max_hp_loss":0.0,"gold_gain":0.0,"event_name":"Big Fish","player_choice":"Donut","floor":3.0,"gold_loss":0.0,"damage_taken":0.0},{"damage_healed":0.0,"max_hp_gain":0.0,"max_hp_loss":0.0,"gold_gain":0.0,"event_name":"Scrap Ooze","player_choice":"Success","floor":6.0,"gold_loss":0.0,"damage_taken":18.0,"relics_obtained":["Shovel"]},{"damage_healed":0.0,"max_hp_gain":0.0,"max_hp_loss":0.0,"gold_gain":0.0,"event_name":"betterNote:BetterNote","player_choice":"Ignored","floor":19.0,"gold_loss":0.0,"damage_taken":0.0,"cards_obtained":["sneckomod:MasterEye"]},{"damage_healed":0.0,"max_hp_gain":0.0,"max_hp_loss":0.0,"gold_gain":200.0,"event_name":"Wheel of Change","player_choice":"Gold","floor":21.0,"gold_loss":0.0,"damage_taken":0.0}],"is_beta":false,"boss_relics":[{"not_picked":["Snecko Eye","Runic Dome"],"picked":"Pandora\u0027s Box"}],"items_purged_floors":[8,27],"is_endless":false,"potions_floor_spawned":[12,15,22,26,28],"killed_by":"IC_MUSHROOM_ARCHETYPE","ascension_level":1}}