{"host":"dg9ago0zd82drrsw","time":1614095836,"event":{"mods":["BaseMod","Bestiary","Downfall","GifTheSpireLib","Minty Spire (QoL Compilation)","Relic Stats","StSLib"],"gold_per_floor":[99,116,291,303,303,303,327,341,108,138,138,165,165,200,210,308,308,208,226,240,252,252,252,252,252,252,276,74,84,84,14,29,125,125,125,142,160,177,177,190,490,490,490,490,510,536,536,547,567,567,567,567],"floor_reached":50,"language":"ENG","playtime":1898,"items_purged":["Doubt","downfall:Icky"],"score":796,"play_id":"0bff9e06-0020-4a4a-856e-2deec8c7c692","local_time":"20210223185716","is_ascension_mode":true,"campfire_choices":[{"data":"Guardian:CurlUp","floor":1.0,"key":"SMITH"},{"data":"Guardian:GemFire","floor":25.0,"key":"SMITH"},{"data":"Guardian:ShieldCharger","floor":30.0,"key":"SMITH"},{"data":"Guardian:GemFinder","floor":35.0,"key":"SMITH"},{"data":"Guardian:ArmoredProtocol","floor":42,"key":"SMITH"},{"data":"expansioncontent:InvincibleStrength","floor":44,"key":"SMITH"},{"floor":47,"key":"REST"}],"circlet_count":0,"master_deck":["Guardian:Strike_Guardian+1","Guardian:Defend_Guardian","Guardian:Defend_Guardian+1","Guardian:Defend_Guardian","Guardian:Defend_Guardian","Guardian:CurlUp+1","Guardian:TwinSlam+1","Guardian:ChargeCore+1","Guardian:ChargeUp","Guardian:GemFire+1","Guardian:ShieldCharger+1","Guardian:EvasiveProtocol","Guardian:Gem_Lightblue","Guardian:Gem_Green","Guardian:Gem_Cyan","Guardian:Gem_Blue","Guardian:Gem_Lightblue","Guardian:WalkerClaw","Guardian:PiercingHide","Guardian:DonusPower","Guardian:Reroute+1","Guardian:VentSteam","Guardian:GemFinder+1","Guardian:TemporalStrike","Guardian:Planning","Guardian:ArmoredProtocol+1","Guardian:Gem_Cyan","Guardian:Reroute","Guardian:Gem_Green","Guardian:PrismaticBarrier","Guardian:PiercingHide","Guardian:Gem_Red","expansioncontent:InvincibleStrength+1","Guardian:PiercingHide","Guardian:Gem_Green","Guardian:Suspension","Guardian:Gem_Green","Guardian:DonusPower+1","Guardian:Gem_Red","Guardian:Incinerate+1"],"relics":["Guardian:ModeShifter","Guardian:PickAxe","Boot","Guardian:DefensiveModeMoreBlock","Centennial Puzzle","Sozu","downfall:HeartBlessingGreen","Blue Candle","Guardian:GemstoneGun","MawBank","Lee\u0027s Waffle","PreservedInsect","Empty Cage","Old Coin","Juzu Bracelet"],"acts_visited":["Exordium","TheCity","TheBeyond"],"potions_floor_usage":[40,40],"damage_taken":[{"damage":6.0,"enemies":"2 Louse","floor":2.0,"turns":4.0},{"damage":9.0,"enemies":"Small Slimes","floor":4.0,"turns":6.0},{"damage":0.0,"enemies":"Cultist","floor":8.0,"turns":4.0},{"damage":0.0,"enemies":"downfall:FleeingMerchant","floor":9.0,"turns":4.0},{"damage":22.0,"enemies":"Lagavulin","floor":10.0,"turns":6.0},{"damage":15.0,"enemies":"Gremlin Nob","floor":14.0,"turns":4.0},{"damage":4.0,"enemies":"Exordium Wildlife","floor":15.0,"turns":3.0},{"damage":8.0,"enemies":"SI_SHIV_ARCHETYPE","floor":16.0,"turns":7.0},{"damage":0.0,"enemies":"Chosen","floor":19.0,"turns":1.0},{"damage":6.0,"enemies":"Shell Parasite","floor":20.0,"turns":2.0},{"damage":7.0,"enemies":"3 Cultists","floor":21.0,"turns":4.0},{"damage":0.0,"enemies":"Sentry and Sphere","floor":27.0,"turns":2.0},{"damage":16.0,"enemies":"downfall:FleeingMerchant","floor":28.0,"turns":4.0},{"damage":0.0,"enemies":"Snake Plant","floor":29.0,"turns":1.0},{"damage":0.0,"enemies":"downfall:FleeingMerchant","floor":31.0,"turns":1.0},{"damage":0.0,"enemies":"Centurion and Healer","floor":32.0,"turns":4.0},{"damage":0.0,"enemies":"WA_ARCHETYPE_CALM","floor":33.0,"turns":3.0},{"damage":11.0,"enemies":"3 Darklings","floor":36.0,"turns":8.0},{"damage":23.0,"enemies":"3 Shapes","floor":37.0,"turns":2.0},{"damage":17.0,"enemies":"Transient","floor":38.0,"turns":5.0},{"damage":15,"enemies":"Maw","floor":40,"turns":4},{"damage":7,"enemies":"Writhing Mass","floor":45,"turns":2},{"damage":7,"enemies":"Giant Head","floor":46,"turns":4},{"damage":20,"enemies":"4 Shapes","floor":48,"turns":6},{"damage":8,"enemies":"Spire Growth","floor":49,"turns":3},{"damage":10,"enemies":"DF_ARCHETYPE_ORBS","floor":50,"turns":11}],"seed_played":"-4864044597428152334","potions_obtained":[{"floor":8.0,"key":"FearPotion"},{"floor":10.0,"key":"FearPotion"},{"floor":15.0,"key":"SpeedPotion"}],"is_trial":false,"path_per_floor":["R","M","?","M","?","?","T","M","$","E","R","T","R","E","M","B",null,"R","M","M","M","?","?","T","R","?","M","$","M","R","$","M","B",null,"R","M","M","M","?","M","T","R","?","R","M","E","R","M","M","B"],"character_chosen":"GUARDIAN","items_purchased":["Guardian:Gem_Cyan","Guardian:ShieldCharger","Guardian:EvasiveProtocol","Guardian:VentSteam","Lee\u0027s Waffle","Guardian:TemporalStrike","Guardian:Planning","PreservedInsect","Guardian:ArmoredProtocol"],"campfire_rested":1,"item_purchase_floors":[9,9,9,28,28,31,31,31,31],"current_hp_per_floor":[72,66,66,57,57,57,57,57,57,35,35,35,35,20,16,8,62,62,62,56,49,44,44,44,44,44,44,87,87,87,87,87,87,87,87,76,53,36,36,21,21,21,21,21,14,7,33,13,5,0,0,0],"gold":567,"neow_bonus":"UPGRADE_CARD","is_daily":false,"chose_seed":false,"campfire_upgraded":6,"win_rate":0.0,"timestamp":1614095836,"path_taken":["R","M","?","M","?","?","T","?","$","E","R","?","R","E","M","BOSS","R","M","M","M","?","?","T","R","?","M","$","M","R","$","M","BOSS","R","M","M","?","?","?","T","R","?","R","M","E","R","M","M","BOSS"],"items_purchased_type":["Card","Card","Card","Card","Relic","Card","Card","Relic","Card"],"build_version":"2020-12-22","purchased_purges":2,"victory":false,"max_hp_per_floor":[80,80,80,80,80,80,80,80,80,80,80,80,80,80,80,80,80,80,80,80,80,80,80,80,80,80,80,87,87,87,87,87,87,87,87,87,87,87,87,87,87,87,87,87,87,87,87,87,87,87,87,87],"relic_stats":{"Sozu":11,"Centennial Puzzle":[42],"Lee\u0027s Waffle":59,"counters":[26,105],"Blue Candle":[1],"PreservedInsect":125,"Juzu Bracelet":0,"Boot":[16],"MawBank":24,"obtain_stats":[{"Guardian:DefensiveModeMoreBlock":12,"Lee\u0027s Waffle":28,"Blue Candle":22,"Guardian:GemstoneGun":24,"Guardian:ModeShifter":0,"downfall:HeartBlessingGreen":18,"PreservedInsect":31,"Juzu Bracelet":46,"Boot":10,"MawBank":26,"Empty Cage":34,"Old Coin":41,"Guardian:PickAxe":7,"Sozu":17,"Centennial Puzzle":14},{"Guardian:DefensiveModeMoreBlock":5,"Lee\u0027s Waffle":13,"Blue Candle":11,"Guardian:GemstoneGun":11,"Guardian:ModeShifter":0,"downfall:HeartBlessingGreen":8,"PreservedInsect":15,"Juzu Bracelet":23,"Boot":5,"MawBank":11,"Empty Cage":17,"Old Coin":21,"Guardian:PickAxe":2,"Sozu":8,"Centennial Puzzle":6},{"Guardian:DefensiveModeMoreBlock":24,"Lee\u0027s Waffle":51,"Blue Candle":45,"Guardian:GemstoneGun":45,"Guardian:ModeShifter":0,"downfall:HeartBlessingGreen":38,"PreservedInsect":53,"Juzu Bracelet":85,"Boot":24,"MawBank":45,"Empty Cage":60,"Old Coin":79,"Guardian:PickAxe":10,"Sozu":38,"Centennial Puzzle":28}]},"card_choices":[{"not_picked":["Guardian:ChargeCore","Guardian:Gem_Purple"],"picked":"Guardian:Gem_Green","floor":2.0},{"not_picked":["Guardian:Suspension","Guardian:CrystalBeam"],"picked":"Guardian:ChargeCore","floor":4.0},{"not_picked":["Guardian:PolyBeam","Guardian:MultiBeam"],"picked":"Guardian:ChargeUp","floor":8.0},{"not_picked":["Guardian:CrystalBeam","Guardian:Gem_Lightblue"],"picked":"Guardian:GemFire","floor":9.0},{"not_picked":["Guardian:WalkerClaw","Guardian:TemporalShield"],"picked":"Guardian:Gem_Lightblue","floor":10.0},{"not_picked":["Guardian:VentSteam","Guardian:ChargeCore"],"picked":"Guardian:Gem_Red","floor":14.0},{"not_picked":["Guardian:Orbwalk","Guardian:TemporalShield"],"picked":"Guardian:Gem_Blue","floor":15.0},{"not_picked":["Guardian:RevengeProtocol","Guardian:GemFire"],"picked":"Guardian:Gem_Orange","floor":16.0},{"not_picked":["Guardian:PiercingHide","Guardian:Recover"],"picked":"Guardian:Gem_Lightblue","floor":19.0},{"not_picked":["Guardian:MultiBeam","Guardian:TemporalShield"],"picked":"Guardian:WalkerClaw","floor":20.0},{"not_picked":["Guardian:Gem_Green","Guardian:ShieldCharger"],"picked":"Guardian:PiercingHide","floor":21.0},{"not_picked":["Guardian:ShieldCharger","Guardian:CompilePackage"],"picked":"Guardian:DonusPower","floor":27.0},{"not_picked":["Guardian:WalkerClaw","Guardian:Gem_Yellow"],"picked":"Guardian:Reroute+1","floor":28.0},{"not_picked":["Guardian:Gem_Cyan","Guardian:CrystalBeam"],"picked":"Guardian:Gem_Purple","floor":29.0},{"not_picked":["Guardian:PolyBeam+1","Guardian:EvasiveProtocol"],"picked":"Guardian:GemFinder","floor":31.0},{"not_picked":["Guardian:Gem_Lightblue","Guardian:Gem_Green"],"picked":"Guardian:Gem_Cyan","floor":32.0},{"not_picked":["Guardian:PiercingHide","Guardian:FastForward"],"picked":"Guardian:Reroute","floor":32.0},{"not_picked":["Guardian:Gem_Green","Guardian:Gem_Cyan"],"picked":"Guardian:Gem_Red","floor":33.0},{"not_picked":["Guardian:FastForward","Guardian:RevengeProtocol"],"picked":"Guardian:Gem_Synthetic","floor":33.0},{"not_picked":["Guardian:Gem_Lightblue","Guardian:Gem_Green"],"picked":"Guardian:Gem_Red","floor":36.0},{"not_picked":["Guardian:SentryBeam","Guardian:BronzeArmor"],"picked":"Guardian:Gem_Green","floor":36.0},{"not_picked":["Guardian:Gem_Green","Guardian:Gem_Cyan"],"picked":"Guardian:Gem_Red","floor":37.0},{"not_picked":["Guardian:TimeCapacitor+1","Guardian:PiercingHide"],"picked":"Guardian:PrismaticBarrier","floor":37.0},{"not_picked":["Guardian:Gem_Green","Guardian:Gem_Lightblue"],"picked":"Guardian:Gem_Red","floor":38.0},{"not_picked":["Guardian:ShieldCharger","Guardian:Gem_Crimson"],"picked":"Guardian:PiercingHide","floor":38.0},{"not_picked":["Guardian:Gem_Lightblue","Guardian:Gem_Green"],"picked":"Guardian:Gem_Red","floor":40},{"not_picked":["Guardian:RefractedBeam","Guardian:Recover"],"picked":"Guardian:Gem_Green","floor":40},{"not_picked":["expansioncontent:HyperBeam","expansioncontent:Chronoboost"],"picked":"expansioncontent:InvincibleStrength","floor":43},{"not_picked":["Guardian:TimeCapacitor+1","Guardian:Incinerate"],"picked":"Guardian:PiercingHide","floor":45},{"not_picked":["Guardian:Gem_Lightblue","Guardian:Gem_Red"],"picked":"Guardian:Gem_Green","floor":46},{"not_picked":["Guardian:Gem_Green","Guardian:Gem_Purple"],"picked":"Guardian:Suspension","floor":46},{"not_picked":["Guardian:Gem_Red","Guardian:Gem_Lightblue"],"picked":"Guardian:Gem_Green","floor":48},{"not_picked":["Guardian:PolyBeam","Guardian:ChargeUp"],"picked":"Guardian:DonusPower+1","floor":48},{"not_picked":["Guardian:Gem_Lightblue","Guardian:Gem_Green"],"picked":"Guardian:Gem_Red","floor":49},{"not_picked":["Guardian:RefractedBeam+1","Guardian:FierceBash"],"picked":"Guardian:Incinerate+1","floor":49}],"player_experience":775401,"relics_obtained":[{"floor":7.0,"key":"Guardian:PickAxe"},{"floor":10.0,"key":"Boot"},{"floor":12.0,"key":"Guardian:DefensiveModeMoreBlock"},{"floor":14.0,"key":"Centennial Puzzle"},{"floor":24.0,"key":"Guardian:GemstoneGun"},{"floor":26.0,"key":"MawBank"},{"floor":41,"key":"Old Coin"},{"floor":46,"key":"Juzu Bracelet"}],"event_choices":[{"damage_healed":0.0,"max_hp_gain":0.0,"max_hp_loss":0.0,"gold_gain":0.0,"event_name":"Living Wall","player_choice":"Grow","floor":5.0,"gold_loss":0.0,"damage_taken":0.0,"cards_upgraded":["Guardian:ChargeCore"]},{"damage_healed":0.0,"max_hp_gain":0.0,"max_hp_loss":0.0,"gold_gain":0.0,"event_name":"Wheel of Change","player_choice":"Relic","floor":26.0,"gold_loss":0.0,"damage_taken":0.0},{"damage_healed":0.0,"max_hp_gain":0.0,"max_hp_loss":0.0,"gold_gain":0.0,"event_name":"Lab","player_choice":"Got Potions","floor":39.0,"gold_loss":0.0,"damage_taken":0.0}],"is_beta":false,"boss_relics":[{"not_picked":["Guardian:StasisSlotReductionRelic","SacredBark"],"picked":"Sozu"},{"not_picked":["Fusion Hammer","Tiny House"],"picked":"Empty Cage"}],"items_purged_floors":[9,31],"is_endless":false,"potions_floor_spawned":[8,10,15,29,32,33,37,45,46,48,49],"killed_by":"DF_ARCHETYPE_ORBS","ascension_level":7}}