{"host":"sabve5zmqufxyc5o","time":1614106627,"event":{"mods":["2.2 Compatiblity","AchievementEnabler","Act Like it!","BaseMod","Block Reminder","Colored Map","Colored Powertips","DeckTracker","KOR Keyword Fix","Keyboard Shortcuts","Minty Spire (QoL Compilation)","Quick Restart","Rare Cards Sparkle","Relic Stats","StSLib","SuperFastMode"],"gold_per_floor":[115,125,50,70,85,85,103,103,103,123,133,144,144,155,155,155,155],"floor_reached":16,"language":"KOR","playtime":304,"items_purged":["Strike_B"],"score":196,"play_id":"7092b712-8a17-485d-a2fb-27b07c5c3c75","local_time":"20210224035707","is_ascension_mode":true,"campfire_choices":[{"floor":6.0,"key":"REST"},{"floor":8.0,"key":"REST"},{"data":"Loop","floor":15.0,"key":"SMITH"}],"circlet_count":0,"master_deck":["AscendersBane","Strike_B","Strike_B","Strike_B","Defend_B","Defend_B","Defend_B","Defend_B","Zap","Dualcast+1","Ball Lightning","Gash","Compile Driver","Gash","Cold Snap","Compile Driver","Turbo","BootSequence","Loop+1"],"relics":["Cracked Core","Symbiotic Virus"],"acts_visited":["Exordium"],"potions_floor_usage":[],"damage_taken":[{"damage":6.0,"enemies":"Cultist","floor":1.0,"turns":3.0},{"damage":7.0,"enemies":"2 Louse","floor":2.0,"turns":2.0},{"damage":9.0,"enemies":"Jaw Worm","floor":4.0,"turns":3.0},{"damage":33.0,"enemies":"Large Slime","floor":5.0,"turns":4.0},{"damage":6.0,"enemies":"Blue Slaver","floor":7.0,"turns":3.0},{"damage":14.0,"enemies":"Exordium Wildlife","floor":10.0,"turns":3.0},{"damage":6.0,"enemies":"3 Louse","floor":11.0,"turns":2.0},{"damage":1.0,"enemies":"Exordium Thugs","floor":12.0,"turns":3.0},{"damage":0.0,"enemies":"Looter","floor":14.0,"turns":2.0},{"damage":0,"enemies":"The Guardian","floor":16,"turns":1}],"seed_played":"996468847580454796","potions_obtained":[{"floor":4.0,"key":"LiquidBronze"},{"floor":10.0,"key":"CultistPotion"},{"floor":11.0,"key":"PowerPotion"}],"is_trial":false,"path_per_floor":["M","M","$","M","M","R","M","R","T","M","M","M","?","M","R","B"],"character_chosen":"DEFECT","items_purchased":[],"campfire_rested":2,"item_purchase_floors":[],"current_hp_per_floor":[58,51,51,42,9,30,24,45,45,31,25,24,24,24,24,24,24],"gold":155,"neow_bonus":"THREE_CARDS","is_daily":false,"chose_seed":false,"campfire_upgraded":1,"win_rate":0.0,"timestamp":1614106627,"path_taken":["M","M","$","M","M","R","M","R","T","?","M","M","?","M","R","BOSS"],"items_purchased_type":[],"build_version":"2020-12-22","purchased_purges":1,"victory":false,"max_hp_per_floor":[71,71,71,71,71,71,71,71,71,71,71,71,71,71,71,71,71],"relic_stats":{"counters":[10,26],"obtain_stats":[{"Cracked Core":0,"Symbiotic Virus":9},{"Cracked Core":0,"Symbiotic Virus":5},{"Cracked Core":0,"Symbiotic Virus":15}]},"card_choices":[{"not_picked":["Rebound","Sunder"],"picked":"Ball Lightning","floor":0.0},{"not_picked":["Conserve Battery","Tempest"],"picked":"Gash","floor":1.0},{"not_picked":["Tempest","Sweeping Beam"],"picked":"Compile Driver","floor":2.0},{"not_picked":["Rip and Tear","Aggregate"],"picked":"Gash","floor":4.0},{"not_picked":["Skim","Reinforced Body"],"picked":"Cold Snap","floor":5.0},{"not_picked":["Doom and Gloom","Ball Lightning","Rebound"],"picked":"SKIP","floor":7.0},{"not_picked":["Barrage","Scrape"],"picked":"Compile Driver","floor":10.0},{"not_picked":["Redo","Auto Shields"],"picked":"Turbo","floor":11.0},{"not_picked":["Sweeping Beam","Streamline"],"picked":"BootSequence","floor":12.0},{"not_picked":["Compile Driver","Recycle"],"picked":"Loop","floor":14.0}],"player_experience":823782,"relics_obtained":[{"floor":9.0,"key":"Symbiotic Virus"}],"event_choices":[{"damage_healed":0.0,"max_hp_gain":0.0,"max_hp_loss":0.0,"gold_gain":0.0,"event_name":"Accursed Blacksmith","player_choice":"Forge","floor":13.0,"gold_loss":0.0,"damage_taken":0.0,"cards_upgraded":["Dualcast"]}],"is_beta":false,"boss_relics":[],"items_purged_floors":[3],"is_endless":false,"potions_floor_spawned":[4,10,11,12],"killed_by":"The Guardian","ascension_level":20}}