{"host":"snggrqcauaf0m8fe","time":1614113347,"event":{"mods":["BaseMod","Minty Spire (QoL Compilation)","Quick Restart"],"gold_per_floor":[119,294,369,147,161,161,186,186,186,186,215,229,229,245,245,342,342,317,317,194,194,46,46,46,75,100,100,100,124,124,136,136,136,136],"floor_reached":33,"language":"ENG","playtime":1135,"items_purged":["Doubt","Strike_G","Strike_G"],"score":444,"play_id":"b29ebc52-7bcc-4cb3-bcc9-79d906d8e659","local_time":"20210223214907","is_ascension_mode":true,"campfire_choices":[{"data":"Footwork","floor":6,"key":"SMITH"},{"floor":10,"key":"REST"},{"floor":13,"key":"REST"},{"data":"Neutralize","floor":15,"key":"SMITH"},{"data":"Cloak And Dagger","floor":23,"key":"SMITH"},{"floor":27,"key":"REST"},{"floor":30,"key":"REST"},{"floor":32,"key":"REST"}],"circlet_count":0,"master_deck":["AscendersBane","Strike_G+1","Strike_G+1","Defend_G","Defend_G","Defend_G","Defend_G","Defend_G","Survivor","Neutralize+1","Outmaneuver","Footwork+1","Finisher","Infinite Blades","Phantasmal Killer+1","Cloak And Dagger+1","Footwork","Cloak And Dagger","Backstab"],"relics":["Ring of the Snake","NeowsBlessing","Membership Card","Whetstone","HornCleat","MealTicket","SlaversCollar","CeramicFish","Singing Bowl","PreservedInsect","Art of War","Enchiridion"],"acts_visited":["Exordium","TheCity"],"potions_floor_usage":[11,16,16,16,16,16,18,18,18,24,25,33],"damage_taken":[{"damage":0,"enemies":"Jaw Worm","floor":1,"turns":1},{"damage":0,"enemies":"2 Louse","floor":5,"turns":2},{"damage":0,"enemies":"Lagavulin","floor":7,"turns":1},{"damage":20,"enemies":"3 Sentries","floor":11,"turns":12},{"damage":1,"enemies":"Small Slimes","floor":12,"turns":5},{"damage":18,"enemies":"Exordium Thugs","floor":14,"turns":7},{"damage":14,"enemies":"Hexaghost","floor":16,"turns":13},{"damage":19,"enemies":"2 Thieves","floor":18,"turns":5},{"damage":18,"enemies":"Slavers","floor":24,"turns":3},{"damage":15,"enemies":"Spheric Guardian","floor":25,"turns":5},{"damage":2,"enemies":"Snake Plant","floor":29,"turns":7},{"damage":31,"enemies":"Snecko","floor":31,"turns":7},{"damage":65,"enemies":"Collector","floor":33,"turns":9}],"seed_played":"7531054700893064056","potions_obtained":[{"floor":1,"key":"FearPotion"},{"floor":5,"key":"Dexterity Potion"},{"floor":12,"key":"EntropicBrew"},{"floor":16,"key":"EntropicBrew"},{"floor":25,"key":"Fruit Juice"},{"floor":29,"key":"BlessingOfTheForge"}],"is_trial":false,"path_per_floor":["M","?","?","$","M","R","E","?","T","R","E","M","R","M","R","B",null,"M","?","$","T","$","R","E","M","T","R","?","M","R","M","R","B"],"character_chosen":"THE_SILENT","items_purchased":["Membership Card","Footwork","CeramicFish","PreservedInsect","Footwork"],"campfire_rested":5,"item_purchase_floors":[4,4,20,22,22],"current_hp_per_floor":[63,63,52,52,52,52,52,45,45,66,46,45,66,48,48,34,61,42,42,57,57,70,70,52,42,42,64,48,46,68,39,62,0,0],"gold":136,"neow_bonus":"THREE_ENEMY_KILL","is_daily":false,"chose_seed":false,"campfire_upgraded":3,"win_rate":0.0,"timestamp":1614113347,"path_taken":["M","?","?","$","M","R","E","?","T","R","E","M","R","M","R","BOSS","M","?","$","?","$","R","E","M","T","R","?","M","R","M","R","BOSS"],"items_purchased_type":["Relic","Card","Relic","Relic","Card"],"build_version":"2020-12-22","purchased_purges":3,"victory":false,"max_hp_per_floor":[70,70,70,70,70,70,70,70,70,70,70,70,70,70,70,70,70,70,70,70,70,70,70,70,75,75,75,75,75,75,77,77,77,77],"card_choices":[{"not_picked":["Well Laid Plans","Dagger Throw"],"picked":"Outmaneuver","floor":1},{"not_picked":["Acrobatics","Outmaneuver","Sucker Punch"],"picked":"SKIP","floor":5},{"not_picked":["Calculated Gamble","Acrobatics","Doppelganger"],"picked":"SKIP","floor":7},{"not_picked":["Distraction","Dagger Throw"],"picked":"Finisher","floor":11},{"not_picked":["Underhanded Strike","Poisoned Stab","Backflip"],"picked":"SKIP","floor":12},{"not_picked":["Prepared","Heel Hook"],"picked":"Infinite Blades","floor":14},{"not_picked":["Burst","Unload"],"picked":"Phantasmal Killer","floor":16},{"not_picked":["Crippling Poison","Bane"],"picked":"Cloak And Dagger","floor":18},{"not_picked":["Sucker Punch+1","Dagger Throw"],"picked":"Cloak And Dagger","floor":25},{"not_picked":["Flechettes","PiercingWail"],"picked":"Backstab","floor":29},{"not_picked":["Riddle With Holes","Flying Knee","Deflect"],"picked":"Singing Bowl","floor":31}],"player_experience":811796,"relics_obtained":[{"floor":7,"key":"Whetstone"},{"floor":9,"key":"HornCleat"},{"floor":11,"key":"MealTicket"},{"floor":21,"key":"Singing Bowl"},{"floor":26,"key":"Art of War"},{"floor":28,"key":"Enchiridion"}],"event_choices":[{"damage_healed":0,"gold_gain":175,"player_choice":"AGREE","damage_taken":0,"max_hp_gain":0,"max_hp_loss":0,"event_name":"Liars Game","floor":2,"gold_loss":0,"cards_obtained":["Doubt"]},{"damage_healed":0,"gold_gain":75,"player_choice":"Gather Gold","damage_taken":11,"max_hp_gain":0,"max_hp_loss":0,"event_name":"World of Goop","floor":3,"gold_loss":0},{"cards_removed":["Strike_G"],"damage_healed":0,"gold_gain":0,"player_choice":"Card Removal","damage_taken":7,"max_hp_gain":0,"max_hp_loss":0,"event_name":"Golden Wing","floor":8,"gold_loss":0},{"damage_healed":0,"gold_gain":0,"player_choice":"Forge","damage_taken":0,"max_hp_gain":0,"max_hp_loss":0,"event_name":"Accursed Blacksmith","floor":19,"gold_loss":0,"cards_upgraded":["Phantasmal Killer"]},{"damage_healed":0,"gold_gain":0,"player_choice":"Obtained Book","damage_taken":16,"max_hp_gain":0,"max_hp_loss":0,"event_name":"Cursed Tome","floor":28,"gold_loss":0}],"is_beta":false,"boss_relics":[{"not_picked":["HoveringKite","Ectoplasm"],"picked":"SlaversCollar"}],"items_purged_floors":[4,20,22],"is_endless":false,"potions_floor_spawned":[1,5,12,16,24,25,29],"killed_by":"Collector","ascension_level":10}}