{"host":"yawnmhdh5u4s0p8o","time":1614073105,"event":{"mods":["AchievementEnabler","BaseMod","BetterRewards","Colored Powertips","Downfall","Friendly Minions","GifTheSpireLib","Minty Spire (QoL Compilation)","Replay The Spire","StSLib","The Hierophant","The Mystic","The Necromancer"],"gold_per_floor":[99,114,128,128,144,163,163,338,438,452,452,471,483,105,121,121,121,121],"floor_reached":16,"language":"ENG","playtime":1764,"items_purged":["Doubt"],"score":96,"play_id":"e8bfe171-c76b-49fd-9ee5-7730bd5b3a28","local_time":"20210223203825","is_ascension_mode":false,"campfire_choices":[],"circlet_count":0,"master_deck":["sneckomod:Strike","sneckomod:Strike","sneckomod:Defend","sneckomod:Defend","sneckomod:Defend","sneckomod:TailWhip","sneckomod:SnekBite","sneckomod:Unknown","Negative_Energy_Arrows","sneckomod:Nope","sneckomod:TrashToTreasure","sneckomod:DiceBoulder","sneckomod:QuickBite","Negative_Energy_Javelin","sneckomod:SerpentMind","sneckomod:ImprovisedAttack","sneckomod:UnknownBoss","sneckomod:CheapStock","sneckomod:UnknownDraw+1","sneckomod:IronFang","sneckomod:CheapStock"],"relics":["sneckomod:SneckoSoul","BargainBundle","Blood Vial"],"acts_visited":["Exordium"],"potions_floor_usage":[14,15,16,16,16],"damage_taken":[{"damage":5,"enemies":"2 Louse","floor":2,"turns":3},{"damage":0,"enemies":"Cultist","floor":3,"turns":4},{"damage":0,"enemies":"Small Slimes","floor":5,"turns":3},{"damage":8,"enemies":"2 Fungi Beasts","floor":6,"turns":3},{"damage":31,"enemies":"Exordium Thugs","floor":10,"turns":5},{"damage":7,"enemies":"downfall:LooterAlt","floor":12,"turns":3},{"damage":14,"enemies":"2 Fungi Beasts","floor":13,"turns":3},{"damage":0,"enemies":"downfall:FleeingMerchant","floor":14,"turns":4},{"damage":15,"enemies":"Gremlin Gang","floor":15,"turns":5},{"damage":45,"enemies":"IC_STATUS_ARCHETYPE","floor":16,"turns":10}],"seed_played":"3929424955753994354","potions_obtained":[{"floor":6,"key":"Energy Potion"},{"floor":10,"key":"sneckomod:OffclassReductionPotion"},{"floor":12,"key":"LiquidBronze"},{"floor":15,"key":"ColorlessPotion"}],"is_trial":false,"path_per_floor":["R","M","M","?","M","M","T","?","?","M","R","M","M","$","M","B"],"character_chosen":"THE_SNECKO","items_purchased":["BargainBundle","sneckomod:CheapStock","sneckomod:UnknownDraw+1","sneckomod:IronFang","Blood Vial","Regen Potion"],"campfire_rested":0,"item_purchase_floors":[14,14,14,14,14,14],"current_hp_per_floor":[99,94,94,94,94,86,86,86,86,55,55,48,34,34,21,0,0,0],"gold":121,"neow_bonus":"TEN_PERCENT_HP_BONUS","is_daily":false,"chose_seed":false,"campfire_upgraded":0,"win_rate":0.0,"timestamp":1614073105,"path_taken":["R","M","M","?","M","?","T","?","?","M","R","M","M","$","M","BOSS"],"items_purchased_type":["Relic","Card","Card","Card","Relic","Potion"],"build_version":"2020-12-22","purchased_purges":1,"victory":false,"max_hp_per_floor":[99,99,99,99,99,99,99,99,99,99,99,99,99,99,99,99,99,99],"card_choices":[{"not_picked":["sneckomod:SoulRoll","sneckomod:DiceCrush"],"picked":"sneckomod:Nope","floor":2},{"not_picked":["sneckomod:UnendingSupply","sneckomod:DiceCrush"],"picked":"sneckomod:UnknownCommonAttack","floor":3},{"not_picked":["sneckomod:MasterEye","sneckomod:Unknown2Cost"],"picked":"sneckomod:TrashToTreasure","floor":5},{"not_picked":["sneckomod:Nope","sneckomod:UnknownUncommonAttack"],"picked":"sneckomod:DiceBoulder","floor":6},{"not_picked":["sneckomod:WideSting","sneckomod:UnknownVulnerable"],"picked":"sneckomod:QuickBite","floor":10},{"not_picked":["sneckomod:ImprovisedAttack","sneckomod:IronFang"],"picked":"sneckomod:SerpentMind","floor":12},{"not_picked":["sneckomod:UnknownCommonAttack","sneckomod:UnknownCommonSkill"],"picked":"sneckomod:ImprovisedAttack","floor":13},{"not_picked":["sneckomod:UnknownExhaust","sneckomod:WideSting"],"picked":"sneckomod:UnknownBoss","floor":14},{"not_picked":["sneckomod:DefensiveFlair","sneckomod:DiceCrush"],"picked":"sneckomod:CheapStock","floor":15}],"player_experience":71850,"relics_obtained":[],"event_choices":[{"cards_removed":["sneckomod:Strike"],"damage_healed":0,"gold_gain":0,"player_choice":"Offered Basic","damage_taken":0,"max_hp_gain":0,"max_hp_loss":0,"event_name":"Bonfire Elementals","floor":4,"gold_loss":0}],"is_beta":false,"boss_relics":[],"items_purged_floors":[14],"is_endless":false,"potions_floor_spawned":[6,10,12,15],"killed_by":"IC_STATUS_ARCHETYPE","ascension_level":0}}