{"host":"ut3qe46kys7sl3ey","time":1614116445,"event":{"mods":["2.2 Compatiblity","AchievementEnabler","BaseMod","Better Altar","Better Match","Better Note","Better Sensory Stone","Better Skull","Better Third Choice","BetterRewards","Block Reminder","Colored Map","Colored Powertips","Curses Come First","DeckTracker","Energized Spire","Friendly Minions","Highlight Path","Hubris","Infinite Spire","Minty Spire (QoL Compilation)","Permanent Neow","Quick Restart","Relic Sorter","Reliquary","Replay The Spire","StSLib","The Blue Laboratory","The Bug Knight","Unceasing Turn Reminder","Unknown Chances"],"gold_per_floor":[111,126,141,154,167,167,182,182,182,194,223,233,248,265,265,366,366,377,387,387,400,419,454,454,470,470,470,481,481,491,491,491,491,491],"floor_reached":33,"language":"ENG","playtime":3595,"items_purged":[],"score":304,"play_id":"ae1eb3ff-9d27-42b2-8d52-902423c639fc","local_time":"20210223234045","is_ascension_mode":false,"campfire_choices":[{"data":"Pray","floor":6,"key":"SMITH"},{"data":"Eruption","floor":8,"key":"SMITH"},{"floor":15,"key":"REST"},{"data":"Vault","floor":24,"key":"SMITH"},{"floor":27,"key":"REST"},{"floor":32,"key":"REST"}],"circlet_count":0,"master_deck":["Strike_P","Strike_P","Strike_P","Strike_P","Defend_P","Defend_P","Defend_P","Defend_P","Eruption+1","Vigilance","Brilliance","FlurryOfBlows","Pray+1","TalkToTheHand","EmptyFist","Replay:Anticipation","DevaForm","FollowUp","Vault+1","ClearTheMind","FlurryOfBlows","WindmillStrike+1","EmptyBody","Establishment+1","Pain"],"relics":["PureWater","reliquary:SculptingSteel","Iron Hammer","infinitespire:FocusingShard","energizedSpire:MagnifyingGlass","Frozen Egg 2","reliquary:PurpleTingedLeaf","WarpedTongs"],"acts_visited":["Exordium","TheCity"],"potions_floor_usage":[18,28,33,33,33],"damage_taken":[{"damage":3,"enemies":"Jaw Worm","floor":1,"turns":3},{"damage":0,"enemies":"Small Slimes","floor":2,"turns":2},{"damage":0,"enemies":"2 Louse","floor":3,"turns":2},{"damage":2,"enemies":"Blue Slaver","floor":4,"turns":3},{"damage":0,"enemies":"2 Fungi Beasts","floor":5,"turns":3},{"damage":1,"enemies":"3 Louse","floor":7,"turns":3},{"damage":0,"enemies":"Red Slaver","floor":10,"turns":2},{"damage":1,"enemies":"Lagavulin","floor":11,"turns":6},{"damage":5,"enemies":"Exordium Wildlife","floor":12,"turns":6},{"damage":1,"enemies":"Exordium Thugs","floor":13,"turns":4},{"damage":13,"enemies":"Red Slaver","floor":14,"turns":4},{"damage":17,"enemies":"The Guardian","floor":16,"turns":10},{"damage":7,"enemies":"2 Thieves","floor":18,"turns":3},{"damage":0,"enemies":"Spheric Guardian","floor":19,"turns":2},{"damage":11,"enemies":"Centurion and Healer","floor":21,"turns":6},{"damage":15,"enemies":"Snecko","floor":22,"turns":7},{"damage":0,"enemies":"HollowMod:Nosk","floor":23,"turns":8},{"damage":12,"enemies":"3 Cultists","floor":25,"turns":7},{"damage":1,"enemies":"Cultist and Chosen","floor":28,"turns":7},{"damage":34,"enemies":"Shelled Parasite and Fungi","floor":30,"turns":9},{"damage":69,"enemies":"hubris:MusketHawk","floor":33,"turns":7}],"seed_played":"-4570406977498355915","potions_obtained":[{"floor":1,"key":"ColorlessPotion"},{"floor":3,"key":"EssenceOfSteel"},{"floor":4,"key":"BottledMiracle"},{"floor":13,"key":"blueLaboratory:FruitPunch"},{"floor":14,"key":"Reflective Coating"},{"floor":18,"key":"LiquidMemories"},{"floor":28,"key":"blueLaboratory:EpiphanyPotion"}],"is_trial":false,"path_per_floor":["M","M","M","M","M","R","M","R","T","M","E","M","M","M","R","B",null,"M","M","AVR","M","M","E","R","M","T","R","M","?","M","?","R","B"],"character_chosen":"WATCHER","items_purchased":[],"campfire_rested":3,"item_purchase_floors":[],"current_hp_per_floor":[69,69,69,67,67,67,66,66,66,66,65,60,59,46,67,50,72,67,67,67,56,41,41,41,29,29,51,54,54,24,24,46,0,0],"gold":491,"neow_bonus":"ONE_RANDOM_RARE_CARD","is_daily":false,"chose_seed":false,"campfire_upgraded":3,"win_rate":0.0,"timestamp":1614116445,"path_taken":["M","M","M","M","M","R","M","R","T","M","E","M","M","M","R","BOSS","M","M","AVR","M","M","E","R","M","T","R","M","?","M","?","R","BOSS"],"items_purchased_type":[],"build_version":"2020-12-22","purchased_purges":0,"victory":false,"max_hp_per_floor":[72,72,72,72,72,72,72,72,72,72,72,72,72,72,72,72,72,74,74,74,74,74,74,74,74,74,74,74,74,74,74,74,74,74],"card_choices":[{"not_picked":["Replay:DivineShield","ThirdEye"],"picked":"FlurryOfBlows","floor":1},{"not_picked":["CarveReality","Crescendo","Replay:ManipulateFuture"],"picked":"SKIP","floor":2},{"not_picked":["Replay:AtTheReady","ClearTheMind"],"picked":"Pray","floor":3},{"not_picked":["CrushJoints","FearNoEvil"],"picked":"TalkToTheHand","floor":4},{"not_picked":["SashWhip","JustLucky"],"picked":"EmptyFist","floor":5},{"not_picked":["Tantrum","JustLucky"],"picked":"Replay:Anticipation","floor":7},{"not_picked":["Replay:BluntJabs","EmptyBody"],"picked":"DevaForm","floor":10},{"not_picked":["Protect","Replay:Cycle","Swivel"],"picked":"SKIP","floor":11},{"not_picked":["EmptyMind","JustLucky"],"picked":"FollowUp","floor":12},{"not_picked":["Replay:Anticipation","Replay:BluntJabs","CrushJoints"],"picked":"SKIP","floor":13},{"not_picked":["Judgement","ThirdEye","Nirvana"],"picked":"SKIP","floor":14},{"not_picked":["Replay:LoomingThreat","Omniscience"],"picked":"Vault","floor":16},{"not_picked":["JustLucky+1","LikeWater","Consecrate"],"picked":"SKIP","floor":18},{"not_picked":["JustLucky+1","LikeWater","Consecrate"],"picked":"SKIP","floor":18},{"not_picked":["EmptyFist","Evaluate"],"picked":"ClearTheMind","floor":19},{"not_picked":["JustLucky","FollowUp","Replay:ManipulateFuture"],"picked":"SKIP","floor":21},{"not_picked":["Replay:Anticipation+1","Protect+1"],"picked":"FlurryOfBlows","floor":22},{"not_picked":["TalkToTheHand","BattleHymn+1","Replay:DivineShield"],"picked":"SKIP","floor":23},{"not_picked":["BattleHymn+1","CutThroughFate"],"picked":"WindmillStrike","floor":25},{"not_picked":["Replay:ManipulateFuture","Consecrate+1"],"picked":"EmptyBody","floor":28},{"not_picked":["Protect","JustLucky"],"picked":"Establishment+1","floor":30}],"player_experience":224228,"relics_obtained":[{"floor":9,"key":"Iron Hammer"},{"floor":11,"key":"infinitespire:FocusingShard"},{"floor":23,"key":"Frozen Egg 2"},{"floor":26,"key":"reliquary:PurpleTingedLeaf"}],"event_choices":[{"damage_healed":0,"gold_gain":0,"player_choice":"Upgraded","damage_taken":0,"max_hp_gain":0,"max_hp_loss":0,"event_name":"Upgrade Shrine","floor":29,"gold_loss":0,"cards_upgraded":["WindmillStrike"]},{"damage_healed":0,"gold_gain":0,"player_choice":"Rummage","damage_taken":0,"relics_obtained":["WarpedTongs"],"max_hp_gain":0,"max_hp_loss":0,"event_name":"Accursed Blacksmith","floor":31,"gold_loss":0,"cards_obtained":["Pain"]}],"is_beta":false,"boss_relics":[{"not_picked":["hubris:TerracottaHorce","energizedSpire:RedRose"],"picked":"energizedSpire:MagnifyingGlass"}],"items_purged_floors":[],"is_endless":false,"potions_floor_spawned":[1,3,4,13,14,18,21,22,28],"killed_by":"hubris:MusketHawk","ascension_level":0}}