{"host":"d52brwsy6af8zvaq","time":1614043580,"event":{"mods":["AchievementEnabler","BaseMod","Bestiary","Highlight Path","Minty Spire (QoL Compilation)","Quick Restart","Relic Stats","ojb\u0027s Better Paths Mod"],"gold_per_floor":[111,111,53,73,84,84,114,114,114,141,159,173,173,207,207,284,284,296,5,5,5,17,42,42,53,79,4,4,24,41,41,41,118,118,134,134,77,95,110,110,141,158,158,173,173,206,206,223,223,223,223,223,223,62,62,62],"floor_reached":55,"language":"ENG","playtime":3224,"items_purged":["Strike_B+1"],"score":2484,"play_id":"bb025190-b15b-495b-9a2e-b2f7d195abdd","local_time":"20210222182620","is_ascension_mode":true,"campfire_choices":[{"data":"Hyperbeam","floor":6.0,"key":"SMITH"},{"floor":8.0,"key":"REST"},{"floor":13.0,"key":"REST"},{"data":"Defragment","floor":15.0,"key":"SMITH"},{"data":"Apotheosis","floor":24.0,"key":"SMITH"},{"data":"Echo Form","floor":28.0,"key":"SMITH"},{"data":"Fusion","floor":32.0,"key":"SMITH"},{"floor":40.0,"key":"RECALL"},{"data":"Buffer","floor":45.0,"key":"SMITH"},{"data":"Self Repair","floor":49.0,"key":"SMITH"},{"floor":53.0,"key":"REST"}],"circlet_count":0,"master_deck":["AscendersBane","Defend_B+1","Defend_B+1","Defend_B+1","Defend_B+1","Zap","Doom and Gloom","Hyperbeam+1","Cold Snap","Coolheaded","Steam","Echo Form+1","Defragment+1","Defragment+1","Seek","Fusion+1","Apotheosis+1","Self Repair+1","Skim","BootSequence","Turbo","Force Field","Buffer+1","Seek+1","Creative AI+1","Lockon","Leap","Chill+1","Barrage+1","Go for the Eyes+1","Darkness+1"],"relics":["Cracked Core","Happy Flower","Pantograph","Mummified Hand","HornCleat","Runic Pyramid","Sundial","Art of War","Astrolabe","Ice Cream","Unceasing Top","OrangePellets"],"acts_visited":["Exordium","TheCity","TheBeyond","TheEnding"],"potions_floor_usage":[],"damage_taken":[{"damage":4.0,"enemies":"Small Slimes","floor":1.0,"turns":4.0},{"damage":6.0,"enemies":"Cultist","floor":4.0,"turns":3.0},{"damage":0.0,"enemies":"Jaw Worm","floor":5.0,"turns":3.0},{"damage":32.0,"enemies":"Gremlin Nob","floor":7.0,"turns":4.0},{"damage":5.0,"enemies":"3 Sentries","floor":10.0,"turns":3.0},{"damage":14.0,"enemies":"Exordium Thugs","floor":11.0,"turns":2.0},{"damage":3.0,"enemies":"Large Slime","floor":12.0,"turns":5.0},{"damage":0.0,"enemies":"Lagavulin","floor":14.0,"turns":7.0},{"damage":21.0,"enemies":"Slime Boss","floor":16.0,"turns":7.0},{"damage":0.0,"enemies":"Spheric Guardian","floor":18.0,"turns":3.0},{"damage":0.0,"enemies":"Chosen","floor":22.0,"turns":5.0},{"damage":3.0,"enemies":"Gremlin Leader","floor":23.0,"turns":5.0},{"damage":16.0,"enemies":"Snake Plant","floor":25.0,"turns":4.0},{"damage":0.0,"enemies":"Chosen and Byrds","floor":29.0,"turns":6.0},{"damage":0.0,"enemies":"Centurion and Healer","floor":30.0,"turns":4.0},{"damage":8.0,"enemies":"Champ","floor":33.0,"turns":11.0},{"damage":0.0,"enemies":"Orb Walker","floor":35.0,"turns":5.0},{"damage":0.0,"enemies":"3 Darklings","floor":38.0,"turns":5.0},{"damage":0.0,"enemies":"Maw","floor":39.0,"turns":11.0},{"damage":0.0,"enemies":"Giant Head","floor":41.0,"turns":9.0},{"damage":17.0,"enemies":"Transient","floor":42.0,"turns":6.0},{"damage":0.0,"enemies":"4 Shapes","floor":44.0,"turns":4.0},{"damage":0.0,"enemies":"Nemesis","floor":46.0,"turns":9.0},{"damage":0.0,"enemies":"Writhing Mass","floor":48.0,"turns":7.0},{"damage":46.0,"enemies":"Awakened One","floor":50.0,"turns":16.0},{"damage":40.0,"enemies":"Time Eater","floor":51.0,"turns":12.0},{"damage":76,"enemies":"Shield and Spear","floor":55,"turns":5}],"seed_played":"4903497333628623466","potions_obtained":[{"floor":7.0,"key":"EssenceOfDarkness"},{"floor":10.0,"key":"Strength Potion"},{"floor":11.0,"key":"DuplicationPotion"},{"floor":22.0,"key":"BlessingOfTheForge"},{"floor":29.0,"key":"Fire Potion"},{"floor":46.0,"key":"Regen Potion"}],"is_trial":false,"path_per_floor":["M","?","$","M","M","R","E","R","T","E","M","M","R","E","R","B",null,"M","$","?","$","M","E","R","M","T","$","R","M","M","?","R","B",null,"M","?","$","M","M","R","E","M","T","M","R","E","?","M","R","B","B",null,"R","$","E"],"character_chosen":"DEFECT","items_purchased":["Cold Snap","Apotheosis","Self Repair","Leap","OrangePellets"],"campfire_rested":3,"item_purchase_floors":[3,19,19,37,54],"current_hp_per_floor":[60,60,60,54,54,54,22,43,43,38,24,21,42,42,42,46,65,65,65,65,65,71,71,71,71,71,71,71,71,71,71,71,71,71,71,71,71,71,71,71,71,71,71,71,71,71,71,71,71,60,41,64,71,71,0,0],"gold":62,"neow_bonus":"THREE_CARDS","is_daily":false,"chose_seed":false,"campfire_upgraded":7,"win_rate":0.0,"timestamp":1614043580,"path_taken":["M","?","$","M","M","R","E","R","T","E","M","M","R","E","R","BOSS","M","?","?","?","M","E","R","M","T","$","R","M","?","?","R","BOSS","M","?","?","M","M","R","E","M","T","?","R","E","?","M","R","BOSS","BOSS","R","$","E"],"items_purchased_type":["Card","Card","Card","Card","Relic"],"build_version":"2020-12-22","purchased_purges":1,"victory":false,"max_hp_per_floor":[71,71,71,71,71,71,71,71,71,71,71,71,71,71,71,71,71,71,71,71,71,71,71,71,71,71,71,71,71,71,71,71,71,71,71,71,71,71,71,71,71,71,71,71,71,71,71,71,71,71,71,71,71,71,71,71],"relic_stats":{"OrangePellets":[2],"Happy Flower":[50],"counters":[27,165],"Mummified Hand":[189],"Sundial":[14],"Pantograph":36,"Astrolabe":["Seek","Creative AI","Static Discharge"],"Art of War":[31],"obtain_stats":[{"Ice Cream":41,"OrangePellets":54,"HornCleat":14,"Happy Flower":7,"Mummified Hand":10,"Sundial":23,"Pantograph":9,"Astrolabe":34,"Art of War":26,"Cracked Core":0,"Unceasing Top":46,"Runic Pyramid":17},{"Ice Cream":20,"OrangePellets":26,"HornCleat":8,"Happy Flower":4,"Mummified Hand":5,"Sundial":12,"Pantograph":4,"Astrolabe":16,"Art of War":13,"Cracked Core":0,"Unceasing Top":23,"Runic Pyramid":9},{"Ice Cream":106,"OrangePellets":160,"HornCleat":31,"Happy Flower":14,"Mummified Hand":17,"Sundial":51,"Pantograph":14,"Astrolabe":76,"Art of War":55,"Cracked Core":0,"Unceasing Top":125,"Runic Pyramid":38}],"Unceasing Top":[3]},"card_choices":[{"not_picked":["Hologram","Loop"],"picked":"Leap","floor":0.0},{"not_picked":["Cold Snap","Sweeping Beam"],"picked":"Doom and Gloom","floor":1.0},{"not_picked":["Rip and Tear","Ball Lightning"],"picked":"Coolheaded","floor":4.0},{"not_picked":["Streamline","Sweeping Beam"],"picked":"Steam","floor":5.0},{"not_picked":["Sunder","Lockon","Scrape"],"picked":"SKIP","floor":7.0},{"not_picked":["Conserve Battery","Sweeping Beam"],"picked":"Echo Form","floor":10.0},{"not_picked":["Sunder","Tempest"],"picked":"Defragment","floor":11.0},{"not_picked":["Coolheaded","Steam","Sweeping Beam"],"picked":"SKIP","floor":12.0},{"not_picked":["Storm","Scrape"],"picked":"Defragment","floor":14.0},{"not_picked":["Multi-Cast","Fission"],"picked":"Seek","floor":16.0},{"not_picked":["Leap","Ball Lightning"],"picked":"Fusion","floor":18.0},{"not_picked":["Doom and Gloom","Rebound"],"picked":"Skim","floor":22.0},{"not_picked":["Reboot","Redo+1","Gash"],"picked":"SKIP","floor":23.0},{"not_picked":["Coolheaded","Heatsinks","Rebound"],"picked":"SKIP","floor":25.0},{"not_picked":["Hologram","Gash+1"],"picked":"BootSequence","floor":29.0},{"not_picked":["Ball Lightning","Conserve Battery"],"picked":"Turbo","floor":30.0},{"not_picked":["Seek","Meteor Strike"],"picked":"Buffer","floor":33.0},{"not_picked":["Self Repair+1","Steam"],"picked":"Lockon","floor":35.0},{"not_picked":["Sweeping Beam","Coolheaded+1"],"picked":"Chill+1","floor":38.0},{"not_picked":["FTL","Undo"],"picked":"Barrage+1","floor":39.0},{"not_picked":["Hologram+1","Static Discharge"],"picked":"Go for the Eyes+1","floor":41.0},{"not_picked":["Streamline","Rebound","Hologram"],"picked":"SKIP","floor":42.0},{"not_picked":["Sweeping Beam","Rip and Tear","Blizzard+1"],"picked":"SKIP","floor":44.0},{"not_picked":["Stack","Double Energy","Leap+1"],"picked":"SKIP","floor":46.0},{"not_picked":["Barrage","Buffer"],"picked":"Darkness+1","floor":48.0}],"player_experience":2337613,"relics_obtained":[{"floor":7.0,"key":"Happy Flower"},{"floor":9.0,"key":"Pantograph"},{"floor":10.0,"key":"Mummified Hand"},{"floor":14.0,"key":"HornCleat"},{"floor":23.0,"key":"Sundial"},{"floor":26.0,"key":"Art of War"},{"floor":41.0,"key":"Ice Cream"},{"floor":46.0,"key":"Unceasing Top"}],"event_choices":[{"damage_healed":0.0,"max_hp_gain":0.0,"max_hp_loss":0.0,"gold_gain":0.0,"cards_transformed":["Strike_B"],"event_name":"Transmorgrifier","player_choice":"Transformed","floor":2.0,"gold_loss":0.0,"damage_taken":0.0,"cards_obtained":["Hyperbeam"]},{"damage_healed":0.0,"max_hp_gain":0.0,"max_hp_loss":0.0,"gold_gain":0.0,"event_name":"Back to Basics","player_choice":"Simplicity","floor":20.0,"gold_loss":0.0,"damage_taken":0.0,"cards_upgraded":["Strike_B","Strike_B","Strike_B","Defend_B","Defend_B","Defend_B","Defend_B"]},{"damage_healed":0.0,"max_hp_gain":0.0,"max_hp_loss":0.0,"gold_gain":0.0,"event_name":"The Library","player_choice":"Read","floor":31.0,"gold_loss":0.0,"damage_taken":0.0,"cards_obtained":["Force Field"]},{"damage_healed":0.0,"max_hp_gain":0.0,"max_hp_loss":0.0,"gold_gain":0.0,"event_name":"Upgrade Shrine","player_choice":"Upgraded","floor":36.0,"gold_loss":0.0,"damage_taken":0.0,"cards_upgraded":["Defragment"]},{"cards_removed":["Static Discharge"],"damage_healed":0.0,"max_hp_gain":0.0,"max_hp_loss":0.0,"gold_gain":0.0,"event_name":"Falling","player_choice":"Removed Power","floor":47.0,"gold_loss":0.0,"damage_taken":0.0}],"is_beta":false,"boss_relics":[{"not_picked":["Runic Dome","Coffee Dripper"],"picked":"Runic Pyramid"},{"not_picked":["Tiny House","Empty Cage"],"picked":"Astrolabe"}],"items_purged_floors":[27],"is_endless":false,"potions_floor_spawned":[7,10,11,16,22,29,30,33,39,46,48],"killed_by":"Shield and Spear","ascension_level":20}}