{"host":"mn5kbj4x7gv3jr0o","time":1614048104,"event":{"mods":["2.2 Compatiblity","A Magickal Journey","AchievementEnabler","Ascension Reborn","Aspiration","BaseMod","Bestiary","Better Altar","Better Note","Better Sensory Stone","Better Silent Start","Better Skull","Better Third Choice","Better Vampires","Better-Laid Plans","BetterRewards","Block Reminder","CCEM2","Colored Powertips","Colorless Booster Pack","Conspire","Curses Come First","Dota2Spire","Downfall","Emptier Cage","Energized Spire","Fox Events","GifTheSpireLib","Halation","HololiveMod","Hubris","Infinite Spire","Ironclad Rager","Jess\u0027s Bottle","Keyboard Shortcuts","Minty Spire (QoL Compilation)","Mirrors Mod","Poem Panic","Potion Indicator Mod","Potionbrewer","Puzzle Mod","Quarter Circle Forward PUNCH!","Quick Restart","Random Character Button","RatMod","Relic Sorter","Reliquary","Retaliation","Reworked Bosses","SCP261 Mod","SacredBarkPlus","Shop Mod","Small Relic Pack","Spicy Shops","Spikes Relics","StS++","StSLib","Stuff the Spire","The Blue Laboratory","Thieving Mod","Trackpad","Uncapped","UnlockEverythingMod","Useless Jewels Mod","Virulent Crown","Weighted Paths","Wide Potions"],"gold_per_floor":[110,121,121,136,211,238,87,87,87],"floor_reached":8,"language":"ENG","playtime":1029,"items_purged":[],"score":56,"play_id":"11749c92-5771-46fd-8f25-dd8510fd8da8","local_time":"20210222214144","is_ascension_mode":true,"campfire_choices":[],"circlet_count":0,"master_deck":["Strike_G","Strike_G","Strike_G","Strike_G","Defend_G","Defend_G","Defend_G","Defend_G","Survivor","Neutralize","Prepared","StSpp:Lure","Cloak And Dagger"],"relics":["Ring of the Snake","Lantern","trackpad:WeightlessShivs","halation:NonexistentMirror"],"acts_visited":["Exordium"],"potions_floor_usage":[4,8],"damage_taken":[{"damage":0,"enemies":"Cultist","floor":1,"turns":5},{"damage":0,"enemies":"Small Slimes","floor":2,"turns":5},{"damage":0,"enemies":"2 Louse","floor":4,"turns":2},{"damage":37,"enemies":"3 Sentries","floor":6,"turns":17},{"damage":20,"enemies":"Gremlin Nob","floor":8,"turns":5}],"seed_played":"8985725188291743585","potions_obtained":[{"floor":1,"key":"blueLaboratory:ArtistsPotion"},{"floor":2,"key":"Explosive Potion"},{"floor":3,"key":"FairyPotion"}],"is_trial":false,"path_per_floor":["M","M","?","M","?","E","$","E"],"character_chosen":"THE_SILENT","items_purchased":["halation:NonexistentMirror"],"campfire_rested":0,"item_purchase_floors":[7],"current_hp_per_floor":[70,70,70,70,59,22,22,2,2],"gold":87,"neow_bonus":"RANDOM_COMMON_RELIC","is_daily":false,"chose_seed":false,"campfire_upgraded":0,"win_rate":0.0,"timestamp":1614048104,"path_taken":["M","?","?","?","?","E","$","E"],"items_purchased_type":["Relic"],"build_version":"2020-12-22","purchased_purges":0,"victory":false,"max_hp_per_floor":[70,70,70,70,70,70,70,70,70],"card_choices":[{"not_picked":["Bouncing Flask","Flying Knee"],"picked":"Prepared","floor":1},{"not_picked":["Deadly Poison","rat:FanOfKnives"],"picked":"StSpp:Lure","floor":2},{"not_picked":["Prepared","StSpp:Anticipation"],"picked":"Cloak And Dagger","floor":4},{"not_picked":["Deadly Poison","All Out Attack","StSpp:PoisonousPunch"],"picked":"SKIP","floor":6}],"player_experience":207195,"relics_obtained":[{"floor":6,"key":"trackpad:WeightlessShivs"}],"event_choices":[{"damage_healed":0,"gold_gain":0,"player_choice":"Got Potions","damage_taken":0,"max_hp_gain":0,"max_hp_loss":0,"event_name":"Lab","floor":3,"gold_loss":0},{"damage_healed":0,"gold_gain":75,"player_choice":"Gold","damage_taken":11,"max_hp_gain":0,"max_hp_loss":0,"event_name":"betterThird:BetterGoop","floor":5,"gold_loss":0}],"is_beta":false,"boss_relics":[],"items_purged_floors":[],"is_endless":false,"potions_floor_spawned":[1,2],"killed_by":"Gremlin Nob","ascension_level":0}}