{"host":"aq6zgkax5kiz71xp","time":1614082231,"event":{"mods":["BaseMod","Bestiary","Minty Spire (QoL Compilation)","Quick Restart","StSLib","The Cursed","The Runesmith"],"gold_per_floor":[117,130,130,130,305,305,346,346,428,447,470,513,527,82,82,201,201,221,221,221,72,90,90,19,62,87,139,139,15,15,15,15,147,147,181,206,93,93,93,93,118,118,139,186,51,51,0,30,30,30],"floor_reached":51,"language":"ZHS","playtime":1555,"items_purged":["Doubt","Regret"],"score":925,"play_id":"96d8ecb1-3408-41f6-84ee-df540885dceb","local_time":"20210223201031","is_ascension_mode":true,"campfire_choices":[{"data":"Scrape","floor":6.0,"key":"SMITH"},{"floor":15.0,"key":"REST"},{"floor":23,"key":"DIG"},{"floor":28,"key":"DIG"},{"floor":30,"key":"DIG"},{"floor":32,"key":"REST"},{"floor":40,"key":"DIG"},{"floor":42,"key":"DIG"},{"floor":46,"key":"REST"},{"floor":49,"key":"REST"}],"circlet_count":0,"master_deck":["Strike_B","Strike_B+1","Defend_B","Defend_B","Defend_B","Zap+1","Dualcast","Scrape+1","Beam Cell","Go for the Eyes+1","Steam","Genetic Algorithm","Skim","Gash+1","Melter+1","Master of Strategy","Core Surge+1","Chill+1","Beam Cell+1","Scrape+1","Go for the Eyes+1","FTL+1","Self Repair","Hyperbeam+1","Self Repair","Go for the Eyes+1","Beam Cell+1","Shame","Go for the Eyes+1"],"relics":["Cracked Core","NeowsBlessing","Golden Idol","Letter Opener","Shovel","Molten Egg 2","Juzu Bracelet","Medical Kit","Cursed Key","ClockworkSouvenir","Oddly Smooth Stone","Bottled Flame","CeramicFish","Akabeko","Blood Vial","Runesmith:Nanobots","Philosopher\u0027s Stone","Whetstone","MawBank","Pen Nib","Membership Card","Red Mask"],"acts_visited":["Exordium","TheCity","TheBeyond"],"potions_floor_usage":[27,27,33,33,50,50],"damage_taken":[{"damage":0.0,"enemies":"2 Louse","floor":1.0,"turns":1.0},{"damage":0.0,"enemies":"Small Slimes","floor":2.0,"turns":1.0},{"damage":0.0,"enemies":"Lagavulin","floor":7.0,"turns":2.0},{"damage":0.0,"enemies":"Cultist","floor":10.0,"turns":2.0},{"damage":0.0,"enemies":"2 Fungi Beasts","floor":11.0,"turns":3.0},{"damage":29.0,"enemies":"3 Sentries","floor":12.0,"turns":6.0},{"damage":13.0,"enemies":"Blue Slaver","floor":13.0,"turns":3.0},{"damage":1.0,"enemies":"Hexaghost","floor":16.0,"turns":7.0},{"damage":11.0,"enemies":"3 Byrds","floor":18.0,"turns":5.0},{"damage":2,"enemies":"2 Thieves","floor":22,"turns":4},{"damage":9,"enemies":"Slavers","floor":25,"turns":5},{"damage":8,"enemies":"Gremlin Leader","floor":27,"turns":6},{"damage":11,"enemies":"Collector","floor":33,"turns":6},{"damage":0,"enemies":"Orb Walker","floor":35,"turns":1},{"damage":4,"enemies":"3 Shapes","floor":36,"turns":1},{"damage":35,"enemies":"Writhing Mass","floor":41,"turns":5},{"damage":46,"enemies":"Nemesis","floor":44,"turns":7},{"damage":7,"enemies":"Jaw Worm Horde","floor":48,"turns":5},{"damage":74,"enemies":"Awakened One","floor":50,"turns":12}],"seed_played":"-7210537029180417297","potions_obtained":[{"floor":1.0,"key":"Explosive Potion"},{"floor":2.0,"key":"Energy Potion"},{"floor":12.0,"key":"ColorlessPotion"},{"floor":13.0,"key":"Block Potion"},{"floor":25,"key":"SteroidPotion"},{"floor":27,"key":"ColorlessPotion"},{"floor":36,"key":"Explosive Potion"},{"floor":48,"key":"Block Potion"}],"is_trial":false,"path_per_floor":["M","M","?","?","?","R","E","?","T","M","M","E","M","$","R","B",null,"M","?","?","$","M","R","$","E","T","E","R","$","R","?","R","B",null,"M","M","$","?","?","R","M","R","T","E","$","R","?","M","R","B",null],"character_chosen":"DEFECT","items_purchased":["Medical Kit","Melter+1","Master of Strategy","ClockworkSouvenir","Scrape+1","FTL+1","Self Repair","Beam Cell+1","Membership Card"],"campfire_rested":4,"item_purchase_floors":[14,14,14,21,24,29,29,37,45],"current_hp_per_floor":[75,75,68,50,50,50,50,50,50,50,50,21,8,8,30,29,75,64,64,64,64,62,62,62,53,53,45,45,45,45,33,55,56,75,75,71,71,71,71,71,52,52,52,22,22,44,44,53,75,15],"gold":30,"neow_bonus":"THREE_ENEMY_KILL","is_daily":false,"chose_seed":false,"campfire_upgraded":1,"win_rate":0.0,"timestamp":1614082231,"path_taken":["M","M","?","?","?","R","E","?","T","M","?","E","M","$","R","BOSS","M","?","?","$","M","R","?","E","T","E","R","$","R","?","R","BOSS","M","M","$","?","?","R","M","R","T","E","?","R","?","M","R","BOSS"],"items_purchased_type":["Relic","Card","Card","Relic","Card","Card","Card","Card","Relic"],"build_version":"2020-12-22","purchased_purges":2,"victory":true,"max_hp_per_floor":[75,75,75,75,75,75,75,75,75,75,75,75,75,75,75,75,75,75,75,75,75,75,75,75,75,75,75,75,75,75,75,75,75,75,75,75,75,75,75,75,75,75,75,75,75,75,75,75,75,75],"card_choices":[{"not_picked":["Streamline","Reinforced Body"],"picked":"Scrape","floor":1.0},{"not_picked":["Hologram","Defragment"],"picked":"Beam Cell","floor":2.0},{"not_picked":["Compile Driver","Sweeping Beam"],"picked":"Go for the Eyes","floor":7.0},{"not_picked":["Ball Lightning+1","Turbo"],"picked":"Steam","floor":10.0},{"not_picked":["Ball Lightning+1","Force Field"],"picked":"Genetic Algorithm","floor":11.0},{"not_picked":["Aggregate","Electrodynamics"],"picked":"Skim","floor":12.0},{"not_picked":["Conserve Battery","Turbo"],"picked":"Gash+1","floor":13.0},{"not_picked":["Buffer","Hyperbeam+1"],"picked":"Core Surge+1","floor":16.0},{"not_picked":["Darkness","Reprogram"],"picked":"Chill+1","floor":18.0},{"not_picked":["Sunder+1","Redo"],"picked":"Beam Cell+1","floor":22},{"not_picked":["Force Field","Creative AI","Capacitor+1"],"picked":"SKIP","floor":25},{"not_picked":["Chill","Coolheaded"],"picked":"Go for the Eyes+1","floor":27},{"not_picked":["Machine Learning","Amplify"],"picked":"Hyperbeam+1","floor":33},{"not_picked":["Coolheaded","Rip and Tear+1"],"picked":"Self Repair","floor":35},{"not_picked":["Fusion+1","Sweeping Beam+1"],"picked":"Go for the Eyes+1","floor":36},{"not_picked":["Redo+1","Leap","Aggregate+1"],"picked":"SKIP","floor":41},{"not_picked":["Hologram+1","Turbo","Echo Form"],"picked":"SKIP","floor":44},{"not_picked":["Ball Lightning+1","Melter+1"],"picked":"Go for the Eyes+1","floor":48}],"player_experience":469697,"relics_obtained":[{"floor":7.0,"key":"Letter Opener"},{"floor":9.0,"key":"Molten Egg 2"},{"floor":12.0,"key":"Juzu Bracelet"},{"floor":23,"key":"Oddly Smooth Stone"},{"floor":25,"key":"Bottled Flame"},{"floor":26,"key":"CeramicFish"},{"floor":27,"key":"Akabeko"},{"floor":28,"key":"Blood Vial"},{"floor":30,"key":"Runesmith:Nanobots"},{"floor":40,"key":"Whetstone"},{"floor":42,"key":"MawBank"},{"floor":44,"key":"Pen Nib"}],"event_choices":[{"cards_removed":["Strike_B"],"damage_healed":0.0,"max_hp_gain":0.0,"max_hp_loss":0.0,"gold_gain":0.0,"event_name":"Golden Wing","player_choice":"Card Removal","floor":3.0,"gold_loss":0.0,"damage_taken":7.0},{"damage_healed":0.0,"max_hp_gain":0.0,"max_hp_loss":0.0,"gold_gain":0.0,"event_name":"Golden Idol","player_choice":"Take Damage","floor":4.0,"gold_loss":0.0,"damage_taken":18.0,"relics_obtained":["Golden Idol"]},{"damage_healed":0.0,"max_hp_gain":0.0,"max_hp_loss":0.0,"gold_gain":175.0,"event_name":"Liars Game","player_choice":"AGREE","floor":5.0,"gold_loss":0.0,"damage_taken":0.0,"cards_obtained":["Doubt"]},{"damage_healed":0.0,"max_hp_gain":0.0,"max_hp_loss":0.0,"gold_gain":0.0,"event_name":"WeMeetAgain","player_choice":"Gave Potion","floor":8.0,"gold_loss":0.0,"damage_taken":0.0,"relics_obtained":["Shovel"]},{"cards_removed":["Strike_B"],"damage_healed":0.0,"max_hp_gain":0.0,"max_hp_loss":0.0,"gold_gain":0.0,"event_name":"Back to Basics","player_choice":"Elegance","floor":19.0,"gold_loss":0.0,"damage_taken":0.0},{"damage_healed":0,"gold_gain":0,"player_choice":"Ignored","damage_taken":0,"max_hp_gain":0,"max_hp_loss":0,"event_name":"The Mausoleum","floor":20,"gold_loss":0},{"damage_healed":0,"gold_gain":0,"player_choice":"POTION ","damage_taken":12,"max_hp_gain":0,"max_hp_loss":0,"event_name":"Knowing Skull","floor":31,"potions_obtained":["CultistPotion"],"gold_loss":0,"cards_obtained":[]},{"damage_healed":0,"gold_gain":0,"player_choice":"Forge","damage_taken":0,"max_hp_gain":0,"max_hp_loss":0,"event_name":"Accursed Blacksmith","floor":38,"gold_loss":0,"cards_upgraded":["Zap"]},{"cards_removed":["Defend_B"],"damage_healed":0,"gold_gain":0,"player_choice":"Purged","damage_taken":0,"max_hp_gain":0,"max_hp_loss":0,"event_name":"Purifier","floor":39,"gold_loss":0},{"damage_healed":0,"gold_gain":0,"player_choice":"Paid","damage_taken":0,"relics_obtained":["Red Mask"],"max_hp_gain":0,"max_hp_loss":0,"event_name":"Tomb of Lord Red Mask","floor":47,"gold_loss":51}],"is_beta":false,"boss_relics":[{"not_picked":["Tiny House","Busted Crown"],"picked":"Cursed Key"},{"not_picked":["Pandora\u0027s Box","Runic Dome"],"picked":"Philosopher\u0027s Stone"}],"items_purged_floors":[14,37],"is_endless":false,"potions_floor_spawned":[1,2,12,13,25,27,36,48],"ascension_level":3}}