{"host":"tgnam0g96qraiyqx","time":1614048862,"event":{"mods":["Act Like it!","Always Whale","Aspiration","BaseMod","Beaked The Cultist","BetterRewards","Chen","Colored Map","Colored Powertips","Downfall","Energized Spire","FruityMod","FutureSeer","Glutton Mod","Gremlin Mod","Hermit","HexUI Lib","Highlight Path","Hubris","Kratos Character Expansion","Lobotomy","Minty Spire (QoL Compilation)","Pikachu Mod","Replay The Spire","Ruina","Shop Mod","StSLib","The Animator","The Cursed","The Dragonkin","The Jungle","[IsaacMod]????"],"gold_per_floor":[99,99,117,27,47,47,72,222,222,256,256,256,256,287,306,409,409,409,422,268,268,278,278,278,288,299,299,299,101,101,128,138,235,235,235,250,263,263,225,242,265,296,296,346,346,358,358,358,369,369],"floor_reached":51,"language":"FRA","playtime":45089,"items_purged":["theDragonkin:Strike","theDragonkin:Strike","theDragonkin:Strike"],"score":4326,"play_id":"8305ce8a-f081-4e3a-8591-1bc6fc8f1291","local_time":"20210223035422","is_ascension_mode":false,"campfire_choices":[{"data":"theDragonkin:MirrorBreath","floor":1.0,"key":"SMITH"},{"data":"theDragonkin:EmberSwipe","floor":6.0,"key":"SMITH"},{"data":"theDragonkin:ControlledBreath","floor":11.0,"key":"SMITH"},{"data":"theDragonkin:MeteorStorm","floor":18.0,"key":"SMITH"},{"data":"theDragonkin:Smaugs_Smog","floor":23.0,"key":"SMITH"},{"data":"theDragonkin:Condemnation","floor":27.0,"key":"SMITH"},{"data":"expansioncontent:QuickStudy","floor":30.0,"key":"SMITH"},{"data":"theDragonkin:MirrorBreath","floor":35,"key":"SMITH"},{"data":"expansioncontent:DashGenerateEvil","floor":43,"key":"SMITH"}],"circlet_count":0,"master_deck":["theDragonkin:Defend+1","theDragonkin:Defend+1","theDragonkin:HolySmite","theDragonkin:BlazingBreath","theDragonkin:MirrorBreath+1","theDragonkin:ControlledBreath+1","theDragonkin:EmberSwipe+1","theDragonkin:Insanity","theDragonkin:MeteorStorm+1","theDragonkin:Cauterize","theDragonkin:Condemnation+1","AbeCurse","theDragonkin:DivineFire","theDragonkin:Smaugs_Smog+1","theDragonkin:SlowBurn","theDragonkin:SlowBurn","theDragonkin:DivinePrayer+1","theDragonkin:AncestralSeance","expansioncontent:QuickStudy+1","theDragonkin:FlameBreath","theDragonkin:MirrorBreath+1","expansioncontent:DashGenerateEvil+1","theDragonkin:ChainsOfTruth+1","theDragonkin:VoiceofOrder"],"relics":["theDragonkin:GarnetScale","HushsDoor","BookOfRevelations","Replay:Wax Seal","War Paint","Vajra","beaked:ShinyBauble","Abe\u0027s Treasure","Pet Ghost","MagicMushroom","GuppysPaw","Leech"],"acts_visited":["Exordium","Exordium","TheBeyond"],"potions_floor_usage":[50,50],"damage_taken":[{"damage":0.0,"enemies":"2 Louse","floor":3.0,"turns":2.0},{"damage":5.0,"enemies":"downfall:FleeingMerchant","floor":4.0,"turns":4.0},{"damage":2.0,"enemies":"Jaw Worm","floor":5.0,"turns":4.0},{"damage":15.0,"enemies":"Replay:BlueRogue","floor":10.0,"turns":5.0},{"damage":3.0,"enemies":"Gremlin Nob","floor":14.0,"turns":4.0},{"damage":2.0,"enemies":"Small Slimes","floor":15.0,"turns":3.0},{"damage":12.0,"enemies":"WA_ARCHETYPE_RETAIN","floor":16.0,"turns":4.0},{"damage":6.0,"enemies":"ruina:3_Bats","floor":19.0,"turns":4.0},{"damage":0.0,"enemies":"downfall:FleeingMerchant","floor":20.0,"turns":4.0},{"damage":0.0,"enemies":"ruina:2_Scarecrows","floor":22.0,"turns":3.0},{"damage":14.0,"enemies":"ruina:KnightOfDespair","floor":25.0,"turns":4.0},{"damage":2.0,"enemies":"ruina:KingOfGreed","floor":26.0,"turns":4.0},{"damage":4.0,"enemies":"downfall:FleeingMerchant","floor":29.0,"turns":4.0},{"damage":0.0,"enemies":"ruina:ServantOfWrath","floor":31.0,"turns":4.0},{"damage":21.0,"enemies":"ruina:Woodsman","floor":32.0,"turns":4.0},{"damage":20.0,"enemies":"DF_ARCHETYPE_CLAW","floor":33.0,"turns":8.0},{"damage":0,"enemies":"Orb Walker","floor":36,"turns":2},{"damage":7,"enemies":"3 Darklings","floor":37,"turns":4},{"damage":0,"enemies":"downfall:FleeingMerchant","floor":39,"turns":1},{"damage":0,"enemies":"Transient","floor":40,"turns":5},{"damage":9,"enemies":"beaked:SuperParasite","floor":42,"turns":5},{"damage":6,"enemies":"beaked:SuperParasite","floor":44,"turns":4},{"damage":0,"enemies":"Jaw Worm Horde","floor":46,"turns":4},{"damage":0,"enemies":"Maw","floor":49,"turns":5},{"damage":4,"enemies":"IC_BLOCK_ARCHETYPE","floor":50,"turns":8}],"seed_played":"2232962195911668311","potions_obtained":[{"floor":3.0,"key":"ColorlessPotion"},{"floor":15.0,"key":"SmokeBomb"},{"floor":25.0,"key":"Energy Potion"},{"floor":26.0,"key":"SpeedPotion"},{"floor":32.0,"key":"DuplicationPotion"},{"floor":33.0,"key":"DuplicationPotion"},{"floor":36,"key":"Ancient Potion"}],"is_trial":false,"path_per_floor":["R","?","M","$","M","R","T","?","?","E","R","?","?","E","M","B",null,"R","M","$","?","M","R","T","M","M","R","?","$","R","E","M","B",null,"R","M","M","?","$","M","T","E","R","?","?","M","?","?","M","B",null],"character_chosen":"THE_DRAGONKIN","items_purchased":["theDragonkin:SlowBurn","expansioncontent:QuickStudy","expansioncontent:DashGenerateEvil","Regen Potion"],"campfire_rested":0,"item_purchase_floors":[20,29,39,39],"current_hp_per_floor":[77,77,77,72,70,70,70,70,70,55,55,48,48,45,58,61,77,77,71,71,71,71,71,71,57,70,70,70,66,66,77,56,51,84,84,84,77,77,77,78,78,70,70,68,68,84,84,84,84,84],"gold":369,"neow_bonus":"THREE_RARE_CARDS","is_daily":false,"chose_seed":false,"campfire_upgraded":9,"win_rate":0.0,"timestamp":1614048862,"path_taken":["R","?","M","$","M","R","T","?","?","E","R","?","?","E","M","BOSS","R","M","$","?","M","R","T","M","M","R","?","?","R","E","M","BOSS","R","M","M","?","$","M","T","E","R","?","?","?","?","?","M","BOSS"],"items_purchased_type":["Card","Card","Card","Potion"],"build_version":"2020-12-22","purchased_purges":3,"victory":true,"max_hp_per_floor":[77,77,77,77,77,77,77,77,77,77,77,77,77,77,77,77,77,77,77,77,77,77,77,77,77,77,77,77,77,77,77,77,77,84,84,84,84,84,84,84,84,84,84,84,84,84,84,84,84,84],"card_choices":[{"not_picked":["theDragonkin:AkatirnsDecree","theDragonkin:AshenArmor"],"picked":"theDragonkin:MirrorBreath","floor":0.0},{"not_picked":["theDragonkin:DeepBreath","theDragonkin:HolyShock"],"picked":"theDragonkin:ControlledBreath","floor":3.0},{"not_picked":["theDragonkin:SlowBurn","theDragonkin:Sizzle","theDragonkin:HammerOfWrath"],"picked":"SKIP","floor":4.0},{"not_picked":["theDragonkin:DeepBreath","theDragonkin:MoltenBreath"],"picked":"theDragonkin:EmberSwipe","floor":5.0},{"not_picked":["theDragonkin:Sizzle","theDragonkin:DivineBreath"],"picked":"Bomb","floor":10.0},{"not_picked":["theDragonkin:ControlledBreath","theDragonkin:VoiceofOrder"],"picked":"theDragonkin:Cauterize","floor":14.0},{"not_picked":["theDragonkin:ChainsOfTruth","theDragonkin:BurnAfterReading","theDragonkin:DivineVision"],"picked":"SKIP","floor":15.0},{"not_picked":["theDragonkin:CinderStorm","theDragonkin:Subdue"],"picked":"theDragonkin:Condemnation","floor":16.0},{"not_picked":["theDragonkin:AcidBreath","theDragonkin:ControlledBreath"],"picked":"theDragonkin:DivineFire","floor":19.0},{"not_picked":["theDragonkin:ShieldGlare","theDragonkin:DivineFire"],"picked":"theDragonkin:Smaugs_Smog","floor":20.0},{"not_picked":["theDragonkin:DivineBreath","theDragonkin:MiasmicBreath","theDragonkin:ChainsOfTruth"],"picked":"SKIP","floor":22.0},{"not_picked":["theDragonkin:MiasmicBreath","theDragonkin:SlowBurn"],"picked":"theDragonkin:DivinePrayer+1","floor":25.0},{"not_picked":["theDragonkin:DivineFire+1","theDragonkin:AcidBreath+1","theDragonkin:SlowBurn"],"picked":"SKIP","floor":26.0},{"not_picked":["theDragonkin:FlameClaw+1","theDragonkin:DivineJolt+1"],"picked":"theDragonkin:AncestralSeance","floor":29.0},{"not_picked":["theDragonkin:SandBreath+1","theDragonkin:HolyFlask","theDragonkin:GooGrip"],"picked":"SKIP","floor":31.0},{"not_picked":["theDragonkin:Sizzle","theDragonkin:FlameClaw"],"picked":"theDragonkin:FlameBreath","floor":32.0},{"not_picked":["theDragonkin:Subdue","theDragonkin:CinderStorm"],"picked":"theDragonkin:MirrorBreath","floor":33.0},{"not_picked":["theDragonkin:ControlledBreath","theDragonkin:SlowBurn+1","theDragonkin:Sizzle"],"picked":"SKIP","floor":36},{"not_picked":["theDragonkin:DivineBreath+1","theDragonkin:HeatShield+1","theDragonkin:GooGrip"],"picked":"SKIP","floor":37},{"not_picked":["theDragonkin:FlashofLight","theDragonkin:AcidBreath+1","theDragonkin:FlameWard+1"],"picked":"SKIP","floor":39},{"not_picked":["theDragonkin:DivineFire","theDragonkin:Sizzle+1","theDragonkin:StormFront+1"],"picked":"SKIP","floor":40},{"not_picked":["theDragonkin:DivinePrayer","theDragonkin:DivineVision+1"],"picked":"theDragonkin:ChainsOfTruth+1","floor":42},{"not_picked":["theDragonkin:TwinBreath+1","theDragonkin:PrismaticBreath+1","theDragonkin:DivinePrayer"],"picked":"SKIP","floor":46},{"not_picked":["theDragonkin:GoldenFlames","theDragonkin:MirrorBreath","theDragonkin:HallowedGround"],"picked":"SKIP","floor":49}],"player_experience":1239423,"relics_obtained":[{"floor":7.0,"key":"Replay:Wax Seal"},{"floor":10.0,"key":"War Paint"},{"floor":14.0,"key":"beaked:ShinyBauble"},{"floor":31.0,"key":"Pet Ghost"},{"floor":41,"key":"GuppysPaw"},{"floor":42,"key":"Leech"}],"event_choices":[{"cards_removed":["downfall:Icky"],"damage_healed":0.0,"max_hp_gain":0.0,"max_hp_loss":0.0,"gold_gain":0.0,"event_name":"The Cleric","player_choice":"Card Removal","floor":9.0,"gold_loss":0.0,"damage_taken":0.0},{"damage_healed":0.0,"max_hp_gain":0.0,"max_hp_loss":0.0,"gold_gain":0.0,"event_name":"Scrap Ooze","player_choice":"Success","floor":12.0,"gold_loss":0.0,"damage_taken":7.0,"relics_obtained":["Vajra"]},{"cards_removed":["theDragonkin:Strike"],"damage_healed":0,"gold_gain":0,"player_choice":"Removed Attack","damage_taken":0,"max_hp_gain":0,"max_hp_loss":0,"event_name":"Falling","floor":47,"gold_loss":0}],"is_beta":false,"boss_relics":[{"not_picked":["Ring of Chaos","Pandora\u0027s Box"],"picked":"Abe\u0027s Treasure"},{"not_picked":[]},{"not_picked":["Coffee Dripper","hubris:BlackHole"],"picked":"MagicMushroom"},{"not_picked":[]}],"items_purged_floors":[4,20,39],"is_endless":false,"potions_floor_spawned":[3,15,25,26,32,33,36,42,49],"ascension_level":0}}