{"host":"dz5pb68w9r4hdro8","time":1614056808,"event":{"mods":["AchievementEnabler","BaseMod","Better Skull","Better Third Choice","Challenge The Spire","Colored Map","Colored Powertips","DeckTracker","Googly Eyes","Highlight Path","Minty Spire (QoL Compilation)","Permanent Neow","Quick Restart","StSLib","SuperFastMode"],"gold_per_floor":[99,99,99,99,99,99,99,99,99,99,69,69,19,19,19,19,19,0,0,0,0,0,0,0,0,0,0,0,0,0,0,0,0,0,0,0,0,0,0,0,0],"floor_reached":40,"language":"ENG","playtime":1484,"items_purged":[],"score":441,"play_id":"92d8b188-1f53-4870-8b48-6aa63af8e64c","local_time":"20210222210648","is_ascension_mode":true,"campfire_choices":[{"data":"Noxious Fumes","floor":7,"key":"SMITH"},{"data":"Dodge and Roll","floor":10,"key":"SMITH"},{"data":"Judgement","floor":15,"key":"SMITH"},{"data":"Noxious Fumes","floor":25,"key":"SMITH"},{"data":"Poisoned Stab","floor":28,"key":"SMITH"},{"data":"Bullet Time","floor":32,"key":"SMITH"}],"circlet_count":0,"master_deck":["Strike_G","Strike_G","Defend_G","Defend_G","Defend_G+1","Defend_G","Survivor","Neutralize","Cloak And Dagger","Dagger Spray","Slice","Regret","Noxious Fumes+1","Dodge and Roll+1","Crippling Poison+1","Judgement+1","Doppelganger","Noxious Fumes+1","Poisoned Stab+1","Dash","Bullet Time+1","Burst","Acrobatics+1"],"relics":["Ectoplasm","Toy Ornithopter","Bronze Scales","Juzu Bracelet","War Paint","Lantern","Empty Cage","Smiling Mask","Bag of Marbles","Vajra","Meat on the Bone","Unceasing Top","Bottled Flame","Blood Vial","Sozu","Calipers","Blue Candle"],"acts_visited":["Exordium","TheCity","TheBeyond"],"potions_floor_usage":[29,29,31,33,40],"damage_taken":[{"damage":0,"enemies":"Small Slimes","floor":1,"turns":3},{"damage":3,"enemies":"Jaw Worm","floor":2,"turns":4},{"damage":0,"enemies":"Cultist","floor":3,"turns":5},{"damage":1,"enemies":"3 Louse","floor":5,"turns":3},{"damage":13,"enemies":"3 Sentries","floor":6,"turns":8},{"damage":0,"enemies":"Looter","floor":11,"turns":3},{"damage":24,"enemies":"The Guardian","floor":16,"turns":10},{"damage":3,"enemies":"2 Thieves","floor":18,"turns":4},{"damage":7,"enemies":"Spheric Guardian","floor":19,"turns":3},{"damage":29,"enemies":"Gremlin Leader","floor":23,"turns":7},{"damage":7,"enemies":"Cultist and Chosen","floor":27,"turns":3},{"damage":11,"enemies":"Colosseum Slavers","floor":29,"turns":2},{"damage":1,"enemies":"Colosseum Nobs","floor":29,"turns":4},{"damage":9,"enemies":"Slavers","floor":31,"turns":4},{"damage":37,"enemies":"Collector","floor":33,"turns":9},{"damage":11,"enemies":"3 Darklings","floor":35,"turns":5},{"damage":27,"enemies":"2 Orb Walkers","floor":37,"turns":5},{"damage":3,"enemies":"Orb Walker","floor":38,"turns":3},{"damage":56,"enemies":"Giant Head","floor":40,"turns":8}],"seed_played":"-8719790730178137253","potions_obtained":[{"floor":2,"key":"ColorlessPotion"},{"floor":3,"key":"SpeedPotion"},{"floor":6,"key":"PowerPotion"},{"floor":29,"key":"CunningPotion"},{"floor":31,"key":"SkillPotion"},{"floor":33,"key":"ColorlessPotion"}],"is_trial":false,"path_per_floor":["M","M","M","?","M","E","R","?","T","R","M","T","?","?","R","B",null,"M","M","?","?","?","E","?","R","T","M","R","?","$","E","R","B",null,"M","?","?","M","T","E"],"character_chosen":"THE_SILENT","items_purchased":[],"campfire_rested":0,"item_purchase_floors":[],"current_hp_per_floor":[70,67,67,67,66,53,53,46,46,46,46,46,46,37,37,13,70,67,60,60,60,60,31,31,31,31,36,36,46,46,42,42,24,70,59,59,46,45,45,0,0],"gold":0,"neow_bonus":"BOSS_RELIC","is_daily":false,"chose_seed":false,"campfire_upgraded":6,"win_rate":0.0,"timestamp":1614056808,"path_taken":["M","M","M","?","M","E","R","?","T","R","M","?","?","?","R","BOSS","M","M","?","?","?","E","?","R","T","M","R","?","$","E","R","BOSS","M","?","?","M","?","E"],"items_purchased_type":[],"build_version":"2020-12-22","purchased_purges":0,"victory":false,"max_hp_per_floor":[70,70,70,70,70,70,70,70,70,70,70,70,70,70,70,70,70,70,70,70,70,70,70,70,70,70,70,70,70,70,70,70,70,70,70,70,70,70,70,70,70],"card_choices":[{"not_picked":["Dagger Spray","Well Laid Plans"],"picked":"Cloak And Dagger","floor":1},{"not_picked":["Leg Sweep","PiercingWail"],"picked":"Dagger Spray","floor":2},{"not_picked":["Bane","Prepared"],"picked":"Slice","floor":3},{"not_picked":["Quick Slash","Blade Dance"],"picked":"Noxious Fumes","floor":5},{"not_picked":["Underhanded Strike","Dagger Throw"],"picked":"Dodge and Roll","floor":6},{"not_picked":["Outmaneuver","Escape Plan"],"picked":"Crippling Poison","floor":11},{"not_picked":["Storm of Steel","Phantasmal Killer"],"picked":"Doppelganger","floor":16},{"not_picked":["Deflect","Blade Dance","Quick Slash"],"picked":"SKIP","floor":18},{"not_picked":["Finisher","Sucker Punch","Cloak And Dagger"],"picked":"SKIP","floor":19},{"not_picked":["Terror","Dagger Spray"],"picked":"Poisoned Stab","floor":23},{"not_picked":["Terror","Choke+1"],"picked":"Dash","floor":27},{"not_picked":["Well Laid Plans","PiercingWail+1"],"picked":"Bullet Time","floor":31},{"not_picked":["Venomology","Storm of Steel"],"picked":"Burst","floor":33},{"not_picked":["Well Laid Plans","Expertise"],"picked":"Acrobatics+1","floor":35},{"not_picked":["Outmaneuver","Blade Dance","Dodge and Roll"],"picked":"SKIP","floor":38}],"player_experience":449744,"relics_obtained":[{"floor":6,"key":"Bronze Scales"},{"floor":9,"key":"Juzu Bracelet"},{"floor":12,"key":"War Paint"},{"floor":20,"key":"Smiling Mask"},{"floor":23,"key":"Bag of Marbles"},{"floor":26,"key":"Meat on the Bone"},{"floor":29,"key":"Unceasing Top"},{"floor":29,"key":"Bottled Flame"},{"floor":31,"key":"Blood Vial"},{"floor":37,"key":"Calipers"},{"floor":39,"key":"Blue Candle"}],"event_choices":[{"damage_healed":0,"gold_gain":0,"player_choice":"Box","damage_taken":0,"relics_obtained":["Toy Ornithopter"],"max_hp_gain":0,"max_hp_loss":0,"event_name":"Big Fish","floor":4,"gold_loss":0,"cards_obtained":["Regret"]},{"cards_removed":["Strike_G"],"damage_healed":0,"gold_gain":0,"player_choice":"Card Removal","damage_taken":7,"max_hp_gain":0,"max_hp_loss":0,"event_name":"Golden Wing","floor":8,"gold_loss":0},{"damage_healed":0,"gold_gain":0,"player_choice":"Left","damage_taken":0,"max_hp_gain":0,"max_hp_loss":0,"event_name":"betterThird:BetterGoop","floor":13,"gold_loss":50},{"damage_healed":0,"gold_gain":0,"player_choice":"Relic","damage_taken":0,"max_hp_gain":0,"max_hp_loss":0,"event_name":"Wheel of Change","floor":20,"gold_loss":0},{"damage_healed":0,"gold_gain":0,"player_choice":"Read","damage_taken":0,"max_hp_gain":0,"max_hp_loss":0,"event_name":"The Library","floor":22,"gold_loss":0,"cards_obtained":["Noxious Fumes"]},{"damage_healed":0,"gold_gain":0,"player_choice":"Opened","damage_taken":0,"relics_obtained":["Vajra"],"max_hp_gain":0,"max_hp_loss":0,"event_name":"The Mausoleum","floor":24,"gold_loss":0},{"damage_healed":0,"gold_gain":0,"player_choice":"Fight","damage_taken":0,"max_hp_gain":0,"max_hp_loss":0,"event_name":"Colosseum","floor":29,"gold_loss":0},{"damage_healed":0,"gold_gain":0,"player_choice":"Fought Nobs","damage_taken":0,"max_hp_gain":0,"max_hp_loss":0,"event_name":"Colosseum","floor":29,"gold_loss":0},{"cards_removed":["Defend_G"],"damage_healed":0,"gold_gain":0,"player_choice":"Removed Skill","damage_taken":0,"max_hp_gain":0,"max_hp_loss":0,"event_name":"Falling","floor":36,"gold_loss":0},{"damage_healed":0,"gold_gain":0,"player_choice":"Fight","damage_taken":0,"max_hp_gain":0,"max_hp_loss":0,"event_name":"Mysterious Sphere","floor":37,"gold_loss":0}],"is_beta":false,"boss_relics":[{"not_picked":["SacredBark","Philosopher\u0027s Stone"],"picked":"Empty Cage"},{"not_picked":["Pandora\u0027s Box","Coffee Dripper"],"picked":"Sozu"}],"items_purged_floors":[],"is_endless":false,"potions_floor_spawned":[2,3,6,11,19,23,29,31,33,35],"killed_by":"Giant Head","ascension_level":1}}