{"host":"f76kcizrccta30ww","time":1614046553,"event":{"mods":["Act Like it!","Aspiration","BaseMod","Gensokyo","Marisa（F雨　魔理沙）","Minty Spire (QoL Compilation)","Pale of the Ancients","Replay The Spire","Shop Mod","StSLib","TestMod"],"gold_per_floor":[112,131,148,548,563,563,595,595,595,623,633,633,651,683,683,787,787,804,44,44,63,79,108,108,134,134,151,181,201,212,212,212,316,316,329,15,115,126,139,164,164,198,198,198,224,4,38,72,72,98,98,98,74,137,169],"floor_reached":56,"language":"ZHS","playtime":1952,"items_purged":["Defend_R","Barricade+1"],"score":1582,"play_id":"0539cffe-3bac-43bc-8be6-21394e356516","local_time":"20210223101553","is_ascension_mode":true,"campfire_choices":[{"data":"Flex","floor":6,"key":"SMITH"},{"data":"Streamline","floor":8,"key":"SMITH"},{"data":"Infernal Blade","floor":12,"key":"SMITH"},{"data":"Bash","floor":15,"key":"SMITH"},{"floor":24,"key":"RECALL"},{"data":"Infernal Blade","floor":32,"key":"SMITH"},{"data":"Barricade","floor":41,"key":"SMITH"},{"data":"Heavy Blade","floor":44,"key":"SMITH"},{"data":"Heavy Blade","floor":49,"key":"SMITH"},{"data":"Flex","floor":52,"key":"SMITH"}],"circlet_count":0,"master_deck":["Strike_R","Strike_R","Strike_R","Strike_R","Strike_R","Defend_R","Defend_R","Bash+1","Streamline+1","Flex+1","Twin Strike","Spot Weakness","Thunderclap","Infernal Blade+1","Flex+1","Hemogenesis+1","Clash","Carnage","Wild Strike","Infernal Blade+1","Heavy Blade+1","Clash","Immolate+1","Carnage","Cleave","Necronomicurse","Feed","Clothesline+1","Rampage","Heavy Blade+1","Cleave+1","Clothesline+1","Carnage","Heavy Blade+1","Flame Barrier+1","Heavy Blade","Hemogenesis"],"relics":["Burning Blood","testmod-TurbochargingSystem","m_SpellCore","testmod-HeartOfStrike","Pantograph","Sundial","Eternal Feather","aspiration:PoetsPen_weak","MerchantsRug","testmod-EqualTreatment","aspiration:StickyExplosives_weak","Orichalcum","Replay:WaspNest","Necronomicon","aspiration:SecretTechniqueScroll","Iron Hammer","Sling","HornCleat","ReplayTheSpireMod:Spearhead","Garlic","Guide Book","Replay:Bandana","Bag of Marbles"],"acts_visited":["Exordium","TheCity","TheBeyond","TheEnding"],"potions_floor_usage":[10,30,48,55],"damage_taken":[{"damage":1,"enemies":"Cultist","floor":1,"turns":3},{"damage":3,"enemies":"2 Louse","floor":2,"turns":2},{"damage":7,"enemies":"Small Slimes","floor":3,"turns":3},{"damage":5,"enemies":"Gremlin Gang","floor":5,"turns":3},{"damage":18,"enemies":"Lagavulin","floor":7,"turns":5},{"damage":4,"enemies":"Gremlin Nob","floor":10,"turns":3},{"damage":14,"enemies":"Lots of Slimes","floor":11,"turns":3},{"damage":4,"enemies":"2 Fungi Beasts","floor":13,"turns":3},{"damage":17,"enemies":"3 Sentries","floor":14,"turns":5},{"damage":13,"enemies":"Fading Forest","floor":16,"turns":11},{"damage":12,"enemies":"Shell Parasite","floor":18,"turns":2},{"damage":7,"enemies":"Chosen","floor":21,"turns":2},{"damage":0,"enemies":"Snake Plant","floor":22,"turns":1},{"damage":34,"enemies":"Replay:Snechameleon","floor":23,"turns":3},{"damage":30,"enemies":"Book of Stabbing","floor":25,"turns":3},{"damage":0,"enemies":"Cultist and Chosen","floor":27,"turns":1},{"damage":1,"enemies":"Slavers","floor":28,"turns":2},{"damage":0,"enemies":"Snecko","floor":29,"turns":1},{"damage":18,"enemies":"Snake Plant","floor":30,"turns":2},{"damage":8,"enemies":"Automaton","floor":33,"turns":3},{"damage":12,"enemies":"3 Shapes","floor":35,"turns":1},{"damage":0,"enemies":"3 Darklings","floor":38,"turns":1},{"damage":10,"enemies":"Jaw Worm Horde","floor":39,"turns":2},{"damage":12,"enemies":"Nemesis","floor":40,"turns":3},{"damage":7,"enemies":"Giant Head","floor":42,"turns":3},{"damage":38,"enemies":"Nemesis","floor":45,"turns":3},{"damage":0,"enemies":"R_Hoarder","floor":47,"turns":3},{"damage":12,"enemies":"Sphere and 2 Shapes","floor":48,"turns":2},{"damage":57,"enemies":"Awakened One","floor":50,"turns":6},{"damage":2,"enemies":"Shield and Spear","floor":54,"turns":2},{"damage":50,"enemies":"The Heart","floor":55,"turns":4}],"seed_played":"-5196279099818083809","potions_obtained":[{"floor":2,"key":"Weak Potion"},{"floor":5,"key":"Milkshake"},{"floor":11,"key":"Dexterity Potion"},{"floor":16,"key":"Reflective Coating"},{"floor":23,"key":"BloodPotion"},{"floor":25,"key":"DuplicationPotion"},{"floor":27,"key":"AttackPotion"},{"floor":30,"key":"Dexterity Potion"},{"floor":40,"key":"Explosive Potion"},{"floor":42,"key":"ColorlessPotion"},{"floor":47,"key":"ElixirPotion"},{"floor":54,"key":"Languid Potion"}],"is_trial":false,"path_per_floor":["M","M","M","?","M","R","E","R","T","E","M","R","M","E","R","B",null,"M","$","?","M","M","E","R","E","T","M","E","M","M","?","R","B",null,"M","$","?","M","M","E","R","E","T","R","E","$","E","M","R","B",null,"R","$","E","B",null],"character_chosen":"IRONCLAD","items_purchased":["MerchantsRug","testmod-EqualTreatment","aspiration:StickyExplosives_weak","Carnage","Iron Hammer","Sling","Guide Book","Heavy Blade"],"campfire_rested":0,"item_purchase_floors":[19,19,19,19,36,36,46,53],"current_hp_per_floor":[80,80,79,79,80,80,68,68,68,70,62,62,64,53,62,80,80,74,74,74,78,80,52,64,40,40,56,61,67,55,39,54,77,80,74,74,74,80,76,73,83,82,82,83,56,56,62,56,77,48,83,83,83,83,39],"gold":169,"neow_bonus":"NOSTALGIA","is_daily":false,"chose_seed":false,"campfire_upgraded":9,"win_rate":0.0,"timestamp":1614046553,"path_taken":["M","?","M","?","M","R","E","R","T","E","M","R","M","E","R","BOSS","M","$","?","M","M","E","R","E","T","?","E","M","?","?","R","BOSS","M","$","?","M","?","E","R","E","T","R","E","?","E","M","R","BOSS","R","$","E","BOSS"],"items_purchased_type":["Relic","Relic","Relic","Card","Relic","Relic","Relic","Card"],"build_version":"2020-12-22","purchased_purges":2,"victory":true,"max_hp_per_floor":[80,80,80,80,80,80,80,80,80,80,80,80,80,80,80,80,80,80,80,80,80,80,80,80,80,80,80,80,80,80,80,80,80,80,80,80,80,80,80,83,83,83,83,83,83,83,83,83,83,83,83,83,83,83,83],"card_choices":[{"not_picked":["Rebound","Sword Boomerang"],"picked":"Streamline","floor":1},{"not_picked":["Replay:Undeath\u0027s Touch","Entrench"],"picked":"Flex","floor":2},{"not_picked":["Berserk","Heavy Blade"],"picked":"Twin Strike","floor":3},{"not_picked":["Shrug It Off","Headbutt"],"picked":"Spot Weakness","floor":5},{"not_picked":["ReplayReversal","True Grit"],"picked":"Thunderclap","floor":7},{"not_picked":["Steam Power","ReplaySolidLightProjector"],"picked":"Barricade","floor":10},{"not_picked":["Defragment","Flex"],"picked":"Infernal Blade","floor":11},{"not_picked":["Abandon","Second Wind","ReplaySort"],"picked":"SKIP","floor":13},{"not_picked":["Life Link","Anger"],"picked":"Flex","floor":14},{"not_picked":["Fission","Impervious"],"picked":"Hemogenesis","floor":16},{"not_picked":["Inflame","Sword Boomerang"],"picked":"Clash","floor":18},{"not_picked":["Defy Death","Shrug It Off"],"picked":"Wild Strike","floor":21},{"not_picked":["Entrench","Armaments"],"picked":"Infernal Blade","floor":22},{"not_picked":["Life Link+1","ReplayTheSpireMod:Stacked","Armaments"],"picked":"SKIP","floor":23},{"not_picked":["Wild Strike","Entrench"],"picked":"Heavy Blade+1","floor":25},{"not_picked":["Second Wind","Ghostly Armor"],"picked":"Clash","floor":27},{"not_picked":["Entrench","Disarm"],"picked":"Immolate","floor":28},{"not_picked":["Body Slam+1","Iron Wave"],"picked":"Carnage","floor":29},{"not_picked":["Replay:Undeath\u0027s Touch+1","ReplayTheSpireMod:Muscle Training"],"picked":"Cleave","floor":30},{"not_picked":["Hemogenesis","Fiend Fire"],"picked":"Feed","floor":33},{"not_picked":["Wild Strike+1","Pommel Strike"],"picked":"Clothesline+1","floor":35},{"not_picked":["Clothesline","Wild Strike+1"],"picked":"Rampage","floor":38},{"not_picked":["Sword Boomerang","ReplayTheSpireMod:Strike From Hell+1"],"picked":"Heavy Blade","floor":39},{"not_picked":["Headbutt","Disarm+1"],"picked":"Cleave+1","floor":40},{"not_picked":["Flame Barrier","Twin Strike+1"],"picked":"Clothesline+1","floor":42},{"not_picked":["Replay:Undeath\u0027s Touch","Dark Embrace+1"],"picked":"Carnage","floor":45},{"not_picked":["Replay:Many Hands","True Grit"],"picked":"Heavy Blade","floor":47},{"not_picked":["Clash","Massacre+1"],"picked":"Flame Barrier+1","floor":48},{"not_picked":["Metallicize","ReplayTheSpireMod:Strike From Hell+1"],"picked":"Hemogenesis","floor":54}],"player_experience":36595,"relics_obtained":[{"floor":7,"key":"testmod-HeartOfStrike"},{"floor":9,"key":"Pantograph"},{"floor":10,"key":"Sundial"},{"floor":14,"key":"Eternal Feather"},{"floor":23,"key":"testmod-OneHitWonder"},{"floor":25,"key":"Orichalcum"},{"floor":28,"key":"Replay:WaspNest"},{"floor":31,"key":"Necronomicon"},{"floor":40,"key":"HornCleat"},{"floor":42,"key":"ReplayTheSpireMod:Spearhead"},{"floor":45,"key":"Garlic"},{"floor":47,"key":"Replay:Bandana"},{"floor":54,"key":"Bag of Marbles"}],"event_choices":[{"damage_healed":0,"gold_gain":400,"player_choice":"Sell","damage_taken":0,"max_hp_gain":0,"max_hp_loss":0,"event_name":"恩洛斯的盘子","floor":4,"relics_lost":["testmod-TestBox"],"gold_loss":0},{"cards_removed":["Defend_R"],"damage_healed":0,"gold_gain":0,"player_choice":"Purged","damage_taken":0,"max_hp_gain":0,"max_hp_loss":0,"event_name":"Purifier","floor":20,"gold_loss":0},{"damage_healed":0,"gold_gain":0,"player_choice":"Obtained Book","damage_taken":16,"max_hp_gain":0,"max_hp_loss":0,"event_name":"Cursed Tome","floor":31,"gold_loss":0},{"damage_healed":0,"gold_gain":100,"player_choice":"Pray","damage_taken":0,"max_hp_gain":0,"max_hp_loss":0,"event_name":"Golden Shrine","floor":37,"gold_loss":0}],"is_beta":false,"boss_relics":[{"not_picked":["Fusion Hammer","Kintsugi"],"picked":"aspiration:PoetsPen_weak"},{"not_picked":["testmod-IncinerationGenerator","testmod-Fanaticism"],"picked":"aspiration:SecretTechniqueScroll"}],"items_purged_floors":[19,46],"is_endless":false,"potions_floor_spawned":[2,5,11,16,23,25,27,30,35,40,42,47,54],"ascension_level":2}}