{"host":"6r762osam2bvfm66","time":1614088481,"event":{"mods":["AchievementEnabler","BaseMod","Colored Map","Highlight Path","Minty Spire (QoL Compilation)","Relic Stats","ojb\u0027s Info Mod"],"gold_per_floor":[117,292,309,40,55,81,81,107,131,157,157,176,176,194,194,291,291,310,42,60,150,164,190,190,218,218,245,35,48,59,72,72,169,169,181,199,199,45,65,93,105,132,144,184,212,236,248,260,272,284,296,308,156,185,185],"floor_reached":56,"language":"ENG","playtime":4265,"items_purged":["Doubt","Alpha"],"score":1766,"play_id":"45b9a625-67bd-4182-99d7-e854392257c1","local_time":"20210223075441","is_ascension_mode":true,"campfire_choices":[{"data":"Wallop","floor":7,"key":"SMITH"},{"data":"Crescendo","floor":15,"key":"SMITH"},{"data":"Adaptation","floor":32,"key":"SMITH"},{"floor":41,"key":"RECALL"},{"data":"Vault","floor":47,"key":"SMITH"},{"data":"Eruption","floor":49,"key":"SMITH"},{"data":"Prostrate","floor":52,"key":"SMITH"}],"circlet_count":0,"master_deck":["Eruption+1","Vigilance+1","WindmillStrike+1","Halt+1","Wallop+1","Worship","LessonLearned","Meditate+1","Crescendo+1","MentalFortress+1","Vault+1","FearNoEvil","EmptyFist","ClearTheMind+1","InnerPeace","Tantrum+1","Bite+1","Bite+1","Bite+1","Bite+1","Bite+1","TalkToTheHand+1","Prostrate+1","SandsOfTime+1","Prostrate+1","Adaptation+1","Ragnarok+1","EmptyBody","Wireheading","Collect+1","CrushJoints+1","Wallop+1","MentalFortress","ThirdEye"],"relics":["Black Star","Anchor","Potion Belt","Oddly Smooth Stone","Pear","Omamori","Lantern","Akabeko","Nunchaku","Calling Bell","Centennial Puzzle","HornCleat","Incense Burner","White Beast Statue","Molten Egg 2","War Paint","Ice Cream","Bottled Flame","Pantograph","Gambling Chip","InkBottle","Vajra","Pandora\u0027s Box","Bag of Marbles","MawBank","Smiling Mask","Dream Catcher","Bronze Scales","Pen Nib","Sundial","Unceasing Top"],"acts_visited":["Exordium","TheCity","TheBeyond","TheEnding"],"potions_floor_usage":[6,8,20,22,29,45,50,55,55,55,55],"damage_taken":[{"damage":11,"enemies":"2 Louse","floor":1,"turns":3},{"damage":1,"enemies":"Cultist","floor":3,"turns":3},{"damage":0,"enemies":"Jaw Worm","floor":5,"turns":2},{"damage":2,"enemies":"Gremlin Nob","floor":6,"turns":4},{"damage":11,"enemies":"3 Sentries","floor":8,"turns":6},{"damage":2,"enemies":"Lagavulin","floor":10,"turns":6},{"damage":0,"enemies":"Exordium Thugs","floor":12,"turns":2},{"damage":2,"enemies":"Lots of Slimes","floor":14,"turns":4},{"damage":28,"enemies":"Slime Boss","floor":16,"turns":10},{"damage":0,"enemies":"Chosen","floor":18,"turns":4},{"damage":0,"enemies":"2 Thieves","floor":20,"turns":4},{"damage":0,"enemies":"Centurion and Healer","floor":22,"turns":8},{"damage":29,"enemies":"Slavers","floor":23,"turns":7},{"damage":17,"enemies":"Gremlin Leader","floor":25,"turns":7},{"damage":7,"enemies":"Book of Stabbing","floor":27,"turns":5},{"damage":7,"enemies":"Snecko","floor":29,"turns":4},{"damage":0,"enemies":"3 Cultists","floor":30,"turns":5},{"damage":0,"enemies":"Centurion and Healer","floor":31,"turns":4},{"damage":0,"enemies":"Champ","floor":33,"turns":6},{"damage":13,"enemies":"Orb Walker","floor":35,"turns":5},{"damage":0,"enemies":"3 Shapes","floor":36,"turns":2},{"damage":0,"enemies":"Spire Growth","floor":39,"turns":4},{"damage":0,"enemies":"Nemesis","floor":40,"turns":3},{"damage":0,"enemies":"3 Darklings","floor":42,"turns":3},{"damage":0,"enemies":"Giant Head","floor":44,"turns":6},{"damage":4,"enemies":"Maw","floor":45,"turns":3},{"damage":13,"enemies":"4 Shapes","floor":46,"turns":5},{"damage":27,"enemies":"Awakened One","floor":50,"turns":8},{"damage":5,"enemies":"Shield and Spear","floor":54,"turns":6},{"damage":16,"enemies":"The Heart","floor":55,"turns":6}],"seed_played":"-6127129901180201816","potions_obtained":[{"floor":3,"key":"AttackPotion"},{"floor":5,"key":"Block Potion"},{"floor":12,"key":"Swift Potion"},{"floor":16,"key":"Dexterity Potion"},{"floor":20,"key":"Energy Potion"},{"floor":22,"key":"BlessingOfTheForge"},{"floor":23,"key":"SteroidPotion"},{"floor":25,"key":"Strength Potion"},{"floor":29,"key":"CultistPotion"},{"floor":30,"key":"Ambrosia"},{"floor":31,"key":"AttackPotion"},{"floor":35,"key":"DistilledChaos"},{"floor":36,"key":"PowerPotion"},{"floor":45,"key":"Fire Potion"},{"floor":46,"key":"DuplicationPotion"},{"floor":54,"key":"SpeedPotion"}],"is_trial":false,"path_per_floor":["M","?","M","$","M","E","R","E","T","E","?","M","?","M","R","B",null,"M","$","M","?","M","E","?","E","T","E","$","M","M","M","R","B",null,"M","M","?","$","M","E","R","M","T","E","M","M","R","T","R","B",null,"R","$","E","B",null],"character_chosen":"WATCHER","items_purchased":["Anchor","Wallop","White Beast Statue","EmptyFist","Vajra","Prostrate","Bag of Marbles","MentalFortress","ThirdEye"],"campfire_rested":0,"item_purchase_floors":[4,4,19,19,28,28,38,53,53],"current_hp_per_floor":[54,54,53,53,53,51,51,50,50,48,48,48,48,46,46,18,66,66,66,66,48,48,19,19,23,23,31,31,36,51,57,57,57,57,50,53,53,53,53,56,56,57,57,57,57,47,47,47,47,40,53,53,53,55,50],"gold":185,"neow_bonus":"BOSS_RELIC","is_daily":false,"chose_seed":false,"campfire_upgraded":6,"win_rate":0.0,"timestamp":1614088481,"path_taken":["M","?","M","$","M","E","R","E","T","E","?","?","?","M","R","BOSS","M","$","M","?","?","E","?","E","T","E","$","M","M","M","R","BOSS","M","M","?","$","M","E","R","?","T","E","M","M","R","?","R","BOSS","R","$","E","BOSS"],"items_purchased_type":["Relic","Card","Relic","Card","Relic","Card","Relic","Card","Card"],"build_version":"2020-12-22","purchased_purges":2,"victory":true,"max_hp_per_floor":[72,72,72,72,72,72,72,82,82,82,82,82,82,82,82,82,82,82,82,82,82,82,82,57,57,57,57,57,57,57,57,57,57,57,57,57,57,57,57,57,57,57,57,57,57,57,57,57,57,57,57,57,57,57,57],"relic_stats":{"counters":[30,145],"Pen Nib":[5],"War Paint":["Vigilance","Defend_P"],"MawBank":156,"Smiling Mask":50,"Nunchaku":[25],"Centennial Puzzle":[30],"Dream Catcher":0,"Sundial":[0],"Pantograph":12,"Gambling Chip":[38],"Bronze Scales":[131],"Pandora\u0027s Box":["EmptyBody","Alpha","Wireheading","Collect"],"Black Star":9,"obtain_stats":[{"Ice Cream":25,"Lantern":10,"Vajra":28,"Incense Burner":17,"Smiling Mask":40,"Nunchaku":13,"Centennial Puzzle":17,"Dream Catcher":44,"HornCleat":17,"Sundial":54,"Pantograph":26,"Gambling Chip":27,"InkBottle":27,"Potion Belt":6,"Pear":8,"Oddly Smooth Stone":6,"Pen Nib":48,"Omamori":9,"War Paint":23,"MawBank":40,"Akabeko":10,"White Beast Statue":19,"Calling Bell":17,"Anchor":4,"Bottled Flame":25,"Bronze Scales":44,"Molten Egg 2":23,"Pandora\u0027s Box":34,"Black Star":0,"Bag of Marbles":38,"PureWater":0,"Unceasing Top":54},{"Ice Cream":14,"Lantern":6,"Vajra":15,"Incense Burner":9,"Smiling Mask":23,"Nunchaku":7,"Centennial Puzzle":9,"Dream Catcher":25,"HornCleat":9,"Sundial":29,"Pantograph":14,"Gambling Chip":15,"InkBottle":15,"Potion Belt":4,"Pear":5,"Oddly Smooth Stone":4,"Pen Nib":27,"Omamori":5,"War Paint":13,"MawBank":23,"Akabeko":6,"White Beast Statue":10,"Calling Bell":9,"Anchor":2,"Bottled Flame":14,"Bronze Scales":25,"Molten Egg 2":13,"Pandora\u0027s Box":19,"Black Star":0,"Bag of Marbles":21,"PureWater":0,"Unceasing Top":29},{"Ice Cream":70,"Lantern":24,"Vajra":75,"Incense Burner":40,"Smiling Mask":108,"Nunchaku":26,"Centennial Puzzle":40,"Dream Catcher":117,"HornCleat":40,"Sundial":139,"Pantograph":70,"Gambling Chip":75,"InkBottle":75,"Potion Belt":12,"Pear":18,"Oddly Smooth Stone":12,"Pen Nib":125,"Omamori":18,"War Paint":63,"MawBank":108,"Akabeko":24,"White Beast Statue":44,"Calling Bell":40,"Anchor":6,"Bottled Flame":70,"Bronze Scales":117,"Molten Egg 2":63,"Pandora\u0027s Box":94,"Black Star":0,"Bag of Marbles":101,"PureWater":0,"Unceasing Top":139}],"InkBottle":[28],"Unceasing Top":[0]},"card_choices":[{"not_picked":["FollowUp","FlurryOfBlows"],"picked":"WindmillStrike","floor":1},{"not_picked":["LikeWater","Indignation"],"picked":"Halt","floor":3},{"not_picked":["Evaluate","ClearTheMind"],"picked":"Worship","floor":5},{"not_picked":["Conclude","Blasphemy"],"picked":"LessonLearned","floor":6},{"not_picked":["Evaluate","WindmillStrike","Collect"],"picked":"SKIP","floor":8},{"not_picked":["CarveReality","FlurryOfBlows"],"picked":"Meditate","floor":10},{"not_picked":["CutThroughFate","SashWhip"],"picked":"Crescendo","floor":12},{"not_picked":["Wallop","FlurryOfBlows"],"picked":"MentalFortress","floor":14},{"not_picked":["Alpha","DeusExMachina"],"picked":"Vault","floor":16},{"not_picked":["WreathOfFlame","Ragnarok"],"picked":"FearNoEvil","floor":18},{"not_picked":["BowlingBash","Swivel"],"picked":"ClearTheMind+1","floor":20},{"not_picked":["WindmillStrike","Perseverance"],"picked":"InnerPeace","floor":22},{"not_picked":["JustLucky+1","Ragnarok+1"],"picked":"Tantrum+1","floor":23},{"not_picked":["CarveReality+1","PathToVictory+1"],"picked":"TalkToTheHand+1","floor":25},{"not_picked":["Protect","PathToVictory+1","FollowUp+1"],"picked":"SKIP","floor":27},{"not_picked":["Vengeance","Protect+1"],"picked":"SandsOfTime+1","floor":29},{"not_picked":["Consecrate+1","JustLucky+1"],"picked":"Prostrate","floor":30},{"not_picked":["Alpha","Study"],"picked":"Adaptation","floor":31},{"not_picked":["SpiritShield","Judgement"],"picked":"Ragnarok+1","floor":33},{"not_picked":["JustLucky+1","ClearTheMind+1","Pray"],"picked":"SKIP","floor":35},{"not_picked":["CutThroughFate+1","Conclude+1"],"picked":"CrushJoints+1","floor":36},{"not_picked":["Crescendo","CutThroughFate+1","BowlingBash+1"],"picked":"SKIP","floor":39},{"not_picked":["ClearTheMind","FlurryOfBlows+1","LessonLearned+1"],"picked":"SKIP","floor":40},{"not_picked":["FlyingSleeves+1","Conclude+1","EmptyFist+1"],"picked":"SKIP","floor":42},{"not_picked":["CarveReality+1","CutThroughFate+1","FlurryOfBlows+1"],"picked":"SKIP","floor":44},{"not_picked":["BowlingBash+1","Fasting2+1"],"picked":"Wallop+1","floor":45},{"not_picked":["Meditate","FlurryOfBlows+1","Evaluate+1"],"picked":"SKIP","floor":46},{"not_picked":["CrushJoints+1","ForeignInfluence","Prostrate"],"picked":"SKIP","floor":54}],"player_experience":130020,"relics_obtained":[{"floor":6,"key":"Potion Belt"},{"floor":6,"key":"Oddly Smooth Stone"},{"floor":8,"key":"Pear"},{"floor":9,"key":"Omamori"},{"floor":10,"key":"Lantern"},{"floor":10,"key":"Akabeko"},{"floor":17,"key":"Centennial Puzzle"},{"floor":17,"key":"HornCleat"},{"floor":17,"key":"Incense Burner"},{"floor":23,"key":"Molten Egg 2"},{"floor":23,"key":"War Paint"},{"floor":25,"key":"Ice Cream"},{"floor":25,"key":"Bottled Flame"},{"floor":26,"key":"Pantograph"},{"floor":27,"key":"Gambling Chip"},{"floor":27,"key":"InkBottle"},{"floor":40,"key":"MawBank"},{"floor":40,"key":"Smiling Mask"},{"floor":44,"key":"Dream Catcher"},{"floor":44,"key":"Bronze Scales"},{"floor":48,"key":"Pen Nib"},{"floor":54,"key":"Sundial"},{"floor":54,"key":"Unceasing Top"}],"event_choices":[{"damage_healed":0,"gold_gain":175,"player_choice":"AGREE","damage_taken":0,"max_hp_gain":0,"max_hp_loss":0,"event_name":"Liars Game","floor":2,"gold_loss":0,"cards_obtained":["Doubt"]},{"damage_healed":0,"gold_gain":0,"player_choice":"Forge","damage_taken":0,"max_hp_gain":0,"max_hp_loss":0,"event_name":"Accursed Blacksmith","floor":11,"gold_loss":0,"cards_upgraded":["Meditate"]},{"damage_healed":0,"gold_gain":0,"player_choice":"Searched \u00271\u0027 times","damage_taken":0,"relics_obtained":["Nunchaku"],"max_hp_gain":0,"max_hp_loss":0,"event_name":"Dead Adventurer","floor":13,"gold_loss":0},{"damage_healed":0,"gold_gain":90,"player_choice":"POTION GOLD ","damage_taken":18,"max_hp_gain":0,"max_hp_loss":0,"event_name":"Knowing Skull","floor":21,"potions_obtained":["Energy Potion"],"gold_loss":0,"cards_obtained":[]},{"damage_healed":0,"gold_gain":0,"player_choice":"Became a vampire","damage_taken":0,"max_hp_gain":0,"max_hp_loss":25,"event_name":"Vampires","floor":24,"gold_loss":0,"cards_obtained":["Bite","Bite","Bite","Bite","Bite"]},{"damage_healed":0,"gold_gain":0,"player_choice":"Ignored","damage_taken":0,"max_hp_gain":0,"max_hp_loss":0,"event_name":"SecretPortal","floor":37,"gold_loss":0}],"is_beta":false,"boss_relics":[{"not_picked":["Tiny House","Astrolabe"],"picked":"Calling Bell"},{"not_picked":["SlaversCollar","Velvet Choker"],"picked":"Pandora\u0027s Box"}],"items_purged_floors":[4,53],"is_endless":false,"potions_floor_spawned":[3,5,12,16,20,22,23,25,27,29,30,31,33,35,36,39,40,42,44,45,46,54],"ascension_level":6}}