{"host":"uceopoba4zvqsgiy","time":1614072669,"event":{"mods":["2.2 Compatiblity","Act Like it!","BaseMod","Better Skull","Better Third Choice","Elementarium","Evolution","GifTheSpireLib","Hermit","Humility","Infinite Spire","Jorbs\u0027s Wanderer Trilogy","Marked Mod","Minty Spire (QoL Compilation)","Potionbrewer","Reliquary","Replay The Spire","Robot Space Explorer","Shade Mod","Spicy Shops","StS++","StSLib","Stuff the Spire","The Blue Laboratory","The Caster","The Cursed","The Dragon Tamer","The Dragonkin","The Hierophant","The Judge","The Jungle","TheSurvivalist","Wandering Minibosses"],"gold_per_floor":[112,112,39,39,214,249,249,266,266,301,314,325,315,315],"floor_reached":13,"language":"ENG","playtime":458,"items_purged":[],"score":221,"play_id":"6fc1d7b7-9fd6-4150-8f4f-ce43e7900228","local_time":"20210223200109","is_ascension_mode":true,"campfire_choices":[{"data":"Static Discharge","floor":7,"key":"SMITH"}],"circlet_count":0,"master_deck":["Sweeping Beam","Sweeping Beam","Sweeping Beam","Sweeping Beam","Leap","Leap","Leap","Leap","Zap","Dualcast","Sunder+1","Static Discharge+1","Doubt","Force Field","Static Discharge","StSpp:Saturation","Sunder"],"relics":["Cracked Core","EVO:Axolotl","NeowsBlessing","Meat on the Bone","reliquary:GummyVitamins","Quantum Egg"],"acts_visited":["Exordium"],"potions_floor_usage":[],"damage_taken":[{"damage":0,"enemies":"Jaw Worm","floor":1,"turns":1},{"damage":0,"enemies":"Gremlin Nob","floor":6,"turns":1},{"damage":0,"enemies":"Cultist","floor":8,"turns":1},{"damage":22,"enemies":"Lagavulin","floor":10,"turns":5},{"damage":0,"enemies":"2 Louse","floor":11,"turns":3},{"damage":12,"enemies":"Exordium Wildlife","floor":12,"turns":3},{"damage":59,"enemies":"Gremlin Nob","floor":13,"turns":3}],"seed_played":"-5646749317349593095","potions_obtained":[{"floor":6,"key":"blueLaboratory:CorrosionFlask"},{"floor":8,"key":"blueLaboratory:ExaltedPotion"},{"floor":11,"key":"blueLaboratory:NullPotion"}],"is_trial":false,"path_per_floor":["M","?","$","$","?","E","R","M","T","E","M","M","E"],"character_chosen":"DEFECT","items_purchased":["Static Discharge"],"campfire_rested":0,"item_purchase_floors":[3],"current_hp_per_floor":[73,73,73,73,73,73,73,73,73,51,51,51,0,0],"gold":315,"neow_bonus":"THREE_ENEMY_KILL","is_daily":false,"chose_seed":false,"campfire_upgraded":1,"win_rate":0.0,"timestamp":1614072669,"path_taken":["M","?","?","$","?","E","R","M","T","E","?","M","E"],"items_purchased_type":["Card"],"build_version":"2020-12-22","purchased_purges":0,"victory":false,"max_hp_per_floor":[80,80,80,80,80,80,80,80,80,80,80,80,80,80],"card_choices":[{"not_picked":["Turbo","Melter"],"picked":"Sunder","floor":1},{"not_picked":["Stack","BasicCrystalCard","Streamline"],"picked":"SKIP","floor":6},{"not_picked":["BasicCrystalCard","Streamline"],"picked":"Force Field","floor":8},{"not_picked":["Hologram","Compile Driver"],"picked":"Static Discharge","floor":10},{"not_picked":["Gash","Turbo"],"picked":"StSpp:Saturation","floor":11},{"not_picked":["StuffTheSpire:LoadUp","Panic Button"],"picked":"Sunder","floor":12}],"player_experience":1866764,"relics_obtained":[{"floor":6,"key":"Meat on the Bone"},{"floor":9,"key":"reliquary:GummyVitamins"},{"floor":10,"key":"Quantum Egg"}],"event_choices":[{"damage_healed":0,"gold_gain":0,"player_choice":"Upgraded","damage_taken":0,"max_hp_gain":0,"max_hp_loss":0,"event_name":"Upgrade Shrine","floor":2,"gold_loss":0,"cards_upgraded":["Sunder"]},{"damage_healed":0,"gold_gain":175,"player_choice":"AGREE","damage_taken":39,"max_hp_gain":0,"max_hp_loss":0,"event_name":"betterThird:BetterSerpent","floor":5,"gold_loss":0}],"is_beta":false,"boss_relics":[],"items_purged_floors":[],"is_endless":false,"potions_floor_spawned":[6,8,11],"killed_by":"Gremlin Nob","ascension_level":9,"is_humility":true}}