{"host":"2l5k2wp87eek7qja","time":1614101335,"event":{"mods":["BaseMod","Colored Map","Minty Spire (QoL Compilation)","Relic Stats"],"gold_per_floor":[117,127,127,143,57,57,86,148,148,148,148,148,148],"floor_reached":12,"language":"ENG","playtime":345,"items_purged":[],"score":152,"play_id":"07d19012-a288-4524-936c-13ac59408ed5","local_time":"20210223192855","is_ascension_mode":true,"campfire_choices":[{"data":"Glass Knife","floor":6,"key":"SMITH"},{"data":"Corpse Explosion","floor":11,"key":"SMITH"}],"circlet_count":0,"master_deck":["AscendersBane","Strike_G","Strike_G","Strike_G","Strike_G","Strike_G","Defend_G","Defend_G+1","Defend_G","Defend_G","Defend_G","Survivor","Neutralize","Skewer+1","Deadly Poison","Corpse Explosion+1","Glass Knife+1","Cloak And Dagger","Dash"],"relics":["Ring of the Snake","Omamori","Bottled Lightning","Nunchaku","Centennial Puzzle","Smiling Mask"],"acts_visited":["Exordium"],"potions_floor_usage":[7],"damage_taken":[{"damage":0,"enemies":"Small Slimes","floor":1,"turns":5},{"damage":0,"enemies":"2 Louse","floor":2,"turns":3},{"damage":0,"enemies":"Cultist","floor":4,"turns":3},{"damage":11,"enemies":"Gremlin Nob","floor":7,"turns":3},{"damage":12,"enemies":"3 Sentries","floor":8,"turns":3},{"damage":24,"enemies":"3 Sentries","floor":12,"turns":7}],"seed_played":"-7187974972220455468","potions_obtained":[{"floor":1,"key":"CunningPotion"},{"floor":8,"key":"Explosive Potion"}],"is_trial":false,"path_per_floor":["M","M","?","M","$","R","E","?","T","?","R","E"],"character_chosen":"THE_SILENT","items_purchased":["Glass Knife"],"campfire_rested":0,"item_purchase_floors":[5],"current_hp_per_floor":[59,59,39,39,39,39,28,16,16,16,16,0,0],"gold":148,"neow_bonus":"RANDOM_COMMON_RELIC","is_daily":false,"chose_seed":false,"campfire_upgraded":2,"win_rate":0.0,"timestamp":1614101335,"path_taken":["M","M","?","M","$","R","E","?","T","?","R","E"],"items_purchased_type":["Card"],"build_version":"2020-12-22","purchased_purges":0,"victory":false,"max_hp_per_floor":[66,66,66,66,66,66,66,66,66,66,66,66,66],"relic_stats":{"Nunchaku":[1],"Centennial Puzzle":[3],"counters":[6,24],"Smiling Mask":0,"obtain_stats":[{"Nunchaku":8,"Centennial Puzzle":9,"Omamori":0,"Bottled Lightning":7,"Smiling Mask":10,"Ring of the Snake":0},{"Nunchaku":5,"Centennial Puzzle":5,"Omamori":0,"Bottled Lightning":4,"Smiling Mask":5,"Ring of the Snake":0},{"Nunchaku":17,"Centennial Puzzle":17,"Omamori":0,"Bottled Lightning":14,"Smiling Mask":17,"Ring of the Snake":0}],"Ring of the Snake":[12]},"card_choices":[{"not_picked":["Bane","Sucker Punch"],"picked":"Skewer","floor":1},{"not_picked":["Deflect","Acrobatics"],"picked":"Deadly Poison","floor":2},{"not_picked":["Quick Slash","Caltrops"],"picked":"Corpse Explosion","floor":4},{"not_picked":["Dodge and Roll","Slice"],"picked":"Cloak And Dagger","floor":7},{"not_picked":["Flechettes","Well Laid Plans"],"picked":"Dash","floor":8}],"player_experience":863624,"relics_obtained":[{"floor":7,"key":"Bottled Lightning"},{"floor":8,"key":"Nunchaku"},{"floor":9,"key":"Centennial Puzzle"}],"event_choices":[{"damage_healed":0,"gold_gain":0,"player_choice":"Entered Light","damage_taken":20,"max_hp_gain":0,"max_hp_loss":0,"event_name":"Shining Light","floor":3,"gold_loss":0,"cards_upgraded":["Skewer","Defend_G"]},{"damage_healed":0,"gold_gain":0,"player_choice":"Searched \u00271\u0027 times","damage_taken":0,"max_hp_gain":0,"max_hp_loss":0,"event_name":"Dead Adventurer","floor":8,"gold_loss":0},{"damage_healed":0,"gold_gain":0,"player_choice":"Gave Potion","damage_taken":0,"relics_obtained":["Smiling Mask"],"max_hp_gain":0,"max_hp_loss":0,"event_name":"WeMeetAgain","floor":10,"gold_loss":0}],"is_beta":false,"boss_relics":[],"items_purged_floors":[],"is_endless":false,"potions_floor_spawned":[1,8],"killed_by":"3 Sentries","ascension_level":20}}