{"host":"gop1q6bv59twswbp","time":1614104444,"event":{"mods":["AlwaysNeverKeys","BaseMod","Downfall","Hermit","Minty Spire (QoL Compilation)","Permanent Neow","Rare Cards Sparkle","StSLib","The Cursed"],"gold_per_floor":[113,288,298,248,248,248,279,279,304,319,331,331,361,361,361,463,463,481,499,499,59,74,74,74],"floor_reached":23,"language":"ENG","playtime":1378,"items_purged":["Doubt"],"score":199,"play_id":"08075c71-61a0-407e-a75e-69ecd36cea3a","local_time":"20210223132044","is_ascension_mode":false,"campfire_choices":[{"data":"hermit:Vantage","floor":6,"key":"SMITH"},{"floor":8,"key":"REST"},{"floor":15,"key":"REST"}],"circlet_count":0,"master_deck":["hermit:Strike_Hermit","hermit:Strike_Hermit","hermit:Strike_Hermit","hermit:Strike_Hermit","hermit:Defend_Hermit","hermit:Defend_Hermit","hermit:Snapshot","hermit:Covet","hermit:Glare+1","hermit:Vantage+1","hermit:BodyArmor","hermit:ShadowCloak","hermit:Maintenance+1","hermit:BodyArmor","hermit:FatalDesire","CurseOfTheBell","hermit:Shortfuse","hermit:FullyLoaded","hermit:WideOpen"],"relics":["hermit:Momento","StoneCalendar","Smiling Mask","hermit:RyeStalk","Torii","Calling Bell","Nunchaku","Sundial","WingedGreaves","FaceOfCleric","Bottled Flame","ClockworkSouvenir"],"acts_visited":["Exordium","TheCity"],"potions_floor_usage":[13,13,18],"damage_taken":[{"damage":3,"enemies":"2 Louse","floor":1,"turns":2},{"damage":1,"enemies":"Cultist","floor":3,"turns":4},{"damage":34,"enemies":"Lagavulin","floor":7,"turns":7},{"damage":0,"enemies":"Jaw Worm","floor":10,"turns":2},{"damage":0,"enemies":"Looter","floor":11,"turns":4},{"damage":14,"enemies":"Gremlin Nob","floor":13,"turns":5},{"damage":9,"enemies":"Hexaghost","floor":16,"turns":12},{"damage":23,"enemies":"3 Byrds","floor":18,"turns":7},{"damage":9,"enemies":"Shell Parasite","floor":19,"turns":7},{"damage":1,"enemies":"Centurion and Healer","floor":22,"turns":7},{"damage":43,"enemies":"Gremlin Leader","floor":23,"turns":3}],"seed_played":"-5743209516875877882","potions_obtained":[{"floor":1,"key":"BlessingOfTheForge"},{"floor":11,"key":"PowerPotion"},{"floor":13,"key":"LiquidMemories"}],"is_trial":false,"path_per_floor":["M","?","M","?","?","R","E","R","T","M","M","?","E","?","R","B",null,"M","M","?","$","M","E"],"character_chosen":"HERMIT","items_purchased":["Bottled Flame","ClockworkSouvenir"],"campfire_rested":2,"item_purchase_floors":[21,21],"current_hp_per_floor":[51,51,50,50,50,50,16,38,38,38,38,38,24,17,39,30,75,52,43,43,43,43,0,0],"gold":74,"neow_bonus":"ONE_RARE_RELIC","is_daily":false,"chose_seed":false,"campfire_upgraded":1,"win_rate":0.0,"timestamp":1614104444,"path_taken":["M","?","M","?","?","R","E","R","T","M","?","?","E","?","R","BOSS","M","M","?","$","M","E"],"items_purchased_type":["Relic","Relic"],"build_version":"2020-12-22","purchased_purges":1,"victory":false,"max_hp_per_floor":[75,75,75,75,75,75,75,75,75,75,75,75,75,75,75,75,75,75,75,75,75,76,76,76],"card_choices":[{"not_picked":["hermit:LoneWolf","hermit:TakeAim"],"picked":"hermit:Glare","floor":1},{"not_picked":["hermit:Ricochet","hermit:CursedWeapon"],"picked":"hermit:Vantage","floor":3},{"not_picked":["hermit:Spite","hermit:HoleUp"],"picked":"hermit:BodyArmor","floor":7},{"not_picked":["hermit:Shortfuse","hermit:FromBeyond"],"picked":"hermit:ShadowCloak","floor":10},{"not_picked":["hermit:Scavenge","hermit:Brawl"],"picked":"hermit:Maintenance","floor":11},{"not_picked":["hermit:Misfire","hermit:PistolWhip"],"picked":"hermit:BodyArmor","floor":13},{"not_picked":["hermit:FromBeyond","hermit:OverwhelmingPower"],"picked":"hermit:FatalDesire","floor":16},{"not_picked":["hermit:Glare+1","hermit:BigShot"],"picked":"hermit:Shortfuse","floor":18},{"not_picked":["hermit:Gestalt","hermit:Snipe+1"],"picked":"hermit:FullyLoaded","floor":19},{"not_picked":["hermit:ItchyTrigger","hermit:TrackingShot"],"picked":"hermit:WideOpen","floor":22}],"player_experience":1003039,"relics_obtained":[{"floor":7,"key":"Smiling Mask"},{"floor":9,"key":"hermit:RyeStalk"},{"floor":13,"key":"Torii"},{"floor":17,"key":"Nunchaku"},{"floor":17,"key":"Sundial"},{"floor":17,"key":"WingedGreaves"}],"event_choices":[{"damage_healed":0,"gold_gain":175,"player_choice":"AGREE","damage_taken":0,"max_hp_gain":0,"max_hp_loss":0,"event_name":"Liars Game","floor":2,"gold_loss":0,"cards_obtained":["Doubt"]},{"cards_removed":["hermit:Defend_Hermit"],"damage_healed":0,"gold_gain":0,"player_choice":"Card Removal","damage_taken":0,"max_hp_gain":0,"max_hp_loss":0,"event_name":"The Cleric","floor":4,"gold_loss":50},{"damage_healed":0,"gold_gain":0,"player_choice":"Upgraded","damage_taken":0,"max_hp_gain":0,"max_hp_loss":0,"event_name":"Upgrade Shrine","floor":5,"gold_loss":0,"cards_upgraded":["hermit:Glare"]},{"damage_healed":0,"gold_gain":0,"player_choice":"Grow","damage_taken":0,"max_hp_gain":0,"max_hp_loss":0,"event_name":"Living Wall","floor":12,"gold_loss":0,"cards_upgraded":["hermit:Maintenance"]},{"cards_removed":["hermit:Defend_Hermit"],"damage_healed":0,"gold_gain":0,"player_choice":"Card Removal","damage_taken":7,"max_hp_gain":0,"max_hp_loss":0,"event_name":"Golden Wing","floor":14,"gold_loss":0},{"damage_healed":0,"gold_gain":0,"player_choice":"Trade","damage_taken":0,"relics_obtained":["FaceOfCleric"],"max_hp_gain":0,"max_hp_loss":0,"event_name":"FaceTrader","floor":20,"gold_loss":0}],"is_beta":false,"boss_relics":[{"not_picked":["SacredBark","Philosopher\u0027s Stone"],"picked":"Calling Bell"}],"items_purged_floors":[21],"is_endless":false,"potions_floor_spawned":[1,11,13],"killed_by":"Gremlin Leader","ascension_level":0}}