{"host":"kvh5342rl0c7vxi5","time":1614041890,"event":{"mods":["Act Like it!","BaseMod","Bestiary","Better Third Choice","Challenge The Spire","Downfall","Duelist Mod","GifTheSpireLib","Gremlin Mod","Hermit","Hubris","Ironclad Rager","Jorbs\u0027s Wanderer Trilogy","Melee Mod","Minty Spire (QoL Compilation)","Potionbrewer","Quick Restart","Relic Stats","Spicy Shops","Spire Arcade","StSLib","SuperFastMode","The Forsaken","The Judge","The Mystic","The Poker Player","The Sage","slay the spire mod where everything is the same but ironclad has a cowboy hat"],"gold_per_floor":[251,48,76,108,134,134,134,134,168,194,222,222,44,44,72,97,138,150,150],"floor_reached":18,"language":"ENG","playtime":3513,"items_purged":["Strike_G","Strike_G"],"score":510,"play_id":"09c5e16d-c81d-40f6-b014-d66cc8022651","local_time":"20210222195810","daily_mods":["challengethespire:Platinum Difficulty","challengethespire:Modded Elite Rush","Uncertain Future"],"is_ascension_mode":true,"campfire_choices":[{"data":"Noxious Fumes","floor":7,"key":"SMITH"},{"data":"Footwork","floor":8,"key":"SMITH"},{"data":"Envenom","floor":14,"key":"SMITH"}],"circlet_count":0,"master_deck":["AscendersBane","Strike_G","Strike_G","Strike_G","Defend_G","Defend_G","Defend_G","Defend_G","Defend_G","Survivor","Neutralize","Footwork+1","Cloak And Dagger","Underhanded Strike","Noxious Fumes+1","Masterful Stab","Prepared","Dagger Throw","Reflex","Footwork","Dodge and Roll","Envenom+1","Dash","Blade Dance","Acrobatics"],"relics":["Ring of the Serpent","Black Star","Sling","PreservedInsect","ClockworkSouvenir","potionbrewer:Torch","MealTicket","Pocketwatch","Snake Skull","Blue Candle","hexamod:CandleOfCauterizing","hubris:VirtuousBlindfold","hexamod:BolsterEngine","theForsaken:Kindling","hubris:AstralHammer","theForsaken:Lifeblossom","Vajra","champ:DeflectingBracers","potionbrewer:MortarAndPestle","hubris:CrystalStatue","MawBank","Slimebound:StickyStick","Unceasing Top","Du-Vu Doll"],"acts_visited":["Exordium"],"potions_floor_usage":[9],"damage_taken":[{"damage":0,"enemies":"3 Sentries","floor":3,"turns":7},{"damage":2,"enemies":"Lagavulin","floor":4,"turns":6},{"damage":6,"enemies":"Gremlin Nob","floor":5,"turns":3},{"damage":14,"enemies":"Book of Stabbing","floor":9,"turns":4},{"damage":12,"enemies":"Slavers","floor":10,"turns":5},{"damage":0,"enemies":"theDuelist:KaibaA2","floor":11,"turns":5},{"damage":43,"enemies":"Reptomancer","floor":15,"turns":9},{"damage":5,"enemies":"Nemesis","floor":16,"turns":5},{"damage":0,"enemies":"Giant Head","floor":17,"turns":5},{"damage":39,"enemies":"Shield and Spear","floor":18,"turns":3}],"seed_played":"-292351074939952079","potions_obtained":[{"floor":3,"key":"Swift Potion"},{"floor":10,"key":"potionbrewer:AcidPotion"},{"floor":16,"key":"potionbrewer:AcidPotion"}],"is_trial":true,"path_per_floor":["$","$","E","E","E","T","R","R","E","E","E","T","$","R","E","E","E","E"],"character_chosen":"THE_SILENT","items_purchased":["Footwork","Cloak And Dagger","ClockworkSouvenir","Underhanded Strike","Noxious Fumes","Masterful Stab","Dash"],"campfire_rested":0,"item_purchase_floors":[1,1,1,1,2,2,13],"current_hp_per_floor":[59,59,59,57,51,51,51,51,37,25,31,31,46,46,9,10,16,0,0],"gold":150,"neow_bonus":"","is_daily":false,"chose_seed":false,"campfire_upgraded":3,"win_rate":0.0,"timestamp":1614041890,"path_taken":["$","$","E","E","E","T","R","R","E","E","E","T","$","R","E","E","E","E"],"items_purchased_type":["Card","Card","Relic","Card","Card","Card","Card"],"build_version":"2020-12-22","purchased_purges":2,"victory":false,"max_hp_per_floor":[66,66,66,66,66,66,66,66,66,66,66,66,66,66,66,66,66,66,66],"relic_stats":{"counters":[10,52],"Blue Candle":[0],"MealTicket":15,"PreservedInsect":519,"Snake Skull":[72],"Black Star":9,"MawBank":24,"obtain_stats":[{"hubris:CrystalStatue":15,"hubris:VirtuousBlindfold":6,"Vajra":11,"theForsaken:Lifeblossom":10,"Snake Skull":4,"Sling":0,"ClockworkSouvenir":1,"theForsaken:Kindling":9,"hubris:AstralHammer":10,"Slimebound:StickyStick":16,"MealTicket":3,"Ring of the Snake":0,"hexamod:CandleOfCauterizing":5,"Blue Candle":5,"potionbrewer:MortarAndPestle":15,"PreservedInsect":0,"champ:DeflectingBracers":11,"MawBank":16,"potionbrewer:Torch":3,"Du-Vu Doll":17,"Black Star":0,"hexamod:BolsterEngine":9,"Ring of the Serpent":12,"Unceasing Top":17,"Pocketwatch":4},{"hubris:CrystalStatue":7,"hubris:VirtuousBlindfold":3,"Vajra":6,"theForsaken:Lifeblossom":5,"Snake Skull":2,"Sling":0,"ClockworkSouvenir":0,"theForsaken:Kindling":4,"hubris:AstralHammer":5,"Slimebound:StickyStick":8,"MealTicket":1,"Ring of the Snake":0,"hexamod:CandleOfCauterizing":3,"Blue Candle":3,"potionbrewer:MortarAndPestle":7,"PreservedInsect":0,"champ:DeflectingBracers":6,"MawBank":8,"potionbrewer:Torch":1,"Du-Vu Doll":9,"Black Star":0,"hexamod:BolsterEngine":4,"Ring of the Serpent":6,"Unceasing Top":9,"Pocketwatch":2},{"hubris:CrystalStatue":39,"hubris:VirtuousBlindfold":16,"Vajra":30,"theForsaken:Lifeblossom":25,"Snake Skull":13,"Sling":0,"ClockworkSouvenir":0,"theForsaken:Kindling":20,"hubris:AstralHammer":25,"Slimebound:StickyStick":44,"MealTicket":7,"Ring of the Snake":0,"hexamod:CandleOfCauterizing":16,"Blue Candle":16,"potionbrewer:MortarAndPestle":39,"PreservedInsect":0,"champ:DeflectingBracers":30,"MawBank":44,"potionbrewer:Torch":7,"Du-Vu Doll":49,"Black Star":0,"hexamod:BolsterEngine":20,"Ring of the Serpent":30,"Unceasing Top":49,"Pocketwatch":13}],"Unceasing Top":[1],"Pocketwatch":[15]},"card_choices":[],"player_experience":597497,"relics_obtained":[{"floor":3,"key":"potionbrewer:Torch"},{"floor":3,"key":"MealTicket"},{"floor":4,"key":"Pocketwatch"},{"floor":4,"key":"Snake Skull"},{"floor":5,"key":"Blue Candle"},{"floor":5,"key":"hexamod:CandleOfCauterizing"},{"floor":9,"key":"hexamod:BolsterEngine"},{"floor":9,"key":"theForsaken:Kindling"},{"floor":10,"key":"hubris:AstralHammer"},{"floor":10,"key":"theForsaken:Lifeblossom"},{"floor":11,"key":"Vajra"},{"floor":11,"key":"champ:DeflectingBracers"},{"floor":15,"key":"potionbrewer:MortarAndPestle"},{"floor":15,"key":"hubris:CrystalStatue"},{"floor":16,"key":"MawBank"},{"floor":16,"key":"Slimebound:StickyStick"},{"floor":17,"key":"Unceasing Top"},{"floor":17,"key":"Du-Vu Doll"}],"event_choices":[],"is_beta":false,"boss_relics":[{"not_picked":["Sozu","Pandora\u0027s Box"],"picked":"hubris:VirtuousBlindfold"},{"not_picked":["hubris:GrandSneckoEye","hubris:BlackHole"],"picked":"Ring of the Serpent"}],"items_purged_floors":[2,13],"is_endless":false,"potions_floor_spawned":[3,10,16],"killed_by":"Shield and Spear","ascension_level":20}}