{"host":"2se5dq1do2gp0x9k","time":1614095074,"event":{"mods":["AchievementEnabler","BaseMod","Block Reminder","Colored Map","Colored Powertips","Minty Spire (QoL Compilation)","Relic Stats","StSLib","SuperFastMode"],"gold_per_floor":[112,125,125,142,158,189,24,58,58,58,58],"floor_reached":10,"language":"ENG","playtime":419,"items_purged":[],"score":156,"play_id":"735671f4-4e3a-4bf2-bc38-b051438f692b","local_time":"20210223074434","is_ascension_mode":true,"campfire_choices":[],"circlet_count":0,"master_deck":["AscendersBane","Strike_B","Strike_B","Strike_B","Strike_B","Defend_B","Defend_B","Defend_B","Defend_B","Zap","Dualcast","CurseOfTheBell","Ball Lightning","Capacitor","Doom and Gloom","Buffer"],"relics":["Calling Bell","Oddly Smooth Stone","Cables","Emotion Chip","Potion Belt","OrangePellets","Matryoshka","Regal Pillow","Symbiotic Virus"],"acts_visited":["Exordium"],"potions_floor_usage":[8,8],"damage_taken":[{"damage":8.0,"enemies":"2 Louse","floor":1.0,"turns":4.0},{"damage":0.0,"enemies":"Small Slimes","floor":2.0,"turns":3.0},{"damage":0.0,"enemies":"Cultist","floor":4.0,"turns":3.0},{"damage":8.0,"enemies":"3 Louse","floor":5.0,"turns":4.0},{"damage":22.0,"enemies":"Lagavulin","floor":6.0,"turns":4.0},{"damage":34,"enemies":"Gremlin Nob","floor":8,"turns":5},{"damage":10,"enemies":"3 Sentries","floor":10,"turns":2}],"seed_played":"8695332815723709220","potions_obtained":[{"floor":2.0,"key":"Regen Potion"},{"floor":5.0,"key":"Strength Potion"}],"is_trial":false,"path_per_floor":["M","M","?","M","M","E","$","E","T","E"],"character_chosen":"DEFECT","items_purchased":["OrangePellets"],"campfire_rested":0,"item_purchase_floors":[7],"current_hp_per_floor":[56,56,61,61,53,31,31,2,2,0,0],"gold":58,"neow_bonus":"BOSS_RELIC","is_daily":false,"chose_seed":false,"campfire_upgraded":0,"win_rate":0.0,"timestamp":1614095074,"path_taken":["M","M","?","M","M","E","$","E","T","E"],"items_purchased_type":["Relic"],"build_version":"2020-12-22","purchased_purges":0,"victory":false,"max_hp_per_floor":[71,71,76,76,76,76,76,76,76,76,76],"relic_stats":{"OrangePellets":[1],"Emotion Chip":[14,8,0,6,0],"Regal Pillow":0,"counters":[7,25],"obtain_stats":[{"Calling Bell":0,"Potion Belt":6,"OrangePellets":7,"Emotion Chip":0,"Regal Pillow":9,"Matryoshka":8,"Oddly Smooth Stone":0,"Cracked Core":0,"Symbiotic Virus":9,"Cables":0},{"Calling Bell":0,"Potion Belt":5,"OrangePellets":5,"Emotion Chip":0,"Regal Pillow":6,"Matryoshka":6,"Oddly Smooth Stone":0,"Cracked Core":0,"Symbiotic Virus":6,"Cables":0},{"Calling Bell":0,"Potion Belt":18,"OrangePellets":18,"Emotion Chip":0,"Regal Pillow":23,"Matryoshka":23,"Oddly Smooth Stone":0,"Cracked Core":0,"Symbiotic Virus":23,"Cables":0}],"Cables":[21,8,0,13,0]},"card_choices":[{"not_picked":["Gash","Storm"],"picked":"Ball Lightning","floor":1.0},{"not_picked":["Genetic Algorithm","Rip and Tear"],"picked":"Capacitor","floor":2.0},{"not_picked":["Turbo","All For One"],"picked":"Doom and Gloom","floor":4.0},{"not_picked":["Go for the Eyes","BootSequence","Melter"],"picked":"SKIP","floor":5.0},{"not_picked":["Capacitor","Steam","Machine Learning"],"picked":"SKIP","floor":6.0},{"not_picked":["Coolheaded","Double Energy"],"picked":"Buffer","floor":8}],"player_experience":4130529,"relics_obtained":[{"floor":0.0,"key":"Oddly Smooth Stone"},{"floor":0.0,"key":"Cables"},{"floor":0.0,"key":"Emotion Chip"},{"floor":6.0,"key":"Potion Belt"},{"floor":8,"key":"Matryoshka"},{"floor":9,"key":"Regal Pillow"},{"floor":9,"key":"Symbiotic Virus"}],"event_choices":[{"damage_healed":0.0,"max_hp_gain":5.0,"max_hp_loss":0.0,"gold_gain":0.0,"event_name":"Big Fish","player_choice":"Donut","floor":3.0,"gold_loss":0.0,"damage_taken":0.0}],"is_beta":false,"boss_relics":[],"items_purged_floors":[],"is_endless":false,"potions_floor_spawned":[2,5],"killed_by":"3 Sentries","ascension_level":20}}