{"host":"rykcscnxwcosqdkz","time":1614124568,"event":{"mods":["100% Spire Juice","BaseMod","Conspire","DeckTracker","GifTheSpireLib","Hubris","Infinite Spire","JesterMod","Minty Spire (QoL Compilation)","Reliquary","Shade Mod","StSLib","Stuff the Spire","The Alterego","The Servant 0.9.4"],"gold_per_floor":[109,109,109,109,122,122,135,135,135,165,165,165,185,196,76,180,180,192,192,204,129,129,129,169,169,169,185,185,185,185,85,85,180,180,190,200,200,200,200,107,107,126,126,32,32,32,43,55,55,55],"floor_reached":51,"language":"ENG","playtime":2144,"items_purged":["Moonworks:IndiscriminateFireSupport","Moonworks:IndiscriminateFireSupport"],"score":801,"play_id":"e17a78b8-2693-4c64-911c-a3cc07744cda","local_time":"20210224005608","is_ascension_mode":false,"campfire_choices":[{"data":"Moonworks:StarBlastingFuse","floor":6,"key":"SMITH"},{"data":"Moonworks:Accelerator","floor":8,"key":"SMITH"},{"floor":11,"key":"REST"},{"floor":15,"key":"REST"},{"data":"Moonworks:EvilSpyWorkPreparation","floor":23,"key":"SMITH"},{"floor":25,"key":"REST"},{"floor":28,"key":"REST"},{"data":"Moonworks:LulusLuckyEgg","floor":30,"key":"SMITH"},{"data":"Moonworks:Ambush","floor":32,"key":"SMITH"},{"data":"Moonworks:HolyNight","floor":41,"key":"SMITH"},{"floor":46,"key":"REST"},{"data":"infinitespire:FutureSight","floor":49,"key":"SMITH"}],"circlet_count":0,"master_deck":["Moonworks:Strike","Moonworks:Strike+1","Moonworks:Strike+1","Moonworks:Defend","Moonworks:Defend","Moonworks:Defend","Moonworks:Defend","Moonworks:Ambush+1","Moonworks:LongDistanceShot","Moonworks:StarBlastingFuse+1","Moonworks:LulusLuckyEgg+1","Moonworks:SweetBattle","Moonworks:Accelerator+1","Moonworks:Dash","Moonworks:NicePresent","Moonworks:StarBlastingFuse+1","Moonworks:EvilSpyWorkPreparation+1","Moonworks:NicePresent","Moonworks:NicePresent","Moonworks:Accelerator+1","Moonworks:WindyEnchantment","Moonworks:EvilSpyWorkPreparation+1","infinitespire:FutureSight+1","Moonworks:HolyNight+1","Moonworks:ScrambledEve"],"relics":["Moonworks:BrokenBomb","Moonworks:Homemark","hubris:Icosahedron","Mummified Hand","Bird Faced Urn","conspire:SpecialSausage","hubris:SlimyHat","White Beast Statue","SlaversCollar","reliquary:SharkskinSheath","reliquary:NewFriend","hubris:ToyBattleship"],"acts_visited":["Exordium","TheCity","TheBeyond"],"potions_floor_usage":[10,27,27,27,27,35,40,44,44,47,50],"damage_taken":[{"damage":0,"enemies":"2 Louse","floor":1,"turns":2},{"damage":5,"enemies":"Small Slimes","floor":5,"turns":3},{"damage":16,"enemies":"Jaw Worm","floor":7,"turns":3},{"damage":36,"enemies":"Gremlin Nob","floor":10,"turns":5},{"damage":0,"enemies":"2 Fungi Beasts","floor":13,"turns":1},{"damage":21,"enemies":"Red Slaver","floor":14,"turns":5},{"damage":23,"enemies":"Hexaghost","floor":16,"turns":8},{"damage":14,"enemies":"conspire:FuzzyDice","floor":18,"turns":5},{"damage":16,"enemies":"Shell Parasite","floor":20,"turns":4},{"damage":40,"enemies":"conspire:MimicChest","floor":24,"turns":9},{"damage":20,"enemies":"conspire:HollyBat","floor":27,"turns":7},{"damage":16,"enemies":"Collector","floor":33,"turns":6},{"damage":2,"enemies":"Orb Walker","floor":35,"turns":4},{"damage":5,"enemies":"3 Shapes","floor":36,"turns":3},{"damage":0,"enemies":"Nemesis","floor":40,"turns":5},{"damage":0,"enemies":"Transient","floor":42,"turns":5},{"damage":38,"enemies":"Reptomancer","floor":44,"turns":4},{"damage":7,"enemies":"Writhing Mass","floor":47,"turns":3},{"damage":18,"enemies":"3 Darklings","floor":48,"turns":2},{"damage":45,"enemies":"Awakened One","floor":50,"turns":4}],"seed_played":"3722384569666414039","potions_obtained":[{"floor":10,"key":"Ancient Potion"},{"floor":13,"key":"Energy Potion"},{"floor":20,"key":"Regen Potion"},{"floor":27,"key":"Weak Potion"},{"floor":33,"key":"SkillPotion"},{"floor":35,"key":"SteroidPotion"},{"floor":36,"key":"DuplicationPotion"},{"floor":40,"key":"Energy Potion"},{"floor":44,"key":"Block Potion"},{"floor":47,"key":"AttackPotion"},{"floor":48,"key":"Regen Potion"}],"is_trial":false,"path_per_floor":["M","?","?","?","M","R","M","R","T","E","R","?","M","M","R","B",null,"M","?","M","$","?","R","?","R","T","M","R","?","R","$","R","B",null,"M","M","?","?","?","E","R","M","T","E","$","R","M","M","R","B",null],"character_chosen":"THE_STARBREAKER","items_purchased":[],"campfire_rested":5,"item_purchase_floors":[],"current_hp_per_floor":[60,60,48,48,47,47,35,35,35,3,21,21,21,4,22,9,60,52,52,44,44,44,44,10,28,28,27,45,45,45,45,45,41,60,60,55,40,40,40,56,56,60,60,30,30,48,54,48,48,21],"gold":55,"neow_bonus":"ONE_RANDOM_RARE_CARD","is_daily":false,"chose_seed":false,"campfire_upgraded":7,"win_rate":0.0,"timestamp":1614124568,"path_taken":["M","?","?","?","?","R","M","R","T","E","R","?","M","?","R","BOSS","M","?","M","?","?","R","?","R","T","M","R","?","R","$","R","BOSS","M","?","?","?","?","E","R","M","T","E","?","R","M","M","R","BOSS"],"items_purchased_type":[],"build_version":"2020-12-22","purchased_purges":2,"victory":true,"max_hp_per_floor":[60,60,60,60,60,60,60,60,60,60,60,60,60,60,60,60,60,60,60,60,60,60,60,60,60,60,60,60,60,60,60,60,60,60,60,60,60,60,60,60,60,60,60,60,60,60,60,60,60,60],"card_choices":[{"not_picked":["Moonworks:IndiscriminateFireSupport","Moonworks:EvilSpyWorkPreparation","Moonworks:DeployBits"],"picked":"SKIP","floor":1},{"not_picked":["Moonworks:ForcedRevival","Moonworks:ImOnFire","Moonworks:FinalSurgery"],"picked":"SKIP","floor":5},{"not_picked":["Moonworks:CookingTime","Moonworks:IntelligenceOfficer"],"picked":"Moonworks:Accelerator","floor":7},{"not_picked":["Moonworks:JonathanRush","Moonworks:CloudOfSeagulls"],"picked":"Moonworks:Dash","floor":10},{"not_picked":["Moonworks:BigMagnum","Moonworks:CloudOfSeagulls","Moonworks:ReproductionOfRecords"],"picked":"SKIP","floor":13},{"not_picked":["Moonworks:BigMagnum","Moonworks:LuckyCharm"],"picked":"Moonworks:NicePresent","floor":14},{"not_picked":["Moonworks:Encore","Moonworks:AnotherUltimateWeapon"],"picked":"Moonworks:StarBlastingFuse","floor":16},{"not_picked":["Moonworks:SealedMemories","Moonworks:CookingTime"],"picked":"Moonworks:EvilSpyWorkPreparation","floor":18},{"not_picked":["Moonworks:IndiscriminateFireSupport+1","Moonworks:SakisCookie+1"],"picked":"Moonworks:NicePresent","floor":20},{"not_picked":["Moonworks:MiracleWalker","Moonworks:SweetBattle+1"],"picked":"Moonworks:NicePresent","floor":24},{"not_picked":["Moonworks:DevilHand+1","Moonworks:ImmovableObject","Moonworks:ImOnFire"],"picked":"SKIP","floor":27},{"not_picked":["Moonworks:GoAway","Moonworks:FinalBattle"],"picked":"Moonworks:Accelerator","floor":33},{"not_picked":["Moonworks:ImOnFire+1","Moonworks:LuckyCharm+1"],"picked":"Moonworks:WindyEnchantment","floor":35},{"not_picked":["Moonworks:ImmovableObject+1","Moonworks:SealedMemories+1"],"picked":"Moonworks:EvilSpyWorkPreparation+1","floor":36},{"not_picked":["hubris:Rewind","hubris:InfiniteBlow"],"picked":"infinitespire:FutureSight","floor":37},{"not_picked":["Moonworks:RedAndBlue","Moonworks:UnluckyCharm"],"picked":"Moonworks:HolyNight","floor":40},{"not_picked":["Moonworks:ImOnFire","Moonworks:Assault+1","Moonworks:IndiscriminateFireSupport"],"picked":"SKIP","floor":42},{"not_picked":["Moonworks:EvilMastermind","Moonworks:CloudOfSeagulls"],"picked":"Moonworks:ScrambledEve","floor":44},{"not_picked":["Moonworks:CloudOfSeagulls","Moonworks:Assault+1","Moonworks:BindingChains+1"],"picked":"SKIP","floor":47},{"not_picked":["Moonworks:FullSpeedAlicianrone","Moonworks:BigMagnum+1","Moonworks:StiffCrystal"],"picked":"SKIP","floor":48}],"player_experience":69807,"relics_obtained":[{"floor":9,"key":"Mummified Hand"},{"floor":10,"key":"Bird Faced Urn"},{"floor":24,"key":"hubris:SlimyHat"},{"floor":26,"key":"White Beast Statue"},{"floor":40,"key":"reliquary:SharkskinSheath"},{"floor":43,"key":"reliquary:NewFriend"},{"floor":44,"key":"hubris:ToyBattleship"}],"event_choices":[{"damage_healed":0,"gold_gain":0,"player_choice":"Entered Light","damage_taken":12,"max_hp_gain":0,"max_hp_loss":0,"event_name":"Shining Light","floor":3,"gold_loss":0,"cards_upgraded":["Moonworks:Strike","Moonworks:Strike"]},{"cards_removed":["Moonworks:JonathanRush"],"damage_healed":0,"gold_gain":0,"player_choice":"Purged","damage_taken":0,"max_hp_gain":0,"max_hp_loss":0,"event_name":"Purifier","floor":12,"gold_loss":0},{"damage_healed":0,"gold_gain":0,"player_choice":"Ignored","damage_taken":0,"max_hp_gain":0,"max_hp_loss":0,"event_name":"NoteForYourself","floor":19,"gold_loss":0},{"damage_healed":0,"gold_gain":0,"player_choice":"Ignored","damage_taken":0,"max_hp_gain":0,"max_hp_loss":0,"event_name":"Vampires","floor":22,"gold_loss":0},{"damage_healed":0,"gold_gain":0,"player_choice":"Upgraded","damage_taken":0,"max_hp_gain":0,"max_hp_loss":0,"event_name":"Upgrade Shrine","floor":29,"gold_loss":0,"cards_upgraded":["Moonworks:StarBlastingFuse"]},{"cards_removed":["Moonworks:Strike"],"damage_healed":0,"gold_gain":0,"player_choice":"Removed Attack","damage_taken":0,"max_hp_gain":0,"max_hp_loss":0,"event_name":"Falling","floor":39,"gold_loss":0}],"is_beta":false,"boss_relics":[{"not_picked":["reliquary:Ember","hubris:BlackHole"],"picked":"conspire:SpecialSausage"},{"not_picked":["hubris:Stopwatch","SacredBark"],"picked":"SlaversCollar"}],"items_purged_floors":[21,31],"is_endless":false,"potions_floor_spawned":[10,13,20,27,33,35,36,40,42,44,47,48],"ascension_level":0}}