{"host":"4yf2n7l3ni368tvf","time":1614067072,"event":{"mods":["AchievementEnabler","BaseMod","Colored Map","DeckTracker","Keyboard Shortcuts","Minty Spire (QoL Compilation)","SuperFastMode"],"gold_per_floor":[115,115,37,47,47,80,80,112,163,191,191,208,218,230,230,329,329,343,443,193,222,235,269,269,121,121,150,167,179,31,44,44,139,139,150,169,144,158,174,174,396,396,396,396,396,66,66,94,94,94],"floor_reached":51,"language":"KOR","playtime":1626,"items_purged":["Bash"],"score":808,"play_id":"6ae826ba-237d-47a5-9e8c-8ef49f288e24","local_time":"20210223165752","is_ascension_mode":false,"campfire_choices":[{"data":"Perfected Strike","floor":7.0,"key":"SMITH"},{"data":"Perfected Strike","floor":11.0,"key":"SMITH"},{"data":"Perfected Strike","floor":15.0,"key":"SMITH"},{"data":"Flex","floor":24.0,"key":"SMITH"},{"floor":32.0,"key":"REST"},{"floor":40.0,"key":"REST"},{"data":"Seeing Red","floor":42.0,"key":"SMITH"},{"data":"Double Tap","floor":44.0,"key":"SMITH"},{"data":"Flex","floor":47.0,"key":"SMITH"},{"floor":49.0,"key":"REST"}],"circlet_count":0,"master_deck":["Strike_R","Strike_R","Strike_R","Strike_R","Strike_R","Defend_R","Defend_R","Defend_R","Defend_R+1","Flame Barrier+1","Perfected Strike+1","Perfected Strike+1","Flex+1","Perfected Strike+1","Flex+1","Pommel Strike","Sword Boomerang+1","Twin Strike","Pommel Strike","Shrug It Off","Pommel Strike","Double Tap+1","Seeing Red+1","Pommel Strike","Shrug It Off"],"relics":["Burning Blood","NeowsBlessing","Pen Nib","Orichalcum","Ancient Tea Set","War Paint","SlaversCollar","Self Forming Clay","Red Mask","Bottled Flame","Anchor","Happy Flower","Art of War","ClockworkSouvenir","Runic Cube","Pear","Bag of Preparation","Regal Pillow"],"acts_visited":["Exordium","TheCity","TheBeyond"],"potions_floor_usage":[50,50],"damage_taken":[{"damage":0.0,"enemies":"2 Louse","floor":1.0,"turns":1.0},{"damage":0.0,"enemies":"Cultist","floor":4.0,"turns":1.0},{"damage":0.0,"enemies":"Gremlin Nob","floor":6.0,"turns":1.0},{"damage":31.0,"enemies":"Lagavulin","floor":8.0,"turns":4.0},{"damage":8.0,"enemies":"Gremlin Nob","floor":10.0,"turns":3.0},{"damage":0.0,"enemies":"Small Slimes","floor":12.0,"turns":3.0},{"damage":4.0,"enemies":"Looter","floor":13.0,"turns":2.0},{"damage":0.0,"enemies":"Large Slime","floor":14.0,"turns":3.0},{"damage":68.0,"enemies":"Hexaghost","floor":16.0,"turns":10.0},{"damage":8.0,"enemies":"Shell Parasite","floor":18.0,"turns":3.0},{"damage":18.0,"enemies":"Masked Bandits","floor":21.0,"turns":4.0},{"damage":0.0,"enemies":"Chosen","floor":22.0,"turns":5.0},{"damage":12.0,"enemies":"Book of Stabbing","floor":23.0,"turns":3.0},{"damage":4.0,"enemies":"Slavers","floor":27.0,"turns":3.0},{"damage":18.0,"enemies":"Sentry and Sphere","floor":28.0,"turns":5.0},{"damage":16.0,"enemies":"Centurion and Healer","floor":29.0,"turns":4.0},{"damage":10.0,"enemies":"Shelled Parasite and Fungi","floor":31.0,"turns":3.0},{"damage":59.0,"enemies":"Automaton","floor":33.0,"turns":7.0},{"damage":0.0,"enemies":"Orb Walker","floor":35.0,"turns":1.0},{"damage":23.0,"enemies":"3 Darklings","floor":36.0,"turns":6.0},{"damage":20.0,"enemies":"Writhing Mass","floor":38.0,"turns":4.0},{"damage":23.0,"enemies":"4 Shapes","floor":39.0,"turns":5.0},{"damage":4.0,"enemies":"Nemesis","floor":48.0,"turns":5.0},{"damage":80,"enemies":"Awakened One","floor":50,"turns":8}],"seed_played":"-7679754052133031084","potions_obtained":[{"floor":4.0,"key":"SteroidPotion"},{"floor":12.0,"key":"ElixirPotion"},{"floor":14.0,"key":"ElixirPotion"},{"floor":18.0,"key":"BloodPotion"},{"floor":21.0,"key":"BlessingOfTheForge"},{"floor":27.0,"key":"Weak Potion"},{"floor":35.0,"key":"Explosive Potion"}],"is_trial":false,"path_per_floor":["M","?","$","M","?","E","R","E","T","E","R","M","M","M","R","B",null,"M","?","$","?","M","E","R","$","T","E","M","M","$","M","R","B",null,"M","M","$","M","M","R","?","R","T","R","?","$","R","E","R","B",null],"character_chosen":"IRONCLAD","items_purchased":["Flame Barrier","Self Forming Clay","Anchor","ClockworkSouvenir","Pommel Strike","Bag of Preparation","Shrug It Off","PowerPotion"],"campfire_rested":3,"item_purchase_floors":[3,20,25,30,37,46,46,46],"current_hp_per_floor":[80,85,85,85,85,85,85,60,60,58,58,64,66,72,72,10,85,83,83,83,71,77,71,71,71,71,73,61,51,51,47,72,19,85,85,68,68,54,37,62,62,62,72,72,72,72,72,74,95,40],"gold":94,"neow_bonus":"THREE_ENEMY_KILL","is_daily":false,"chose_seed":false,"campfire_upgraded":7,"win_rate":0.0,"timestamp":1614067072,"path_taken":["M","?","$","M","?","E","R","E","T","E","R","M","M","M","R","BOSS","M","?","?","?","M","E","R","$","T","E","M","M","$","M","R","BOSS","M","M","$","M","M","R","?","R","T","R","?","$","R","E","R","BOSS"],"items_purchased_type":["Card","Relic","Relic","Relic","Card","Relic","Card","Potion"],"build_version":"2020-12-22","purchased_purges":1,"victory":true,"max_hp_per_floor":[80,85,85,85,85,85,85,85,85,85,85,85,85,85,85,85,85,85,85,85,85,85,85,85,85,85,85,85,85,85,85,85,85,85,85,85,85,85,85,85,85,85,95,95,95,95,95,95,95,95],"card_choices":[{"not_picked":["Clash","Iron Wave","True Grit"],"picked":"SKIP","floor":1.0},{"not_picked":["Wild Strike","Flex"],"picked":"Perfected Strike","floor":4.0},{"not_picked":["Reckless Charge","Demon Form"],"picked":"Perfected Strike","floor":6.0},{"not_picked":["Spot Weakness","Rampage","Entrench"],"picked":"SKIP","floor":8.0},{"not_picked":["Sword Boomerang","Impervious"],"picked":"Flex","floor":10.0},{"not_picked":["Entrench","Twin Strike"],"picked":"Perfected Strike","floor":12.0},{"not_picked":["Bloodletting","Spot Weakness"],"picked":"Flex","floor":13.0},{"not_picked":["Dropkick","Anger","Clothesline"],"picked":"SKIP","floor":14.0},{"not_picked":["Limit Break","Exhume"],"picked":"Demon Form","floor":16.0},{"not_picked":["Shockwave","Ghostly Armor"],"picked":"Pommel Strike","floor":18.0},{"not_picked":["Fire Breathing","Clash"],"picked":"Sword Boomerang+1","floor":21.0},{"not_picked":["Disarm","Armaments+1"],"picked":"Twin Strike","floor":22.0},{"not_picked":["Offering","Brutality"],"picked":"Pommel Strike","floor":23.0},{"not_picked":["Heavy Blade+1","Armaments"],"picked":"Shrug It Off","floor":27.0},{"not_picked":["Armaments","Burning Pact+1"],"picked":"Pommel Strike","floor":28.0},{"not_picked":["True Grit","Armaments","Blood for Blood"],"picked":"SKIP","floor":29.0},{"not_picked":["Sentinel","True Grit","Flex"],"picked":"SKIP","floor":31.0},{"not_picked":["Reaper","Juggernaut"],"picked":"Double Tap","floor":33.0},{"not_picked":["Cleave+1","Second Wind+1"],"picked":"Seeing Red","floor":35.0},{"not_picked":["Intimidate","Sword Boomerang","Anger"],"picked":"SKIP","floor":36.0},{"not_picked":["Fire Breathing+1","Cleave+1","Dark Embrace+1"],"picked":"SKIP","floor":38.0},{"not_picked":["Feel No Pain+1","Havoc+1","Searing Blow"],"picked":"SKIP","floor":39.0},{"not_picked":["Pommel Strike","Heavy Blade","Carnage+1"],"picked":"SKIP","floor":48.0}],"player_experience":272969,"relics_obtained":[{"floor":6.0,"key":"Pen Nib"},{"floor":8.0,"key":"Orichalcum"},{"floor":9.0,"key":"Ancient Tea Set"},{"floor":10.0,"key":"War Paint"},{"floor":21.0,"key":"Red Mask"},{"floor":23.0,"key":"Bottled Flame"},{"floor":26.0,"key":"Happy Flower"},{"floor":27.0,"key":"Art of War"},{"floor":43.0,"key":"Pear"},{"floor":48.0,"key":"Regal Pillow"}],"event_choices":[{"damage_healed":0.0,"max_hp_gain":5.0,"max_hp_loss":0.0,"gold_gain":0.0,"event_name":"Big Fish","player_choice":"Donut","floor":2.0,"gold_loss":0.0,"damage_taken":0.0},{"damage_healed":0.0,"max_hp_gain":0.0,"max_hp_loss":0.0,"gold_gain":0.0,"event_name":"The Cleric","player_choice":"Leave","floor":5.0,"gold_loss":0.0,"damage_taken":0.0},{"damage_healed":0.0,"max_hp_gain":0.0,"max_hp_loss":0.0,"gold_gain":100.0,"event_name":"Golden Shrine","player_choice":"Pray","floor":19.0,"gold_loss":0.0,"damage_taken":0.0},{"damage_healed":0.0,"max_hp_gain":0.0,"max_hp_loss":0.0,"gold_gain":0.0,"event_name":"Masked Bandits","player_choice":"Fought Bandits","floor":21.0,"gold_loss":0.0,"damage_taken":0.0},{"damage_healed":0.0,"max_hp_gain":0.0,"max_hp_loss":0.0,"gold_gain":222.0,"event_name":"Tomb of Lord Red Mask","player_choice":"Wore Mask","floor":41.0,"gold_loss":0.0,"damage_taken":0.0},{"cards_removed":["Demon Form"],"damage_healed":0.0,"max_hp_gain":0.0,"max_hp_loss":0.0,"gold_gain":0.0,"event_name":"Falling","player_choice":"Removed Power","floor":45.0,"gold_loss":0.0,"damage_taken":0.0}],"is_beta":false,"boss_relics":[{"not_picked":["Pandora\u0027s Box","Tiny House"],"picked":"SlaversCollar"},{"not_picked":["Coffee Dripper","SacredBark"],"picked":"Runic Cube"}],"items_purged_floors":[46],"is_endless":false,"potions_floor_spawned":[4,12,14,18,21,27,28,31,35,48],"ascension_level":0}}