{"host":"y4fuci1jk2rsxnep","time":1614109078,"event":{"mods":["AchievementEnabler","BaseMod","Colored Powertips","Custom Start","Defuse TimeMaze Blight","Dio Mod","Downfall","Hermit","Hero for Fun","Hubris","Hunter ??","Infinite Spire","Minty Spire (QoL Compilation)","Quick Restart","Reliquary","Remove Card Discount Mod","Replay The Spire","StSLib","The Blackbeard","The Bug Knight","The Mystic","The Runesmith"],"gold_per_floor":[99,114,129,144,244,259,259,274,289,304,304,334,19,34,49,149,149,149,164,179,194,194,194,194,194,194,259,274,274,289,304,319,419,419,419,434,434,434,449,441,466,466,481,511,311,326,356,401,416,416],"floor_reached":51,"language":"ENG","playtime":2810,"items_purged":["Defend_R","Defend_R","Defend_R","Defend_R"],"score":892,"play_id":"36dfb87d-4899-44d0-b48c-ead8c75f187a","local_time":"20210223203758","daily_mods":["Heirloom","Vintage","Elite Swarm"],"is_ascension_mode":false,"campfire_choices":[{"data":"Bash","floor":11,"key":"SMITH"},{"data":"Limit Break","floor":18,"key":"SMITH"},{"data":"Replay:Fractal Strike","floor":29,"key":"SMITH"},{"data":"Limit Break","floor":35,"key":"SMITH"},{"floor":45,"key":"RECALL"}],"circlet_count":0,"master_deck":["Strike_R","Strike_R","Strike_R","Strike_R","Strike_R","Bash+1","Limit Break+1","Limit Break+1","Replay:Fractal Strike+1","ReplayTheSpireMod:Private Reserves","Offering","Brutality","Thunderclap+1"],"relics":["Burning Blood","Another Sword","ReplayTheSpireMod:Shallot","hubris:Spice","Blood Vial","Replay:Mystery Machine","bronze:BronzeIdol","reliquary:Stiletto","infinitespire:PuzzleCube","hubris:Reverence","hubris:Backtick","reliquary:FingerTrap","hubris:IronBody","reliquary:Sod","Enchiridion","infinitespire:EmpoweringShard","hexamod:BolsterEngine","infinitespire:ShieldingShard","downfall:HeartBlessingBlue","downfall:HeartBlessingGreen","hubris:MysteriousPyramids","reliquary:Firecrackers"],"acts_visited":["Exordium","TheCity","TheBeyond"],"potions_floor_usage":[1],"damage_taken":[{"damage":11,"enemies":"Jaw Worm","floor":2,"turns":2},{"damage":11,"enemies":"infinitespire:Voidling","floor":3,"turns":3},{"damage":0,"enemies":"2 Louse","floor":4,"turns":3},{"damage":11,"enemies":"Blue Slaver","floor":6,"turns":3},{"damage":7,"enemies":"Large Slime","floor":8,"turns":6},{"damage":10,"enemies":"Red Slaver","floor":9,"turns":2},{"damage":1,"enemies":"3 Louse","floor":10,"turns":4},{"damage":11,"enemies":"HollowMod:MossKnight","floor":12,"turns":4},{"damage":8,"enemies":"downfall:FleeingMerchant","floor":13,"turns":4},{"damage":21,"enemies":"Gremlin Gang","floor":14,"turns":3},{"damage":7,"enemies":"Looter","floor":15,"turns":2},{"damage":18,"enemies":"IC_STATUS_ARCHETYPE","floor":16,"turns":4},{"damage":12,"enemies":"3 Byrds","floor":19,"turns":5},{"damage":1,"enemies":"Snake Plant","floor":20,"turns":3},{"damage":0,"enemies":"3 Cultists","floor":21,"turns":3},{"damage":0,"enemies":"downfall:FleeingMerchant","floor":27,"turns":3},{"damage":0,"enemies":"Snecko","floor":28,"turns":2},{"damage":0,"enemies":"Centurion and Healer","floor":30,"turns":2},{"damage":0,"enemies":"Shelled Parasite and Fungi","floor":31,"turns":2},{"damage":0,"enemies":"Snake Plant","floor":32,"turns":2},{"damage":0,"enemies":"SI_MIRROR_ARCHETYPE","floor":33,"turns":3},{"damage":0,"enemies":"3 Darklings","floor":36,"turns":3},{"damage":0,"enemies":"3 Shapes","floor":39,"turns":2},{"damage":0,"enemies":"Sphere and 2 Shapes","floor":43,"turns":1},{"damage":0,"enemies":"Giant Head","floor":44,"turns":3},{"damage":0,"enemies":"4 Shapes","floor":46,"turns":2},{"damage":0,"enemies":"R_Hoarder","floor":47,"turns":1},{"damage":0,"enemies":"2 Orb Walkers","floor":48,"turns":1},{"damage":0,"enemies":"Spire Growth","floor":49,"turns":2},{"damage":0,"enemies":"DF_ARCHETYPE_ORBS","floor":50,"turns":2}],"seed_played":"-7386017133472573341","potions_obtained":[{"floor":1,"key":"Fruit Juice"},{"floor":1,"key":"Cursed Concoction"},{"floor":2,"key":"FairyPotion"},{"floor":4,"key":"FairyPotion"},{"floor":30,"key":"PowerPotion"},{"floor":39,"key":"Energy Potion"},{"floor":49,"key":"Death Potion"}],"is_trial":false,"path_per_floor":["R","M","M","M","?","M","T","M","M","M","R","E","$","M","M","B",null,"R","M","M","M","?","?","T","AVR","?","$","M","R","M","M","M","B",null,"R","M","?","AVR","M","$","T","?","M","E","R","M","E","?","M","B",null],"character_chosen":"IRONCLAD","items_purchased":["hubris:Spice","infinitespire:EmpoweringShard"],"campfire_rested":0,"item_purchase_floors":[13,27],"current_hp_per_floor":[85,80,83,89,89,86,86,87,85,100,100,96,85,70,69,57,69,69,61,53,53,53,53,53,53,37,45,45,45,45,45,45,45,45,45,45,45,45,45,45,45,45,45,45,55,55,55,47,39,39],"gold":416,"neow_bonus":"","is_daily":true,"chose_seed":false,"campfire_upgraded":4,"win_rate":0.0,"timestamp":1614109078,"path_taken":["R","M","M","M","?","M","T","M","M","M","R","E","$","?","M","BOSS","R","M","M","M","?","?","T","AVR","?","?","M","R","M","M","M","BOSS","R","M","?","AVR","M","$","T","?","?","E","R","M","E","?","M","BOSS"],"items_purchased_type":["Relic","Relic"],"build_version":"2020-12-22","purchased_purges":4,"victory":true,"max_hp_per_floor":[85,85,93,93,93,93,93,93,93,101,101,101,85,77,69,69,69,69,61,53,53,53,53,53,53,53,45,45,45,45,45,45,45,45,45,45,45,45,45,45,45,45,45,45,55,55,55,47,39,39],"card_choices":[{"not_picked":["Hemogenesis","hubris:StunningStrike"],"picked":"Limit Break","floor":12},{"not_picked":["ReplayTheSpireMod:Stacked","Clothesline"],"picked":"hubris:SpiceAddiction","floor":13},{"not_picked":["hubris:SpiceAddiction","Hemogenesis"],"picked":"Limit Break","floor":16},{"not_picked":["Life Link","Reckless Charge"],"picked":"hubris:SpiceAddiction","floor":27},{"not_picked":["Replay:Many Hands","Immolate"],"picked":"Offering","floor":44},{"not_picked":["Bludgeon","Berserk"],"picked":"Brutality","floor":47},{"not_picked":["Infernal Blade+1","Disarm+1"],"picked":"Thunderclap+1","floor":48}],"player_experience":701231,"relics_obtained":[{"floor":2,"key":"ReplayTheSpireMod:Shallot"},{"floor":3,"key":"hubris:Spice"},{"floor":4,"key":"Blood Vial"},{"floor":6,"key":"Replay:Mystery Machine"},{"floor":7,"key":"bronze:BronzeIdol"},{"floor":8,"key":"reliquary:Stiletto"},{"floor":9,"key":"infinitespire:PuzzleCube"},{"floor":10,"key":"hubris:Spice"},{"floor":12,"key":"hubris:Reverence"},{"floor":14,"key":"hubris:Spice"},{"floor":15,"key":"hubris:Spice"},{"floor":19,"key":"hubris:Spice"},{"floor":20,"key":"hubris:Spice"},{"floor":21,"key":"hubris:IronBody"},{"floor":24,"key":"reliquary:Sod"},{"floor":26,"key":"Enchiridion"},{"floor":28,"key":"hexamod:BolsterEngine"},{"floor":44,"key":"infinitespire:ShieldingShard"},{"floor":46,"key":"hubris:MysteriousPyramids"},{"floor":47,"key":"reliquary:Firecrackers"},{"floor":48,"key":"hubris:Spice"},{"floor":49,"key":"hubris:Spice"}],"event_choices":[{"damage_healed":0,"gold_gain":100,"player_choice":"Pray","damage_taken":0,"max_hp_gain":0,"max_hp_loss":0,"event_name":"Golden Shrine","floor":5,"gold_loss":0},{"damage_healed":0,"gold_gain":0,"player_choice":"Fight","damage_taken":0,"max_hp_gain":0,"max_hp_loss":0,"event_name":"Mysterious Sphere","floor":48,"gold_loss":0}],"is_beta":false,"boss_relics":[{"not_picked":["reliquary:RedCape","reliquary:Ember"],"picked":"hubris:Backtick"},{"not_picked":["Honey Jar","Cursed Key","Painkiller Herb"]}],"items_purged_floors":[40,40,40,40],"is_endless":false,"potions_floor_spawned":[2,4,9,14,20,30,32,39,47,49],"ascension_level":0}}