{"host":"wppa8gky53tnknhf","time":1614096585,"event":{"mods":["AchievementEnabler","Act Like it!","BaseMod","Better Third Choice","BetterRewards","Card Forge","Colored Powertips","Hubris","Infinite Spire","Marked Mod","Minty Spire (QoL Compilation)","Permanent Neow","Quick Restart","Rare Cards Sparkle","Relic Stats","Reliquary","Remove Card Discount Mod","Replay The Spire","Spikes Relics","Spire Birthday Party","StSLib","Wandering Minibosses"],"gold_per_floor":[114,214,234,234,251,251,277,277,346,359,400,414,447,465,640,736,736,754,772,783,192,206,232,232,232,232,232,232,265,265,1461,1461,1561,1561,1576,1591,1591,1591,1607,1607,1634,1653,1653,1666,1700,1716,1716,1745,1745,1745,1745,1745,1537,1563,1563],"floor_reached":56,"language":"ENG","playtime":1693,"items_purged":[],"score":1313,"play_id":"4da1271c-bc7b-47c7-bae7-cda0a0d6790d","local_time":"20210223160945","is_ascension_mode":true,"campfire_choices":[{"floor":6,"key":"RECALL"},{"floor":8,"key":"REST"},{"floor":24,"key":"REST"},{"floor":28,"key":"REST"},{"floor":30,"key":"REST"},{"floor":32,"key":"REST"},{"floor":40,"key":"REST"},{"floor":49,"key":"REST"},{"floor":52,"key":"REST"}],"circlet_count":0,"master_deck":["Strike_R+2","Strike_R+2","Strike_R+2","Strike_R+2","Strike_R+2","Defend_R+2","Defend_R+2","Defend_R+2","Defend_R+2","Bash+2","Berserk+2","Cleave+2","Shrug It Off+2","Twin Strike+2","Berserk+2","Body Slam+2","Cleave+2","Cleave+2","Clash+2","Spot Weakness+2","Limit Break+2","Clash+2","Heavy Blade+2","infinitespire:Menacing+1","infinitespire:Starlight+1","infinitespire:Execution+1","Demon Form+2","Inflame+2","Limit Break+2","Metallicize+2","Metallicize+2","Iron Wave+2","Flame Barrier+2","Limit Break+2","Body Slam+2","Metallicize+2","ReplayReversal+1"],"relics":["Burning Blood","Hammer of Thor","Seething Fire","Anvil of the Gods","SuspiciousGoo","infinitespire:Golems Mask","Ginger","Mercury Hourglass","reliquary:WeakTea","Fusion Hammer","hubris:EmptyBottle","wanderingMiniBosses:LockLocket","reliquary:BigHammer","Juzu Bracelet","Strawberry","hubris:MobiusCoin","Blood Vial","Replay:Rubber Ducky"],"acts_visited":["Exordium","TheCity","TheBeyond","TheEnding"],"potions_floor_usage":[13,16,20,23,33,33,39,41,54,54,55,55,55,55],"damage_taken":[{"damage":0,"enemies":"Small Slimes","floor":1,"turns":2},{"damage":0,"enemies":"2 Louse","floor":2,"turns":5},{"damage":0,"enemies":"Jaw Worm","floor":3,"turns":3},{"damage":0,"enemies":"Exordium Wildlife","floor":5,"turns":3},{"damage":20,"enemies":"3 Sentries","floor":7,"turns":7},{"damage":15,"enemies":"Looter","floor":10,"turns":2},{"damage":14,"enemies":"Large Slime","floor":11,"turns":6},{"damage":5,"enemies":"Red Slaver","floor":12,"turns":3},{"damage":21,"enemies":"Gremlin Nob","floor":13,"turns":3},{"damage":0,"enemies":"Blue Slaver","floor":14,"turns":2},{"damage":11,"enemies":"The Guardian","floor":16,"turns":9},{"damage":4,"enemies":"Shell Parasite","floor":18,"turns":4},{"damage":14,"enemies":"2 Thieves","floor":19,"turns":3},{"damage":13,"enemies":"3 Cultists","floor":20,"turns":5},{"damage":36,"enemies":"Centurion and Healer","floor":22,"turns":4},{"damage":26,"enemies":"Slavers","floor":23,"turns":4},{"damage":10,"enemies":"Book of Stabbing","floor":29,"turns":3},{"damage":7,"enemies":"Snecko","floor":31,"turns":6},{"damage":0,"enemies":"Collector","floor":33,"turns":5},{"damage":1,"enemies":"Orb Walker","floor":35,"turns":3},{"damage":29,"enemies":"3 Darklings","floor":36,"turns":4},{"damage":21,"enemies":"Writhing Mass","floor":39,"turns":2},{"damage":0,"enemies":"Reptomancer","floor":41,"turns":2},{"damage":0,"enemies":"Maw","floor":42,"turns":4},{"damage":3,"enemies":"3 Darklings","floor":44,"turns":4},{"damage":49,"enemies":"Nemesis","floor":45,"turns":5},{"damage":35,"enemies":"Jaw Worm Horde","floor":46,"turns":4},{"damage":0,"enemies":"R_Hoarder","floor":48,"turns":3},{"damage":45,"enemies":"Replay:Hell Engine","floor":50,"turns":6},{"damage":19,"enemies":"Shield and Spear","floor":54,"turns":5},{"damage":19,"enemies":"The Heart","floor":55,"turns":8}],"seed_played":"3637642056779265605","potions_obtained":[{"floor":1,"key":"Weak Potion"},{"floor":3,"key":"BlessingOfTheForge"},{"floor":5,"key":"LiquidMemories"},{"floor":10,"key":"BloodPotion"},{"floor":20,"key":"Strength Potion"},{"floor":22,"key":"Energy Potion"},{"floor":31,"key":"Block Potion"},{"floor":38,"key":"Dexterity Potion"},{"floor":38,"key":"EssenceOfSteel"},{"floor":42,"key":"FearPotion"},{"floor":46,"key":"Block Potion"},{"floor":54,"key":"Energy Potion"}],"is_trial":false,"path_per_floor":["M","M","M","?","M","R","E","R","T","M","M","M","E","M","R","B",null,"M","M","M","$","M","E","R","?","T","AVR","R","E","R","M","R","B",null,"M","M","?","?","M","R","E","M","T","M","E","M","?","E","R","B",null,"R","$","E","B",null],"character_chosen":"IRONCLAD","items_purchased":["infinitespire:Golems Mask","Ginger","Blood Vial","Metallicize","ReplayReversal"],"campfire_rested":8,"item_purchase_floors":[21,21,53,53,53],"current_hp_per_floor":[80,80,80,80,80,80,66,80,80,71,63,64,65,71,71,66,80,80,72,65,65,35,15,39,65,65,65,80,80,80,79,80,80,80,80,71,71,71,56,80,80,80,80,80,59,45,45,51,77,53,87,87,87,74,63],"gold":1563,"neow_bonus":"THREE_RARE_CARDS","is_daily":false,"chose_seed":false,"campfire_upgraded":0,"win_rate":0.0,"timestamp":1614096585,"path_taken":["M","M","M","?","M","R","E","R","T","M","M","M","E","M","R","BOSS","M","M","M","$","M","E","R","?","T","AVR","R","E","R","M","R","BOSS","M","M","?","?","M","R","E","?","T","M","E","M","?","E","R","BOSS","R","$","E","BOSS"],"items_purchased_type":["Relic","Relic","Relic","Card","Card"],"build_version":"2020-12-22","purchased_purges":0,"victory":true,"max_hp_per_floor":[80,80,80,80,80,80,80,80,80,80,80,80,80,80,80,80,80,80,80,80,80,80,80,80,80,80,80,80,80,80,80,80,80,80,80,80,80,80,80,80,80,80,80,80,87,87,87,87,87,87,87,87,87,87,87],"relic_stats":{"Blood Vial":2,"counters":[31,129],"Juzu Bracelet":0,"Ginger":[12],"obtain_stats":[{"hubris:MobiusCoin":48,"SuspiciousGoo":7,"reliquary:BigHammer":34,"Hammer of Thor":0,"Juzu Bracelet":43,"Seething Fire":0,"Ginger":21,"reliquary:WeakTea":26,"hubris:EmptyBottle":27,"Burning Blood":0,"Mercury Hourglass":23,"Replay:Rubber Ducky":54,"Blood Vial":53,"Anvil of the Gods":0,"Strawberry":45,"infinitespire:Golems Mask":21,"Fusion Hammer":27,"wanderingMiniBosses:LockLocket":31},{"hubris:MobiusCoin":28,"SuspiciousGoo":5,"reliquary:BigHammer":19,"Hammer of Thor":0,"Juzu Bracelet":24,"Seething Fire":0,"Ginger":14,"reliquary:WeakTea":16,"hubris:EmptyBottle":16,"Burning Blood":0,"Mercury Hourglass":16,"Replay:Rubber Ducky":30,"Blood Vial":29,"Anvil of the Gods":0,"Strawberry":26,"infinitespire:Golems Mask":14,"Fusion Hammer":16,"wanderingMiniBosses:LockLocket":18},{"hubris:MobiusCoin":110,"SuspiciousGoo":20,"reliquary:BigHammer":79,"Hammer of Thor":0,"Juzu Bracelet":94,"Seething Fire":0,"Ginger":57,"reliquary:WeakTea":65,"hubris:EmptyBottle":65,"Burning Blood":0,"Mercury Hourglass":65,"Replay:Rubber Ducky":121,"Blood Vial":116,"Anvil of the Gods":0,"Strawberry":103,"infinitespire:Golems Mask":57,"Fusion Hammer":65,"wanderingMiniBosses:LockLocket":74}],"Burning Blood":128,"Mercury Hourglass":[230]},"card_choices":[{"not_picked":["Brutality","Offering"],"picked":"Berserk","floor":0},{"not_picked":["Clothesline","Dual Wield"],"picked":"Cleave","floor":1},{"not_picked":["Burning Pact","Intimidate"],"picked":"Shrug It Off","floor":2},{"not_picked":["Battle Trance","Perfected Strike"],"picked":"Twin Strike","floor":3},{"not_picked":["Second Wind","Burning Pact"],"picked":"Berserk","floor":5},{"not_picked":["Sword Boomerang","Headbutt"],"picked":"Body Slam","floor":7},{"not_picked":["Seeing Red","Run Through"],"picked":"Cleave","floor":10},{"not_picked":["Wild Strike","Heavy Blade"],"picked":"Cleave","floor":11},{"not_picked":["Heavy Blade","Body Slam"],"picked":"Clash","floor":12},{"not_picked":["Anger","Brutality","Invigoration"],"picked":"SKIP","floor":13},{"not_picked":["ReplayTheSpireMod:Strike From Hell","Havoc"],"picked":"Spot Weakness","floor":14},{"not_picked":["Fiend Fire","Hemogenesis"],"picked":"Limit Break","floor":16},{"not_picked":["Reckless Charge","Armaments"],"picked":"Clash","floor":18},{"not_picked":["Seeing Red+1","Havoc","Juggernaut"],"picked":"SKIP","floor":19},{"not_picked":["Perfected Strike","hubris:SharpeningStone"],"picked":"Heavy Blade+1","floor":20},{"not_picked":["Intimidate","Massacre","hubris:ReadiedAction+1"],"picked":"SKIP","floor":22},{"not_picked":["Headbutt","Clothesline","ReplayTheSpireMod:Limb From Limb"],"picked":"SKIP","floor":23},{"not_picked":["Twin Strike","Iron Wave"],"picked":"Demon Form","floor":29},{"not_picked":["Seeing Red+1","Anger"],"picked":"Inflame","floor":31},{"not_picked":["Hemogenesis","Replay:Many Hands"],"picked":"Limit Break","floor":33},{"not_picked":["Flame Barrier","Fire Breathing","Shrug It Off"],"picked":"SKIP","floor":35},{"not_picked":["Abandon+1","Searing Blow"],"picked":"Metallicize+1","floor":36},{"not_picked":["Run Through","Body Slam+1"],"picked":"Metallicize","floor":39},{"not_picked":["ReplayTheSpireMod:Strike From Hell+1","True Grit+1"],"picked":"Iron Wave+1","floor":41},{"not_picked":["Run Through+1","Dual Wield+1","Anger"],"picked":"SKIP","floor":42},{"not_picked":["Thunderclap+1","ReplayTheSpireMod:Strike From Hell"],"picked":"Flame Barrier","floor":44},{"not_picked":["Carnage","Iron Wave"],"picked":"Limit Break","floor":45},{"not_picked":["Flex+1","Anger"],"picked":"Body Slam","floor":46},{"not_picked":["Pommel Strike+1","Carnage+1","Replay:Undeath\u0027s Touch"],"picked":"SKIP","floor":48},{"not_picked":["Fire Breathing+1","Combust+1","Wild Strike"],"picked":"SKIP","floor":54}],"player_experience":731095,"relics_obtained":[{"floor":7,"key":"SuspiciousGoo"},{"floor":23,"key":"Mercury Hourglass"},{"floor":26,"key":"reliquary:WeakTea"},{"floor":31,"key":"wanderingMiniBosses:LockLocket"},{"floor":43,"key":"Juzu Bracelet"},{"floor":45,"key":"Strawberry"},{"floor":48,"key":"hubris:MobiusCoin"},{"floor":54,"key":"Replay:Rubber Ducky"}],"event_choices":[{"damage_healed":0,"gold_gain":175,"player_choice":"AGREE","damage_taken":465,"max_hp_gain":0,"max_hp_loss":0,"event_name":"betterThird:BetterSerpent","floor":15,"gold_loss":0},{"damage_healed":26,"gold_gain":0,"player_choice":"Heal","damage_taken":0,"max_hp_gain":0,"max_hp_loss":0,"event_name":"The Library","floor":25,"gold_loss":0},{"damage_healed":0,"gold_gain":0,"player_choice":"Got Potions","damage_taken":0,"max_hp_gain":0,"max_hp_loss":0,"event_name":"Lab","floor":38,"gold_loss":0},{"damage_healed":0,"gold_gain":0,"player_choice":"Ignored","damage_taken":0,"max_hp_gain":0,"max_hp_loss":0,"event_name":"NoteForYourself","floor":47,"gold_loss":0}],"is_beta":false,"boss_relics":[{"not_picked":["ReplayTheSpireMod:DimensionalGlitch","hubris:HollowSoul","Sandwich"]},{"not_picked":["Black Blood","Velvet Choker"],"picked":"reliquary:BigHammer"}],"items_purged_floors":[],"is_endless":false,"potions_floor_spawned":[1,3,5,10,11,20,22,31,39,42,46,48,54],"ascension_level":1}}