{"host":"l790j1oe6pn5fhrm","time":1614109162,"event":{"mods":["AchievementEnabler","BaseMod","Colored Map","Colored Powertips","Downfall","GifTheSpireLib","Highlight Path","Minty Spire (QoL Compilation)","Rare Cards Sparkle","StSLib"],"gold_per_floor":[111,111,127,302,302,402,413,413,413,413,423,122,135,135,135],"floor_reached":14,"language":"ENG","playtime":341,"items_purged":["Doubt"],"score":80,"play_id":"18daa43f-35e2-44c4-8200-6b2ee24163f8","local_time":"20210223203922","is_ascension_mode":false,"campfire_choices":[{"floor":10,"key":"REST"}],"circlet_count":0,"master_deck":["Strike_P","Strike_P","Strike_P","Strike_P","Defend_P","Defend_P","Defend_P+1","Defend_P","Eruption+1","Vigilance","Blasphemy+1","Prostrate","BattleHymn","Consecrate","Worship"],"relics":["PureWater","Potion Belt","Mercury Hourglass","bronze:DonusWashers"],"acts_visited":["Exordium"],"potions_floor_usage":[13,14,14],"damage_taken":[{"damage":3,"enemies":"Small Slimes","floor":1,"turns":4},{"damage":0,"enemies":"2 Louse","floor":3,"turns":1},{"damage":0,"enemies":"Cultist","floor":7,"turns":3},{"damage":0,"enemies":"Large Slime","floor":11,"turns":3},{"damage":17,"enemies":"Exordium Wildlife","floor":13,"turns":3},{"damage":0,"enemies":"Gremlin Nob","floor":14,"turns":3}],"seed_played":"7098915370129942636","potions_obtained":[{"floor":3,"key":"DuplicationPotion"},{"floor":7,"key":"SkillPotion"},{"floor":13,"key":"Strength Potion"}],"is_trial":false,"path_per_floor":["M","?","M","?","?","?","M","?","T","R","M","$","M","E"],"character_chosen":"WATCHER","items_purchased":["Worship","bronze:DonusWashers"],"campfire_rested":1,"item_purchase_floors":[12,12],"current_hp_per_floor":[69,69,69,69,55,55,55,22,22,43,43,43,26,26,26],"gold":135,"neow_bonus":"ONE_RANDOM_RARE_CARD","is_daily":false,"chose_seed":false,"campfire_upgraded":0,"win_rate":0.0,"timestamp":1614109162,"path_taken":["M","?","M","?","?","?","?","?","T","R","M","$","M","E"],"items_purchased_type":["Card","Relic"],"build_version":"2020-12-22","purchased_purges":1,"victory":false,"max_hp_per_floor":[72,72,72,72,72,72,72,72,72,72,72,72,72,72,72],"card_choices":[{"not_picked":["EmptyBody","FollowUp"],"picked":"Prostrate","floor":1},{"not_picked":["SashWhip","SignatureMove"],"picked":"BattleHymn","floor":3},{"not_picked":["BowlingBash","Swivel"],"picked":"Consecrate","floor":7},{"not_picked":["Indignation","EmptyFist","Nirvana"],"picked":"SKIP","floor":11},{"not_picked":["Crescendo","EmptyBody","EmptyFist"],"picked":"SKIP","floor":13}],"player_experience":1261009,"relics_obtained":[{"floor":9,"key":"Mercury Hourglass"}],"event_choices":[{"damage_healed":0,"gold_gain":0,"player_choice":"Grow","damage_taken":0,"max_hp_gain":0,"max_hp_loss":0,"event_name":"Living Wall","floor":2,"gold_loss":0,"cards_upgraded":["Blasphemy"]},{"damage_healed":0,"gold_gain":175,"player_choice":"AGREE","damage_taken":0,"max_hp_gain":0,"max_hp_loss":0,"event_name":"Liars Game","floor":4,"gold_loss":0,"cards_obtained":["Doubt"]},{"damage_healed":0,"gold_gain":0,"player_choice":"Entered Light","damage_taken":14,"max_hp_gain":0,"max_hp_loss":0,"event_name":"Shining Light","floor":5,"gold_loss":0,"cards_upgraded":["Defend_P","Eruption"]},{"damage_healed":0,"gold_gain":100,"player_choice":"Pray","damage_taken":0,"max_hp_gain":0,"max_hp_loss":0,"event_name":"Golden Shrine","floor":6,"gold_loss":0},{"damage_healed":0,"gold_gain":0,"player_choice":"Success","damage_taken":33,"relics_obtained":["Potion Belt"],"max_hp_gain":0,"max_hp_loss":0,"event_name":"Scrap Ooze","floor":8,"gold_loss":0}],"is_beta":false,"boss_relics":[],"items_purged_floors":[12],"is_endless":false,"potions_floor_spawned":[3,7,13],"killed_by":"Gremlin Nob","ascension_level":0}}