{"host":"prxrhpgaxnj4om9r","time":1614065373,"event":{"mods":["AchievementEnabler","BaseMod","Colored Map","DeckTracker","Minty Spire (QoL Compilation)"],"gold_per_floor":[10,24,44,219,236,269,269,269,269],"floor_reached":8,"language":"KOR","playtime":347,"items_purged":[],"score":75,"play_id":"db682f60-9455-4073-a85f-271d8ef8e8a8","local_time":"20210223162933","is_ascension_mode":true,"campfire_choices":[{"floor":7,"key":"REST"}],"circlet_count":0,"master_deck":["Strike_G","Strike_G","Strike_G","Strike_G","Strike_G","Defend_G","Defend_G","Defend_G","Defend_G","Defend_G","Survivor","Neutralize","Backflip","Dagger Throw","Finisher","Doubt","Underhanded Strike","Bouncing Flask"],"relics":["Ring of the Snake","Peace Pipe","Ice Cream"],"acts_visited":["Exordium"],"potions_floor_usage":[3,6],"damage_taken":[{"damage":2,"enemies":"Cultist","floor":1,"turns":4},{"damage":8,"enemies":"Small Slimes","floor":2,"turns":4},{"damage":6,"enemies":"2 Louse","floor":3,"turns":2},{"damage":21,"enemies":"Gremlin Gang","floor":5,"turns":5},{"damage":20,"enemies":"Gremlin Nob","floor":6,"turns":4},{"damage":45,"enemies":"Lagavulin","floor":8,"turns":5}],"seed_played":"1689236567713421367","potions_obtained":[{"floor":1,"key":"Strength Potion"},{"floor":2,"key":"Swift Potion"}],"is_trial":false,"path_per_floor":["M","M","M","?","M","E","R","E"],"character_chosen":"THE_SILENT","items_purchased":[],"campfire_rested":1,"item_purchase_floors":[],"current_hp_per_floor":[61,53,47,47,26,6,27,0,0],"gold":269,"neow_bonus":"ONE_RARE_RELIC","is_daily":false,"chose_seed":false,"campfire_upgraded":0,"win_rate":0.0,"timestamp":1614065373,"path_taken":["M","M","?","?","M","E","R","E"],"items_purchased_type":[],"build_version":"2020-12-22","purchased_purges":0,"victory":false,"max_hp_per_floor":[70,70,70,70,70,70,70,70,70],"card_choices":[{"not_picked":["Expertise","Setup"],"picked":"Backflip","floor":1},{"not_picked":["Endless Agony","Concentrate"],"picked":"Dagger Throw","floor":2},{"not_picked":["Poisoned Stab","Slice"],"picked":"Finisher","floor":3},{"not_picked":["Deflect","Quick Slash"],"picked":"Underhanded Strike","floor":5},{"not_picked":["Dodge and Roll","Sucker Punch"],"picked":"Bouncing Flask","floor":6}],"player_experience":604956,"relics_obtained":[{"floor":6,"key":"Ice Cream"}],"event_choices":[{"damage_healed":0,"gold_gain":175,"player_choice":"AGREE","damage_taken":0,"max_hp_gain":0,"max_hp_loss":0,"event_name":"Liars Game","floor":4,"gold_loss":0,"cards_obtained":["Doubt"]}],"is_beta":false,"boss_relics":[],"items_purged_floors":[],"is_endless":false,"potions_floor_spawned":[1,2],"killed_by":"Lagavulin","ascension_level":6}}