{"host":"snd6571rw3150vxe","time":1614083393,"event":{"mods":["AchievementEnabler","BaseMod","Bestiary","Colored Powertips","Highlight Path","Minty Spire (QoL Compilation)","Quick Restart","Random Character Button","Relic Stats","StSLib","slay the spire mod where everything is the same but ironclad has a cowboy hat"],"gold_per_floor":[114,114,189,209,209,544,561,561,561,586,586,586,586,611,611,707,707,718,718,407,418,435,469,469,494,494,6,6,16,16,16,16,114,114,134,14,14,26,76,102,102,147,170,26,26,26,36,53,53,53],"floor_reached":51,"language":"ENG","playtime":2017,"items_purged":[],"score":802,"play_id":"2c3cafe4-b2a8-4d72-a217-c8dd4c27b419","local_time":"20210223142953","is_ascension_mode":false,"campfire_choices":[{"data":"Wild Strike","floor":8,"key":"SMITH"},{"data":"Bash","floor":12,"key":"SMITH"},{"data":"Headbutt","floor":15,"key":"SMITH"},{"data":"Berserk","floor":24,"key":"SMITH"},{"floor":30,"key":"REST"},{"data":"Spot Weakness","floor":32,"key":"SMITH"},{"floor":41,"key":"REST"},{"floor":45,"key":"REST"},{"floor":49,"key":"REST"}],"circlet_count":0,"master_deck":["Strike_R+1","Strike_R+1","Strike_R+1","Strike_R+1","Strike_R+1","Defend_R+1","Defend_R+1","Defend_R+1","Bash+1","Headbutt+1","Reaper+1","Wild Strike+1","Clothesline+1","Warcry","Berserk+1","Wild Strike+1","True Grit","Spot Weakness+1","Cleave+1","Fire Breathing","Twin Strike+1","Iron Wave+1","Metallicize+1"],"relics":["Black Blood","NeowsBlessing","Old Coin","StrikeDummy","Eternal Feather","Lizard Tail","Shuriken","Singing Bowl","StoneCalendar","Potion Belt","InkBottle","Sling","TungstenRod","SacredBark","Pocketwatch","Mummified Hand","Unceasing Top","Whetstone","Medical Kit"],"acts_visited":["Exordium","TheCity","TheBeyond"],"potions_floor_usage":[18,23,33,50,50,50,50],"damage_taken":[{"damage":0,"enemies":"Small Slimes","floor":1,"turns":1},{"damage":0,"enemies":"2 Louse","floor":4,"turns":1},{"damage":0,"enemies":"Gremlin Nob","floor":6,"turns":1},{"damage":6,"enemies":"Cultist","floor":7,"turns":3},{"damage":27,"enemies":"3 Sentries","floor":10,"turns":6},{"damage":6,"enemies":"Gremlin Nob","floor":14,"turns":3},{"damage":16,"enemies":"Slime Boss","floor":16,"turns":9},{"damage":13,"enemies":"Spheric Guardian","floor":18,"turns":4},{"damage":48,"enemies":"3 Byrds","floor":21,"turns":7},{"damage":35,"enemies":"Centurion and Healer","floor":22,"turns":5},{"damage":59,"enemies":"Slavers","floor":23,"turns":7},{"damage":45,"enemies":"Gremlin Leader","floor":25,"turns":7},{"damage":20,"enemies":"Snake Plant","floor":29,"turns":4},{"damage":69,"enemies":"Collector","floor":33,"turns":9},{"damage":64,"enemies":"3 Darklings","floor":35,"turns":6},{"damage":0,"enemies":"3 Shapes","floor":38,"turns":4},{"damage":34,"enemies":"Mind Bloom Boss Battle","floor":39,"turns":7},{"damage":70,"enemies":"Giant Head","floor":40,"turns":7},{"damage":58,"enemies":"2 Orb Walkers","floor":42,"turns":4},{"damage":20,"enemies":"Sphere and 2 Shapes","floor":47,"turns":4},{"damage":47,"enemies":"Writhing Mass","floor":48,"turns":5},{"damage":96,"enemies":"Donu and Deca","floor":50,"turns":6}],"seed_played":"-1496405241523683527","potions_obtained":[{"floor":7,"key":"Block Potion"},{"floor":18,"key":"Ancient Potion"},{"floor":22,"key":"BloodPotion"},{"floor":29,"key":"Fire Potion"},{"floor":35,"key":"Fire Potion"},{"floor":39,"key":"LiquidBronze"},{"floor":40,"key":"CultistPotion"},{"floor":42,"key":"PowerPotion"}],"is_trial":false,"path_per_floor":["M","?","?","M","?","E","M","R","T","E","?","R","T","E","R","B",null,"M","?","$","M","M","E","R","E","T","$","?","M","R","?","R","B",null,"M","$","?","M","?","E","R","?","T","$","R","?","M","M","R","B",null],"character_chosen":"IRONCLAD","items_purchased":["True Grit","Singing Bowl","Sling","BloodPotion","TungstenRod","Fire Breathing","Dexterity Potion","Medical Kit"],"campfire_rested":4,"item_purchase_floors":[20,20,27,27,27,36,36,44],"current_hp_per_floor":[80,80,69,75,80,85,85,85,85,72,55,61,61,61,70,60,85,85,85,85,57,36,54,63,44,44,44,44,38,74,74,83,28,95,61,61,61,75,71,13,54,18,18,18,59,59,71,44,86,42],"gold":53,"neow_bonus":"THREE_ENEMY_KILL","is_daily":false,"chose_seed":false,"campfire_upgraded":5,"win_rate":0.0,"timestamp":1614083393,"path_taken":["M","?","?","M","?","E","M","R","T","E","?","R","?","E","R","BOSS","M","?","$","M","?","E","R","E","T","$","?","M","R","?","R","BOSS","M","$","?","M","?","E","R","?","T","$","R","?","M","?","R","BOSS"],"items_purchased_type":["Card","Relic","Relic","Potion","Relic","Card","Potion","Relic"],"build_version":"2020-12-22","purchased_purges":0,"victory":true,"max_hp_per_floor":[80,80,80,80,85,85,85,85,85,85,85,85,85,85,85,85,85,85,85,85,87,89,89,89,91,91,91,91,93,93,93,93,95,95,95,95,95,97,97,97,97,99,99,99,99,99,101,101,101,101],"relic_stats":{"Singing Bowl":16,"counters":[22,110],"Black Blood":208,"Eternal Feather":78,"StoneCalendar":[104],"Whetstone":["Clothesline","Reaper"],"Medical Kit":[6],"Lizard Tail":44,"Shuriken":[24],"Mummified Hand":[12],"obtain_stats":[{"Potion Belt":25,"NeowsBlessing":0,"Singing Bowl":20,"SacredBark":34,"Black Blood":17,"Eternal Feather":10,"StoneCalendar":23,"Whetstone":43,"Sling":27,"Medical Kit":44,"Burning Blood":0,"Old Coin":6,"Lizard Tail":13,"Shuriken":14,"Mummified Hand":40,"StrikeDummy":9,"InkBottle":26,"TungstenRod":27,"Unceasing Top":42,"Pocketwatch":39},{"Potion Belt":12,"NeowsBlessing":0,"Singing Bowl":8,"SacredBark":14,"Black Blood":7,"Eternal Feather":5,"StoneCalendar":11,"Whetstone":19,"Sling":12,"Medical Kit":19,"Burning Blood":0,"Old Coin":3,"Lizard Tail":5,"Shuriken":6,"Mummified Hand":18,"StrikeDummy":4,"InkBottle":12,"TungstenRod":12,"Unceasing Top":19,"Pocketwatch":17},{"Potion Belt":54,"NeowsBlessing":0,"Singing Bowl":28,"SacredBark":67,"Black Blood":24,"Eternal Feather":12,"StoneCalendar":47,"Whetstone":95,"Sling":54,"Medical Kit":95,"Burning Blood":0,"Old Coin":3,"Lizard Tail":12,"Shuriken":15,"Mummified Hand":91,"StrikeDummy":6,"InkBottle":54,"TungstenRod":54,"Unceasing Top":95,"Pocketwatch":84}],"InkBottle":[16],"TungstenRod":52,"Unceasing Top":[7],"Pocketwatch":[18]},"card_choices":[{"not_picked":["Anger","Flex"],"picked":"Headbutt","floor":1},{"not_picked":["Fire Breathing","Pommel Strike","Feel No Pain"],"picked":"SKIP","floor":4},{"not_picked":["Clash","Entrench"],"picked":"Reaper","floor":6},{"not_picked":["Cleave","Combust"],"picked":"Wild Strike","floor":7},{"not_picked":["Brutality","Battle Trance"],"picked":"Clothesline","floor":10},{"not_picked":["Heavy Blade","Body Slam"],"picked":"Warcry","floor":14},{"not_picked":["Exhume","Impervious"],"picked":"Berserk","floor":16},{"not_picked":["Perfected Strike","Flex","Clothesline"],"picked":"SKIP","floor":18},{"not_picked":["Wild Strike+1","Rampage","Rage"],"picked":"Singing Bowl","floor":21},{"not_picked":["Clothesline","Body Slam","Metallicize"],"picked":"Singing Bowl","floor":22},{"not_picked":["Flex","Headbutt"],"picked":"Spot Weakness","floor":23},{"not_picked":["Clothesline","Spot Weakness","Burning Pact"],"picked":"Singing Bowl","floor":25},{"not_picked":["Havoc","Ghostly Armor","Shockwave"],"picked":"Singing Bowl","floor":29},{"not_picked":["Impervious","Reaper","Bludgeon"],"picked":"Singing Bowl","floor":33},{"not_picked":["Twin Strike","Infernal Blade+1"],"picked":"Cleave+1","floor":35},{"not_picked":["Dropkick","Armaments+1","Sword Boomerang"],"picked":"Singing Bowl","floor":38},{"not_picked":["Shockwave","Anger"],"picked":"Twin Strike+1","floor":39},{"not_picked":["Perfected Strike+1","Clothesline"],"picked":"Iron Wave+1","floor":40},{"not_picked":["Pommel Strike","Twin Strike","Armaments+1"],"picked":"Singing Bowl","floor":42},{"not_picked":["Second Wind","Perfected Strike+1","Clothesline"],"picked":"Singing Bowl","floor":47},{"not_picked":["Iron Wave","Cleave+1"],"picked":"Metallicize+1","floor":48}],"player_experience":397610,"relics_obtained":[{"floor":6,"key":"Old Coin"},{"floor":9,"key":"StrikeDummy"},{"floor":10,"key":"Eternal Feather"},{"floor":13,"key":"Lizard Tail"},{"floor":14,"key":"Shuriken"},{"floor":23,"key":"StoneCalendar"},{"floor":25,"key":"Potion Belt"},{"floor":26,"key":"InkBottle"},{"floor":39,"key":"Pocketwatch"},{"floor":40,"key":"Mummified Hand"},{"floor":42,"key":"Unceasing Top"},{"floor":43,"key":"Whetstone"}],"event_choices":[{"damage_healed":0,"gold_gain":0,"player_choice":"Ignored","damage_taken":0,"max_hp_gain":0,"max_hp_loss":0,"event_name":"Golden Wing","floor":2,"gold_loss":0},{"damage_healed":0,"gold_gain":75,"player_choice":"Gather Gold","damage_taken":11,"max_hp_gain":0,"max_hp_loss":0,"event_name":"World of Goop","floor":3,"gold_loss":0},{"damage_healed":0,"gold_gain":0,"player_choice":"Donut","damage_taken":0,"max_hp_gain":5,"max_hp_loss":0,"event_name":"Big Fish","floor":5,"gold_loss":0},{"damage_healed":0,"gold_gain":0,"player_choice":"Entered Light","damage_taken":17,"max_hp_gain":0,"max_hp_loss":0,"event_name":"Shining Light","floor":11,"gold_loss":0,"cards_upgraded":["Strike_R","Strike_R"]},{"damage_healed":0,"gold_gain":0,"player_choice":"Copied","damage_taken":0,"max_hp_gain":0,"max_hp_loss":0,"event_name":"Duplicator","floor":19,"gold_loss":0,"cards_obtained":["Wild Strike"]},{"damage_healed":0,"gold_gain":0,"player_choice":"Ignored","damage_taken":0,"max_hp_gain":0,"max_hp_loss":0,"event_name":"Ghosts","floor":28,"gold_loss":0},{"damage_healed":0,"gold_gain":0,"player_choice":"Simplicity","damage_taken":0,"max_hp_gain":0,"max_hp_loss":0,"event_name":"Back to Basics","floor":31,"gold_loss":0,"cards_upgraded":["Strike_R","Strike_R","Strike_R","Defend_R","Defend_R","Defend_R","Defend_R"]},{"cards_removed":["Defend_R"],"damage_healed":0,"gold_gain":0,"player_choice":"Removed Skill","damage_taken":0,"max_hp_gain":0,"max_hp_loss":0,"event_name":"Falling","floor":37,"gold_loss":0},{"damage_healed":0,"gold_gain":0,"player_choice":"Fight","damage_taken":0,"max_hp_gain":0,"max_hp_loss":0,"event_name":"MindBloom","floor":39,"gold_loss":0},{"damage_healed":0,"gold_gain":0,"player_choice":"Fight","damage_taken":0,"max_hp_gain":0,"max_hp_loss":0,"event_name":"Mysterious Sphere","floor":42,"gold_loss":0},{"damage_healed":0,"gold_gain":0,"player_choice":"Ignored","damage_taken":0,"max_hp_gain":0,"max_hp_loss":0,"event_name":"NoteForYourself","floor":46,"gold_loss":0}],"is_beta":false,"boss_relics":[{"not_picked":["Astrolabe","Snecko Eye"],"picked":"Black Blood"},{"not_picked":["Cursed Key","Sozu"],"picked":"SacredBark"}],"items_purged_floors":[],"is_endless":false,"potions_floor_spawned":[7,18,22,29,35,39,40,42],"ascension_level":0}}