{"host":"g8a0qo0vjtg6u5wv","time":1614083297,"event":{"mods":["BaseMod","Colored Map","Custom Start","KOR Keyword Fix","Minty Spire (QoL Compilation)","StSLib","SuperFastMode"],"gold_per_floor":[114,125,125,26,26,26,45,45,45,45,55,89,108,127,127,202,202,213,138,154,31,31,31,49,49,49,61,72,72,72,72],"floor_reached":30,"language":"KOR","playtime":645,"items_purged":["Strike_G","Strike_G"],"score":428,"play_id":"71a92145-3d93-4d2c-9ff0-671341829ea2","local_time":"20210223212817","is_ascension_mode":true,"campfire_choices":[{"data":"Bouncing Flask","floor":6.0,"key":"SMITH"},{"data":"Bane","floor":8.0,"key":"SMITH"},{"data":"Sucker Punch","floor":10.0,"key":"SMITH"},{"floor":15.0,"key":"REST"},{"data":"Tactician","floor":23,"key":"SMITH"}],"circlet_count":0,"master_deck":["AscendersBane","Defend_G","Defend_G","Defend_G","Defend_G","Defend_G","Survivor","Neutralize+1","Bouncing Flask+1","Sucker Punch+1","Leg Sweep","Dagger Throw","Bane+1","Tactician+1","Die Die Die","Backflip","Flying Knee","After Image+1","PiercingWail","Quick Slash","After Image+1","Backstab","Well Laid Plans+1","Acrobatics"],"relics":["Ring of the Serpent","Frozen Egg 2","Boot","Du-Vu Doll"],"acts_visited":["Exordium","TheCity"],"potions_floor_usage":[16,18,29],"damage_taken":[{"damage":5.0,"enemies":"Jaw Worm","floor":1.0,"turns":7.0},{"damage":7.0,"enemies":"Small Slimes","floor":2.0,"turns":3.0},{"damage":0.0,"enemies":"Cultist","floor":7.0,"turns":3.0},{"damage":4.0,"enemies":"Exordium Wildlife","floor":11.0,"turns":4.0},{"damage":17.0,"enemies":"Gremlin Nob","floor":12.0,"turns":5.0},{"damage":5.0,"enemies":"Blue Slaver","floor":13.0,"turns":3.0},{"damage":0.0,"enemies":"Exordium Thugs","floor":14.0,"turns":3.0},{"damage":15,"enemies":"Slime Boss","floor":16,"turns":7},{"damage":11,"enemies":"3 Byrds","floor":18,"turns":5},{"damage":15,"enemies":"Shell Parasite","floor":20,"turns":5},{"damage":6,"enemies":"Snake Plant","floor":24,"turns":5},{"damage":4,"enemies":"Snecko","floor":27,"turns":6},{"damage":2,"enemies":"Cultist and Chosen","floor":28,"turns":7},{"damage":12,"enemies":"Book of Stabbing","floor":29,"turns":5},{"damage":11,"enemies":"Centurion and Healer","floor":30,"turns":5}],"seed_played":"-380611007819893200","potions_obtained":[{"floor":12.0,"key":"EssenceOfSteel"},{"floor":14.0,"key":"SteroidPotion"},{"floor":24,"key":"SmokeBomb"},{"floor":27,"key":"Strength Potion"}],"is_trial":false,"path_per_floor":["M","M","?","$","?","R","M","R","T","R","M","E","M","M","R","B",null,"M","?","M","$","?","R","M","$","T","M","M","E","M"],"character_chosen":"THE_SILENT","items_purchased":["Dagger Throw","Quick Slash"],"campfire_rested":1,"item_purchase_floors":[4,21],"current_hp_per_floor":[54,47,47,47,47,47,47,47,47,47,43,26,21,21,40,25,56,45,45,30,30,30,30,24,24,24,20,18,6,0,0],"gold":72,"neow_bonus":"UPGRADE_CARD","is_daily":false,"chose_seed":false,"campfire_upgraded":4,"win_rate":0.0,"timestamp":1614083297,"path_taken":["M","M","?","$","?","R","M","R","T","R","M","E","?","M","R","BOSS","M","?","M","$","?","R","M","$","T","?","?","E","M"],"items_purchased_type":["Card","Card"],"build_version":"2020-12-22","purchased_purges":2,"victory":false,"max_hp_per_floor":[66,66,66,66,66,66,66,66,66,66,66,66,66,66,66,66,66,66,66,66,66,66,66,66,66,66,66,66,66,66,66],"card_choices":[{"not_picked":["Underhanded Strike","Deflect"],"picked":"Bouncing Flask","floor":1.0},{"not_picked":["Infinite Blades","Dodge and Roll"],"picked":"Sucker Punch","floor":2.0},{"not_picked":["Infinite Blades","Leg Sweep","Expertise"],"picked":"SKIP","floor":7.0},{"not_picked":["Flechettes","Dash"],"picked":"Tactician","floor":11.0},{"not_picked":["Underhanded Strike","Reflex"],"picked":"Die Die Die","floor":12.0},{"not_picked":["Infinite Blades+1","Sucker Punch"],"picked":"Backflip","floor":13.0},{"not_picked":["Riddle With Holes","Cloak And Dagger"],"picked":"Flying Knee","floor":14.0},{"not_picked":["Bullet Time","Corpse Explosion"],"picked":"After Image+1","floor":16},{"not_picked":["Outmaneuver","Eviscerate","Blade Dance"],"picked":"SKIP","floor":18},{"not_picked":["Slice","Cloak And Dagger"],"picked":"PiercingWail","floor":20},{"not_picked":["Blade Dance","Prepared"],"picked":"Backstab","floor":24},{"not_picked":["Backstab","Distraction"],"picked":"Well Laid Plans+1","floor":27},{"not_picked":["Outmaneuver","Prepared"],"picked":"Acrobatics","floor":28}],"player_experience":589214,"relics_obtained":[{"floor":9.0,"key":"Frozen Egg 2"},{"floor":12.0,"key":"Boot"},{"floor":26,"key":"Du-Vu Doll"}],"event_choices":[{"damage_healed":0.0,"max_hp_gain":0.0,"max_hp_loss":0.0,"gold_gain":0.0,"cards_transformed":["Strike_G"],"event_name":"Living Wall","player_choice":"Change","floor":3.0,"gold_loss":0.0,"damage_taken":0.0,"cards_obtained":["Leg Sweep"]},{"damage_healed":0.0,"max_hp_gain":0.0,"max_hp_loss":0.0,"gold_gain":0.0,"cards_transformed":["Strike_G"],"event_name":"Transmorgrifier","player_choice":"Transformed","floor":5.0,"gold_loss":0.0,"damage_taken":0.0,"cards_obtained":["Bane"]},{"cards_removed":["Strike_G"],"damage_healed":0,"gold_gain":0,"player_choice":"Gave Gold","damage_taken":0,"max_hp_gain":0,"max_hp_loss":0,"event_name":"Beggar","floor":19,"gold_loss":75},{"damage_healed":0,"gold_gain":0,"player_choice":"Copied","damage_taken":0,"max_hp_gain":0,"max_hp_loss":0,"event_name":"Duplicator","floor":22,"gold_loss":0,"cards_obtained":["After Image"]}],"is_beta":false,"boss_relics":[{"not_picked":["Runic Dome","Snecko Eye"],"picked":"Ring of the Serpent"}],"items_purged_floors":[4,21],"is_endless":false,"potions_floor_spawned":[12,14,24,27,29],"killed_by":"Centurion and Healer","ascension_level":14}}