{"host":"52xbckta4bkesypx","time":1614097831,"event":{"mods":["AchievementEnabler","AlwaysNeverKeys","BaseMod","Card Forge","Minty Spire (QoL Compilation)","Remove Card Discount Mod","Shop Mod","StSLib","SuperFastMode"],"gold_per_floor":[112,128,145,157,170,170,200,200,200,227,227,227,36,48,48,150,150,170,187,205,48,60,88,88,114,196,213,246,346,380,560,560,658,658,676,690,690,1040,1059,1092,1112,1112,1112,1112,1122,1151,1151,1184,1184,1184,1184,1184,810,840,840],"floor_reached":56,"language":"ENG","playtime":2907,"items_purged":[],"score":1934,"play_id":"bef7a247-1174-4e85-851d-6fabfeb6d2a9","local_time":"20210223163031","is_ascension_mode":true,"campfire_choices":[{"floor":6,"key":"RECALL"},{"floor":8,"key":"REST"},{"floor":11,"key":"REST"},{"floor":15,"key":"REST"},{"floor":32,"key":"REST"},{"floor":44,"key":"REST"},{"floor":47,"key":"REST"},{"floor":49,"key":"REST"},{"floor":52,"key":"REST"}],"circlet_count":0,"master_deck":["Brilliance+1","Devotion+1","Establishment+1","Judgement+1","PathToVictory+1","Sanctity+1","Vault+1","WheelKick+1","Worship+1","Brilliance+1","Devotion+1","PathToVictory+1","Sanctity+1","Protect+1","Protect+1","PathToVictory+1","Protect+1","Worship+1","PathToVictory+1","Brilliance+1","Brilliance+1"],"relics":["PureWater","Hammer of Thor","Seething Fire","Anvil of the Gods","Happy Flower","War Paint","Juzu Bracelet","HandDrill","Cursed Key","Damaru","Pear","Mercury Hourglass","InkBottle","White Beast Statue","Dead Branch","Mummified Hand","Pantograph","Busted Crown","Old Coin","Toxic Egg 2","Dream Catcher","Nunchaku","Molten Egg 2","Vajra","Bag of Marbles","Unceasing Top"],"acts_visited":["Exordium","TheCity","TheBeyond","TheEnding"],"potions_floor_usage":[18,23,29,33,38,40,50,55,55],"damage_taken":[{"damage":0,"enemies":"2 Louse","floor":1,"turns":2},{"damage":0,"enemies":"Small Slimes","floor":2,"turns":2},{"damage":0,"enemies":"Jaw Worm","floor":3,"turns":1},{"damage":0,"enemies":"Exordium Thugs","floor":4,"turns":3},{"damage":0,"enemies":"Red Slaver","floor":5,"turns":2},{"damage":1,"enemies":"3 Sentries","floor":7,"turns":3},{"damage":17,"enemies":"Gremlin Nob","floor":10,"turns":3},{"damage":3,"enemies":"Exordium Wildlife","floor":14,"turns":3},{"damage":0,"enemies":"Slime Boss","floor":16,"turns":5},{"damage":0,"enemies":"Shell Parasite","floor":18,"turns":3},{"damage":2,"enemies":"2 Thieves","floor":19,"turns":3},{"damage":0,"enemies":"Sentry and Sphere","floor":20,"turns":2},{"damage":2,"enemies":"Shelled Parasite and Fungi","floor":22,"turns":3},{"damage":5,"enemies":"Book of Stabbing","floor":23,"turns":3},{"damage":33,"enemies":"Gremlin Leader","floor":25,"turns":3},{"damage":0,"enemies":"Chosen and Byrds","floor":27,"turns":3},{"damage":14,"enemies":"Book of Stabbing","floor":28,"turns":3},{"damage":0,"enemies":"Colosseum Slavers","floor":29,"turns":2},{"damage":0,"enemies":"Colosseum Nobs","floor":29,"turns":4},{"damage":0,"enemies":"Slavers","floor":30,"turns":3},{"damage":0,"enemies":"Collector","floor":33,"turns":3},{"damage":0,"enemies":"3 Darklings","floor":35,"turns":3},{"damage":0,"enemies":"3 Shapes","floor":36,"turns":3},{"damage":11,"enemies":"2 Orb Walkers","floor":38,"turns":2},{"damage":6,"enemies":"Sphere and 2 Shapes","floor":39,"turns":4},{"damage":0,"enemies":"Reptomancer","floor":40,"turns":3},{"damage":0,"enemies":"Spire Growth","floor":41,"turns":2},{"damage":0,"enemies":"3 Darklings","floor":45,"turns":3},{"damage":0,"enemies":"Giant Head","floor":46,"turns":4},{"damage":0,"enemies":"Reptomancer","floor":48,"turns":3},{"damage":25,"enemies":"Awakened One","floor":50,"turns":5},{"damage":33,"enemies":"Shield and Spear","floor":54,"turns":3},{"damage":101,"enemies":"The Heart","floor":55,"turns":6}],"seed_played":"-5907036921047375234","potions_obtained":[{"floor":3,"key":"Block Potion"},{"floor":4,"key":"SkillPotion"},{"floor":16,"key":"Dexterity Potion"},{"floor":18,"key":"LiquidBronze"},{"floor":23,"key":"Energy Potion"},{"floor":28,"key":"Block Potion"},{"floor":29,"key":"LiquidBronze"},{"floor":30,"key":"FairyPotion"},{"floor":33,"key":"BottledMiracle"},{"floor":38,"key":"SpeedPotion"},{"floor":40,"key":"EntropicBrew"},{"floor":45,"key":"Swift Potion"}],"is_trial":false,"path_per_floor":["M","M","M","M","M","R","E","R","T","E","R","?","$","M","R","B",null,"M","M","M","$","M","E","?","E","T","M","E","?","E","?","R","B",null,"M","M","?","?","M","E","M","?","T","R","M","E","R","E","R","B",null,"R","$","E","B",null],"character_chosen":"WATCHER","items_purchased":["HandDrill","Block Potion","Damaru","Vajra","Bag of Marbles","Regen Potion"],"campfire_rested":8,"item_purchase_floors":[13,13,21,53,53,53],"current_hp_per_floor":[72,72,72,72,72,72,71,72,72,55,72,72,72,69,72,72,72,72,70,70,70,68,73,82,49,49,49,35,35,35,16,40,65,78,78,78,78,67,61,61,61,61,61,82,82,82,82,82,82,57,76,82,82,49,22],"gold":840,"neow_bonus":"RANDOM_COMMON_RELIC","is_daily":false,"chose_seed":false,"campfire_upgraded":0,"win_rate":0.0,"timestamp":1614097831,"path_taken":["M","M","M","M","M","R","E","R","T","E","R","?","$","M","R","BOSS","M","M","M","$","M","E","?","E","T","M","E","?","E","?","R","BOSS","M","M","?","?","M","E","M","?","T","R","M","E","R","E","R","BOSS","R","$","E","BOSS"],"items_purchased_type":["Relic","Potion","Relic","Relic","Relic","Potion"],"build_version":"2020-12-22","purchased_purges":0,"victory":true,"max_hp_per_floor":[72,72,72,72,72,72,72,72,72,72,72,72,72,72,72,72,72,72,72,72,72,72,82,82,82,82,82,82,82,82,82,82,82,82,82,82,82,82,82,82,82,82,82,82,82,82,82,82,82,82,82,82,82,82,82],"card_choices":[{"not_picked":["PathToVictory","SandsOfTime","WindmillStrike"],"picked":"SKIP","floor":1},{"not_picked":["FollowUp","ClearTheMind","BowlingBash"],"picked":"SKIP","floor":2},{"not_picked":["FlyingSleeves","Conclude","CrushJoints"],"picked":"SKIP","floor":3},{"not_picked":["Wallop","ClearTheMind","TalkToTheHand"],"picked":"SKIP","floor":4},{"not_picked":["CrushJoints","Meditate","Evaluate"],"picked":"SKIP","floor":5},{"not_picked":["Wallop","FollowUp","FlurryOfBlows"],"picked":"SKIP","floor":7},{"not_picked":["ForeignInfluence","WaveOfTheHand","Prostrate"],"picked":"SKIP","floor":10},{"not_picked":["Prostrate","BowlingBash","FlyingSleeves"],"picked":"SKIP","floor":14},{"not_picked":["BowlingBash","ThirdEye","Evaluate"],"picked":"SKIP","floor":18},{"not_picked":["Worship","Fasting2","Wireheading+1"],"picked":"SKIP","floor":19},{"not_picked":["Study","EmptyFist","BowlingBash"],"picked":"SKIP","floor":20},{"not_picked":["FlyingSleeves+1","WreathOfFlame","SandsOfTime+1"],"picked":"SKIP","floor":22},{"not_picked":["Study","Wallop","DeceiveReality"],"picked":"SKIP","floor":23},{"not_picked":["EmptyBody","SandsOfTime","DeceiveReality"],"picked":"SKIP","floor":25},{"not_picked":["FlurryOfBlows","Crescendo","Halt"],"picked":"SKIP","floor":27},{"not_picked":["FlurryOfBlows+1","FearNoEvil","FollowUp"],"picked":"SKIP","floor":28},{"not_picked":["DeceiveReality","CrushJoints+1","MasterReality"],"picked":"SKIP","floor":30},{"not_picked":["Halt+1"],"picked":"SKIP","floor":35},{"not_picked":["Fasting2+1"],"picked":"SKIP","floor":36},{"not_picked":["FollowUp+1"],"picked":"SKIP","floor":39},{"not_picked":["ReachHeaven"],"picked":"SKIP","floor":40},{"not_picked":["Study+1"],"picked":"SKIP","floor":41},{"not_picked":["Evaluate+1"],"picked":"SKIP","floor":45},{"not_picked":["Crescendo+1"],"picked":"SKIP","floor":46},{"not_picked":["BattleHymn"],"picked":"SKIP","floor":48},{"not_picked":["Conclude+1"],"picked":"SKIP","floor":54}],"player_experience":302196,"relics_obtained":[{"floor":7,"key":"War Paint"},{"floor":10,"key":"Juzu Bracelet"},{"floor":23,"key":"Pear"},{"floor":25,"key":"Mercury Hourglass"},{"floor":26,"key":"InkBottle"},{"floor":28,"key":"White Beast Statue"},{"floor":29,"key":"Dead Branch"},{"floor":29,"key":"Mummified Hand"},{"floor":30,"key":"Pantograph"},{"floor":38,"key":"Old Coin"},{"floor":40,"key":"Toxic Egg 2"},{"floor":43,"key":"Dream Catcher"},{"floor":46,"key":"Nunchaku"},{"floor":48,"key":"Molten Egg 2"},{"floor":54,"key":"Unceasing Top"}],"event_choices":[{"cards_removed":["Brilliance"],"damage_healed":0,"gold_gain":0,"player_choice":"Forget","damage_taken":0,"max_hp_gain":0,"max_hp_loss":0,"event_name":"Living Wall","floor":12,"gold_loss":0},{"damage_healed":27,"gold_gain":0,"player_choice":"Heal","damage_taken":0,"max_hp_gain":0,"max_hp_loss":0,"event_name":"The Library","floor":24,"gold_loss":0},{"damage_healed":0,"gold_gain":0,"player_choice":"Fight","damage_taken":0,"max_hp_gain":0,"max_hp_loss":0,"event_name":"Colosseum","floor":29,"gold_loss":0},{"damage_healed":0,"gold_gain":0,"player_choice":"Fought Nobs","damage_taken":0,"max_hp_gain":0,"max_hp_loss":0,"event_name":"Colosseum","floor":29,"gold_loss":0},{"damage_healed":0,"gold_gain":180,"player_choice":"GOLD GOLD ","damage_taken":19,"max_hp_gain":0,"max_hp_loss":0,"event_name":"Knowing Skull","floor":31,"potions_obtained":[],"gold_loss":0,"cards_obtained":[]},{"damage_healed":0,"gold_gain":0,"player_choice":"Ignored","damage_taken":0,"max_hp_gain":0,"max_hp_loss":0,"event_name":"Purifier","floor":37,"gold_loss":0},{"damage_healed":0,"gold_gain":0,"player_choice":"Fight","damage_taken":0,"max_hp_gain":0,"max_hp_loss":0,"event_name":"Mysterious Sphere","floor":38,"gold_loss":0},{"damage_healed":0,"gold_gain":0,"player_choice":"Ignored","damage_taken":0,"max_hp_gain":0,"max_hp_loss":0,"event_name":"Accursed Blacksmith","floor":42,"gold_loss":0}],"is_beta":false,"boss_relics":[{"not_picked":["Ectoplasm","Sozu"],"picked":"Cursed Key"},{"not_picked":["SlaversCollar","Calling Bell"],"picked":"Busted Crown"}],"items_purged_floors":[],"is_endless":false,"potions_floor_spawned":[3,4,14,16,18,20,23,27,28,29,29,30,33,35,36,38,39,40,41,45,46,48,54],"ascension_level":5}}