{"host":"7bvt9h5xvpviio59","time":1614083641,"event":{"mods":["BaseMod","Colored Powertips","Conspire","Hubris","Infinite Spire","Minty Spire (QoL Compilation)","Rare Cards Sparkle","Replay The Spire","StSLib"],"gold_per_floor":[110,64,64,80,80,106,106,106,131,131,131,131,158,176,176,250,250,269,269,279,294,129,129,129,129,129,141,141,241,241,256,256,332,332,349,349,360,160,233,233,291,291,291,331,331,411,439,515,515,637,637,654,754,766,766,811,811,831,831,831,839,839,878,908,921,921,1025,1025,1053,1053,1498,1423,1423,1423],"floor_reached":73,"language":"ENG","playtime":1920,"items_purged":["Strike_R","Strike_R","Strike_R"],"score":1866,"play_id":"d6686965-07fe-41f2-a1c1-572b1ac16cde","local_time":"20210223203401","is_ascension_mode":true,"campfire_choices":[{"data":"Inflame","floor":7,"key":"SMITH"},{"data":"Heavy Blade","floor":10,"key":"SMITH"},{"data":"Bash","floor":12,"key":"SMITH"},{"floor":15,"key":"REST"},{"floor":23,"key":"REST"},{"data":"Shockwave","floor":28,"key":"SMITH"},{"data":"Spot Weakness","floor":28,"key":"SMITH"},{"data":"hubris:InfiniteBlow","floor":32,"key":"SMITH"},{"data":"hubris:InfiniteBlow+1","floor":32,"key":"SMITH"},{"floor":40,"key":"REST"},{"data":"hubris:InfiniteBlow+2","floor":40,"key":"SMITH"},{"data":"hubris:InfiniteBlow+3","floor":40,"key":"SMITH"},{"floor":42,"key":"REST"},{"data":"Reaper","floor":42,"key":"SMITH"},{"data":"hubris:InfiniteBlow+4","floor":42,"key":"SMITH"},{"data":"Armaments","floor":49,"key":"SMITH"},{"data":"hubris:InfiniteBlow+5","floor":49,"key":"SMITH"},{"data":"hubris:InfiniteBlow+6","floor":57,"key":"SMITH"},{"data":"hubris:InfiniteBlow+7","floor":57,"key":"SMITH"},{"floor":59,"key":"REST"},{"data":"hubris:InfiniteBlow+8","floor":59,"key":"SMITH"},{"data":"hubris:InfiniteBlow+9","floor":59,"key":"SMITH"},{"data":"hubris:InfiniteBlow+10","floor":62,"key":"SMITH"},{"data":"hubris:InfiniteBlow+11","floor":62,"key":"SMITH"},{"floor":66,"key":"DIG"}],"circlet_count":0,"master_deck":["AscendersBane","Defend_R","Defend_R","Defend_R","Defend_R","Bash+1","Heavy Blade+1","Fire Breathing+1","Inflame+1","Parasite","Looming Evil","Shockwave+1","Shame","Spot Weakness+1","Bandage Up","hubris:InfiniteBlow+12","Armaments+1","Thunderclap+1","conspire:SpireCoStock","conspire:SpireCoStock","conspire:SpireCoStock","conspire:SpireCoStock","ReplayTheSpireMod:Stacked","Reaper+1","infinitespire:Execution","Metallicize","Pummel+1","Fiend Fire","Double Tap","Seeing Red","True Grit","ReplayTheSpireMod:IOU","ReplayTheSpireMod:IOU","ReplayTheSpireMod:IOU","ReplayTheSpireMod:IOU","ReplayTheSpireMod:IOU","ReplayTheSpireMod:IOU","Massacre"],"relics":["Burning Blood","NeowsBlessing","hubris:CuriousFeather","Ancient Tea Set","Blue Doll","Ring of Misfortune","ReplayTheSpireMod:Ring of Exchange","hubris:Backtick","Du-Vu Doll","Replay:Arrowhead","ReplayTheSpireMod:Shallot","Onion Ring","infinitespire:Magic Flask","Ice Cream","Philosopher\u0027s Stone","hubris:Towel","Omamori","ReplayTheSpireMod:Lightbulb","Bottled Tornado","Centennial Puzzle","Empty Cage","hubris:IronBody","Mercury Hourglass","Darkstone Periapt","White Beast Statue","ChewingGum","hubris:BottledHeart","Replay:Wax Seal"],"acts_visited":["Exordium","TheCity","TheBeyond","Exordium","TheCity"],"potions_floor_usage":[50],"damage_taken":[{"damage":0,"enemies":"Jaw Worm","floor":1,"turns":1},{"damage":5,"enemies":"Small Slimes","floor":4,"turns":2},{"damage":0,"enemies":"Lagavulin","floor":6,"turns":2},{"damage":0,"enemies":"2 Louse","floor":14,"turns":2},{"damage":19,"enemies":"Hexaghost","floor":16,"turns":7},{"damage":16,"enemies":"Shell Parasite","floor":18,"turns":5},{"damage":6,"enemies":"Chosen","floor":20,"turns":3},{"damage":36,"enemies":"Snake Plant","floor":21,"turns":3},{"damage":0,"enemies":"Cultist and Chosen","floor":27,"turns":5},{"damage":13,"enemies":"Colosseum Slavers","floor":29,"turns":4},{"damage":0,"enemies":"Colosseum Nobs","floor":29,"turns":1},{"damage":7,"enemies":"Shelled Parasite and Fungi","floor":31,"turns":2},{"damage":44,"enemies":"Collector","floor":33,"turns":7},{"damage":6,"enemies":"Orb Walker","floor":35,"turns":3},{"damage":7,"enemies":"3 Shapes","floor":37,"turns":3},{"damage":34,"enemies":"Writhing Mass","floor":39,"turns":5},{"damage":27,"enemies":"R_Hoarder","floor":41,"turns":9},{"damage":0,"enemies":"Spire Growth","floor":44,"turns":2},{"damage":2,"enemies":"Nightmare","floor":46,"turns":5},{"damage":0,"enemies":"Jaw Worm Horde","floor":47,"turns":3},{"damage":9,"enemies":"Maw","floor":48,"turns":7},{"damage":65,"enemies":"Donu and Deca","floor":50,"turns":8},{"damage":0,"enemies":"Cultist","floor":52,"turns":2},{"damage":11,"enemies":"Small Slimes","floor":54,"turns":2},{"damage":29,"enemies":"Gremlin Nob","floor":58,"turns":3},{"damage":0,"enemies":"Jaw Worm","floor":61,"turns":1},{"damage":7,"enemies":"Exordium Wildlife","floor":63,"turns":2},{"damage":18,"enemies":"3 Sentries","floor":64,"turns":4},{"damage":0,"enemies":"3 Louse","floor":65,"turns":3},{"damage":0,"enemies":"Fading Forest","floor":67,"turns":8},{"damage":17,"enemies":"3 Byrds","floor":69,"turns":2}],"seed_played":"-3266250646940996961","potions_obtained":[{"floor":4,"key":"FearPotion"},{"floor":14,"key":"AttackPotion"},{"floor":20,"key":"Strength Potion"},{"floor":56,"key":"CultistPotion"},{"floor":65,"key":"Cursed Concoction"}],"is_trial":false,"path_per_floor":["M","$","?","M","?","E","R","?","T","R","?","R","T","M","R","B",null,"M","?","M","M","$","R","?","T","T","M","R","?","AVR","M","R","B",null,"M","?","M","?","M","R","E","R","T","M","T","NM","M","M","R","B",null,"M","?","M","?","?","R","E","R","T","M","R","M","E","M","R","B",null,"M","?","$","?","?"],"character_chosen":"IRONCLAD","items_purchased":["Heavy Blade","Bandage Up","Replay:Wax Seal","Massacre"],"campfire_rested":5,"item_purchase_floors":[2,22,71,71],"current_hp_per_floor":[74,74,74,75,40,46,46,46,46,46,46,46,46,52,74,61,72,62,62,62,32,32,54,54,54,54,64,64,67,67,66,66,32,64,68,68,67,67,39,61,44,66,66,72,72,75,75,75,75,45,68,74,74,69,69,69,69,52,74,74,75,75,74,67,75,75,75,75,64,1,1,1,0,0],"gold":1423,"neow_bonus":"THREE_ENEMY_KILL","is_daily":false,"chose_seed":false,"campfire_upgraded":19,"win_rate":0.0,"timestamp":1614083641,"path_taken":["M","$","?","M","?","E","R","?","T","R","?","R","?","M","R","BOSS","M","?","M","M","$","R","?","?","T","M","R","?","AVR","M","R","BOSS","M","?","M","?","M","R","E","R","T","M","?","NM","M","M","R","BOSS","M","?","?","?","?","R","E","R","T","M","R","M","E","M","R","BOSS","M","?","$","?","?"],"items_purchased_type":["Card","Card","Relic","Card"],"build_version":"2020-12-22","purchased_purges":3,"victory":false,"max_hp_per_floor":[75,75,75,75,75,75,75,75,75,75,75,75,75,75,75,75,75,75,75,75,75,75,75,75,75,75,75,75,75,75,75,75,75,75,75,75,75,75,75,75,75,75,75,75,75,75,75,75,75,75,75,75,75,75,75,75,75,75,75,75,75,75,75,75,75,75,75,75,75,1,1,1,1,1],"card_choices":[{"not_picked":["Headbutt","conspire:ExplosiveBarrier","Shrug It Off"],"picked":"SKIP","floor":1},{"not_picked":["Warcry","Wild Strike"],"picked":"Fire Breathing","floor":4},{"not_picked":["ReplayTheSpireMod:LeadingStrike","Reckless Charge"],"picked":"Inflame","floor":6},{"not_picked":["infinitespire:NeuralNetwork","infinitespire:Gouge"],"picked":"infinitespire:SealOfDarkness+","floor":8},{"not_picked":["Wild Strike","Bloodletting"],"picked":"Shockwave","floor":14},{"not_picked":["Reckless Charge","Anger","ReplayTheSpireMod:Strike From Hell+1"],"picked":"SKIP","floor":18},{"not_picked":["Flex","Iron Wave","Body Slam"],"picked":"SKIP","floor":20},{"not_picked":["Wild Strike","Hemogenesis"],"picked":"Spot Weakness","floor":21},{"not_picked":["Headbutt","hubris:ReadiedAction","Armaments"],"picked":"SKIP","floor":27},{"not_picked":["Inflame+1","Anger+1"],"picked":"Armaments","floor":31},{"not_picked":["Searing Blow","ReplayReversal"],"picked":"Thunderclap+1","floor":35},{"not_picked":["Bloodletting","Twin Strike","Headbutt"],"picked":"SKIP","floor":37},{"not_picked":["ReplayTheSpireMod:Strike From Hell","Iron Wave"],"picked":"ReplayTheSpireMod:Stacked","floor":39},{"not_picked":["Shockwave","Anger"],"picked":"Reaper","floor":41},{"not_picked":["ReplayTheSpireMod:Strike From Hell+1","ReplayTheSpireMod:Muscle Training","Clash"],"picked":"SKIP","floor":44},{"not_picked":["ReplayTheSpireMod:??????????????????????","infinitespire:Menacing"],"picked":"infinitespire:Execution","floor":46},{"not_picked":["Burning Pact","Wild Strike+1"],"picked":"Metallicize","floor":46},{"not_picked":["Havoc+1","Twin Strike"],"picked":"Pummel+1","floor":47},{"not_picked":["hubris:ReadiedAction","Burning Pact","Dropkick"],"picked":"SKIP","floor":48},{"not_picked":["Reaper","Demon Form"],"picked":"Fiend Fire","floor":50},{"not_picked":["Iron Wave","Disarm","Perfected Strike"],"picked":"SKIP","floor":52},{"not_picked":["Disarm","Intimidate","Flex"],"picked":"SKIP","floor":54},{"not_picked":["Anger","Run Through","ReplayTheSpireMod:Strike From Hell"],"picked":"SKIP","floor":58},{"not_picked":["ReplayTheSpireMod:Corrosion Curse","hubris:ReadiedAction","hubris:CleavingFinish"],"picked":"SKIP","floor":61},{"not_picked":["Body Slam","Heavy Blade"],"picked":"Double Tap","floor":63},{"not_picked":["Thunderclap","Spot Weakness","Warcry"],"picked":"SKIP","floor":64},{"not_picked":["Bloodletting","Seeing Red","Warcry"],"picked":"SKIP","floor":65},{"not_picked":["Bloodletting","Warcry"],"picked":"Seeing Red","floor":65},{"not_picked":["Thunderclap","True Grit","Clash"],"picked":"SKIP","floor":69},{"not_picked":["Thunderclap","Clash"],"picked":"True Grit","floor":69}],"player_experience":489331,"relics_obtained":[{"floor":6,"key":"Ancient Tea Set"},{"floor":9,"key":"Blue Doll"},{"floor":11,"key":"Ring of Misfortune"},{"floor":11,"key":"ReplayTheSpireMod:Ring of Exchange"},{"floor":25,"key":"ReplayTheSpireMod:Shallot"},{"floor":26,"key":"Onion Ring"},{"floor":29,"key":"infinitespire:Magic Flask"},{"floor":41,"key":"Omamori"},{"floor":43,"key":"ReplayTheSpireMod:Lightbulb"},{"floor":45,"key":"Bottled Tornado"},{"floor":46,"key":"Centennial Puzzle"},{"floor":58,"key":"hubris:IronBody"},{"floor":60,"key":"Mercury Hourglass"},{"floor":64,"key":"Darkstone Periapt"},{"floor":66,"key":"White Beast Statue"}],"event_choices":[{"damage_healed":0,"gold_gain":0,"player_choice":"Leave","damage_taken":0,"max_hp_gain":0,"max_hp_loss":0,"event_name":"The Cleric","floor":3,"gold_loss":0},{"damage_healed":0,"gold_gain":0,"player_choice":"Success","damage_taken":35,"relics_obtained":["hubris:CuriousFeather"],"max_hp_gain":0,"max_hp_loss":0,"event_name":"Scrap Ooze","floor":5,"gold_loss":0},{"damage_healed":0,"gold_gain":0,"player_choice":"Stole Relic","damage_taken":0,"relics_obtained":["Replay:Arrowhead"],"max_hp_gain":0,"max_hp_loss":0,"event_name":"Addict","floor":19,"gold_loss":0,"cards_obtained":["Shame"]},{"damage_healed":0,"gold_gain":0,"player_choice":"Ignored","damage_taken":0,"max_hp_gain":0,"max_hp_loss":0,"event_name":"Ghosts","floor":24,"gold_loss":0},{"damage_healed":0,"gold_gain":0,"player_choice":"Fight","damage_taken":0,"max_hp_gain":0,"max_hp_loss":0,"event_name":"Colosseum","floor":29,"gold_loss":0},{"damage_healed":0,"gold_gain":0,"player_choice":"Fought Nobs","damage_taken":0,"max_hp_gain":0,"max_hp_loss":0,"event_name":"Colosseum","floor":29,"gold_loss":0},{"damage_healed":0,"gold_gain":0,"player_choice":"Invest 4","damage_taken":0,"max_hp_gain":0,"max_hp_loss":0,"event_name":"conspire:Investor","floor":38,"gold_loss":0},{"damage_healed":0,"gold_gain":100,"player_choice":"Gold","damage_taken":0,"max_hp_gain":0,"max_hp_loss":0,"event_name":"Wheel of Change","floor":53,"gold_loss":0},{"damage_healed":0,"gold_gain":0,"player_choice":"Grow","damage_taken":0,"max_hp_gain":0,"max_hp_loss":0,"event_name":"Living Wall","floor":55,"gold_loss":0,"cards_upgraded":["Fire Breathing"]},{"cards_removed":["Writhe"],"damage_healed":0,"gold_gain":0,"player_choice":"Gave Gold","damage_taken":0,"max_hp_gain":0,"max_hp_loss":0,"event_name":"Beggar","floor":72,"gold_loss":75}],"is_beta":false,"boss_relics":[{"not_picked":["Lee\u0027s Waffle","Ectoplasm"],"picked":"hubris:Backtick"},{"not_picked":["ReplayTheSpireMod:DimensionalGlitch","Painkiller Herb"],"picked":"Philosopher\u0027s Stone"},{"not_picked":["Runic Cube","conspire:SlowCooker"],"picked":"Empty Cage"},{"not_picked":["conspire:SeveredTorchhead","ReplayTheSpireMod:DimensionalGlitch"],"picked":"ChewingGum"}],"items_purged_floors":[22,30,71],"is_endless":true,"potions_floor_spawned":[4,14,18,20,27,31,35,39,41,47,48,58,61,65,67,69],"ascension_level":15}}