{"host":"dh4nu8nelr2izibb","time":1614052020,"event":{"mods":["BaseMod","Better Skull","Better Third Choice","Card Filter","Card Forge","Curses Come First","Displayed Cursed Tome","HololiveMod","Marisa????????","Minty Spire (QoL Compilation)","Poor People Problems","Quick Restart","Relic Filter","Reliquary","StSLib","The Servant 0.9.4","WarShipGirlsR/????R mod","Yakumo Yukari mod"],"gold_per_floor":[115,127,146,162,162,162,196,196,267,278,293,307,318,3,3,101,101,113,113,125,125,125,125,151,151,226,226,117,136,163,180,180],"floor_reached":31,"language":"ENG","playtime":1151,"items_purged":["Strike_MRS","Defend_MRS"],"score":477,"play_id":"9d088084-d5f3-4d99-9dc5-e59a2f66fbe4","local_time":"20210222224700","is_ascension_mode":true,"campfire_choices":[{"data":"MasterSpark","floor":6,"key":"SMITH"},{"data":"OortCloud","floor":15,"key":"SMITH"},{"data":"CollectingQuirk","floor":23,"key":"SMITH"},{"data":"NonDirectionalLaser","floor":25,"key":"SMITH"},{"floor":27,"key":"REST"}],"circlet_count":0,"master_deck":["Strike_MRS","Strike_MRS","Defend_MRS","Defend_MRS","Defend_MRS","MasterSpark+1","UpSweep","6A","GalacticHalo+1","DoubleSpark+1","NonDirectionalLaser+1","MagicAbsorber","AsteroidBelt","SprinkleStarSeal+1","OortCloud+1","CollectingQuirk+1","PowerUp","SporeBomb","AsteroidBelt","NonDirectionalLaser"],"relics":["MiniHakkero","Hammer of Thor","Seething Fire","Anvil of the Gods","Omamori","The Courier","Letter Opener","Membership Card","Torii","reliquary:RedCape","Enchiridion","Ice Cream","reliquary:Vitrine","Ginger"],"acts_visited":["Exordium","TheCity"],"potions_floor_usage":[7,11,16,16,20,24],"damage_taken":[{"damage":0,"enemies":"Small Slimes","floor":1,"turns":3},{"damage":2,"enemies":"Jaw Worm","floor":2,"turns":3},{"damage":1,"enemies":"2 Louse","floor":3,"turns":2},{"damage":1,"enemies":"Looter","floor":4,"turns":3},{"damage":10,"enemies":"3 Sentries","floor":7,"turns":6},{"damage":8,"enemies":"Exordium Thugs","floor":10,"turns":3},{"damage":6,"enemies":"Gremlin Gang","floor":11,"turns":3},{"damage":1,"enemies":"Looter","floor":12,"turns":3},{"damage":0,"enemies":"2 Fungi Beasts","floor":13,"turns":5},{"damage":0,"enemies":"Hexaghost","floor":16,"turns":9},{"damage":0,"enemies":"Chosen","floor":18,"turns":4},{"damage":9,"enemies":"3 Byrds","floor":20,"turns":5},{"damage":14,"enemies":"Gremlin Leader","floor":24,"turns":8},{"damage":9,"enemies":"Snake Plant","floor":29,"turns":2},{"damage":22,"enemies":"Slavers","floor":30,"turns":5},{"damage":1,"enemies":"Centurion and Healer","floor":31,"turns":4}],"seed_played":"6848966101971042769","potions_obtained":[{"floor":2,"key":"DistilledChaos"},{"floor":3,"key":"BlessingOfTheForge"},{"floor":4,"key":"BottledSpark"},{"floor":11,"key":"CultistPotion"},{"floor":12,"key":"FearPotion"},{"floor":18,"key":"Explosive Potion"},{"floor":31,"key":"Explosive Potion"}],"is_trial":false,"path_per_floor":["M","M","M","M","?","R","E","?","T","M","M","M","M","$","R","B",null,"M","?","M","?","?","R","E","R","T","R","$","M","E","M"],"character_chosen":"MARISA","items_purchased":["Membership Card","Torii","OortCloud","SporeBomb","AsteroidBelt","PowerPotion"],"campfire_rested":1,"item_purchase_floors":[14,14,14,28,28,28],"current_hp_per_floor":[68,66,65,64,64,64,54,54,54,46,40,39,39,39,39,39,66,66,52,43,27,53,53,39,39,39,63,63,54,32,31,31],"gold":180,"neow_bonus":"RANDOM_COMMON_RELIC","is_daily":false,"chose_seed":false,"campfire_upgraded":4,"win_rate":0.0,"timestamp":1614052020,"path_taken":["M","M","M","M","?","R","E","?","T","M","M","M","M","$","R","BOSS","M","?","M","?","?","R","E","R","T","R","?","?","E","M"],"items_purchased_type":["Relic","Relic","Card","Card","Card","Potion"],"build_version":"2020-12-22","purchased_purges":2,"victory":false,"max_hp_per_floor":[75,75,75,75,75,75,75,75,75,75,75,75,75,75,75,75,75,75,80,80,80,80,80,80,80,80,80,80,80,80,80,80],"card_choices":[{"not_picked":["LuminesStrike","EarthLightRay"],"picked":"6A","floor":1},{"not_picked":["DragonMeteor","IllusionStar"],"picked":"GalacticHalo","floor":2},{"not_picked":["NonDirectionalLaser","Singularity"],"picked":"DoubleSpark","floor":3},{"not_picked":["DC","Occultation"],"picked":"NonDirectionalLaser","floor":4},{"not_picked":["EscapeVelocity","IllusionStar","DeepEcoloBomb"],"picked":"SKIP","floor":7},{"not_picked":["DoubleSpark","DC"],"picked":"MagicAbsorber","floor":10},{"not_picked":["StarlightTyphoon","WitchOfGreed"],"picked":"AsteroidBelt","floor":11},{"not_picked":["OortCloud","SporeBomb"],"picked":"SprinkleStarSeal","floor":12},{"not_picked":["WitchOfGreed","MilkyWay","StarBarrage"],"picked":"SKIP","floor":13},{"not_picked":["BlazingStar","ManaRampage"],"picked":"CollectingQuirk","floor":16},{"not_picked":["LuminesStrike","SprinkleStarSeal+1","AlicesGift"],"picked":"SKIP","floor":18},{"not_picked":["NonDirectionalLaser","DoubleSpark"],"picked":"PowerUp","floor":20},{"not_picked":["CollectingQuirk","OneTimeOff","EventHorizon"],"picked":"SKIP","floor":24},{"not_picked":["DeepEcoloBomb","MysteriousBeam"],"picked":"NonDirectionalLaser","floor":29},{"not_picked":["WitchOfGreed","DC","Robbery"],"picked":"SKIP","floor":30},{"not_picked":["ShootTheMoon","Acceleration","IllusionStar"],"picked":"SKIP","floor":31}],"player_experience":1203067,"relics_obtained":[{"floor":7,"key":"The Courier"},{"floor":9,"key":"Letter Opener"},{"floor":24,"key":"Ice Cream"},{"floor":26,"key":"reliquary:Vitrine"},{"floor":30,"key":"Ginger"}],"event_choices":[{"damage_healed":0,"gold_gain":0,"player_choice":"Leave","damage_taken":0,"max_hp_gain":0,"max_hp_loss":0,"event_name":"The Cleric","floor":5,"gold_loss":0},{"damage_healed":0,"gold_gain":0,"player_choice":"Grow","damage_taken":0,"max_hp_gain":0,"max_hp_loss":0,"event_name":"Living Wall","floor":8,"gold_loss":0,"cards_upgraded":["GalacticHalo"]},{"damage_healed":0,"gold_gain":0,"player_choice":"Shed Blood","damage_taken":19,"max_hp_gain":5,"max_hp_loss":0,"event_name":"Forgotten Altar","floor":19,"gold_loss":0},{"damage_healed":0,"gold_gain":0,"player_choice":"Obtained Book","damage_taken":16,"max_hp_gain":0,"max_hp_loss":0,"event_name":"Cursed Tome","floor":21,"gold_loss":0},{"damage_healed":26,"gold_gain":0,"player_choice":"Heal","damage_taken":0,"max_hp_gain":0,"max_hp_loss":0,"event_name":"The Library","floor":22,"gold_loss":0}],"is_beta":false,"boss_relics":[{"not_picked":["Pandora\u0027s Box","Runic Pyramid"],"picked":"reliquary:RedCape"}],"items_purged_floors":[14,28],"is_endless":false,"potions_floor_spawned":[2,3,4,11,12,18,31],"killed_by":"Centurion and Healer","ascension_level":9}}