{"host":"8h99olqiwl7u1q5z","time":1614119902,"event":{"mods":["Act Like it!","BaseMod","Colored Powertips","Gensokyo","Hallownest","Highlight Path","Library of Ruina","Library of Ruina Extra","Lobotomy","LobotomyExtend","Marisa£®ÏF”Í°°ƒß¿Ì…≥£©","Minty Spire (QoL Compilation)","Permanent Neow","Quick Restart","Remilia£®¿Ÿ√◊¿Ú—«£©","Replay The Spire","Spicy Shops","StSLib","SuperFastMode","Td1madao Mod","The Bug Knight"],"gold_per_floor":[115,126,126,142,155,155,155,171,171,182,195,195,213,233,233,328,328,328,341,351,351,351],"floor_reached":21,"language":"ZHS","playtime":639,"items_purged":[],"score":229,"play_id":"baba1088-f2ec-4e3a-810a-9e0fe71c11b7","local_time":"20210224063822","is_ascension_mode":false,"campfire_choices":[{"floor":6,"key":"REST"},{"floor":15,"key":"REST"}],"circlet_count":0,"master_deck":["DegradedFairy","DegradedFairy","DegradedChain","DegradedChain","DegradedLock","DegradedPillar","HereticApostle","CrumblingArmor","BigBadWolf","WallGazer","DreamingCurrent","Alriune","BlueStar","MeltingLove"],"relics":["PageOfLibrarian","CogitoBucket","LetterFromLob","Golden Egg","BehaviorAdjustment","Snecko Eye","Theresia"],"acts_visited":["Exordium","TheCity"],"potions_floor_usage":[],"damage_taken":[{"damage":0,"enemies":"2 Louse","floor":1,"turns":1},{"damage":0,"enemies":"Cultist","floor":2,"turns":2},{"damage":0,"enemies":"Small Slimes","floor":4,"turns":1},{"damage":0,"enemies":"3 Louse","floor":5,"turns":1},{"damage":0,"enemies":"Looter","floor":8,"turns":2},{"damage":32,"enemies":"Exordium Wildlife","floor":10,"turns":3},{"damage":0,"enemies":"2 Fungi Beasts","floor":11,"turns":1},{"damage":2,"enemies":"Blue Slaver","floor":13,"turns":2},{"damage":2,"enemies":"Looter","floor":14,"turns":2},{"damage":36,"enemies":"Hexaghost","floor":16,"turns":8},{"damage":40,"enemies":"Chosen","floor":18,"turns":6},{"damage":0,"enemies":"3 Byrds","floor":19,"turns":1},{"damage":4,"enemies":"Centurion and Healer","floor":20,"turns":2},{"damage":131,"enemies":"Cultist and Chosen","floor":21,"turns":11}],"seed_played":"3757306015575555449","potions_obtained":[{"floor":1,"key":"Dexterity Potion"}],"is_trial":false,"path_per_floor":["M","M","?","M","M","R","M","M","T","M","M","?","M","M","R","B",null,"M","M","M","M"],"character_chosen":"Librarian","items_purchased":[],"campfire_rested":2,"item_purchase_floors":[],"current_hp_per_floor":[60,60,60,60,60,87,87,87,87,60,60,60,59,69,90,90,90,83,83,85,0,0],"gold":351,"neow_bonus":"","is_daily":false,"chose_seed":false,"campfire_upgraded":0,"win_rate":0.0,"timestamp":1614119902,"path_taken":["M","M","?","?","M","R","M","M","T","M","M","?","M","M","R","BOSS","M","M","M","M"],"items_purchased_type":[],"build_version":"2020-12-22","purchased_purges":0,"victory":false,"max_hp_per_floor":[90,90,90,90,90,90,90,90,90,90,90,90,90,90,90,90,90,90,90,90,90,90],"card_choices":[{"not_picked":["OSAHOGD","BeautyBeast"],"picked":"GalaxyChild","floor":1},{"not_picked":["Gamble","FrontalAssault","CoordinatedAssault","Riposte","StrikeDown","ChiWen","Reload","MultiHit","UnavoidableGaze"],"picked":"SKIP","floor":1},{"not_picked":["DespairKnight","Scorched"],"picked":"SpiderBud","floor":2},{"not_picked":["NightInTheBackstreets","Faith","Outburst","Reload","TrimTheIngredients","FeelinGood","ConcentratedFire","Tailoring","ExtractFuel"],"picked":"SKIP","floor":2},{"not_picked":["OldLady","MeatLantern"],"picked":"PlagueDoctor","floor":4},{"not_picked":["UpbeatPerformance","ConcentratedFire","InkOver","SnakesPrey","Outburst","SinglePointStab","UndertakePrescript","UncannyStrike","GuardingStance"],"picked":"SKIP","floor":4},{"not_picked":["UpbeatPerformance","ConcentratedFire","InkOver","SnakesPrey","Outburst","SinglePointStab","UndertakePrescript","UncannyStrike","GuardingStance"],"picked":"SKIP","floor":4},{"not_picked":["MeatLantern","HeroicMonk","BlackSwan"],"picked":"Singing Bowl","floor":5},{"not_picked":["NakedNest","QueenBee"],"picked":"CrumblingArmor","floor":5},{"not_picked":["QuickAttack","HandleRequest","ProselytesBlade","EnergyBeam","AlloutWar","Reload","CumulusWall","Outburst","Parry2"],"picked":"SKIP","floor":5},{"not_picked":["QuickAttack","HandleRequest","ProselytesBlade","EnergyBeam","AlloutWar","Reload","CumulusWall","Outburst","Parry2"],"picked":"SKIP","floor":5},{"not_picked":["OSAHOGD","OldLady","Wellcheers"],"picked":"Singing Bowl","floor":8},{"not_picked":["FairyFestival","PunishingBird"],"picked":"BigBadWolf","floor":8},{"not_picked":["FieryDragonSlash","YourShield","SnakesPrey","Diversion","QuickAttack","Parry","EnergyShield","EnergyCycle","Unlock1"],"picked":"SKIP","floor":8},{"not_picked":["FieryDragonSlash","YourShield","SnakesPrey","Diversion","QuickAttack","Parry","EnergyShield","EnergyCycle","Unlock1"],"picked":"SKIP","floor":8},{"not_picked":["VoidDream","PunishingBird","SingingMachine"],"picked":"Singing Bowl","floor":10},{"not_picked":["OldLady","Mercenary"],"picked":"CherryBlossoms","floor":10},{"not_picked":["IdentifyWeakpoint","AsThePrescriptOrders","Creak","SweepTheBackstreets","Pound","BiAn","Rampage_lor","Quickness","FocusFire"],"picked":"SKIP","floor":10},{"not_picked":["UniverseFragment","Murderer","OSAHOGD"],"picked":"Singing Bowl","floor":11},{"not_picked":["OSAHOGD","ShyLook"],"picked":"WallGazer","floor":11},{"not_picked":["CoordinatedAssault","IronWall","FieryWaltz","Pound","MultiBlock","SuppressingShot","GrazeTheGrass","TraceOfFumes","Clone"],"picked":"SKIP","floor":11},{"not_picked":["CoordinatedAssault","IronWall","FieryWaltz","Pound","MultiBlock","SuppressingShot","GrazeTheGrass","TraceOfFumes","Clone"],"picked":"SKIP","floor":11},{"not_picked":["FairyFestival","DreamingCurrent","QueenBee"],"picked":"Singing Bowl","floor":13},{"not_picked":["OldLady","ShyLook"],"picked":"DreamingCurrent","floor":13},{"not_picked":["StartinOutLightly","DefenseOrder","SnakesPrey","SunsetBlade","CumulusWall","Wallop_lor","GuardingStance","FleetFootsteps","Cruelty"],"picked":"SKIP","floor":13},{"not_picked":["StartinOutLightly","DefenseOrder","SnakesPrey","SunsetBlade","CumulusWall","Wallop_lor","GuardingStance","FleetFootsteps","Cruelty"],"picked":"SKIP","floor":13},{"not_picked":["ShyLook","PunishingBird","Wellcheers"],"picked":"Singing Bowl","floor":14},{"not_picked":["ClassAndRespect","SerpentineBarrier","EndlessBattle","HighKick","DesperateStruggle","UpbeatPerformance","Concentration","PinpointShot","ChargeUp"],"picked":"SKIP","floor":14},{"not_picked":["ClassAndRespect","SerpentineBarrier","EndlessBattle","HighKick","DesperateStruggle","UpbeatPerformance","Concentration","PinpointShot","ChargeUp"],"picked":"SKIP","floor":14},{"not_picked":["Wellcheers","Funeral"],"picked":"Alriune","floor":16},{"not_picked":["DespairKnight","SpiderBud"],"picked":"Alriune","floor":18},{"not_picked":["SunsetBlade","SuppressingShot","PreparedMind+1","SinglePointStab","RapidGashes","CleanUp","EndlessBattle","Parry2","DevastatingThrash"],"picked":"SKIP","floor":18},{"not_picked":["SunsetBlade","SuppressingShot","PreparedMind+1","SinglePointStab","RapidGashes","CleanUp","EndlessBattle","Parry2","DevastatingThrash"],"picked":"SKIP","floor":18},{"not_picked":["SunsetBlade","SuppressingShot","PreparedMind+1","SinglePointStab","RapidGashes","CleanUp","EndlessBattle","Parry2","DevastatingThrash"],"picked":"SKIP","floor":18},{"not_picked":["NakedNest","OSAHOGD"],"picked":"BlueStar","floor":19},{"not_picked":["ProselytesBlade","FeatherShield","HighKick","MultiBlock+1","SnakesPrey","ExtractFuel","NonstopAssault","StrikeDown","Transpierce"],"picked":"SKIP","floor":19},{"not_picked":["GreedKing","OSAHOGD"],"picked":"MeltingLove","floor":20},{"not_picked":["ClassAndRespect+1","SpearedSweep+1","EnergyShield+1","Unlock1","SnakesPrey+1","SharpNails","EnergyCycle+1","MultiHit","Riposte"],"picked":"SKIP","floor":20},{"not_picked":["ClassAndRespect+1","SpearedSweep+1","EnergyShield+1","Unlock1","SnakesPrey+1","SharpNails","EnergyCycle+1","MultiHit","Riposte"],"picked":"SKIP","floor":20},{"not_picked":["ClassAndRespect+1","SpearedSweep+1","EnergyShield+1","Unlock1","SnakesPrey+1","SharpNails","EnergyCycle+1","MultiHit","Riposte"],"picked":"SKIP","floor":20}],"player_experience":191787,"relics_obtained":[{"floor":1,"key":"LetterFromLob"},{"floor":9,"key":"Golden Egg"}],"event_choices":[{"damage_healed":0,"gold_gain":0,"player_choice":"Ignored","damage_taken":0,"max_hp_gain":0,"max_hp_loss":0,"event_name":"Transmorgrifier","floor":3,"gold_loss":0}],"is_beta":false,"boss_relics":[{"not_picked":["Tiny House","Velvet Choker"],"picked":"Snecko Eye"}],"items_purged_floors":[],"is_endless":false,"potions_floor_spawned":[1,10,11,13,18],"killed_by":"Cultist and Chosen","ascension_level":0}}