{"host":"yp3213dt42p7qr93","time":1614098719,"event":{"mods":["AchievementEnabler","BaseMod","Minty Spire (QoL Compilation)","Relic Stats"],"gold_per_floor":[112,112,124,199,211,211,225,259,341,368,368,136,136,172,172,293,293,314,314,314,387,387,387,427,526,597,612,630,630,648,691,691,816,816,830,844,862,883,906,946,325,361,361,361,381,420,439,474,474,474,474,474,11,49,49],"floor_reached":56,"language":"ENG","playtime":5983,"items_purged":["Strike_B","Strike_B+1","Strike_B+1"],"score":1785,"play_id":"3c00a1d4-20f8-456b-a250-feef65dcc961","local_time":"20210223114519","is_ascension_mode":true,"campfire_choices":[{"data":"Streamline","floor":6.0,"key":"SMITH"},{"data":"1","floor":11.0,"key":"LIFT"},{"data":"2","floor":15.0,"key":"LIFT"},{"data":"3","floor":23.0,"key":"LIFT"},{"data":"Machine Learning","floor":29.0,"key":"SMITH"},{"data":"Echo Form","floor":32.0,"key":"SMITH"},{"floor":44.0,"key":"RECALL"},{"floor":49.0,"key":"REST"},{"floor":52.0,"key":"REST"}],"circlet_count":0,"master_deck":["Strike_B+1","Defend_B+1","Defend_B+1","Defend_B+1","Defend_B+1","Zap+1","Dualcast","Machine Learning+1","Genetic Algorithm","Cold Snap","Streamline+1","Conserve Battery","Chill","Doom and Gloom","Gash","Genetic Algorithm","Cold Snap+1","Electrodynamics","Gash+1","Ghostly","Ghostly","Ghostly","Ghostly","Ghostly","Genetic Algorithm","Echo Form+1","All For One+1","Genetic Algorithm+1","Coolheaded+1","Go for the Eyes+1","Loop","Gash","Apotheosis"],"relics":["Cracked Core","Girya","Anchor","Orrery","Golden Idol","Unceasing Top","Black Star","Kunai","Letter Opener","Orichalcum","Toy Ornithopter","Gremlin Horn","TungstenRod","Omamori","Fusion Hammer","Turnip","Dream Catcher","OrangePellets","Eternal Feather","Prayer Wheel","Whetstone","Ancient Tea Set","Art of War","Ice Cream","Smiling Mask","Centennial Puzzle","Shuriken","Pocketwatch","Strawberry"],"acts_visited":["Exordium","TheCity","TheBeyond","TheEnding"],"potions_floor_usage":[54,54,54,54,55],"damage_taken":[{"damage":9.0,"enemies":"Small Slimes","floor":1.0,"turns":4.0},{"damage":7.0,"enemies":"Jaw Worm","floor":3.0,"turns":3.0},{"damage":0.0,"enemies":"2 Louse","floor":5.0,"turns":3.0},{"damage":3.0,"enemies":"2 Fungi Beasts","floor":7.0,"turns":3.0},{"damage":2.0,"enemies":"3 Sentries","floor":8.0,"turns":6.0},{"damage":4.0,"enemies":"Gremlin Nob","floor":10.0,"turns":3.0},{"damage":0.0,"enemies":"3 Sentries","floor":14.0,"turns":5.0},{"damage":41.0,"enemies":"Slime Boss","floor":16.0,"turns":11.0},{"damage":15.0,"enemies":"Spheric Guardian","floor":18.0,"turns":4.0},{"damage":0.0,"enemies":"Gremlin Leader","floor":24.0,"turns":8.0},{"damage":3.0,"enemies":"2 Thieves","floor":27.0,"turns":3.0},{"damage":0.0,"enemies":"Centurion and Healer","floor":28.0,"turns":7.0},{"damage":0.0,"enemies":"3 Cultists","floor":30.0,"turns":6.0},{"damage":0.0,"enemies":"Book of Stabbing","floor":31.0,"turns":6.0},{"damage":7.0,"enemies":"Automaton","floor":33.0,"turns":9.0},{"damage":0.0,"enemies":"3 Shapes","floor":35.0,"turns":4.0},{"damage":0.0,"enemies":"3 Darklings","floor":36.0,"turns":5.0},{"damage":0.0,"enemies":"Spire Growth","floor":37.0,"turns":6.0},{"damage":0.0,"enemies":"4 Shapes","floor":38.0,"turns":7.0},{"damage":0.0,"enemies":"Maw","floor":39.0,"turns":8.0},{"damage":27.0,"enemies":"Giant Head","floor":40.0,"turns":11.0},{"damage":2.0,"enemies":"Nemesis","floor":42.0,"turns":11.0},{"damage":0.0,"enemies":"Spire Growth","floor":45.0,"turns":6.0},{"damage":0.0,"enemies":"Giant Head","floor":46.0,"turns":8.0},{"damage":0.0,"enemies":"3 Darklings","floor":47.0,"turns":3.0},{"damage":0.0,"enemies":"Reptomancer","floor":48.0,"turns":6.0},{"damage":0.0,"enemies":"Awakened One","floor":50.0,"turns":13.0},{"damage":13,"enemies":"Shield and Spear","floor":54,"turns":6},{"damage":14,"enemies":"The Heart","floor":55,"turns":13}],"seed_played":"2545392601635712995","potions_obtained":[{"floor":1.0,"key":"DuplicationPotion"},{"floor":5.0,"key":"DistilledChaos"},{"floor":8.0,"key":"FocusPotion"},{"floor":14.0,"key":"Regen Potion"},{"floor":18.0,"key":"LiquidBronze"},{"floor":28.0,"key":"AttackPotion"},{"floor":31.0,"key":"Block Potion"},{"floor":37.0,"key":"Strength Potion"},{"floor":39.0,"key":"Fire Potion"},{"floor":45.0,"key":"EntropicBrew"},{"floor":46.0,"key":"FocusPotion"},{"floor":48.0,"key":"FocusPotion"}],"is_trial":false,"path_per_floor":["M","?","M","?","M","R","M","E","T","E","R","$","?","E","R","B",null,"M","?","?","T","?","R","E","?","T","M","M","R","M","E","R","B",null,"M","M","M","M","M","E","$","E","T","R","M","E","M","E","R","B",null,"R","$","E","B",null],"character_chosen":"DEFECT","items_purchased":["Orrery","OrangePellets","Eternal Feather","FocusPotion","Regen Potion","Shuriken","Apotheosis"],"campfire_rested":2,"item_purchase_floors":[12,41,41,41,41,53,53],"current_hp_per_floor":[66,66,59,48,48,48,45,43,43,39,39,39,39,39,39,13,69,54,54,34,34,34,34,34,34,34,31,31,31,31,34,34,27,34,34,34,34,34,34,8,8,26,26,34,34,34,34,34,34,34,34,34,34,28,19],"gold":49,"neow_bonus":"ONE_RANDOM_RARE_CARD","is_daily":false,"chose_seed":false,"campfire_upgraded":3,"win_rate":0.0,"timestamp":1614098719,"path_taken":["M","?","M","?","M","R","M","E","T","E","R","$","?","E","R","BOSS","M","?","?","?","?","R","E","?","T","M","?","R","M","E","R","BOSS","M","M","?","M","M","E","?","E","T","R","M","E","M","E","R","BOSS","R","$","E","BOSS"],"items_purchased_type":["Relic","Relic","Relic","Potion","Potion","Relic","Card"],"build_version":"2020-12-22","purchased_purges":3,"victory":true,"max_hp_per_floor":[75,75,75,75,75,75,75,75,75,75,75,75,69,69,69,69,69,69,69,34,34,34,34,34,34,34,34,34,34,34,34,34,34,34,34,34,34,34,34,34,34,34,34,34,34,34,34,34,34,34,34,34,34,41,41],"relic_stats":{"Gremlin Horn":[24,24],"counters":[29,188],"Golden Idol":202,"Eternal Feather":8,"Letter Opener":[378],"Whetstone":["All For One","Cold Snap"],"Orichalcum":[186],"Smiling Mask":75,"OrangePellets":[3],"Dream Catcher":2,"Centennial Puzzle":[6],"Shuriken":[9],"Prayer Wheel":2,"Turnip":[2],"Black Star":7,"Art of War":[6],"Kunai":[51],"obtain_stats":[{"Ice Cream":46,"Gremlin Horn":26,"Whetstone":42,"Ancient Tea Set":43,"Smiling Mask":48,"Dream Catcher":40,"Centennial Puzzle":48,"Strawberry":54,"Prayer Wheel":42,"Fusion Hammer":34,"Kunai":21,"Cracked Core":0,"Girya":8,"Golden Idol":13,"Eternal Feather":41,"Omamori":31,"Letter Opener":22,"Orichalcum":24,"OrangePellets":41,"Anchor":10,"Shuriken":53,"Orrery":12,"Turnip":40,"Black Star":17,"Art of War":46,"Unceasing Top":14,"Toy Ornithopter":24,"TungstenRod":31,"Pocketwatch":54},{"Ice Cream":24,"Gremlin Horn":10,"Whetstone":22,"Ancient Tea Set":22,"Smiling Mask":26,"Dream Catcher":21,"Centennial Puzzle":26,"Strawberry":28,"Prayer Wheel":22,"Fusion Hammer":15,"Kunai":9,"Cracked Core":0,"Girya":5,"Golden Idol":6,"Eternal Feather":21,"Omamori":14,"Letter Opener":9,"Orichalcum":10,"OrangePellets":21,"Anchor":6,"Shuriken":27,"Orrery":6,"Turnip":21,"Black Star":8,"Art of War":24,"Unceasing Top":7,"Toy Ornithopter":10,"TungstenRod":14,"Pocketwatch":28},{"Ice Cream":147,"Gremlin Horn":50,"Whetstone":133,"Ancient Tea Set":133,"Smiling Mask":156,"Dream Catcher":122,"Centennial Puzzle":156,"Strawberry":175,"Prayer Wheel":133,"Fusion Hammer":81,"Kunai":42,"Cracked Core":0,"Girya":19,"Golden Idol":22,"Eternal Feather":122,"Omamori":72,"Letter Opener":42,"Orichalcum":50,"OrangePellets":122,"Anchor":22,"Shuriken":169,"Orrery":22,"Turnip":122,"Black Star":38,"Art of War":147,"Unceasing Top":27,"Toy Ornithopter":50,"TungstenRod":72,"Pocketwatch":175}],"Unceasing Top":[18],"Toy Ornithopter":14,"TungstenRod":25,"Pocketwatch":[3]},"card_choices":[{"not_picked":["Rip and Tear","Stack"],"picked":"Genetic Algorithm","floor":1.0},{"not_picked":["Reinforced Body","Leap"],"picked":"Cold Snap","floor":3.0},{"not_picked":["Consume","Rebound"],"picked":"Streamline","floor":5.0},{"not_picked":["Streamline","Lockon"],"picked":"Conserve Battery","floor":7.0},{"not_picked":["Undo","BootSequence","Beam Cell"],"picked":"SKIP","floor":8.0},{"not_picked":["Chaos","Rip and Tear"],"picked":"Chill","floor":10.0},{"not_picked":["Double Energy","Barrage"],"picked":"Doom and Gloom","floor":12.0},{"not_picked":["Amplify","Leap"],"picked":"Gash","floor":12.0},{"not_picked":["Turbo","Doom and Gloom"],"picked":"Genetic Algorithm","floor":12.0},{"not_picked":["Self Repair","Skim"],"picked":"Cold Snap","floor":12.0},{"not_picked":["Cold Snap","Steam","Barrage"],"picked":"SKIP","floor":14.0},{"not_picked":["Reboot","Fission"],"picked":"Electrodynamics","floor":16.0},{"not_picked":["Streamline","Skim"],"picked":"Gash+1","floor":18.0},{"not_picked":["Scrape","Redo","Hello World"],"picked":"SKIP","floor":24.0},{"not_picked":["Cold Snap","Go for the Eyes","Conserve Battery+1"],"picked":"SKIP","floor":27.0},{"not_picked":["Cold Snap+1","Redo"],"picked":"Genetic Algorithm","floor":28.0},{"not_picked":["Redo","Ball Lightning"],"picked":"Echo Form","floor":30.0},{"not_picked":["Beam Cell","Ball Lightning","BootSequence"],"picked":"SKIP","floor":31.0},{"not_picked":["Echo Form","Creative AI"],"picked":"All For One","floor":33.0},{"not_picked":["Heatsinks","Leap","Recycle"],"picked":"SKIP","floor":35.0},{"not_picked":["Stack","Compile Driver"],"picked":"Genetic Algorithm+1","floor":36.0},{"not_picked":["Compile Driver","Tempest"],"picked":"Coolheaded+1","floor":37.0},{"not_picked":["BootSequence+1","Auto Shields","Force Field+1"],"picked":"SKIP","floor":38.0},{"not_picked":["Chaos","Stack","Ball Lightning"],"picked":"SKIP","floor":39.0},{"not_picked":["Storm","Consume+1","Skim"],"picked":"SKIP","floor":40.0},{"not_picked":["Rebound+1","Steam+1","Static Discharge"],"picked":"SKIP","floor":42.0},{"not_picked":["Cold Snap","Self Repair","Rebound+1"],"picked":"SKIP","floor":45.0},{"not_picked":["Go for the Eyes","Coolheaded","Steam+1"],"picked":"SKIP","floor":45.0},{"not_picked":["Aggregate+1","Rip and Tear"],"picked":"Go for the Eyes+1","floor":46.0},{"not_picked":["Sweeping Beam","Lockon","Glacier"],"picked":"SKIP","floor":47.0},{"not_picked":["Multi-Cast","Compile Driver+1","Blizzard+1"],"picked":"SKIP","floor":47.0},{"not_picked":["Sweeping Beam+1","Lockon+1","Streamline"],"picked":"SKIP","floor":48.0},{"not_picked":["Ball Lightning","Conserve Battery+1"],"picked":"Loop","floor":49.0},{"not_picked":["Cold Snap","Redo"],"picked":"Gash","floor":52.0},{"not_picked":["Melter+1","Doom and Gloom+1","Compile Driver+1"],"picked":"SKIP","floor":54}],"player_experience":108506,"relics_obtained":[{"floor":8.0,"key":"Girya"},{"floor":10.0,"key":"Anchor"},{"floor":14.0,"key":"Unceasing Top"},{"floor":21.0,"key":"Kunai"},{"floor":24.0,"key":"Orichalcum"},{"floor":24.0,"key":"Toy Ornithopter"},{"floor":26.0,"key":"Gremlin Horn"},{"floor":31.0,"key":"TungstenRod"},{"floor":31.0,"key":"Omamori"},{"floor":40.0,"key":"Turnip"},{"floor":40.0,"key":"Dream Catcher"},{"floor":42.0,"key":"Prayer Wheel"},{"floor":42.0,"key":"Whetstone"},{"floor":43.0,"key":"Ancient Tea Set"},{"floor":46.0,"key":"Art of War"},{"floor":46.0,"key":"Ice Cream"},{"floor":48.0,"key":"Smiling Mask"},{"floor":48.0,"key":"Centennial Puzzle"},{"floor":54,"key":"Pocketwatch"},{"floor":54,"key":"Strawberry"}],"event_choices":[{"damage_healed":0.0,"max_hp_gain":0.0,"max_hp_loss":0.0,"gold_gain":0.0,"event_name":"Living Wall","player_choice":"Grow","floor":2.0,"gold_loss":0.0,"damage_taken":0.0,"cards_upgraded":["Zap"]},{"damage_healed":0.0,"max_hp_gain":0.0,"max_hp_loss":0.0,"gold_gain":75.0,"event_name":"World of Goop","player_choice":"Gather Gold","floor":4.0,"gold_loss":0.0,"damage_taken":11.0},{"damage_healed":0.0,"max_hp_gain":0.0,"max_hp_loss":6.0,"gold_gain":0.0,"event_name":"Golden Idol","player_choice":"Lose Max HP","floor":13.0,"gold_loss":0.0,"damage_taken":0.0,"relics_obtained":["Golden Idol"]},{"damage_healed":0.0,"max_hp_gain":0.0,"max_hp_loss":0.0,"gold_gain":0.0,"event_name":"Back to Basics","player_choice":"Simplicity","floor":19.0,"gold_loss":0.0,"damage_taken":0.0,"cards_upgraded":["Strike_B","Strike_B","Strike_B","Defend_B","Defend_B","Defend_B","Defend_B"]},{"damage_healed":0.0,"max_hp_gain":0.0,"max_hp_loss":35.0,"gold_gain":0.0,"event_name":"Ghosts","player_choice":"Became a Ghost","floor":20.0,"gold_loss":0.0,"damage_taken":0.0,"cards_obtained":["Ghostly","Ghostly","Ghostly","Ghostly","Ghostly"]},{"damage_healed":0.0,"max_hp_gain":0.0,"max_hp_loss":0.0,"gold_gain":0.0,"event_name":"The Mausoleum","player_choice":"Opened","floor":22.0,"gold_loss":0.0,"damage_taken":0.0,"relics_obtained":["Letter Opener"]},{"damage_healed":0.0,"max_hp_gain":0.0,"max_hp_loss":0.0,"gold_gain":99.0,"event_name":"Nest","player_choice":"Stole From Cult","floor":25.0,"gold_loss":0.0,"damage_taken":0.0}],"is_beta":false,"boss_relics":[{"not_picked":["Philosopher\u0027s Stone","Runic Dome"],"picked":"Black Star"},{"not_picked":["Pandora\u0027s Box","Cursed Key"],"picked":"Fusion Hammer"}],"items_purged_floors":[12,41,53],"is_endless":false,"potions_floor_spawned":[1,5,8,14,18,28,31,37,39,45,46,48],"ascension_level":4}}