{"host":"p15wz9ezm2y4vyo6","time":1614068796,"event":{"mods":["BaseMod","Better Third Choice","Colored Map","Colored Powertips","Custom Start","Defuse TimeMaze Blight","Disable Question Mark Monsters","Displayed Cursed Tome","Downfall","Friendly Minions","Hermit","Hubris","Infinite Spire","Minty Spire (QoL Compilation)","Quick Restart","Rare Cards Sparkle","Replay The Spire","StSLib","SuperFastMode","The Construct","The Servant 0.9.4"],"gold_per_floor":[111,14,32,32,32,32,66,66,66,66,66,66,88,110,110,225,225,252,432,463,18,18,18,18,65,114,114,29,70,0,0,0,0,0],"floor_reached":33,"language":"ENG","playtime":869,"items_purged":[],"score":391,"play_id":"7cb142ad-4c96-44fc-82d2-ebd20c8a4246","local_time":"20210223082636","is_ascension_mode":true,"campfire_choices":[{"data":"hermit:NoHoldsBarred","floor":6,"key":"SMITH"},{"data":"hermit:HighCaliber","floor":11,"key":"SMITH"},{"floor":15,"key":"REST"},{"data":"hermit:Glare","floor":23,"key":"SMITH"},{"floor":27,"key":"REST"},{"data":"Pot Of Greed","floor":32,"key":"SMITH"}],"circlet_count":0,"master_deck":["hermit:Strike_Hermit","hermit:Strike_Hermit","hermit:Strike_Hermit","hermit:Strike_Hermit","hermit:Defend_Hermit","hermit:Defend_Hermit","hermit:Defend_Hermit","hermit:Snapshot","hermit:Covet","hermit:Horror","hermit:NoHoldsBarred+1","hermit:GoldenBullet+1","hermit:HighCaliber+1","hermit:Magnum+1","hubris:Greed","Looming Evil","hubris:Greed","hermit:Manifest","hermit:FinalCanter+1","hubris:Greed","hermit:Glare+1","Pot Of Greed","Pot Of Greed+1","hubris:Compulsion","ReplayTheSpireMod:Restless Dread","ReplayTheSpireMod:Chaos Vortex","Pot Of Greed"],"relics":["hermit:Momento","Blue Doll","Juzu Bracelet","downfall:ExtraCursedKey","Gremlin Horn","Black Star","Ice Cream","Guide Book","hubris:TerracottaHorce","Question Card","Omamori","Bag of Preparation","ReplayTheSpireMod:Ninjato","Pet Ghost","Grinning Jar"],"acts_visited":["Exordium","TheCity"],"potions_floor_usage":[],"damage_taken":[{"damage":9,"enemies":"2 Louse","floor":1,"turns":2},{"damage":0,"enemies":"Small Slimes","floor":3,"turns":2},{"damage":36,"enemies":"Lagavulin","floor":7,"turns":5},{"damage":6,"enemies":"Cultist","floor":13,"turns":3},{"damage":5,"enemies":"Looter","floor":14,"turns":2},{"damage":35,"enemies":"Fading Forest","floor":16,"turns":11},{"damage":12,"enemies":"3 Byrds","floor":18,"turns":3},{"damage":5,"enemies":"Spheric Guardian","floor":20,"turns":3},{"damage":21,"enemies":"Slavers","floor":25,"turns":3},{"damage":27,"enemies":"Replay:Snechameleon","floor":29,"turns":3},{"damage":13,"enemies":"Pondfish","floor":33,"turns":2}],"seed_played":"-7053560340383264393","potions_obtained":[{"floor":3,"key":"EssenceOfSteel"},{"floor":7,"key":"hermit:Tonic"},{"floor":13,"key":"Doom Potion"},{"floor":20,"key":"hermit:Tonic"},{"floor":29,"key":"DuplicationPotion"}],"is_trial":false,"path_per_floor":["M","$","M","?","?","R","E","?","T","?","R","$","M","M","R","B",null,"M","?","M","$","AVR","R","$","E","T","R","?","E","?","?","R","B"],"character_chosen":"HERMIT","items_purchased":["hermit:NoHoldsBarred","hermit:GoldenBullet","Ice Cream","Guide Book"],"campfire_rested":2,"item_purchase_floors":[2,2,21,21],"current_hp_per_floor":[66,66,66,66,66,66,30,30,30,23,23,23,17,12,34,15,75,63,44,39,39,39,39,39,18,18,40,40,13,13,13,13,0,0],"gold":0,"neow_bonus":"RANDOM_COMMON_RELIC","is_daily":false,"chose_seed":false,"campfire_upgraded":4,"win_rate":0.0,"timestamp":1614068796,"path_taken":["M","$","M","?","?","R","E","?","T","?","R","?","M","M","R","BOSS","M","?","M","?","AVR","R","$","E","T","R","?","E","?","?","R","BOSS"],"items_purchased_type":["Card","Card","Relic","Relic"],"build_version":"2020-12-22","purchased_purges":0,"victory":false,"max_hp_per_floor":[75,75,75,75,75,75,75,75,75,75,75,75,75,75,75,75,75,75,75,75,75,75,75,75,75,75,75,75,75,75,75,75,75,75],"card_choices":[{"not_picked":["hermit:Coalescence","hermit:Glare"],"picked":"hermit:Horror","floor":1},{"not_picked":["hermit:LoneWolf","hermit:Desperado"],"picked":"hermit:HighCaliber","floor":3},{"not_picked":["hermit:CalledShot","hermit:ItchyTrigger","hermit:Feint"],"picked":"SKIP","floor":7},{"not_picked":["hermit:Virtue","hermit:Roulette","hermit:SprayPray"],"picked":"SKIP","floor":13},{"not_picked":["hermit:Maintenance","hermit:Deadeye"],"picked":"hermit:Manifest","floor":14},{"not_picked":["hermit:OverwhelmingPower","hermit:DeadOrAlive"],"picked":"hermit:FinalCanter","floor":16},{"not_picked":["hermit:BodyArmor+1","hermit:WideOpen"],"picked":"hermit:Glare","floor":18},{"not_picked":["hermit:EyeOfTheStorm","hermit:HighCaliber","hermit:HoleUp"],"picked":"SKIP","floor":20},{"not_picked":["hermit:Brawl","hermit:CalledShot","hermit:Adapt"],"picked":"SKIP","floor":25},{"not_picked":["hermit:Shortfuse+1","hermit:Headshot","hermit:LowProfile","hermit:Dive"],"picked":"SKIP","floor":29},{"not_picked":["infinitespire:Oblivion","infinitespire:NeuralNetwork"],"picked":"ReplayTheSpireMod:Chaos Vortex","floor":31}],"player_experience":1110535,"relics_obtained":[{"floor":7,"key":"Juzu Bracelet"},{"floor":9,"key":"Gremlin Horn"},{"floor":25,"key":"Question Card"},{"floor":25,"key":"Omamori"},{"floor":26,"key":"Bag of Preparation"},{"floor":29,"key":"Pet Ghost"},{"floor":29,"key":"Grinning Jar"}],"event_choices":[{"damage_healed":0,"gold_gain":0,"player_choice":"Grow","damage_taken":0,"max_hp_gain":0,"max_hp_loss":0,"event_name":"Living Wall","floor":4,"gold_loss":0,"cards_upgraded":["hermit:GoldenBullet"]},{"cards_removed":["Languid"],"damage_healed":0,"gold_gain":0,"player_choice":"Card Removal","damage_taken":7,"max_hp_gain":0,"max_hp_loss":0,"event_name":"Golden Wing","floor":10,"gold_loss":0},{"damage_healed":0,"gold_gain":180,"player_choice":"GOLD GOLD ","damage_taken":19,"max_hp_gain":0,"max_hp_loss":0,"event_name":"Knowing Skull","floor":19,"potions_obtained":[],"gold_loss":0,"cards_obtained":[]},{"damage_healed":0,"gold_gain":0,"player_choice":"Obtained Relic","damage_taken":0,"relics_obtained":["ReplayTheSpireMod:Ninjato"],"max_hp_gain":0,"max_hp_loss":0,"event_name":"Addict","floor":28,"gold_loss":85},{"damage_healed":0,"gold_gain":0,"player_choice":"Paid Fearfully","damage_taken":0,"max_hp_gain":0,"max_hp_loss":0,"event_name":"Masked Bandits","floor":30,"gold_loss":70}],"is_beta":false,"boss_relics":[{"not_picked":["Replay:Drink Me","hubris:BlackHole"],"picked":"Black Star"}],"items_purged_floors":[],"is_endless":false,"potions_floor_spawned":[3,7,13,14,20,29],"killed_by":"Pondfish","ascension_level":1}}