{"host":"soyfmymeou4emntr","time":1614059431,"event":{"mods":["BaseMod","Minty Spire (QoL Compilation)","Permanent Neow","Relic Sorter","Relic Stats","StSLib"],"gold_per_floor":[363,438,438,450,70,70,100,114,138,171,228,246,246,256,256,331,331,348,368,368,23,41,71,71,103,103,135,145,173,173,173,173,246,246,259,259,272,291,37,66,66,91,91,91,141,166,180,211,211,211,211,211,211,0,30,30],"floor_reached":57,"language":"ENG","playtime":7238,"items_purged":[],"score":3102,"play_id":"dd03db15-93f4-4c23-b183-e7e36e32cdf9","local_time":"20210222225031","is_ascension_mode":true,"campfire_choices":[{"floor":6,"key":"REST"},{"data":"Feel No Pain","floor":13,"key":"SMITH"},{"data":"Second Wind","floor":15,"key":"SMITH"},{"data":"Juggernaut","floor":24,"key":"SMITH"},{"data":"Barricade","floor":32,"key":"SMITH"},{"floor":41,"key":"RECALL"},{"data":"Feel No Pain","floor":44,"key":"SMITH"},{"data":"Metallicize","floor":49,"key":"SMITH"},{"data":"Dual Wield","floor":53,"key":"SMITH"}],"circlet_count":0,"master_deck":["AscendersBane","Defend_R","Defend_R","Defend_R","Defend_R","Bash","Hemokinesis+1","Feel No Pain+1","Pommel Strike+1","Reaper","Second Wind+1","Shockwave","Cleave","Clothesline","Metallicize+1","Feed","Corruption+1","Offering+1","Flame Barrier+1","Dual Wield+1","Whirlwind","Entrench+1","Juggernaut+1","Armaments+1","Flame Barrier+1","Feel No Pain+1","Barricade+1","Dual Wield+1","Entrench+1","Spot Weakness+1","J.A.X.+1","Reaper","Sentinel+1","Apotheosis+1","Finesse+1","Purity+1","Shrug It Off+1","Spot Weakness+1","Seeing Red+1","Sentinel+1","Power Through+1","Entrench+1","Offering+1","Juggernaut"],"relics":["Burning Blood","Ice Cream","Happy Flower","Whetstone","Bag of Preparation","Prayer Wheel","Astrolabe","Membership Card","Toxic Egg 2","Pocketwatch","FossilizedHelix","Ornamental Fan","Omamori","PreservedInsect","Sozu","Sling","Ginger","Dead Branch","Paper Frog","StoneCalendar","Bird Faced Urn","Letter Opener","Bottled Tornado","White Beast Statue"],"acts_visited":["Exordium","TheCity","TheBeyond","TheEnding"],"potions_floor_usage":[7,16,22,27],"damage_taken":[{"damage":4,"enemies":"2 Louse","floor":1,"turns":3},{"damage":2,"enemies":"Cultist","floor":4,"turns":2},{"damage":36,"enemies":"Gremlin Nob","floor":7,"turns":4},{"damage":7,"enemies":"Small Slimes","floor":8,"turns":4},{"damage":14,"enemies":"Lagavulin","floor":10,"turns":5},{"damage":15,"enemies":"3 Sentries","floor":11,"turns":10},{"damage":9,"enemies":"Gremlin Gang","floor":12,"turns":4},{"damage":3,"enemies":"Exordium Wildlife","floor":14,"turns":4},{"damage":30,"enemies":"Slime Boss","floor":16,"turns":12},{"damage":8,"enemies":"Chosen","floor":18,"turns":7},{"damage":18,"enemies":"Shell Parasite","floor":19,"turns":5},{"damage":22,"enemies":"Snake Plant","floor":22,"turns":4},{"damage":13,"enemies":"Gremlin Leader","floor":23,"turns":5},{"damage":18,"enemies":"Book of Stabbing","floor":25,"turns":5},{"damage":32,"enemies":"Slavers","floor":27,"turns":4},{"damage":6,"enemies":"Centurion and Healer","floor":28,"turns":6},{"damage":24,"enemies":"Gremlin Leader","floor":29,"turns":7},{"damage":11,"enemies":"Champ","floor":33,"turns":13},{"damage":3,"enemies":"3 Darklings","floor":35,"turns":6},{"damage":3,"enemies":"Orb Walker","floor":37,"turns":3},{"damage":15,"enemies":"Sphere and 2 Shapes","floor":38,"turns":7},{"damage":26,"enemies":"Reptomancer","floor":40,"turns":7},{"damage":6,"enemies":"Giant Head","floor":42,"turns":3},{"damage":0,"enemies":"2 Orb Walkers","floor":45,"turns":2},{"damage":5,"enemies":"Mind Bloom Boss Battle","floor":46,"turns":3},{"damage":16,"enemies":"Maw","floor":47,"turns":7},{"damage":0,"enemies":"Nemesis","floor":48,"turns":5},{"damage":32,"enemies":"Donu and Deca","floor":50,"turns":7},{"damage":100,"enemies":"Awakened One","floor":51,"turns":20},{"damage":13,"enemies":"Shield and Spear","floor":55,"turns":3},{"damage":41,"enemies":"The Heart","floor":56,"turns":6}],"seed_played":"-1569446438096472485","potions_obtained":[{"floor":1,"key":"Regen Potion"},{"floor":7,"key":"GamblersBrew"},{"floor":14,"key":"LiquidBronze"},{"floor":19,"key":"SteroidPotion"},{"floor":23,"key":"BlessingOfTheForge"},{"floor":29,"key":"SteroidPotion"}],"is_trial":false,"path_per_floor":["M","?","?","M","$","R","E","M","T","E","?","M","R","M","R","B",null,"M","M","?","$","M","E","R","E","T","E","M","E","?","?","R","B",null,"M","?","M","M","$","E","R","E","T","R","?","?","M","E","R","B","B",null,"R","$","E","B",null],"character_chosen":"IRONCLAD","items_purchased":["Ice Cream","Pommel Strike","Membership Card","Toxic Egg 2","Juggernaut","Sling","Ginger","Bottled Tornado","Offering+1"],"campfire_rested":1,"item_purchase_floors":[5,5,21,21,21,39,39,54,54],"current_hp_per_floor":[52,41,41,45,45,67,49,48,48,46,45,46,46,49,49,31,64,71,74,74,74,58,62,62,65,65,50,67,67,67,67,67,87,94,96,86,89,88,88,89,89,104,104,104,104,104,104,104,104,108,112,112,112,112,107,112],"gold":30,"neow_bonus":"TWO_FIFTY_GOLD","is_daily":false,"chose_seed":false,"campfire_upgraded":7,"win_rate":0.0,"timestamp":1614059431,"path_taken":["M","?","?","M","$","R","E","?","T","E","?","M","R","M","R","BOSS","M","M","?","$","?","E","R","E","T","E","M","E","?","?","R","BOSS","M","?","M","M","$","E","R","E","T","R","?","?","?","E","R","BOSS","BOSS","R","$","E","BOSS"],"items_purchased_type":["Relic","Card","Relic","Relic","Card","Relic","Relic","Relic","Card"],"build_version":"2020-12-22","purchased_purges":0,"victory":true,"max_hp_per_floor":[75,75,75,75,75,75,75,75,75,75,75,75,75,75,75,75,75,78,81,81,81,81,84,84,87,87,87,90,93,93,93,93,96,96,96,96,96,100,100,100,100,104,104,104,104,104,104,104,104,108,112,112,112,112,112,112],"relic_stats":{"Happy Flower":[58],"counters":[31,183],"Astrolabe":["Corruption","Offering","Flame Barrier"],"Dead Branch":[237],"StoneCalendar":[27],"PreservedInsect":318,"Bag of Preparation":[52],"Whetstone":["Hemokinesis","Pommel Strike"],"Ginger":[11],"Letter Opener":[159],"Burning Blood":141,"Sozu":4,"Ornamental Fan":[56],"Bird Faced Urn":[66],"Prayer Wheel":10,"obtain_stats":[{"Ice Cream":5,"Happy Flower":7,"Astrolabe":17,"Dead Branch":40,"StoneCalendar":45,"PreservedInsect":29,"Bag of Preparation":10,"Omamori":27,"Whetstone":9,"Ginger":39,"Letter Opener":48,"Bottled Tornado":54,"Sling":39,"Burning Blood":0,"White Beast Statue":55,"Sozu":34,"Ornamental Fan":26,"Bird Faced Urn":46,"Prayer Wheel":11,"Membership Card":21,"Toxic Egg 2":21,"FossilizedHelix":25,"Pocketwatch":23,"Paper Frog":42},{"Ice Cream":2,"Happy Flower":3,"Astrolabe":9,"Dead Branch":22,"StoneCalendar":24,"PreservedInsect":17,"Bag of Preparation":5,"Omamori":15,"Whetstone":4,"Ginger":21,"Letter Opener":27,"Bottled Tornado":29,"Sling":21,"Burning Blood":0,"White Beast Statue":30,"Sozu":18,"Ornamental Fan":14,"Bird Faced Urn":25,"Prayer Wheel":6,"Membership Card":11,"Toxic Egg 2":11,"FossilizedHelix":14,"Pocketwatch":13,"Paper Frog":23},{"Ice Cream":5,"Happy Flower":9,"Astrolabe":48,"Dead Branch":127,"StoneCalendar":132,"PreservedInsect":91,"Bag of Preparation":18,"Omamori":78,"Whetstone":13,"Ginger":120,"Letter Opener":147,"Bottled Tornado":174,"Sling":120,"Burning Blood":0,"White Beast Statue":177,"Sozu":104,"Ornamental Fan":74,"Bird Faced Urn":135,"Prayer Wheel":28,"Membership Card":60,"Toxic Egg 2":60,"FossilizedHelix":74,"Pocketwatch":69,"Paper Frog":130}],"Pocketwatch":[102]},"card_choices":[{"not_picked":["Intimidate","Searing Blow"],"picked":"Hemokinesis","floor":1},{"not_picked":["Shrug It Off","Warcry"],"picked":"Feel No Pain","floor":4},{"not_picked":["Havoc","Shrug It Off"],"picked":"Reaper","floor":7},{"not_picked":["Clash","Twin Strike","Iron Wave"],"picked":"SKIP","floor":8},{"not_picked":["Sword Boomerang","Twin Strike"],"picked":"Second Wind","floor":10},{"not_picked":["Combust","Clothesline"],"picked":"Shockwave","floor":11},{"not_picked":["Hemokinesis","Warcry"],"picked":"Cleave","floor":12},{"not_picked":["True Grit","Headbutt","Clothesline"],"picked":"SKIP","floor":12},{"not_picked":["True Grit","Headbutt"],"picked":"Clothesline","floor":12},{"not_picked":["Shrug It Off","Cleave"],"picked":"Metallicize","floor":14},{"not_picked":["Reaper","Armaments","Power Through"],"picked":"SKIP","floor":14},{"not_picked":["Berserk","Impervious"],"picked":"Feed","floor":16},{"not_picked":["Clash","Hemokinesis+1"],"picked":"Dual Wield","floor":18},{"not_picked":["Flex+1","Thunderclap","Perfected Strike"],"picked":"SKIP","floor":18},{"not_picked":["Searing Blow","Rupture"],"picked":"Whirlwind","floor":19},{"not_picked":["Twin Strike","Headbutt"],"picked":"Entrench+1","floor":19},{"not_picked":["Thunderclap","Ghostly Armor+1"],"picked":"Armaments+1","floor":22},{"not_picked":["Sword Boomerang","Clothesline","Corruption"],"picked":"SKIP","floor":22},{"not_picked":["Warcry+1","Entrench+1"],"picked":"Flame Barrier+1","floor":23},{"not_picked":["Metallicize","Warcry+1"],"picked":"Feel No Pain","floor":25},{"not_picked":["Rampage+1","Dual Wield+1"],"picked":"Barricade","floor":27},{"not_picked":["Reckless Charge","Combust"],"picked":"Dual Wield+1","floor":28},{"not_picked":["Seeing Red+1","Entrench+1","Thunderclap"],"picked":"SKIP","floor":28},{"not_picked":["Seeing Red+1","Thunderclap"],"picked":"Entrench+1","floor":28},{"not_picked":["Anger","Warcry+1"],"picked":"Spot Weakness+1","floor":29},{"not_picked":["Feed","Berserk"],"picked":"Reaper","floor":33},{"not_picked":["Second Wind+1","Havoc+1"],"picked":"Sentinel+1","floor":35},{"not_picked":["Heavy Blade","Cleave","Searing Blow"],"picked":"SKIP","floor":35},{"not_picked":["Good Instincts+1","Jack Of All Trades+1"],"picked":"Apotheosis+1","floor":36},{"not_picked":["Purity+1","Dramatic Entrance"],"picked":"Finesse+1","floor":36},{"not_picked":["Mayhem","Dramatic Entrance"],"picked":"Purity+1","floor":36},{"not_picked":["Iron Wave","Thunderclap"],"picked":"Shrug It Off+1","floor":37},{"not_picked":["Anger","Hemokinesis","Perfected Strike"],"picked":"SKIP","floor":37},{"not_picked":["Sentinel+1","Armaments+1"],"picked":"Spot Weakness+1","floor":38},{"not_picked":["Anger","Metallicize"],"picked":"Seeing Red+1","floor":38},{"not_picked":["Hemokinesis","Second Wind+1"],"picked":"Sentinel+1","floor":40},{"not_picked":["Exhume+1","Havoc+1"],"picked":"Power Through+1","floor":42},{"not_picked":["Wild Strike","Heavy Blade"],"picked":"Entrench+1","floor":47},{"not_picked":["Sword Boomerang+1","Dark Embrace","Heavy Blade+1"],"picked":"SKIP","floor":47},{"not_picked":["Spot Weakness+1","Warcry+1","Seeing Red+1"],"picked":"SKIP","floor":48},{"not_picked":["Dual Wield+1","Clothesline"],"picked":"Juggernaut","floor":55}],"player_experience":3496030,"relics_obtained":[{"floor":7,"key":"Happy Flower"},{"floor":9,"key":"Whetstone"},{"floor":10,"key":"Bag of Preparation"},{"floor":11,"key":"Prayer Wheel"},{"floor":23,"key":"Pocketwatch"},{"floor":25,"key":"FossilizedHelix"},{"floor":26,"key":"Ornamental Fan"},{"floor":27,"key":"Omamori"},{"floor":29,"key":"PreservedInsect"},{"floor":40,"key":"Dead Branch"},{"floor":42,"key":"Paper Frog"},{"floor":45,"key":"StoneCalendar"},{"floor":46,"key":"Bird Faced Urn"},{"floor":48,"key":"Letter Opener"},{"floor":55,"key":"White Beast Statue"}],"event_choices":[{"damage_healed":0,"gold_gain":75,"player_choice":"Gather Gold","damage_taken":11,"max_hp_gain":0,"max_hp_loss":0,"event_name":"World of Goop","floor":2,"gold_loss":0},{"cards_removed":["Strike_R"],"damage_healed":0,"gold_gain":0,"player_choice":"Offered Basic","damage_taken":0,"max_hp_gain":0,"max_hp_loss":0,"event_name":"Bonfire Elementals","floor":3,"gold_loss":0},{"damage_healed":0,"gold_gain":30,"player_choice":"Searched \u00273\u0027 times","damage_taken":0,"max_hp_gain":0,"max_hp_loss":0,"event_name":"Dead Adventurer","floor":11,"gold_loss":0},{"cards_removed":["Strike_R"],"damage_healed":0,"gold_gain":0,"player_choice":"Purged","damage_taken":0,"max_hp_gain":0,"max_hp_loss":0,"event_name":"Purifier","floor":20,"gold_loss":0},{"damage_healed":0,"gold_gain":0,"player_choice":"Ignored","damage_taken":0,"max_hp_gain":0,"max_hp_loss":0,"event_name":"Ghosts","floor":30,"gold_loss":0},{"damage_healed":0,"gold_gain":0,"player_choice":"Obtain J.A.X.","damage_taken":0,"max_hp_gain":0,"max_hp_loss":0,"event_name":"Drug Dealer","floor":31,"gold_loss":0,"cards_obtained":["J.A.X."]},{"damage_healed":0,"gold_gain":0,"player_choice":"Memory 3","damage_taken":10,"max_hp_gain":0,"max_hp_loss":0,"event_name":"SensoryStone","floor":36,"gold_loss":0},{"damage_healed":0,"gold_gain":0,"player_choice":"Fight","damage_taken":0,"max_hp_gain":0,"max_hp_loss":0,"event_name":"Mysterious Sphere","floor":45,"gold_loss":0},{"damage_healed":0,"gold_gain":0,"player_choice":"Fight","damage_taken":0,"max_hp_gain":0,"max_hp_loss":0,"event_name":"MindBloom","floor":46,"gold_loss":0}],"is_beta":false,"boss_relics":[{"not_picked":["Tiny House","Runic Dome"],"picked":"Astrolabe"},{"not_picked":["Runic Cube","Velvet Choker"],"picked":"Sozu"}],"items_purged_floors":[],"is_endless":false,"potions_floor_spawned":[1,7,12,14,19,23,25,29,37,40,46,48],"ascension_level":20}}