{"host":"f5n4tidiz2n5sooh","time":1614080216,"event":{"mods":["BaseMod","Colored Map","Minty Spire (QoL Compilation)","Relic Stats","StSLib"],"gold_per_floor":[219,234,246,10,10,42,42,42,42,42,42],"floor_reached":10,"language":"ENG","playtime":545,"items_purged":["Strike_G"],"score":132,"play_id":"447b1ad5-295f-47fa-b31e-106cf8fae925","local_time":"20210223053656","is_ascension_mode":true,"campfire_choices":[{"floor":8,"key":"REST"}],"circlet_count":0,"master_deck":["AscendersBane","Strike_G","Strike_G","Strike_G","Strike_G","Defend_G","Defend_G","Defend_G","Defend_G","Defend_G","Survivor","Neutralize","Dagger Spray","Blade Dance","Eviscerate","Die Die Die","Malaise","Blade Dance"],"relics":["Ring of the Snake","Orrery","Question Card","Ninja Scroll"],"acts_visited":["Exordium"],"potions_floor_usage":[6],"damage_taken":[{"damage":0,"enemies":"2 Louse","floor":1,"turns":4},{"damage":6,"enemies":"Jaw Worm","floor":2,"turns":5},{"damage":9,"enemies":"Cultist","floor":3,"turns":5},{"damage":16,"enemies":"Lagavulin","floor":6,"turns":7},{"damage":29,"enemies":"Gremlin Nob","floor":10,"turns":3}],"seed_played":"-1738706073916879088","potions_obtained":[{"floor":2,"key":"LiquidMemories"},{"floor":6,"key":"Dexterity Potion"}],"is_trial":false,"path_per_floor":["M","M","M","$","?","E","$","R","T","E"],"character_chosen":"THE_SILENT","items_purchased":["Orrery"],"campfire_rested":1,"item_purchase_floors":[4],"current_hp_per_floor":[59,53,44,44,26,10,10,29,29,0,0],"gold":42,"neow_bonus":"HUNDRED_GOLD","is_daily":false,"chose_seed":false,"campfire_upgraded":0,"win_rate":0.0,"timestamp":1614080216,"path_taken":["M","M","M","$","?","E","?","R","T","E"],"items_purchased_type":["Relic"],"build_version":"2020-12-22","purchased_purges":1,"victory":false,"max_hp_per_floor":[66,66,66,66,66,66,66,66,66,66,66],"relic_stats":{"counters":[5,24],"Question Card":1,"obtain_stats":[{"Ninja Scroll":6,"Orrery":4,"Question Card":5,"Ring of the Snake":0},{"Ninja Scroll":4,"Orrery":3,"Question Card":3,"Ring of the Snake":0},{"Ninja Scroll":21,"Orrery":14,"Question Card":14,"Ring of the Snake":0}],"Ring of the Snake":[10]},"card_choices":[{"not_picked":["Slice","Well Laid Plans"],"picked":"Dagger Spray","floor":1},{"not_picked":["Heel Hook","Slice","Catalyst"],"picked":"SKIP","floor":2},{"not_picked":["Deflect","Dodge and Roll","Reflex"],"picked":"SKIP","floor":3},{"not_picked":["Underhanded Strike","Bane"],"picked":"Blade Dance","floor":4},{"not_picked":["Endless Agony","Acrobatics"],"picked":"Eviscerate","floor":4},{"not_picked":["Backflip","Noxious Fumes"],"picked":"Die Die Die","floor":4},{"not_picked":["Distraction","Dagger Throw"],"picked":"Malaise","floor":4},{"not_picked":["Masterful Stab","Flying Knee","Outmaneuver"],"picked":"Blade Dance","floor":6}],"player_experience":2080710,"relics_obtained":[{"floor":6,"key":"Ninja Scroll"}],"event_choices":[{"damage_healed":0,"gold_gain":0,"player_choice":"Success","damage_taken":18,"relics_obtained":["Question Card"],"max_hp_gain":0,"max_hp_loss":0,"event_name":"Scrap Ooze","floor":5,"gold_loss":0}],"is_beta":false,"boss_relics":[],"items_purged_floors":[4],"is_endless":false,"potions_floor_spawned":[2,6],"killed_by":"Gremlin Nob","ascension_level":20}}