{"host":"uyfpom4rlahfoee4","time":1614059260,"event":{"mods":["BaseMod","Downfall","Minty Spire (QoL Compilation)","StSLib"],"gold_per_floor":[99,115,130,68,168,168,222,222,245,263,263,281,301,326,336,431,431,431,450,465,483,483,483,530,545,557,569,569,39,139,165,165,165,165],"floor_reached":32,"language":"ENG","playtime":2540,"items_purged":[],"score":339,"play_id":"196b3fd6-7549-4297-939e-38f24d0515d2","local_time":"20210222214740","is_ascension_mode":false,"campfire_choices":[{"data":"Slimebound:CorrosiveSpit","floor":1,"key":"SMITH"},{"data":"Slimebound:Equalize","floor":6,"key":"SMITH"},{"data":"Slimebound:LevelUp","floor":8,"key":"SMITH"},{"data":"Slimebound:PressTheAttack","floor":11,"key":"SMITH"},{"data":"Slimebound:SplitAcid","floor":18,"key":"SMITH"},{"data":"Slimebound:SplitSpecialist","floor":23,"key":"SMITH"}],"circlet_count":0,"master_deck":["Slimebound:Strike_Slimebound","Slimebound:Strike_Slimebound","Slimebound:Strike_Slimebound","Slimebound:Tackle","Slimebound:Defend_Slimebound","Slimebound:Defend_Slimebound","Slimebound:Defend_Slimebound","Slimebound:Defend_Slimebound","Slimebound:Split+1","Slimebound:CorrosiveSpit+1","Slimebound:SplitAcid+1","Slimebound:Equalize+1","Slimebound:LevelUp+1","Slimebound:HauntingLick","Slimebound:HauntingLick","Slimebound:PressTheAttack+1","Slimebound:GoopSpray","Slimebound:RainOfGoop","Slimebound:Recycling+1","Slimebound:Equalize","Slimebound:MassFeed","Slimebound:SplitAcid+1","Slimebound:LivingWall","Slimebound:SplitSpecialist+1","Slimebound:PressTheAttack","Slimebound:Schlurp","Slimebound:Equalize","Slimebound:LivingWall","Slimebound:Equalize+1","Slimebound:RejuvenatingLick","Slimebound:OozeBath","Slimebound:GrowthPunch+1","Slimebound:SplitSpecialist"],"relics":["Slimebound:AbsorbEndCombat","Odd Mushroom","Frozen Egg 2","SacredBark","downfall:RedIOU","MealTicket","Molten Egg 2","StoneCalendar","InkBottle","Smiling Mask"],"acts_visited":["Exordium","TheCity"],"potions_floor_usage":[13,15,16,25,30,30,30,32],"damage_taken":[{"damage":5,"enemies":"Small Slimes","floor":2,"turns":4},{"damage":1,"enemies":"Jaw Worm","floor":3,"turns":3},{"damage":0,"enemies":"downfall:FleeingMerchant","floor":4,"turns":4},{"damage":15,"enemies":"The Mushroom Lair","floor":9,"turns":4},{"damage":0,"enemies":"2 Louse","floor":10,"turns":2},{"damage":6,"enemies":"2 Fungi Beasts","floor":12,"turns":3},{"damage":9,"enemies":"3 Louse","floor":13,"turns":3},{"damage":20,"enemies":"3 Sentries","floor":14,"turns":4},{"damage":1,"enemies":"Lots of Slimes","floor":15,"turns":3},{"damage":0,"enemies":"SI_SHIV_ARCHETYPE","floor":16,"turns":5},{"damage":0,"enemies":"Chosen","floor":19,"turns":4},{"damage":12,"enemies":"Shell Parasite","floor":20,"turns":4},{"damage":32,"enemies":"Snake Plant","floor":21,"turns":3},{"damage":32,"enemies":"Shelled Parasite and Fungi","floor":25,"turns":5},{"damage":10,"enemies":"Cultist and Chosen","floor":26,"turns":6},{"damage":14,"enemies":"Centurion and Healer","floor":27,"turns":6},{"damage":0,"enemies":"downfall:FleeingMerchant","floor":29,"turns":4},{"damage":36,"enemies":"Colosseum Nobs","floor":30,"turns":4},{"damage":39,"enemies":"Slavers","floor":31,"turns":5},{"damage":18,"enemies":"3 Cultists","floor":32,"turns":3}],"seed_played":"-5621313245283902630","potions_obtained":[{"floor":9,"key":"SteroidPotion"},{"floor":10,"key":"DuplicationPotion"},{"floor":13,"key":"Slimebound:SpawnSlimePotion"},{"floor":14,"key":"AttackPotion"},{"floor":20,"key":"Weak Potion"},{"floor":26,"key":"hexamod:SoulburnPotion"},{"floor":28,"key":"CultistPotion"},{"floor":30,"key":"sneckomod:MuddlingPotion"}],"is_trial":false,"path_per_floor":["R","M","M","$","?","R","T","R","?","M","R","M","M","E","M","B",null,"R","M","M","M","?","R","T","M","M","M","?","$","?","E","M"],"character_chosen":"SLIMEBOUND","items_purchased":["Slimebound:HauntingLick","Molten Egg 2","Slimebound:Equalize+1","Slimebound:RejuvenatingLick","Slimebound:OozeBath"],"campfire_rested":0,"item_purchase_floors":[4,29,29,29,29],"current_hp_per_floor":[65,65,65,65,65,65,65,65,52,62,62,64,58,50,63,65,65,65,65,65,57,57,57,57,48,42,39,39,70,54,35,23,23,23],"gold":165,"neow_bonus":"UPGRADE_CARD","is_daily":false,"chose_seed":false,"campfire_upgraded":6,"win_rate":0.0,"timestamp":1614059260,"path_taken":["R","M","M","$","?","R","T","R","?","M","R","M","M","E","M","BOSS","R","M","M","M","?","R","T","M","M","M","?","$","?","E","M"],"items_purchased_type":["Card","Relic","Card","Card","Card"],"build_version":"2020-12-22","purchased_purges":0,"victory":false,"max_hp_per_floor":[65,65,65,65,65,65,65,65,65,65,65,65,65,65,65,65,65,65,65,65,65,65,65,65,68,68,71,71,71,71,71,71,71,71],"card_choices":[{"not_picked":["Slimebound:LeechingTouch","Slimebound:GoopTackle"],"picked":"Slimebound:SplitAcid","floor":2},{"not_picked":["Slimebound:LeechEnergy","Slimebound:Nibble"],"picked":"Slimebound:Equalize","floor":3},{"not_picked":["Slimebound:SplitAcid","Slimebound:SamplingLick"],"picked":"Slimebound:LevelUp","floor":4},{"not_picked":["Slimebound:DisruptingSlam","Slimebound:SplitAcid"],"picked":"Slimebound:HauntingLick","floor":9},{"not_picked":["Slimebound:LeadByExample","Slimebound:SamplingLick"],"picked":"Slimebound:PressTheAttack","floor":10},{"not_picked":["Slimebound:RollThrough","Slimebound:ServeAndProtect"],"picked":"Slimebound:GoopSpray","floor":12},{"not_picked":["Slimebound:Overexert","Slimebound:LeechingTouch"],"picked":"Slimebound:RainOfGoop","floor":13},{"not_picked":["Slimebound:MassFeed","Slimebound:SplitMire"],"picked":"Slimebound:Recycling+1","floor":14},{"not_picked":["Slimebound:RainOfGoop","Slimebound:SplitBruiser"],"picked":"Slimebound:Equalize","floor":15},{"not_picked":["Slimebound:SelfFormingGoo+1","Slimebound:CheckThePlaybook"],"picked":"Slimebound:MassFeed","floor":16},{"not_picked":["Slimebound:SplitMire","Slimebound:HauntingLick"],"picked":"Slimebound:SplitAcid+1","floor":19},{"not_picked":["Slimebound:SplitLeeching+1","Slimebound:SplitAcid"],"picked":"Slimebound:LivingWall","floor":20},{"not_picked":["Slimebound:Chomp","Slimebound:Schlurp+1"],"picked":"Slimebound:SplitSpecialist","floor":21},{"not_picked":["Slimebound:ItLooksTasty+1","Slimebound:Gluttony+1"],"picked":"Slimebound:PressTheAttack","floor":25},{"not_picked":["Slimebound:LeadByExample+1","Slimebound:ViciousTackle+1"],"picked":"Slimebound:Schlurp","floor":26},{"not_picked":["Slimebound:SlimeTap","Slimebound:SamplingLick+1"],"picked":"Slimebound:Equalize","floor":27},{"not_picked":["Slimebound:ViciousTackle","Slimebound:GoopSpray"],"picked":"Slimebound:LivingWall","floor":29},{"not_picked":["Slimebound:Chomp+1","Slimebound:SplitBruiser"],"picked":"Slimebound:GrowthPunch+1","floor":30},{"not_picked":["Slimebound:RainOfGoop+1","Slimebound:SplitMire"],"picked":"Slimebound:SplitSpecialist","floor":31}],"player_experience":130543,"relics_obtained":[{"floor":7,"key":"Lantern"},{"floor":9,"key":"Odd Mushroom"},{"floor":14,"key":"Frozen Egg 2"},{"floor":24,"key":"MealTicket"},{"floor":30,"key":"StoneCalendar"},{"floor":30,"key":"InkBottle"},{"floor":31,"key":"Smiling Mask"}],"event_choices":[{"damage_healed":0,"gold_gain":0,"player_choice":"Fought Mushrooms","damage_taken":0,"max_hp_gain":0,"max_hp_loss":0,"event_name":"Mushrooms","floor":9,"gold_loss":0}],"is_beta":false,"boss_relics":[{"not_picked":["Runic Pyramid","Velvet Choker"],"picked":"SacredBark"}],"items_purged_floors":[],"is_endless":false,"potions_floor_spawned":[9,10,13,14,20,26,30],"killed_by":"3 Cultists","ascension_level":0}}