{"host":"04hh9gplt9wkfmr1","time":1614111178,"event":{"mods":["AchievementEnabler","BaseMod","Colored Map","KOR Keyword Fix","Minty Spire (QoL Compilation)","Rare Cards Sparkle","SuperFastMode"],"gold_per_floor":[111,186,186,205,216,216,72,72,72,99,99,117,148,159,159,254,254,270,270,286,125,136,136,168,268,268,268,281,281,281,314,314,314,314],"floor_reached":33,"language":"KOR","playtime":1061,"items_purged":["Pain"],"score":454,"play_id":"4e4853f0-af22-46e6-a352-92461079ae78","local_time":"20210224051258","is_ascension_mode":true,"campfire_choices":[{"data":"Zap","floor":6.0,"key":"SMITH"},{"data":"Dualcast","floor":8.0,"key":"SMITH"},{"floor":11.0,"key":"REST"},{"floor":15.0,"key":"REST"},{"floor":23.0,"key":"REST"},{"data":"Genetic Algorithm","floor":27.0,"key":"SMITH"},{"data":"Genetic Algorithm","floor":30.0,"key":"SMITH"},{"floor":32.0,"key":"REST"}],"circlet_count":0,"master_deck":["AscendersBane","Strike_B","Strike_B","Strike_B","Strike_B","Defend_B","Defend_B","Defend_B","Defend_B","Zap+1","Dualcast+1","All For One","Hologram","Seek","All For One","Self Repair","Beam Cell","Gash","Seek","Stack","Go for the Eyes","Steam","Glacier","Streamline","Steam+1","Genetic Algorithm+1","Sunder","Genetic Algorithm+1","Double Energy"],"relics":["Cracked Core","WarpedTongs","Smiling Mask","Oddly Smooth Stone","StoneCalendar","Inserter","Bottled Tornado","Tiny Chest","Juzu Bracelet"],"acts_visited":["Exordium","TheCity"],"potions_floor_usage":[33,33,33],"damage_taken":[{"damage":9.0,"enemies":"Jaw Worm","floor":1.0,"turns":5.0},{"damage":10.0,"enemies":"Small Slimes","floor":4.0,"turns":3.0},{"damage":1.0,"enemies":"Cultist","floor":5.0,"turns":3.0},{"damage":35.0,"enemies":"Gremlin Nob","floor":10.0,"turns":4.0},{"damage":0.0,"enemies":"3 Louse","floor":12.0,"turns":2.0},{"damage":12.0,"enemies":"3 Sentries","floor":13.0,"turns":5.0},{"damage":11.0,"enemies":"Lots of Slimes","floor":14.0,"turns":4.0},{"damage":18.0,"enemies":"The Guardian","floor":16.0,"turns":8.0},{"damage":37.0,"enemies":"Spheric Guardian","floor":18.0,"turns":6.0},{"damage":12.0,"enemies":"Chosen","floor":20.0,"turns":3.0},{"damage":22.0,"enemies":"Snake Plant","floor":22.0,"turns":5.0},{"damage":24.0,"enemies":"Gremlin Leader","floor":24.0,"turns":8.0},{"damage":2.0,"enemies":"Shelled Parasite and Fungi","floor":28.0,"turns":6.0},{"damage":23.0,"enemies":"Book of Stabbing","floor":31.0,"turns":6.0},{"damage":61,"enemies":"Champ","floor":33,"turns":10}],"seed_played":"2610931281316771094","potions_obtained":[{"floor":1.0,"key":"EssenceOfDarkness"},{"floor":14.0,"key":"Ancient Potion"},{"floor":16.0,"key":"EntropicBrew"},{"floor":24.0,"key":"DistilledChaos"}],"is_trial":false,"path_per_floor":["M","?","?","M","M","R","$","R","T","E","R","M","E","M","R","B",null,"M","?","M","$","M","R","E","?","T","R","M","?","R","E","R","B"],"character_chosen":"DEFECT","items_purchased":["Seek","Steam","Glacier","Streamline"],"campfire_rested":4,"item_purchase_floors":[7,21,21,21],"current_hp_per_floor":[66,55,55,45,44,44,44,44,44,9,33,33,28,17,41,30,69,39,39,37,37,25,49,35,35,35,35,33,33,33,10,34,0,0],"gold":314,"neow_bonus":"TEN_PERCENT_HP_BONUS","is_daily":false,"chose_seed":false,"campfire_upgraded":4,"win_rate":0.0,"timestamp":1614111178,"path_taken":["M","?","?","M","M","R","$","R","T","E","R","?","E","M","R","BOSS","M","?","?","$","M","R","E","?","T","R","?","?","R","E","R","BOSS"],"items_purchased_type":["Card","Card","Card","Card"],"build_version":"2020-12-22","purchased_purges":1,"victory":false,"max_hp_per_floor":[82,82,82,82,82,82,82,82,82,82,82,82,82,82,82,82,82,82,82,82,82,82,82,82,82,82,82,82,82,82,82,82,82,82],"card_choices":[{"not_picked":["Tempest","Go for the Eyes","Barrage"],"picked":"SKIP","floor":1.0},{"not_picked":["Coolheaded","Beam Cell"],"picked":"All For One","floor":4.0},{"not_picked":["Compile Driver","Redo"],"picked":"Hologram","floor":5.0},{"not_picked":["Gash","Ball Lightning"],"picked":"All For One","floor":10.0},{"not_picked":["Coolheaded","Chaos"],"picked":"Self Repair","floor":12.0},{"not_picked":["Ball Lightning","Melter"],"picked":"Beam Cell","floor":13.0},{"not_picked":["Go for the Eyes","Stack"],"picked":"Gash","floor":14.0},{"not_picked":["Meteor Strike","Creative AI"],"picked":"Seek","floor":16.0},{"not_picked":["Rebound","Redo+1"],"picked":"Stack","floor":18.0},{"not_picked":["Turbo","Steam"],"picked":"Go for the Eyes","floor":20.0},{"not_picked":["Beam Cell","Leap"],"picked":"Steam+1","floor":22.0},{"not_picked":["Streamline","Skim"],"picked":"Genetic Algorithm","floor":24.0},{"not_picked":["White Noise","Self Repair"],"picked":"Sunder","floor":28.0},{"not_picked":["Sweeping Beam","Storm"],"picked":"Double Energy","floor":31.0}],"player_experience":174450,"relics_obtained":[{"floor":9.0,"key":"Smiling Mask"},{"floor":10.0,"key":"Oddly Smooth Stone"},{"floor":13.0,"key":"StoneCalendar"},{"floor":24.0,"key":"Bottled Tornado"},{"floor":26.0,"key":"Tiny Chest"},{"floor":31.0,"key":"Juzu Bracelet"}],"event_choices":[{"damage_healed":0.0,"max_hp_gain":0.0,"max_hp_loss":0.0,"gold_gain":75.0,"event_name":"World of Goop","player_choice":"Gather Gold","floor":2.0,"gold_loss":0.0,"damage_taken":11.0},{"damage_healed":0.0,"max_hp_gain":0.0,"max_hp_loss":0.0,"gold_gain":0.0,"event_name":"Accursed Blacksmith","player_choice":"Rummage","floor":3.0,"gold_loss":0.0,"damage_taken":0.0,"relics_obtained":["WarpedTongs"],"cards_obtained":["Pain"]},{"damage_healed":0.0,"max_hp_gain":0.0,"max_hp_loss":0.0,"gold_gain":0.0,"event_name":"The Woman in Blue","player_choice":"Bought 0 Potions","floor":19.0,"gold_loss":0.0,"damage_taken":0.0},{"damage_healed":0.0,"max_hp_gain":0.0,"max_hp_loss":0.0,"gold_gain":100.0,"event_name":"Golden Shrine","player_choice":"Pray","floor":25.0,"gold_loss":0.0,"damage_taken":0.0},{"damage_healed":0.0,"max_hp_gain":0.0,"max_hp_loss":0.0,"gold_gain":0.0,"event_name":"The Library","player_choice":"Read","floor":29.0,"gold_loss":0.0,"damage_taken":0.0,"cards_obtained":["Genetic Algorithm"]}],"is_beta":false,"boss_relics":[{"not_picked":["Calling Bell","Cursed Key"],"picked":"Inserter"}],"items_purged_floors":[7],"is_endless":false,"potions_floor_spawned":[1,14,16,22,24,28],"killed_by":"Champ","ascension_level":11}}