{"host":"f5n4tidiz2n5sooh","time":1614048123,"event":{"mods":["BaseMod","Colored Map","Minty Spire (QoL Compilation)","Relic Stats","StSLib"],"gold_per_floor":[16,33,52,52,65,92,92,17,17,51,70,103,121,155,155,227,227,237,251,5,5,19,19,54,54,54,54,66,66,79,90,90,90,90],"floor_reached":33,"language":"ENG","playtime":1543,"items_purged":["Strike_R"],"score":598,"play_id":"13190319-239e-4b15-aa5e-c0441bc5cec8","local_time":"20210222204203","is_ascension_mode":true,"campfire_choices":[{"data":"Disarm","floor":7,"key":"SMITH"},{"floor":15,"key":"REST"},{"data":"Feel No Pain","floor":23,"key":"SMITH"},{"data":"Feel No Pain","floor":25,"key":"SMITH"},{"data":"Blood for Blood","floor":32,"key":"SMITH"}],"circlet_count":0,"master_deck":["AscendersBane","Strike_R+1","Strike_R+1","Strike_R+1","Defend_R+1","Defend_R+1","Defend_R+1","Bash","Hemokinesis","Intimidate","Shockwave","Hemokinesis","Disarm+1","Exhume","Blood for Blood+1","Feel No Pain+1","Exhume","Bloodletting+1","Flame Barrier","Feel No Pain+1","Flame Barrier","Sword Boomerang+1"],"relics":["Burning Blood","Toy Ornithopter","Centennial Puzzle","InkBottle","Dream Catcher","Gremlin Horn","Cursed Key","Brimstone","Orichalcum"],"acts_visited":["Exordium","TheCity"],"potions_floor_usage":[3,10,13,19,22,30,33],"damage_taken":[{"damage":12,"enemies":"2 Louse","floor":1,"turns":3},{"damage":6,"enemies":"Cultist","floor":2,"turns":3},{"damage":10,"enemies":"Small Slimes","floor":3,"turns":3},{"damage":13,"enemies":"Looter","floor":5,"turns":3},{"damage":43,"enemies":"3 Sentries","floor":6,"turns":8},{"damage":13,"enemies":"Lagavulin","floor":10,"turns":6},{"damage":10,"enemies":"Exordium Wildlife","floor":11,"turns":3},{"damage":12,"enemies":"Gremlin Nob","floor":12,"turns":3},{"damage":1,"enemies":"3 Louse","floor":13,"turns":2},{"damage":25,"enemies":"Lagavulin","floor":14,"turns":7},{"damage":28,"enemies":"The Guardian","floor":16,"turns":15},{"damage":13,"enemies":"2 Thieves","floor":18,"turns":5},{"damage":16,"enemies":"3 Byrds","floor":19,"turns":6},{"damage":12,"enemies":"Sentry and Sphere","floor":22,"turns":4},{"damage":29,"enemies":"Slavers","floor":24,"turns":6},{"damage":8,"enemies":"Centurion and Healer","floor":28,"turns":4},{"damage":5,"enemies":"Shelled Parasite and Fungi","floor":30,"turns":7},{"damage":4,"enemies":"Snake Plant","floor":31,"turns":3},{"damage":49,"enemies":"Collector","floor":33,"turns":7}],"seed_played":"1076432662934802913","potions_obtained":[{"floor":2,"key":"Swift Potion"},{"floor":3,"key":"EssenceOfSteel"},{"floor":12,"key":"Explosive Potion"},{"floor":14,"key":"Dexterity Potion"},{"floor":16,"key":"ElixirPotion"},{"floor":19,"key":"BlessingOfTheForge"},{"floor":24,"key":"Dexterity Potion"}],"is_trial":false,"path_per_floor":["M","M","M","?","M","E","R","$","T","E","M","E","M","E","R","B",null,"M","M","$","?","M","R","E","R","T","?","M","?","M","M","R","B"],"character_chosen":"IRONCLAD","items_purchased":["Brimstone","Flame Barrier"],"campfire_rested":1,"item_purchase_floors":[20,20],"current_hp_per_floor":[62,62,58,75,68,31,31,31,31,29,25,19,29,10,32,10,59,52,47,47,47,46,46,23,23,23,23,21,21,27,29,29,0,0],"gold":90,"neow_bonus":"TRANSFORM_TWO_CARDS","is_daily":false,"chose_seed":false,"campfire_upgraded":4,"win_rate":0.0,"timestamp":1614048123,"path_taken":["M","M","M","?","?","E","R","$","T","E","M","E","?","E","R","BOSS","M","M","$","?","M","R","E","R","T","?","M","?","M","?","R","BOSS"],"items_purchased_type":["Relic","Card"],"build_version":"2020-12-22","purchased_purges":1,"victory":false,"max_hp_per_floor":[75,75,75,75,75,75,75,75,75,75,75,75,75,75,75,75,75,75,75,75,75,75,75,75,75,75,75,75,75,75,75,75,75,75],"relic_stats":{"Centennial Puzzle":[42],"Dream Catcher":1,"Gremlin Horn":[10,10],"counters":[19,98],"Orichalcum":[18],"Cursed Key":0,"obtain_stats":[{"Centennial Puzzle":9,"Dream Catcher":12,"Gremlin Horn":14,"Brimstone":20,"Orichalcum":24,"Cursed Key":17,"Burning Blood":0,"Toy Ornithopter":6,"InkBottle":10},{"Centennial Puzzle":5,"Dream Catcher":8,"Gremlin Horn":10,"Brimstone":13,"Orichalcum":15,"Cursed Key":11,"Burning Blood":0,"Toy Ornithopter":5,"InkBottle":6},{"Centennial Puzzle":20,"Dream Catcher":32,"Gremlin Horn":41,"Brimstone":67,"Orichalcum":77,"Cursed Key":56,"Burning Blood":0,"Toy Ornithopter":20,"InkBottle":26}],"Burning Blood":108,"Toy Ornithopter":30,"InkBottle":[21]},"card_choices":[{"not_picked":["Warcry","Clash"],"picked":"Shockwave","floor":1},{"not_picked":["Clash","Anger"],"picked":"Hemokinesis","floor":2},{"not_picked":["Sever Soul","Perfected Strike"],"picked":"Disarm","floor":3},{"not_picked":["Sword Boomerang","Twin Strike","Iron Wave"],"picked":"SKIP","floor":5},{"not_picked":["Body Slam","Perfected Strike","Flex"],"picked":"SKIP","floor":6},{"not_picked":["Warcry","Clash"],"picked":"Exhume","floor":10},{"not_picked":["Warcry","Clothesline","Havoc"],"picked":"SKIP","floor":11},{"not_picked":["Thunderclap","Hemokinesis"],"picked":"Blood for Blood","floor":12},{"not_picked":["Wild Strike","Uppercut","Clash"],"picked":"SKIP","floor":13},{"not_picked":["Offering","Shrug It Off"],"picked":"Feel No Pain","floor":14},{"not_picked":["Berserk","Offering"],"picked":"Exhume","floor":16},{"not_picked":["Sword Boomerang","Armaments"],"picked":"Bloodletting+1","floor":18},{"not_picked":["Clothesline","Fire Breathing","Twin Strike"],"picked":"SKIP","floor":19},{"not_picked":["Heavy Blade","Anger+1","Sword Boomerang"],"picked":"SKIP","floor":22},{"not_picked":["Heavy Blade","Anger+1","Sword Boomerang"],"picked":"SKIP","floor":22},{"not_picked":["Rage","Intimidate"],"picked":"Feel No Pain","floor":24},{"not_picked":["Warcry","Havoc"],"picked":"Flame Barrier","floor":28},{"not_picked":["Uppercut","Infernal Blade+1"],"picked":"Sword Boomerang+1","floor":30},{"not_picked":["Power Through","Blood for Blood","Cleave"],"picked":"SKIP","floor":31}],"player_experience":2076319,"relics_obtained":[{"floor":6,"key":"Toy Ornithopter"},{"floor":9,"key":"Centennial Puzzle"},{"floor":10,"key":"InkBottle"},{"floor":12,"key":"Dream Catcher"},{"floor":14,"key":"Gremlin Horn"},{"floor":24,"key":"Orichalcum"}],"event_choices":[{"damage_healed":17,"gold_gain":0,"player_choice":"Full Heal","damage_taken":0,"max_hp_gain":0,"max_hp_loss":0,"event_name":"Wheel of Change","floor":4,"gold_loss":0},{"damage_healed":0,"gold_gain":0,"player_choice":"Simplicity","damage_taken":0,"max_hp_gain":0,"max_hp_loss":0,"event_name":"Back to Basics","floor":21,"gold_loss":0,"cards_upgraded":["Strike_R","Strike_R","Strike_R","Defend_R","Defend_R","Defend_R"]},{"damage_healed":0,"gold_gain":0,"player_choice":"Ignored","damage_taken":0,"max_hp_gain":0,"max_hp_loss":0,"event_name":"The Mausoleum","floor":27,"gold_loss":0},{"damage_healed":0,"gold_gain":0,"player_choice":"Ignored","damage_taken":0,"max_hp_gain":0,"max_hp_loss":0,"event_name":"Cursed Tome","floor":29,"gold_loss":0}],"is_beta":false,"boss_relics":[{"not_picked":["Calling Bell","Philosopher\u0027s Stone"],"picked":"Cursed Key"}],"items_purged_floors":[8],"is_endless":false,"potions_floor_spawned":[2,3,12,14,16,19,24,28],"killed_by":"Collector","ascension_level":20}}