{"host":"eglukmwb6rueyn6u","time":1614070978,"event":{"mods":["AchievementEnabler","BaseMod","Colored Powertips","Highlight Path","Minty Spire (QoL Compilation)"],"gold_per_floor":[212,228,242,242,21,55,71,71,71,84,105,180,194,194,194,194,194],"floor_reached":16,"language":"ENG","playtime":1402,"items_purged":[],"score":104,"play_id":"9043d616-ce3f-4240-991e-12e1b157f973","local_time":"20210223110258","is_ascension_mode":false,"campfire_choices":[{"data":"Apotheosis","floor":8.0,"key":"SMITH"},{"floor":15,"key":"REST"}],"circlet_count":0,"master_deck":["Strike_P","Strike_P","Strike_P","Strike_P","Defend_P","Defend_P","Defend_P","Defend_P","Eruption","Vigilance","ThirdEye","PathToVictory","Prostrate","Apotheosis+1","Prostrate","Weave","JustLucky","BowlingBash","Crescendo","JustLucky","Pain"],"relics":["PureWater","Golden Idol","Mummified Hand","WarpedTongs"],"acts_visited":["Exordium"],"potions_floor_usage":[],"damage_taken":[{"damage":0.0,"enemies":"2 Louse","floor":1.0,"turns":4.0},{"damage":0.0,"enemies":"Small Slimes","floor":2.0,"turns":3.0},{"damage":0.0,"enemies":"Cultist","floor":3.0,"turns":3.0},{"damage":10.0,"enemies":"Lagavulin","floor":6.0,"turns":7.0},{"damage":4.0,"enemies":"Lots of Slimes","floor":7.0,"turns":5.0},{"damage":1,"enemies":"Exordium Thugs","floor":10,"turns":5},{"damage":0,"enemies":"Exordium Wildlife","floor":11,"turns":4},{"damage":0,"enemies":"Large Slime","floor":13,"turns":6},{"damage":49,"enemies":"Hexaghost","floor":16,"turns":9}],"seed_played":"-4685316828876913250","potions_obtained":[{"floor":2.0,"key":"PowerPotion"},{"floor":7.0,"key":"SpeedPotion"}],"is_trial":false,"path_per_floor":["M","M","M","?","$","E","M","R","T","M","M","?","M","?","R","B"],"character_chosen":"WATCHER","items_purchased":["Apotheosis","Prostrate"],"campfire_rested":1,"item_purchase_floors":[5,5],"current_hp_per_floor":[72,72,72,54,54,44,40,40,40,39,39,28,28,28,49,0,0],"gold":194,"neow_bonus":"HUNDRED_GOLD","is_daily":false,"chose_seed":false,"campfire_upgraded":1,"win_rate":0.0,"timestamp":1614070978,"path_taken":["M","M","M","?","$","E","M","R","T","M","M","?","M","?","R","BOSS"],"items_purchased_type":["Card","Card"],"build_version":"2020-12-22","purchased_purges":0,"victory":false,"max_hp_per_floor":[72,72,72,72,72,72,72,72,72,72,72,72,72,72,72,72,72],"card_choices":[{"not_picked":["CrushJoints","FlurryOfBlows"],"picked":"ThirdEye","floor":1.0},{"not_picked":["Protect","Sanctity"],"picked":"PathToVictory","floor":2.0},{"not_picked":["Brilliance","WreathOfFlame"],"picked":"Prostrate","floor":3.0},{"not_picked":["Wallop","Evaluate"],"picked":"Weave","floor":6.0},{"not_picked":["ForeignInfluence","Prostrate"],"picked":"JustLucky","floor":7.0},{"not_picked":["Evaluate","Conclude"],"picked":"BowlingBash","floor":10},{"not_picked":["EmptyBody","Establishment"],"picked":"Crescendo","floor":11},{"not_picked":["SashWhip","Prostrate"],"picked":"JustLucky","floor":13}],"player_experience":158227,"relics_obtained":[{"floor":6.0,"key":"Mummified Hand"}],"event_choices":[{"damage_healed":0.0,"max_hp_gain":0.0,"max_hp_loss":0.0,"gold_gain":0.0,"event_name":"Golden Idol","player_choice":"Take Damage","floor":4.0,"gold_loss":0.0,"damage_taken":18.0,"relics_obtained":["Golden Idol"]},{"damage_healed":0,"gold_gain":75,"player_choice":"Gather Gold","damage_taken":11,"max_hp_gain":0,"max_hp_loss":0,"event_name":"World of Goop","floor":12,"gold_loss":0},{"damage_healed":0,"gold_gain":0,"player_choice":"Rummage","damage_taken":0,"relics_obtained":["WarpedTongs"],"max_hp_gain":0,"max_hp_loss":0,"event_name":"Accursed Blacksmith","floor":14,"gold_loss":0,"cards_obtained":["Pain"]}],"is_beta":false,"boss_relics":[],"items_purged_floors":[],"is_endless":false,"potions_floor_spawned":[2,7],"killed_by":"Hexaghost","ascension_level":0}}