{"host":"wy4vwr4x0uqk666t","time":1614083629,"event":{"mods":["Aspiration","BaseMod","BetterRewards","Colored Powertips","Curses Come First","Defuse TimeMaze Blight","Downfall","Hubris","Infinite Spire","Jorbs\u0027s Wanderer Trilogy","Kalas","Lobotomy","Minty Spire (QoL Compilation)","Quick Restart","READ ME - Guardian Mod","Replay The Spire","StSLib","The Cursed","The Elementalist","The Hierophant","The Jungle","The Runesmith","The Servant 0.9.4","The Spell Scribe"],"gold_per_floor":[110,121,40,140,151,151,151],"floor_reached":6,"language":"ENG","playtime":294,"items_purged":[],"score":45,"play_id":"eb99ec9e-1d45-4ef2-b4a0-dff48cfe2af2","local_time":"20210223133349","is_ascension_mode":true,"campfire_choices":[],"circlet_count":0,"master_deck":["Strike_G","Strike_G","Strike_G","Strike_G","Strike_G","Defend_G","Defend_G","Defend_G","Defend_G","Defend_G","Survivor","Neutralize","CherryBlossoms","ReplayTheSpireMod:Speed Training","Scorched","Flying Knee","Well Laid Plans","Wellcheers","Crippling Poison"],"relics":["Ring of the Snake","CogitoBucket"],"acts_visited":["Exordium"],"potions_floor_usage":[2],"damage_taken":[{"damage":8,"enemies":"Jaw Worm","floor":1,"turns":6},{"damage":30,"enemies":"infinitespire:Voidling","floor":2,"turns":6},{"damage":0,"enemies":"Cultist","floor":5,"turns":3},{"damage":42,"enemies":"Lagavulin","floor":6,"turns":6}],"seed_played":"-4209485869697374550","potions_obtained":[{"floor":1,"key":"champ:CounterPotion"}],"is_trial":false,"path_per_floor":["M","M","$","?","M","E"],"character_chosen":"THE_SILENT","items_purchased":["Well Laid Plans"],"campfire_rested":0,"item_purchase_floors":[3],"current_hp_per_floor":[62,41,41,41,41,0,0],"gold":151,"neow_bonus":"","is_daily":false,"chose_seed":false,"campfire_upgraded":0,"win_rate":0.0,"timestamp":1614083629,"path_taken":["M","M","$","?","M","E"],"items_purchased_type":["Card"],"build_version":"2020-12-22","purchased_purges":0,"victory":false,"max_hp_per_floor":[70,70,70,70,70,70,70],"card_choices":[{"not_picked":["PunishingBird","BigBadWolf"],"picked":"CherryBlossoms","floor":1},{"not_picked":["Slice","Concentrate"],"picked":"ReplayTheSpireMod:Speed Training","floor":1},{"not_picked":["VoidDream","PunishingBird"],"picked":"Scorched","floor":2},{"not_picked":["Dagger Throw","Expertise"],"picked":"Flying Knee","floor":2},{"not_picked":["BeautyBeast","WallGazer"],"picked":"Wellcheers","floor":5},{"not_picked":["Outmaneuver","PiercingWail"],"picked":"Crippling Poison","floor":5}],"player_experience":3750200,"relics_obtained":[],"event_choices":[{"damage_healed":0,"gold_gain":100,"player_choice":"Pray","damage_taken":0,"max_hp_gain":0,"max_hp_loss":0,"event_name":"Golden Shrine","floor":4,"gold_loss":0}],"is_beta":false,"boss_relics":[],"items_purged_floors":[],"is_endless":false,"potions_floor_spawned":[1],"killed_by":"Lagavulin","ascension_level":5}}