{"host":"owox7x4ngjt9htcc","time":1614063263,"event":{"mods":["BaseMod","Colored Map","DeckTracker","Keyboard Shortcuts","Minty Spire (QoL Compilation)","SuperFastMode"],"gold_per_floor":[144,189,234,8,62,161,227,338,350,461,572,584,556,622,634,955,967,1033,1099,567,67,121,211,265,364,364,409,38,83,83,182,191,500,500,545,599,662,716,181,271,661,661,686,740,785,830,186,276,285,285],"floor_reached":51,"language":"KOR","playtime":2503,"items_purged":["Spot Weakness","Anger","Cleave","Infernal Blade"],"score":1033,"play_id":"4a7d37f0-e4d9-49ec-bded-e666a308086f","local_time":"20210223155423","daily_mods":["Draft","Flight","Midas"],"is_ascension_mode":false,"campfire_choices":[{"floor":12,"key":"REST"},{"floor":15,"key":"REST"},{"floor":30,"key":"REST"},{"floor":32,"key":"REST"},{"floor":49,"key":"REST"}],"circlet_count":0,"master_deck":["Thunderclap","Battle Trance","Armaments+1","Flame Barrier+1","Shockwave","Wild Strike+1","Body Slam","Rampage","Headbutt+1","Iron Wave","Pommel Strike","True Grit","Shrug It Off","Inflame","Evolve","Fire Breathing","Metallicize","Burning Pact","Sword Boomerang+1","Inflame","Limit Break","Dropkick+1","Evolve+1","Dark Embrace","Armaments","Seeing Red","Power Through+1","Fire Breathing","Juggernaut","Rampage+1","Double Tap+1","Armaments+1","Parasite","Impervious+1","Feel No Pain+1","Metallicize","Shrug It Off+1","Body Slam+1","Warcry+1","Impervious+1"],"relics":["Burning Blood","CeramicFish","MawBank","InkBottle","Centennial Puzzle","Molten Egg 2","Calipers","Sozu","Paper Frog","ClockworkSouvenir","Happy Flower","Pantograph","Akabeko","Bird Faced Urn","Toxic Egg 2","Vajra","Whetstone","Dream Catcher","Black Star","FossilizedHelix","War Paint","Singing Bowl","Red Skull","Old Coin","Anchor","Omamori","Charon\u0027s Ashes","Orichalcum","Gremlin Horn"],"acts_visited":["Exordium","TheCity","TheBeyond"],"potions_floor_usage":[8,10,16,50,50],"damage_taken":[{"damage":3,"enemies":"Jaw Worm","floor":1,"turns":3},{"damage":0,"enemies":"Cultist","floor":2,"turns":2},{"damage":6,"enemies":"2 Louse","floor":3,"turns":2},{"damage":7,"enemies":"Looter","floor":5,"turns":3},{"damage":20,"enemies":"Gremlin Nob","floor":6,"turns":4},{"damage":6,"enemies":"Large Slime","floor":7,"turns":4},{"damage":7,"enemies":"3 Sentries","floor":8,"turns":6},{"damage":5,"enemies":"Lagavulin","floor":10,"turns":7},{"damage":22,"enemies":"Gremlin Nob","floor":11,"turns":4},{"damage":16,"enemies":"Exordium Thugs","floor":14,"turns":5},{"damage":24,"enemies":"Hexaghost","floor":16,"turns":6},{"damage":5,"enemies":"Chosen","floor":18,"turns":3},{"damage":11,"enemies":"Shell Parasite","floor":19,"turns":5},{"damage":11,"enemies":"Centurion and Healer","floor":22,"turns":5},{"damage":28,"enemies":"Gremlin Leader","floor":23,"turns":7},{"damage":14,"enemies":"Shelled Parasite and Fungi","floor":24,"turns":4},{"damage":22,"enemies":"Slavers","floor":25,"turns":2},{"damage":21,"enemies":"Snake Plant","floor":27,"turns":3},{"damage":8,"enemies":"Snecko","floor":29,"turns":3},{"damage":10,"enemies":"Book of Stabbing","floor":31,"turns":3},{"damage":63,"enemies":"Collector","floor":33,"turns":8},{"damage":0,"enemies":"Orb Walker","floor":35,"turns":3},{"damage":18,"enemies":"3 Darklings","floor":36,"turns":6},{"damage":7,"enemies":"Writhing Mass","floor":37,"turns":6},{"damage":7,"enemies":"Sphere and 2 Shapes","floor":38,"turns":3},{"damage":26,"enemies":"Reptomancer","floor":40,"turns":7},{"damage":2,"enemies":"Nemesis","floor":41,"turns":7},{"damage":0,"enemies":"4 Shapes","floor":44,"turns":7},{"damage":16,"enemies":"Maw","floor":45,"turns":7},{"damage":14,"enemies":"Writhing Mass","floor":46,"turns":4},{"damage":0,"enemies":"Giant Head","floor":48,"turns":8},{"damage":52,"enemies":"Awakened One","floor":50,"turns":13}],"seed_played":"-7386017133472573341","potions_obtained":[{"floor":1,"key":"DistilledChaos"},{"floor":2,"key":"Dexterity Potion"},{"floor":7,"key":"Fruit Juice"},{"floor":10,"key":"Fruit Juice"},{"floor":13,"key":"Regen Potion"}],"is_trial":false,"path_per_floor":["M","M","M","$","M","E","M","E","T","E","E","R","?","M","R","B",null,"M","M","$","$","M","E","M","E","T","M","$","M","R","E","R","B",null,"M","M","M","M","$","E","E","?","T","M","M","M","$","E","R","B",null],"character_chosen":"IRONCLAD","items_purchased":["Inflame","CeramicFish","Paper Frog","Dark Embrace","ClockworkSouvenir","Happy Flower","Pantograph","Vajra","Whetstone","Fire Breathing","Metallicize","FossilizedHelix","Shrug It Off+1","Omamori","Charon\u0027s Ashes","Warcry+1"],"campfire_rested":5,"item_purchase_floors":[4,4,20,20,20,21,21,28,28,28,39,39,39,47,47,47],"current_hp_per_floor":[80,80,80,80,79,65,65,69,69,75,59,86,86,76,90,72,90,90,85,85,85,80,58,50,34,34,23,23,23,50,52,79,43,90,90,84,90,90,90,84,94,94,94,94,92,94,94,100,100,83],"gold":285,"neow_bonus":"","is_daily":true,"chose_seed":false,"campfire_upgraded":0,"win_rate":0.0,"timestamp":1614063263,"path_taken":["M","M","M","$","M","E","M","E","T","E","E","R","?","M","R","BOSS","M","M","$","$","M","E","M","E","T","?","$","M","R","E","R","BOSS","M","M","M","M","$","E","E","?","T","M","M","M","$","E","R","BOSS"],"items_purchased_type":["Card","Relic","Relic","Card","Relic","Relic","Relic","Relic","Relic","Card","Card","Relic","Card","Relic","Relic","Card"],"build_version":"2020-12-22","purchased_purges":4,"victory":true,"max_hp_per_floor":[80,80,80,80,80,80,80,85,85,90,90,90,90,90,90,90,90,90,90,90,90,90,90,90,90,90,90,90,90,90,90,90,90,90,90,90,90,90,90,92,94,94,94,94,96,98,98,100,100,100],"card_choices":[{"not_picked":["Entrench","Spot Weakness"],"picked":"Thunderclap","floor":0},{"not_picked":["True Grit","Evolve"],"picked":"Battle Trance","floor":0},{"not_picked":["Body Slam","Iron Wave"],"picked":"Armaments","floor":0},{"not_picked":["Searing Blow","Shrug It Off"],"picked":"Flame Barrier","floor":0},{"not_picked":["Flex","Heavy Blade"],"picked":"Shockwave","floor":0},{"not_picked":["Clash","Heavy Blade"],"picked":"Wild Strike","floor":0},{"not_picked":["Flex","Thunderclap"],"picked":"Infernal Blade","floor":0},{"not_picked":["Heavy Blade","Iron Wave"],"picked":"Body Slam","floor":0},{"not_picked":["True Grit","Pommel Strike"],"picked":"Rampage","floor":0},{"not_picked":["Pummel","Reckless Charge"],"picked":"Headbutt","floor":0},{"not_picked":["Flex","Body Slam"],"picked":"Cleave","floor":0},{"not_picked":["Perfected Strike","Heavy Blade"],"picked":"Anger","floor":0},{"not_picked":["Heavy Blade","Warcry"],"picked":"Iron Wave","floor":0},{"not_picked":["Uppercut","Battle Trance"],"picked":"Pommel Strike","floor":0},{"not_picked":["Perfected Strike","Headbutt"],"picked":"True Grit","floor":0},{"not_picked":["Heavy Blade","Anger","Sword Boomerang"],"picked":"SKIP","floor":1},{"not_picked":["Armaments","Entrench"],"picked":"Shrug It Off","floor":2},{"not_picked":["Rage","Reckless Charge","Flex"],"picked":"SKIP","floor":3},{"not_picked":["Shrug It Off","Perfected Strike"],"picked":"Spot Weakness","floor":5},{"not_picked":["Intimidate","Flame Barrier"],"picked":"Evolve","floor":6},{"not_picked":["Feel No Pain","Headbutt"],"picked":"Fire Breathing","floor":7},{"not_picked":["Thunderclap","Rage"],"picked":"Metallicize","floor":8},{"not_picked":["Whirlwind+1","Battle Trance"],"picked":"Burning Pact","floor":10},{"not_picked":["Demon Form","Combust"],"picked":"Sword Boomerang+1","floor":11},{"not_picked":["Clash+1","Combust"],"picked":"Inflame","floor":14},{"not_picked":["Bludgeon+1","Juggernaut"],"picked":"Limit Break","floor":16},{"not_picked":["Thunderclap+1","Heavy Blade+1"],"picked":"Dropkick+1","floor":18},{"not_picked":["Sword Boomerang+1","Havoc"],"picked":"Evolve+1","floor":19},{"not_picked":["Shockwave","Twin Strike+1"],"picked":"Armaments","floor":22},{"not_picked":["Entrench","Clash+1","Flame Barrier+1"],"picked":"SKIP","floor":23},{"not_picked":["Thunderclap+1","Shrug It Off"],"picked":"Seeing Red","floor":24},{"not_picked":["Intimidate","Whirlwind+1"],"picked":"Power Through+1","floor":25},{"not_picked":["Clothesline+1","Spot Weakness+1","Heavy Blade+1"],"picked":"SKIP","floor":27},{"not_picked":["Havoc+1","Headbutt+1","Clash+1"],"picked":"SKIP","floor":29},{"not_picked":["Sword Boomerang+1","Corruption"],"picked":"Juggernaut","floor":31},{"not_picked":["Iron Wave+1","Headbutt+1"],"picked":"Rampage+1","floor":32},{"not_picked":["Corruption","Demon Form"],"picked":"Double Tap+1","floor":33},{"not_picked":["Power Through+1","Thunderclap+1","True Grit+1"],"picked":"SKIP","floor":35},{"not_picked":["Pommel Strike+1","Havoc+1"],"picked":"Armaments+1","floor":36},{"not_picked":["Clothesline+1","Dark Embrace+1"],"picked":"Impervious+1","floor":37},{"not_picked":["Dropkick+1","Flame Barrier+1"],"picked":"Feel No Pain+1","floor":38},{"not_picked":["Headbutt+1","Pommel Strike+1","Infernal Blade+1"],"picked":"Singing Bowl","floor":40},{"not_picked":["Iron Wave+1","Sword Boomerang+1","Hemokinesis+1"],"picked":"Singing Bowl","floor":41},{"not_picked":["Inflame","Sword Boomerang+1"],"picked":"Body Slam+1","floor":44},{"not_picked":["Battle Trance+1","Body Slam+1","Hemokinesis+1"],"picked":"Singing Bowl","floor":45},{"not_picked":["Headbutt+1","Twin Strike+1","Pommel Strike+1"],"picked":"Singing Bowl","floor":46},{"not_picked":["Armaments+1","Thunderclap+1","Perfected Strike+1"],"picked":"Singing Bowl","floor":48},{"not_picked":["Dropkick+1","Hemokinesis+1"],"picked":"Impervious+1","floor":49}],"player_experience":943271,"relics_obtained":[{"floor":6,"key":"MawBank"},{"floor":8,"key":"InkBottle"},{"floor":9,"key":"Centennial Puzzle"},{"floor":10,"key":"Molten Egg 2"},{"floor":11,"key":"Calipers"},{"floor":23,"key":"Akabeko"},{"floor":25,"key":"Bird Faced Urn"},{"floor":26,"key":"Toxic Egg 2"},{"floor":31,"key":"Dream Catcher"},{"floor":40,"key":"War Paint"},{"floor":40,"key":"Singing Bowl"},{"floor":41,"key":"Red Skull"},{"floor":41,"key":"Old Coin"},{"floor":43,"key":"Anchor"},{"floor":48,"key":"Orichalcum"},{"floor":48,"key":"Gremlin Horn"}],"event_choices":[{"damage_healed":0,"gold_gain":0,"player_choice":"Bought 3 Potions","damage_taken":0,"max_hp_gain":0,"max_hp_loss":0,"event_name":"The Woman in Blue","floor":13,"gold_loss":0},{"damage_healed":0,"gold_gain":0,"player_choice":"Ignored","damage_taken":0,"max_hp_gain":0,"max_hp_loss":0,"event_name":"Tomb of Lord Red Mask","floor":42,"gold_loss":0}],"is_beta":false,"boss_relics":[{"not_picked":["Snecko Eye","Astrolabe"],"picked":"Sozu"},{"not_picked":["SlaversCollar","Tiny House"],"picked":"Black Star"}],"items_purged_floors":[20,21,39,47],"is_endless":false,"potions_floor_spawned":[1,2,7,10,19,23,25,31,36,37,38,41,46,48],"ascension_level":0}}