{"host":"zmzacdglms6ret13","time":1614051720,"event":{"mods":["Act Like it!","BaseMod","Colored Map","Decade(王小明)","Downfall","Energized Spire","Highlight Path","Marisa（F雨　魔理沙）","Minty Spire (QoL Compilation)","MostiFishMod","Pale of the Ancients","Quick Restart","Replay The Spire","RumiaBox-露米娅的神秘盒子","SOS（斯巴达之子）","StSLib","Td1madao Mod","The Construct","The Cursed","The IronCluck","The Servant 0.9.4","Waifu the Spire","Warlord Emblem"],"gold_per_floor":[-1284,-1268,-1268,-1268,-1255,-1226,-1210,-1193,-1143,-1113,-1113,-1086,-1086,-1086,-1086,-991,-991,-973,-954,-941,-941,-922,-922,-887,-887,-887,-859,-848,-817,-817,-807,-807,-712,-712,-702,-690,-677,-621,-602,-569,-569,-569,-569,-542,-492,-462,-462,-462,-462],"floor_reached":48,"language":"ZHS","playtime":1726,"items_purged":[],"score":960,"play_id":"4a5c21d0-ed33-4c68-a243-022b49095b10","local_time":"20210223114200","is_ascension_mode":true,"campfire_choices":[{"data":"MostiFishMod:Impulse","floor":11.0,"key":"SMITH"},{"data":"Zap","floor":15.0,"key":"SMITH"},{"data":"MostiFishMod:StrandedSiren","floor":23.0,"key":"SMITH"},{"data":"Dualcast","floor":25.0,"key":"SMITH"},{"data":"MostiFishMod:IntelligentEquipment","floor":30.0,"key":"SMITH"},{"data":"Capacitor","floor":32.0,"key":"SMITH"},{"data":"White Noise","floor":41.0,"key":"SMITH"},{"floor":47.0,"key":"REST"}],"circlet_count":0,"master_deck":["Strike_B","Strike_B","Strike_B","Defend_B+1","Defend_B","Defend_B","Defend_B","Zap+1","Dualcast+1","White Noise+1","MostiFishMod:Impulse+1","Cold Snap+1","MostiFishMod:StrandedSiren+1","Coolheaded","MostiFishMod:DawningShadow","MostiFishMod:IceShield","MostiFishMod:IntelligentEquipment+1","Capacitor+1","Seek","Skim+1","Finesse","Hello World+1","Thunder Strike"],"relics":["Cracked Core","DaveBox","SynthV:MejaisSoulstealer","SynthV:TestCard","AddBug","SecretRecord","SecretRecord","SecretRecord","SecretRecord","SecretRecord"],"acts_visited":["Exordium","TheCity","TheBeyond"],"potions_floor_usage":[],"damage_taken":[{"damage":0.0,"enemies":"Cultist","floor":1.0,"turns":3.0},{"damage":0.0,"enemies":"Small Slimes","floor":2.0,"turns":2.0},{"damage":0.0,"enemies":"Jaw Worm","floor":5.0,"turns":2.0},{"damage":2.0,"enemies":"3 Sentries","floor":6.0,"turns":4.0},{"damage":0.0,"enemies":"Lots of Slimes","floor":7.0,"turns":3.0},{"damage":14.0,"enemies":"3 Louse","floor":8.0,"turns":2.0},{"damage":2.0,"enemies":"Lagavulin","floor":10.0,"turns":4.0},{"damage":12.0,"enemies":"Gremlin Nob","floor":12.0,"turns":3.0},{"damage":0.0,"enemies":"Slime Boss","floor":16.0,"turns":8.0},{"damage":0.0,"enemies":"Shell Parasite","floor":18.0,"turns":3.0},{"damage":12.0,"enemies":"Chosen","floor":19.0,"turns":2.0},{"damage":0.0,"enemies":"Centurion and Healer","floor":20.0,"turns":4.0},{"damage":0.0,"enemies":"Chosen and Byrds","floor":22.0,"turns":3.0},{"damage":0.0,"enemies":"Book of Stabbing","floor":24.0,"turns":3.0},{"damage":12.0,"enemies":"Gremlin Leader","floor":27.0,"turns":3.0},{"damage":1.0,"enemies":"3 Cultists","floor":28.0,"turns":4.0},{"damage":0.0,"enemies":"Replay:Snechameleon","floor":29.0,"turns":2.0},{"damage":0.0,"enemies":"Centurion and Healer","floor":31.0,"turns":3.0},{"damage":0.0,"enemies":"Champ","floor":33.0,"turns":5.0},{"damage":0.0,"enemies":"Orb Walker","floor":35.0,"turns":3.0},{"damage":9.0,"enemies":"3 Darklings","floor":36.0,"turns":4.0},{"damage":0.0,"enemies":"Sphere and 2 Shapes","floor":37.0,"turns":3.0},{"damage":4.0,"enemies":"Spire Growth","floor":39.0,"turns":3.0},{"damage":11.0,"enemies":"Reptomancer","floor":40.0,"turns":4.0},{"damage":10.0,"enemies":"R_Hoarder","floor":44.0,"turns":4.0},{"damage":23.0,"enemies":"2 Orb Walkers","floor":45.0,"turns":2.0},{"damage":0.0,"enemies":"Giant Head","floor":46.0,"turns":3.0},{"damage":0,"enemies":"Transient","floor":48,"turns":1}],"seed_played":"6900662978544670794","potions_obtained":[{"floor":7.0,"key":"Weak Potion"},{"floor":8.0,"key":"Death Potion"},{"floor":10.0,"key":"Explosive Potion"},{"floor":18.0,"key":"LiquidMemories"},{"floor":38.0,"key":"Elixir"},{"floor":38.0,"key":"champ:CounterPotion"}],"is_trial":false,"path_per_floor":["M","M","$","?","M","E","M","M","T","E","R","E","$","?","R","B",null,"M","M","M","?","M","R","E","R","T","E","M","E","R","M","R","B",null,"M","M","M","?","M","E","R","?","T","E","?","E","R","M"],"character_chosen":"DEFECT","items_purchased":[],"campfire_rested":1,"item_purchase_floors":[],"current_hp_per_floor":[82,82,82,82,82,80,80,66,66,64,64,52,52,36,36,36,82,82,70,70,70,70,70,70,70,70,58,57,57,57,57,57,57,82,82,73,73,73,69,58,58,58,58,48,25,25,49,49,49],"gold":-462,"neow_bonus":"TEN_PERCENT_HP_BONUS","is_daily":false,"chose_seed":false,"campfire_upgraded":7,"win_rate":0.0,"timestamp":1614051720,"path_taken":["M","?","$","?","M","E","M","M","T","E","R","E","$","?","R","BOSS","M","M","M","?","?","R","E","R","T","E","M","E","R","M","R","BOSS","M","M","M","?","M","E","R","?","T","E","?","E","R","?"],"items_purchased_type":[],"build_version":"2020-12-22","purchased_purges":0,"victory":false,"max_hp_per_floor":[82,82,82,82,82,82,82,82,82,82,82,82,82,82,82,82,82,82,82,82,82,82,82,82,82,82,82,82,82,82,82,82,82,82,82,82,82,82,82,82,82,82,82,82,82,82,82,82,82],"card_choices":[{"not_picked":["Conserve Battery","Barrage","MostiFishMod:FluxCapactior"],"picked":"SKIP","floor":1.0},{"not_picked":["Blizzard","Chill","Hologram","Panic Button","Leap"],"picked":"SKIP","floor":2.0},{"not_picked":["Conserve Battery","Stack","Self Repair","Redo"],"picked":"White Noise","floor":5.0},{"not_picked":["Self Repair","Turbo","Go for the Eyes","ReplayTheSpireMod:GoodbyeWorld","Conserve Battery"],"picked":"SKIP","floor":6.0},{"not_picked":["Panic Button","Melter","Darkness","Hologram"],"picked":"MostiFishMod:Impulse","floor":7.0},{"not_picked":["Barrage","MostiFishMod:PushDownKick","Sweeping Beam","Auto Shields","Ball Lightning"],"picked":"SKIP","floor":8.0},{"not_picked":["Beam Cell","MostiFishMod:PushDownKick","Leap","Compile Driver","Stack"],"picked":"SKIP","floor":10.0},{"not_picked":["Heatsinks","ReplayTheSpireMod:GoodbyeWorld","MostiFishMod:Impulse","Redo"],"picked":"Cold Snap","floor":12.0},{"not_picked":["MostiFishMod:ATRI","Fission","MostiFishMod:ReadyAimFire","MostiFishMod:Overload"],"picked":"MostiFishMod:StrandedSiren","floor":16.0},{"not_picked":["BasicCrystalCard+1","Compile Driver+1","Ball Lightning","Conserve Battery","Genetic Algorithm"],"picked":"SKIP","floor":18.0},{"not_picked":["Steam","Hologram","Recycle","Beam Cell","MostiFishMod:LinkProtocol+1"],"picked":"SKIP","floor":19.0},{"not_picked":["Leap","Double Energy","MostiFishMod:Impulse+1","Hello World"],"picked":"Coolheaded","floor":20.0},{"not_picked":["Redo","MostiFishMod:PushDownKick","Time Bomb","Coolheaded"],"picked":"MostiFishMod:DawningShadow","floor":22.0},{"not_picked":["Barrage","Turbo","Go for the Eyes","Static Discharge+1","Panic Button+1"],"picked":"SKIP","floor":24.0},{"not_picked":["Hologram","Leap","MostiFishMod:Nova","MostiFishMod:PushDownKick","Darkness"],"picked":"SKIP","floor":27.0},{"not_picked":["Ball Lightning+1","Crystallizer","Beam Cell","Go for the Eyes"],"picked":"MostiFishMod:IceShield","floor":28.0},{"not_picked":["Cold Snap","MostiFishMod:ReprogramOld","Defragment+1","Reprogram"],"picked":"MostiFishMod:IntelligentEquipment","floor":29.0},{"not_picked":["Beam Cell","ReplayTheSpireMod:Calculation Training","Hologram","Doom and Gloom"],"picked":"Capacitor","floor":31.0},{"not_picked":["Buffer","MostiFishMod:Culaccino","All For One","MostiFishMod:StarOceanB"],"picked":"Seek","floor":33.0},{"not_picked":["Cold Snap+1","MostiFishMod:LinkProtocol","Tempest+1","Streamline","Doom and Gloom+1"],"picked":"SKIP","floor":35.0},{"not_picked":["Cold Snap+1","MostiFishMod:LinkProtocol","Tempest+1","Streamline","Doom and Gloom+1"],"picked":"SKIP","floor":35.0},{"not_picked":["White Noise","Barrage+1","Panic Button+1","Tempest+1","Turbo"],"picked":"SKIP","floor":36.0},{"not_picked":["Hologram+1","MostiFishMod:IntelligentEquipment","BasicCrystalCard","Ball Lightning+1","Consume+1"],"picked":"SKIP","floor":37.0},{"not_picked":["Coolheaded","Compile Driver","Ball Lightning","White Noise+1"],"picked":"Skim+1","floor":38.0},{"not_picked":["Doom and Gloom","Cold Snap+1","Beam Cell","Streamline","Compile Driver"],"picked":"SKIP","floor":39.0},{"not_picked":["Compile Driver","Force Field+1","ReplayTheSpireMod:GoodbyeWorld+1","Steam Power+1","Fusion"],"picked":"SKIP","floor":40.0},{"not_picked":["Replay:BasicMightCard","Survey Options","Swift Strike","Good Instincts"],"picked":"Finesse","floor":42.0},{"not_picked":["Chill","Aggregate","Barrage+1","Stack+1"],"picked":"Hello World+1","floor":44.0},{"not_picked":["Gash","Beam Cell","Recycle+1","Hello World"],"picked":"Thunder Strike","floor":45.0},{"not_picked":["Gash+1","Streamline","Glacier","Panic Button","Sweeping Beam+1"],"picked":"SKIP","floor":46.0}],"player_experience":385930,"relics_obtained":[{"floor":1.0,"key":"SynthV:TestCard"},{"floor":1.0,"key":"AddBug"},{"floor":6.0,"key":"MagicDraw3"},{"floor":8.0,"key":"SecretRecord"},{"floor":10.0,"key":"Question Card"},{"floor":12.0,"key":"Replay:Antivirus Software"},{"floor":18.0,"key":"SecretRecord"},{"floor":24.0,"key":"Pen Nib"},{"floor":26.0,"key":"Kunai"},{"floor":27.0,"key":"Orichalcum"},{"floor":29.0,"key":"Centennial Puzzle"},{"floor":33.0,"key":"SecretRecord"},{"floor":40.0,"key":"SynthV:C4"},{"floor":43.0,"key":"Unceasing Top"},{"floor":44.0,"key":"SecretRecord"},{"floor":44.0,"key":"GodSword4"},{"floor":45.0,"key":"Du-Vu Doll"},{"floor":46.0,"key":"Onion Ring"}],"event_choices":[{"cards_removed":["Strike_B"],"damage_healed":0.0,"max_hp_gain":0.0,"max_hp_loss":0.0,"gold_gain":0.0,"event_name":"Living Wall","player_choice":"Forget","floor":4.0,"gold_loss":0.0,"damage_taken":0.0},{"damage_healed":0.0,"max_hp_gain":0.0,"max_hp_loss":0.0,"gold_gain":0.0,"event_name":"Shining Light","player_choice":"Entered Light","floor":14.0,"gold_loss":0.0,"damage_taken":16.0,"cards_upgraded":["Defend_B","Cold Snap"]},{"damage_healed":0.0,"max_hp_gain":0.0,"max_hp_loss":0.0,"gold_gain":0.0,"event_name":"FaceTrader","player_choice":"Trade","floor":21.0,"gold_loss":0.0,"damage_taken":0.0,"relics_obtained":["GremlinMask"]},{"damage_healed":0.0,"max_hp_gain":0.0,"max_hp_loss":0.0,"gold_gain":0.0,"event_name":"SensoryStone","player_choice":"Memory 1","floor":42.0,"gold_loss":0.0,"damage_taken":0.0},{"damage_healed":0.0,"max_hp_gain":0.0,"max_hp_loss":0.0,"gold_gain":0.0,"event_name":"Mysterious Sphere","player_choice":"Fight","floor":45.0,"gold_loss":0.0,"damage_taken":0.0}],"is_beta":false,"boss_relics":[{"not_picked":["Kintsugi","BloodWine"],"picked":"RhineFirstAidKit"},{"not_picked":["energizedSpire:StickyHand","energizedSpire:DeadBattery"],"picked":"energizedSpire:EnergizedDie"}],"items_purged_floors":[],"is_endless":false,"potions_floor_spawned":[5,7,8,10,18,27,28,31,36,46],"killed_by":"Transient","ascension_level":4}}