{"host":"prxrhpgaxnj4om9r","time":1614060682,"event":{"mods":["AchievementEnabler","BaseMod","Colored Map","DeckTracker","Minty Spire (QoL Compilation)"],"gold_per_floor":[119,135,135,135,150,176,196,196,196,207,207,239,239,239,239],"floor_reached":14,"language":"KOR","playtime":614,"items_purged":[],"score":130,"play_id":"26c524f0-3e10-45e1-987c-49684521f6e7","local_time":"20210223151122","is_ascension_mode":true,"campfire_choices":[{"floor":8,"key":"REST"},{"floor":13,"key":"REST"}],"circlet_count":0,"master_deck":["Strike_R","Strike_R","Strike_R","Strike_R","Strike_R","Defend_R+1","Defend_R","Defend_R+1","Defend_R+1","Bash","Armaments+1","Pommel Strike+1","Limit Break","Heavy Blade","Battle Trance","Wild Strike"],"relics":["Burning Blood","NeowsBlessing","War Paint","CaptainsWheel","Ornamental Fan","Juzu Bracelet"],"acts_visited":["Exordium"],"potions_floor_usage":[6,10,12],"damage_taken":[{"damage":0,"enemies":"Small Slimes","floor":1,"turns":1},{"damage":0,"enemies":"Jaw Worm","floor":2,"turns":1},{"damage":0,"enemies":"Cultist","floor":5,"turns":1},{"damage":35,"enemies":"Lagavulin","floor":6,"turns":6},{"damage":35,"enemies":"Gremlin Gang","floor":7,"turns":6},{"damage":11,"enemies":"Looter","floor":10,"turns":2},{"damage":22,"enemies":"Gremlin Nob","floor":12,"turns":5},{"damage":48,"enemies":"3 Sentries","floor":14,"turns":6}],"seed_played":"8456101190960875617","potions_obtained":[{"floor":5,"key":"Explosive Potion"},{"floor":6,"key":"Strength Potion"},{"floor":10,"key":"BlessingOfTheForge"}],"is_trial":false,"path_per_floor":["M","M","?","?","M","E","M","R","T","M","?","E","R","E"],"character_chosen":"IRONCLAD","items_purchased":[],"campfire_rested":2,"item_purchase_floors":[],"current_hp_per_floor":[78,80,64,64,70,41,12,36,36,31,31,15,39,0,0],"gold":239,"neow_bonus":"THREE_ENEMY_KILL","is_daily":false,"chose_seed":false,"campfire_upgraded":0,"win_rate":0.0,"timestamp":1614060682,"path_taken":["M","M","?","?","?","E","M","R","T","?","?","E","R","E"],"items_purchased_type":[],"build_version":"2020-12-22","purchased_purges":0,"victory":false,"max_hp_per_floor":[80,80,80,80,80,80,80,80,80,80,80,80,80,80,80],"card_choices":[{"not_picked":["True Grit","Dark Embrace"],"picked":"Armaments","floor":1},{"not_picked":["Iron Wave","Hemokinesis"],"picked":"Wild Strike","floor":2},{"not_picked":["Twin Strike","Uppercut"],"picked":"Pommel Strike","floor":5},{"not_picked":["Armaments","Clash"],"picked":"Limit Break","floor":6},{"not_picked":["Clothesline","Thunderclap"],"picked":"Heavy Blade","floor":7},{"not_picked":["Pommel Strike","Metallicize"],"picked":"Battle Trance","floor":10},{"not_picked":["Headbutt","Inflame"],"picked":"Wild Strike","floor":12}],"player_experience":600405,"relics_obtained":[{"floor":6,"key":"CaptainsWheel"},{"floor":9,"key":"Ornamental Fan"},{"floor":12,"key":"Juzu Bracelet"}],"event_choices":[{"damage_healed":0,"gold_gain":0,"player_choice":"Entered Light","damage_taken":16,"max_hp_gain":0,"max_hp_loss":0,"event_name":"Shining Light","floor":3,"gold_loss":0,"cards_upgraded":["Defend_R","Armaments"]},{"cards_removed":["Wild Strike"],"damage_healed":0,"gold_gain":0,"player_choice":"Gave Card","damage_taken":0,"relics_obtained":["War Paint"],"max_hp_gain":0,"max_hp_loss":0,"event_name":"WeMeetAgain","floor":4,"gold_loss":0},{"damage_healed":0,"gold_gain":0,"player_choice":"Forge","damage_taken":0,"max_hp_gain":0,"max_hp_loss":0,"event_name":"Accursed Blacksmith","floor":11,"gold_loss":0,"cards_upgraded":["Pommel Strike"]}],"is_beta":false,"boss_relics":[],"items_purged_floors":[],"is_endless":false,"potions_floor_spawned":[5,6,10],"killed_by":"3 Sentries","ascension_level":6}}