{"host":"mnpd8gh7cwxsn5kh","time":1614100572,"event":{"mods":["BaseMod","Bestiary","Block Reminder","Colored Map","Colored Powertips","Highlight Path","Minty Spire (QoL Compilation)","Relic Sorter","Relic Stats"],"gold_per_floor":[209,209,228,9,28,62,62,62,62],"floor_reached":8,"language":"ENG","playtime":586,"items_purged":["Strike_R"],"score":112,"play_id":"3f608454-1458-4705-b7e5-ff2dc228c7fc","local_time":"20210223181612","is_ascension_mode":true,"campfire_choices":[],"circlet_count":0,"master_deck":["AscendersBane","Strike_R","Strike_R","Strike_R","Strike_R","Defend_R","Defend_R","Defend_R","Defend_R","Bash","Rampage+1","Headbutt","Disarm","True Grit","Iron Wave"],"relics":["Burning Blood","Regal Pillow","Sundial"],"acts_visited":["Exordium"],"potions_floor_usage":[6,6],"damage_taken":[{"damage":11,"enemies":"Jaw Worm","floor":1,"turns":5},{"damage":1,"enemies":"Cultist","floor":3,"turns":3},{"damage":5,"enemies":"Small Slimes","floor":5,"turns":4},{"damage":48,"enemies":"Gremlin Nob","floor":6,"turns":5},{"damage":15,"enemies":"3 Sentries","floor":8,"turns":3}],"seed_played":"-1976285265488103778","potions_obtained":[{"floor":1,"key":"Ancient Potion"},{"floor":3,"key":"Energy Potion"},{"floor":5,"key":"DistilledChaos"}],"is_trial":false,"path_per_floor":["M","?","M","$","M","E","?","E"],"character_chosen":"IRONCLAD","items_purchased":["Headbutt","Disarm"],"campfire_rested":0,"item_purchase_floors":[4,4],"current_hp_per_floor":[63,45,50,50,51,9,9,0,0],"gold":62,"neow_bonus":"HUNDRED_GOLD","is_daily":false,"chose_seed":false,"campfire_upgraded":0,"win_rate":0.0,"timestamp":1614100572,"path_taken":["M","?","M","$","M","E","?","E"],"items_purchased_type":["Card","Card"],"build_version":"2020-12-22","purchased_purges":1,"victory":false,"max_hp_per_floor":[75,75,75,75,75,75,75,75,75],"relic_stats":{"Regal Pillow":0,"counters":[5,20],"Sundial":[0],"obtain_stats":[{"Regal Pillow":2,"Sundial":6,"Burning Blood":0},{"Regal Pillow":1,"Sundial":4,"Burning Blood":0},{"Regal Pillow":5,"Sundial":17,"Burning Blood":0}],"Burning Blood":24},"card_choices":[{"not_picked":["Wild Strike","Cleave"],"picked":"Rampage","floor":1},{"not_picked":["Intimidate","Dual Wield","Havoc"],"picked":"SKIP","floor":3},{"not_picked":["Headbutt","Perfected Strike"],"picked":"True Grit","floor":5},{"not_picked":["Thunderclap","Bludgeon"],"picked":"Iron Wave","floor":6}],"player_experience":692504,"relics_obtained":[{"floor":6,"key":"Sundial"}],"event_choices":[{"damage_healed":0,"gold_gain":0,"player_choice":"Success","damage_taken":18,"relics_obtained":["Regal Pillow"],"max_hp_gain":0,"max_hp_loss":0,"event_name":"Scrap Ooze","floor":2,"gold_loss":0},{"damage_healed":0,"gold_gain":0,"player_choice":"Upgraded","damage_taken":0,"max_hp_gain":0,"max_hp_loss":0,"event_name":"Upgrade Shrine","floor":7,"gold_loss":0,"cards_upgraded":["Rampage"]}],"is_beta":false,"boss_relics":[],"items_purged_floors":[4],"is_endless":false,"potions_floor_spawned":[1,3,5],"killed_by":"3 Sentries","ascension_level":20}}