{"host":"bixuo0n4q745us7v","time":1614111491,"event":{"mods":["2.2 Compatiblity","Act Like it!","Aspiration","BaseMod","Beaked The Cultist","Block Reminder","Custom Start","Downfall","Hubris","Minty Spire (QoL Compilation)","Relic Sorter","Robot Space Explorer","StSLib","The Cursed"],"gold_per_floor":[99,114,129,142,152,152,176,176,161,161,161,177,210,229,249,346,346,346,358,372,386,36,36,36,36,55,68,85,35,20,55,65,65,65,65],"floor_reached":33,"language":"DEU","playtime":3739,"items_purged":[],"score":298,"play_id":"6b3da3bf-bf14-456c-bdc2-3fbdbb25850c","local_time":"20210223211811","is_ascension_mode":false,"campfire_choices":[{"data":"bronze:Replicate","floor":1,"key":"SMITH"},{"data":"bronze:Branch","floor":8,"key":"SMITH"},{"floor":11,"key":"REST"},{"data":"bronze:ChildClass","floor":18,"key":"SMITH"}],"circlet_count":0,"master_deck":["bronze:Strike","bronze:Strike","bronze:Strike","bronze:Defend","bronze:Defend","bronze:Defend","bronze:Defend","bronze:Replicate+1","bronze:Goto","bronze:Iterate","bronze:Branch+1","bronze:DelayedGuard","bronze:Explode","bronze:WhirlingStrike","bronze:ChildClass+1","bronze:Safeguard","bronze:WildBeam","bronze:Fortify","bronze:Shield","bronze:ShipIt","bronze:DelayedSlice","bronze:Overheat","bronze:Branch+1","bronze:RecursiveStrike","expansioncontent:DashGenerateEvil","bronze:DarkDash","bronze:DigitalCarnage","bronze:Allocate","bronze:DigitalCarnage+1"],"relics":["bronze:PlatinumCore","bronze:ProtectiveGoggles","Matryoshka","Vajra","Orichalcum","aspiration:ChemicalBlood"],"acts_visited":["Exordium","TheCity"],"potions_floor_usage":[13,16,16,30,31,33,33,33,33,33],"damage_taken":[{"damage":5,"enemies":"Small Slimes","floor":2,"turns":3},{"damage":8,"enemies":"2 Louse","floor":3,"turns":3},{"damage":1,"enemies":"Cultist","floor":4,"turns":3},{"damage":4,"enemies":"3 Louse","floor":5,"turns":4},{"damage":1,"enemies":"3 Louse","floor":6,"turns":2},{"damage":0,"enemies":"downfall:FleeingMerchant","floor":9,"turns":4},{"damage":0,"enemies":"Exordium Wildlife","floor":12,"turns":1},{"damage":18,"enemies":"Gremlin Nob","floor":13,"turns":5},{"damage":7,"enemies":"2 Fungi Beasts","floor":14,"turns":2},{"damage":0,"enemies":"3 Louse","floor":15,"turns":1},{"damage":29,"enemies":"IC_STATUS_ARCHETYPE","floor":16,"turns":6},{"damage":10,"enemies":"3 Byrds","floor":19,"turns":4},{"damage":0,"enemies":"Spheric Guardian","floor":20,"turns":3},{"damage":6,"enemies":"Cultist and Chosen","floor":21,"turns":6},{"damage":4,"enemies":"downfall:FleeingMerchant","floor":22,"turns":4},{"damage":0,"enemies":"3 Cultists","floor":26,"turns":5},{"damage":2,"enemies":"Snecko","floor":27,"turns":3},{"damage":7,"enemies":"Centurion and Healer","floor":28,"turns":5},{"damage":0,"enemies":"downfall:FleeingMerchant","floor":30,"turns":4},{"damage":0,"enemies":"Gremlin Leader","floor":31,"turns":4},{"damage":13,"enemies":"Shelled Parasite and Fungi","floor":32,"turns":3},{"damage":78,"enemies":"DF_ARCHETYPE_CLAW","floor":33,"turns":11}],"seed_played":"-3380491327105643655","potions_obtained":[{"floor":2,"key":"LiquidBronze"},{"floor":5,"key":"LiquidMemories"},{"floor":13,"key":"FearPotion"},{"floor":14,"key":"LiquidBronze"},{"floor":15,"key":"Strength Potion"},{"floor":16,"key":"Guardian:BlockOnCardUsePotion"},{"floor":28,"key":"GamblersBrew"},{"floor":31,"key":"DuplicationPotion"}],"is_trial":false,"path_per_floor":["R","M","M","M","M","?","T","R","$","?","R","M","E","M","M","B",null,"R","M","M","M","$","?","T","?","M","M","M","?","$","E","M","B"],"character_chosen":"THE_AUTOMATON","items_purchased":["Vajra","expansioncontent:DashGenerateEvil"],"campfire_rested":1,"item_purchase_floors":[22,22],"current_hp_per_floor":[77,72,64,63,59,58,58,58,58,58,77,77,59,52,52,23,77,77,67,67,61,57,57,57,57,57,55,48,77,77,77,64,0,0,0],"gold":65,"neow_bonus":"TEN_PERCENT_HP_BONUS","is_daily":false,"chose_seed":false,"campfire_upgraded":3,"win_rate":0.0,"timestamp":1614111491,"path_taken":["R","M","M","M","M","?","T","R","$","?","R","M","E","M","M","BOSS","R","M","M","M","$","?","T","?","M","M","?","?","$","E","M","BOSS"],"items_purchased_type":["Relic","Card"],"build_version":"2020-12-22","purchased_purges":0,"victory":false,"max_hp_per_floor":[77,77,77,77,77,77,77,77,77,77,77,77,77,77,77,77,77,77,77,77,77,77,77,77,77,77,77,77,77,77,77,77,77,77,77],"card_choices":[{"not_picked":["bronze:ForLoop","bronze:BitShift","bronze:BugBarrage"],"picked":"SKIP","floor":2},{"not_picked":["bronze:Overload","bronze:Overheat"],"picked":"bronze:Iterate","floor":3},{"not_picked":["bronze:Deprecate","bronze:Iterate"],"picked":"bronze:Branch","floor":4},{"not_picked":["bronze:BuggyMess","bronze:Frontload"],"picked":"bronze:DelayedGuard","floor":5},{"not_picked":[],"picked":"bronze:Explode","floor":6},{"not_picked":["bronze:Turbo","bronze:ShipIt"],"picked":"bronze:WhirlingStrike","floor":9},{"not_picked":["bronze:Deprecate","bronze:OilSpill"],"picked":"bronze:Safeguard","floor":12},{"not_picked":["bronze:Turbo","bronze:ChildClass"],"picked":"bronze:WildBeam","floor":13},{"not_picked":["bronze:Frontload","bronze:Iterate"],"picked":"bronze:Fortify","floor":14},{"not_picked":["bronze:ForLoop","bronze:ItsAFeature"],"picked":"bronze:Shield","floor":15},{"not_picked":["bronze:BurnOut","bronze:FindAndReplace"],"picked":"bronze:ShipIt","floor":16},{"not_picked":["bronze:Deprecate","bronze:WhirlingStrike"],"picked":"bronze:DelayedSlice","floor":19},{"not_picked":["bronze:Shell+1","bronze:CutThrough"],"picked":"bronze:Overheat","floor":20},{"not_picked":["bronze:ChildClass","bronze:Fortify"],"picked":"bronze:Branch+1","floor":21},{"not_picked":["bronze:Overheat","bronze:Fortify"],"picked":"bronze:RecursiveStrike","floor":22},{"not_picked":["bronze:ForceShield+1","bronze:ClassDefault"],"picked":"bronze:DigitalCarnage","floor":26},{"not_picked":["bronze:Overheat","bronze:FollowUp","bronze:Iterate"],"picked":"SKIP","floor":27},{"not_picked":["bronze:BitShift+1","bronze:WildBeam","bronze:Frontload+1"],"picked":"SKIP","floor":28},{"not_picked":["bronze:Iterate","bronze:OilSpill","bronze:AlphaBuild"],"picked":"SKIP","floor":30},{"not_picked":["bronze:Deprecate","bronze:Frontload+1"],"picked":"bronze:Allocate","floor":31},{"not_picked":["bronze:CutThrough","bronze:Frontload"],"picked":"bronze:DigitalCarnage+1","floor":32}],"player_experience":610959,"relics_obtained":[{"floor":7,"key":"bronze:ProtectiveGoggles"},{"floor":13,"key":"Matryoshka"},{"floor":24,"key":"Orichalcum"},{"floor":31,"key":"aspiration:ChemicalBlood"}],"event_choices":[{"damage_healed":0,"gold_gain":0,"player_choice":"Ignored","damage_taken":0,"max_hp_gain":0,"max_hp_loss":0,"event_name":"Ghosts","floor":23,"gold_loss":0}],"is_beta":false,"boss_relics":[{"not_picked":["Philosopher\u0027s Stone","hubris:TerracottaHorce"],"picked":"bronze:PlatinumCore"}],"items_purged_floors":[],"is_endless":false,"potions_floor_spawned":[2,5,13,14,15,16,28,31],"killed_by":"DF_ARCHETYPE_CLAW","ascension_level":0}}