{"host":"avq773cl9g5msfol","time":1614074815,"event":{"mods":["100% Spire Juice","AchievementEnabler","Act Like it!","Ascension Unlocker","Aspiration","Astrologer","Bard","Bartender","BaseMod","Better Altar","Better Third Choice","BetterRewards","CapriCore","ChefMod","Colored Map","Colored Powertips","Conspire","Dio Mod","Downfall","Elementarium","Energized Spire","Extra Virgin Snecko Oil","Gensokyo","GifTheSpireLib","Hallownest","Hermit","Highlight Path","Hubris","Humility","Infinite Spire","Jorbs\u0027s Wanderer Trilogy","Koishi","Magitek Elite","Marisa????????","Marked Mod","Menagerie","Minty Spire (QoL Compilation)","Pale of the Ancients","Potionbrewer","Quarter Circle Forward PUNCH!","Rare Cards Sparkle","Reimu??????","Relic Stats","Reliquary","Remilia??????","Replay The Spire","Robot Space Explorer","SacredBarkPlus","Shade Mod","Shapeshifter Mod","Somnambulant","Spicy Shops","Spire Arcade","StSLib","The Administrix","The Blue Laboratory","The Bug Knight","The Construct","The Cursed","The Disciple","The Dragon Tamer","The Exalted","The Hayseed","The Hierophant","The Hydrologist","The Immortal","The Marked","The Mystic","The Problem Sleuth","The Runesmith","The Senshi","The Vixen","The Wild Card","TheFirefly","Wandering Minibosses","Wide Potions","vexMod"],"gold_per_floor":[119,119,119,119,119,145,145,171,171,184,184,194,194,220,220,299,299,316,316,316,316,155,185,185,203,203,229,249,249,275,285,285,357,357,377,377,377,396,414,442,442,455,455,455,487,487,515,542,542,542,542],"floor_reached":52,"language":"ENG","playtime":4508,"items_purged":["hermit:Combo+1","hermit:Manifest+1","hermit:Roulette+1","hermit:Magnum+1","hermit:Magnum+1"],"score":3159,"play_id":"b99dc426-4b28-454b-aed6-ae9bea6105c9","local_time":"20210223170655","is_ascension_mode":true,"campfire_choices":[{"data":"hermit:Snapshot","floor":7,"key":"SMITH"},{"data":"hermit:ItchyTrigger","floor":15,"key":"SMITH"},{"data":"hermit:Malice","floor":24,"key":"SMITH"},{"data":"hermit:Gestalt","floor":32,"key":"SMITH"},{"floor":41,"key":"REST"},{"data":"hermit:BigShot","floor":44,"key":"SMITH"},{"data":"hermit:Roulette","floor":49,"key":"SMITH"}],"circlet_count":0,"master_deck":["AscendersBane","hermit:Strike_Hermit+1","hermit:Strike_Hermit+1","hermit:Strike_Hermit+1","hermit:Strike_Hermit+1","hermit:Defend_Hermit+1","hermit:Defend_Hermit+1","hermit:Defend_Hermit+1","hermit:Defend_Hermit+1","hermit:Snapshot+1","hermit:Covet+1","hermit:Maintenance+1","hermit:Quickdraw+1","hermit:BodyArmor+1","hermit:HighCaliber+1","hermit:Glare+1","hermit:Adapt+1","hermit:Deadeye+1","hermit:TakeAim+1","hermit:GhostlyPresence+1","hermit:Vantage+1","hermit:FullyLoaded+1","hermit:Determination+1","hermit:Virtue+1","hermit:LowProfile+1","hermit:Dive+1","hermit:FlashPowder+1","Master of Strategy+1","hermit:FatalDesire+1","Menagerie:Foresee+1","hermit:ItchyTrigger+1","hermit:CursedWeapon+1","hermit:Malice+1","hermit:RoundhouseKick+1","hermit:PistolWhip+1","Gensokyo:LittleGreenMen+1","hermit:Cheat+1","hermit:Maintenance+1","hermit:Gestalt+1","hermit:Dissolve+1","Gensokyo:ShootingStar+1","hermit:Gambit+1","hermit:Roughhouse+1","hermit:BigShot+1","hermit:Roulette+1","hermit:HighNoon+1"],"relics":["hermit:Momento","Golden Egg","Quantum Egg","FossilizedHelix","OrangePellets","Anchor","hexamod:BolsterEngine","Happy Flower","ReplayTheSpireMod:TigerMarble","Membership Card","Pondfish Scales","infinitespire:Satchel","Juzu Bracelet","hubris:CuriousFeather","hermit:PetGhost","Ice Cream","construct:RocketBooster","reliquary:BoilingFlask","hubris:Towel","infinitespire:PuzzleCube","ReplayFunnel","Philosopher\u0027s Stone","Gensokyo:MosesMiracle","Gensokyo:RedStar","Genji_Glove","Bag of Marbles","Mango","wanderingMiniBosses:OtherGremlinHorn","CrazyTorch:ReiMu","Question Card","reliquary:Craggleroot","construct:WeddingRing","Bromod:ArcaneAvenger","infinitespire:EmpoweringShard","reliquary:Stiletto","aspiration:FrozenJewel","Strawberry"],"acts_visited":["Menagerie:Menagerie","Gensokyo:Gensokyoer","TheBeyond"],"potions_floor_usage":[6,10,10,10,28,28],"damage_taken":[{"damage":0,"enemies":"Menagerie:StygianBoar","floor":1,"turns":2},{"damage":5,"enemies":"Menagerie:MaskedSummoner","floor":6,"turns":8},{"damage":0,"enemies":"Menagerie:VoidReaper","floor":8,"turns":4},{"damage":0,"enemies":"Menagerie:WhisperingWraith","floor":10,"turns":1},{"damage":6,"enemies":"Menagerie:MonstrousExperiment","floor":12,"turns":5},{"damage":9,"enemies":"Menagerie:MaskedSummoner","floor":14,"turns":6},{"damage":0,"enemies":"Menagerie:Chimera","floor":16,"turns":7},{"damage":0,"enemies":"Gensokyo:2_Gloops","floor":18,"turns":3},{"damage":2,"enemies":"Gensokyo:Koishi","floor":23,"turns":4},{"damage":0,"enemies":"Gensokyo:AngelMirror","floor":25,"turns":2},{"damage":0,"enemies":"Gensokyo:Reisen","floor":27,"turns":3},{"damage":0,"enemies":"Gensokyo:Wraith","floor":28,"turns":6},{"damage":0,"enemies":"Gensokyo:Tenshi","floor":30,"turns":3},{"damage":0,"enemies":"Gensokyo:Monolith_and_Dog","floor":31,"turns":3},{"damage":0,"enemies":"Gensokyo:Eiki","floor":33,"turns":4},{"damage":0,"enemies":"Orb Walker","floor":35,"turns":2},{"damage":2,"enemies":"3 Darklings","floor":38,"turns":3},{"damage":0,"enemies":"Maw","floor":39,"turns":4},{"damage":1,"enemies":"Nemesis","floor":40,"turns":5},{"damage":0,"enemies":"Jaw Worm Horde","floor":42,"turns":3},{"damage":3,"enemies":"Nightmare","floor":45,"turns":6},{"damage":0,"enemies":"conspire:MimicChest","floor":47,"turns":3},{"damage":2,"enemies":"Giant Head","floor":48,"turns":5},{"damage":1,"enemies":"Time Eater","floor":50,"turns":7},{"damage":2,"enemies":"conspire:OrnateMirror","floor":51,"turns":6}],"seed_played":"8066662635725453263","potions_obtained":[{"floor":6,"key":"Milkshake"},{"floor":12,"key":"Block Potion"},{"floor":18,"key":"Fire Potion"},{"floor":39,"key":"LifebloodPotion"},{"floor":48,"key":"blueLaboratory:RecallPotion"}],"is_trial":false,"path_per_floor":["M","?","$","?","?","E","R","E","T","M","?","M","?","E","R","B",null,"M","?","?","?","COS","E","R","M","T","E","M","T","E","M","R","B",null,"M","AVR","?","M","M","E","R","M","T","R","NM","?","?","E","R","B","B",null],"character_chosen":"HERMIT","items_purchased":["hermit:Maintenance","hermit:Quickdraw","FossilizedHelix","OrangePellets","Anchor","hermit:Combo+1","hermit:Manifest","hermit:Showdown","hermit:Roulette","hermit:BodyArmor","hermit:HighCaliber","hermit:Glare","hexamod:BolsterEngine","Happy Flower","hermit:Adapt","hermit:Deadeye","ReplayTheSpireMod:TigerMarble","Membership Card","hermit:TakeAim","Pondfish Scales","hermit:GhostlyPresence","infinitespire:Satchel","Juzu Bracelet","hubris:CuriousFeather","hermit:Vantage","hermit:PetGhost","hermit:FullyLoaded","Ice Cream","hermit:Magnum","hermit:Determination","hermit:Virtue","hermit:LowProfile","construct:RocketBooster","Adrenaline Potion","hermit:Dive","Adrenaline Potion","hermit:FlashPowder","Master of Strategy","reliquary:BoilingFlask","hermit:FatalDesire"],"campfire_rested":1,"item_purchase_floors":[0,0,0,0,0,0,0,0,0,0,0,0,0,0,0,0,0,0,0,0,0,0,0,0,0,0,0,0,0,0,0,0,0,0,0,0,0,0,0,0],"current_hp_per_floor":[66,66,66,66,66,61,61,61,61,61,54,48,48,39,39,39,65,65,65,65,65,65,63,63,65,65,79,79,79,79,81,81,81,81,81,81,81,79,79,80,83,83,83,83,80,80,80,85,85,88,88],"gold":542,"neow_bonus":"","is_daily":false,"chose_seed":false,"campfire_upgraded":6,"win_rate":0.0,"timestamp":1614074815,"path_taken":["M","?","$","?","?","E","R","E","T","M","?","M","?","E","R","BOSS","M","?","?","?","COS","E","R","M","T","E","M","?","E","M","R","BOSS","M","AVR","?","M","M","E","R","M","T","R","NM","?","?","E","R","BOSS","BOSS"],"items_purchased_type":["Card","Card","Relic","Relic","Relic","Card","Card","Card","Card","Card","Card","Card","Relic","Relic","Card","Card","Relic","Relic","Card","Relic","Card","Relic","Relic","Relic","Card","Relic","Card","Relic","Card","Card","Card","Card","Relic","Potion","Card","Potion","Card","Card","Relic","Card"],"build_version":"2020-12-22","purchased_purges":5,"victory":true,"max_hp_per_floor":[73,73,73,73,73,73,73,73,73,73,73,73,73,73,73,73,73,73,65,65,65,65,65,65,65,65,79,79,79,79,81,81,81,81,81,81,81,81,81,83,83,83,83,83,83,83,83,90,90,90,92],"relic_stats":{"OrangePellets":[41],"Happy Flower":[35],"counters":[68,252],"Juzu Bracelet":7,"Question Card":30,"obtain_stats":[{"Ice Cream":0,"Golden Egg":0,"infinitespire:BottledMercury":43,"DemoMod:GlassGuonStoneRelic":11,"wanderingMiniBosses:OtherGremlinHorn":31,"vexMod:RockOfEvil":34,"Replay:Wanted Poster":34,"Replay:Ringing Soul":26,"conspire:GlowingRock":6,"Strawberry":48,"DemoMod:MeltedRock":14,"Philosopher\u0027s Stone":17,"qcfpunch:Red_Cyclone_Teachings":26,"vexMod:RetaliationKit":31,"Girya":9,"construct:RocketBooster":24,"Happy Flower":0,"Choco_Feather":8,"Oddly Smooth Stone":28,"wanderingMiniBosses:MasterThiefsPresence":22,"Guardian:PocketSentry":11,"aspiration:SeaSaltIceCream":4,"War Paint":29,"Question Card":30,"aspiration:FrozenJewel":47,"OrangePellets":42,"Bottled Flame":13,"hermit:PetGhost":0,"ReplayTheSpireMod:Shallot":4,"Elementarium:ElementariumTrophy":33,"qcfpunch:Broken_Tusk":46,"Pandora\u0027s Box":0,"ReplayTheSpireMod:TigerMarble":9,"infinitespire:EmpoweringShard":43,"Mirror":40,"hermit:Momento":0,"infinitespire:PuzzleCube":6,"ReplayFunnel":8,"Bromod:ArcaneAvenger":40,"reliquary:BoilingFlask":0,"StoneCalendar":40,"Mango":27,"Juzu Bracelet":0,"Hallownest:DreamNailRelic":3,"Mythril_Glove":38,"hubris:EmptyBottle":0,"Replay:Mystery Machine":13,"qcfpunch:Crimson_Sash":4,"ClockworkSouvenir":0,"DemoMod:SevenLeafClover":0,"Frozen Eye":29,"AntiCross":6,"Genji_Glove":22,"hubris:CuriousFeather":0,"WingedGreaves":2,"Hallownest:SalubrasBlessingRelic":10,"construct:WeddingRing":36,"infinitespire:CursedDice":43,"aspiration:RunicSpoon":0,"Quantum Egg":2,"Gensokyo:MosesMiracle":27,"PreservedInsect":0,"Protect_Vest":49,"aspiration:SecretTechniqueScroll":17,"infinitespire:CheckeredPen":6,"hubris:Towel":5,"Gensokyo:RedStar":21,"PureWhite:ReiMu":26,"Anchor":0,"Pondfish Scales":0,"vexMod:HeadHunter":0,"Gensokyo:DayTheSeaSplit":20,"infinitespire:Satchel":0,"CrazyTorch:ReiMu":29,"reliquary:Craggleroot":34,"reliquary:Stiletto":45,"Bag of Marbles":23,"Membership Card":0,"hexamod:BolsterEngine":0,"DemoMod:VorpalBullet":24,"FossilizedHelix":0},{"Ice Cream":43,"Golden Egg":0,"infinitespire:BottledMercury":21,"DemoMod:GlassGuonStoneRelic":4,"wanderingMiniBosses:OtherGremlinHorn":35,"vexMod:RockOfEvil":36,"Replay:Wanted Poster":17,"Replay:Ringing Soul":11,"conspire:GlowingRock":2,"Strawberry":66,"DemoMod:MeltedRock":29,"Philosopher\u0027s Stone":50,"qcfpunch:Red_Cyclone_Teachings":32,"vexMod:RetaliationKit":16,"Girya":3,"construct:RocketBooster":32,"Happy Flower":43,"Choco_Feather":3,"Oddly Smooth Stone":33,"wanderingMiniBosses:MasterThiefsPresence":10,"Guardian:PocketSentry":27,"aspiration:SeaSaltIceCream":25,"War Paint":14,"Question Card":56,"aspiration:FrozenJewel":65,"OrangePellets":39,"Bottled Flame":28,"hermit:PetGhost":43,"ReplayTheSpireMod:Shallot":25,"Elementarium:ElementariumTrophy":36,"qcfpunch:Broken_Tusk":40,"Pandora\u0027s Box":24,"ReplayTheSpireMod:TigerMarble":26,"infinitespire:EmpoweringShard":63,"Mirror":39,"hermit:Momento":0,"infinitespire:PuzzleCube":45,"ReplayFunnel":46,"Bromod:ArcaneAvenger":62,"reliquary:BoilingFlask":43,"StoneCalendar":20,"Mango":54,"Juzu Bracelet":0,"Hallownest:DreamNailRelic":1,"Mythril_Glove":19,"hubris:EmptyBottle":24,"Replay:Mystery Machine":28,"qcfpunch:Crimson_Sash":25,"ClockworkSouvenir":24,"DemoMod:SevenLeafClover":0,"Frozen Eye":13,"AntiCross":2,"Genji_Glove":51,"hubris:CuriousFeather":24,"WingedGreaves":25,"Hallownest:SalubrasBlessingRelic":3,"construct:WeddingRing":59,"infinitespire:CursedDice":21,"aspiration:RunicSpoon":0,"Quantum Egg":1,"Gensokyo:MosesMiracle":54,"PreservedInsect":24,"Protect_Vest":41,"aspiration:SecretTechniqueScroll":6,"infinitespire:CheckeredPen":26,"hubris:Towel":44,"Gensokyo:RedStar":51,"PureWhite:ReiMu":11,"Anchor":43,"Pondfish Scales":43,"vexMod:HeadHunter":0,"Gensokyo:DayTheSeaSplit":51,"infinitespire:Satchel":43,"CrazyTorch:ReiMu":55,"reliquary:Craggleroot":58,"reliquary:Stiletto":64,"Bag of Marbles":52,"Membership Card":24,"hexamod:BolsterEngine":43,"DemoMod:VorpalBullet":11,"FossilizedHelix":43},{"Ice Cream":147,"Golden Egg":0,"infinitespire:BottledMercury":74,"DemoMod:GlassGuonStoneRelic":10,"wanderingMiniBosses:OtherGremlinHorn":115,"vexMod:RockOfEvil":123,"Replay:Wanted Poster":52,"Replay:Ringing Soul":34,"conspire:GlowingRock":6,"Strawberry":239,"DemoMod:MeltedRock":94,"Philosopher\u0027s Stone":180,"qcfpunch:Red_Cyclone_Teachings":104,"vexMod:RetaliationKit":45,"Girya":9,"construct:RocketBooster":104,"Happy Flower":147,"Choco_Feather":9,"Oddly Smooth Stone":107,"wanderingMiniBosses:MasterThiefsPresence":29,"Guardian:PocketSentry":89,"aspiration:SeaSaltIceCream":85,"War Paint":39,"Question Card":201,"aspiration:FrozenJewel":234,"OrangePellets":127,"Bottled Flame":92,"hermit:PetGhost":147,"ReplayTheSpireMod:Shallot":85,"Elementarium:ElementariumTrophy":123,"qcfpunch:Broken_Tusk":130,"Pandora\u0027s Box":83,"ReplayTheSpireMod:TigerMarble":87,"infinitespire:EmpoweringShard":225,"Mirror":127,"hermit:Momento":0,"infinitespire:PuzzleCube":157,"ReplayFunnel":161,"Bromod:ArcaneAvenger":222,"reliquary:BoilingFlask":147,"StoneCalendar":71,"Mango":192,"Juzu Bracelet":0,"Hallownest:DreamNailRelic":1,"Mythril_Glove":60,"hubris:EmptyBottle":83,"Replay:Mystery Machine":92,"qcfpunch:Crimson_Sash":85,"ClockworkSouvenir":83,"DemoMod:SevenLeafClover":0,"Frozen Eye":37,"AntiCross":6,"Genji_Glove":183,"hubris:CuriousFeather":83,"WingedGreaves":85,"Hallownest:SalubrasBlessingRelic":9,"construct:WeddingRing":210,"infinitespire:CursedDice":74,"aspiration:RunicSpoon":0,"Quantum Egg":1,"Gensokyo:MosesMiracle":192,"PreservedInsect":83,"Protect_Vest":131,"aspiration:SecretTechniqueScroll":16,"infinitespire:CheckeredPen":87,"hubris:Towel":149,"Gensokyo:RedStar":183,"PureWhite:ReiMu":34,"Anchor":147,"Pondfish Scales":147,"vexMod:HeadHunter":0,"Gensokyo:DayTheSeaSplit":183,"infinitespire:Satchel":147,"CrazyTorch:ReiMu":198,"reliquary:Craggleroot":208,"reliquary:Stiletto":231,"Bag of Marbles":187,"Membership Card":83,"hexamod:BolsterEngine":147,"DemoMod:VorpalBullet":34,"FossilizedHelix":147}]},"card_choices":[{"not_picked":["hermit:Gestalt","hermit:Snipe","hermit:Coalescence"],"picked":"SKIP","floor":1},{"not_picked":["hermit:Gestalt","hermit:Dive"],"picked":"hermit:ItchyTrigger","floor":6},{"not_picked":["hermit:Reprieve","hermit:FlashPowder","hermit:LowProfile"],"picked":"SKIP","floor":8},{"not_picked":["hermit:LowProfile","hermit:Vantage"],"picked":"hermit:CursedWeapon","floor":10},{"not_picked":["hermit:Misfire","hermit:HoleUp"],"picked":"hermit:Malice","floor":12},{"not_picked":["hermit:BodyArmor","hermit:HighCaliber","hermit:DeadOrAlive"],"picked":"SKIP","floor":14},{"not_picked":["hermit:Purgatory","hermit:BlackWind"],"picked":"hermit:RoundhouseKick","floor":16},{"not_picked":["hermit:Desperado","hermit:Coalescence"],"picked":"hermit:PistolWhip+1","floor":18},{"not_picked":["Gensokyo:ManorOfTheDishes","Gensokyo:HAARP"],"picked":"Gensokyo:LittleGreenMen","floor":19},{"not_picked":["hermit:Snipe","hermit:ItchyTrigger"],"picked":"hermit:Cheat+1","floor":23},{"not_picked":["hermit:Deadeye","hermit:Manifest+1","hermit:SprayPray"],"picked":"SKIP","floor":25},{"not_picked":["hermit:BlackWind","hermit:Vantage"],"picked":"hermit:Maintenance","floor":27},{"not_picked":["hermit:Headshot","hermit:Misfire","hermit:WideOpen"],"picked":"SKIP","floor":28},{"not_picked":["hermit:HighCaliber","hermit:Gestalt","hermit:HoleUp"],"picked":"SKIP","floor":30},{"not_picked":["hermit:HighCaliber","hermit:HoleUp"],"picked":"hermit:Gestalt","floor":30},{"not_picked":["hermit:Showdown","hermit:LoneWolf","hermit:CalledShot"],"picked":"hermit:Dissolve","floor":31},{"not_picked":[],"picked":"Gensokyo:ShootingStar","floor":33},{"not_picked":["hermit:FatalDesire","hermit:Dissolve","hermit:BlackWind"],"picked":"hermit:Gambit","floor":33},{"not_picked":["hermit:CalledShot","hermit:Determination","hermit:SprayPray","hermit:TrackingShot"],"picked":"SKIP","floor":35},{"not_picked":["hermit:Ricochet","hermit:Feint","hermit:Manifest","hermit:SprayPray"],"picked":"SKIP","floor":38},{"not_picked":["hermit:CalledShot","hermit:PistolWhip","hermit:Ricochet"],"picked":"hermit:Roughhouse","floor":39},{"not_picked":["hermit:BodyArmor","hermit:CalledShot+1","hermit:DeadMansHand","hermit:Coalescence+1"],"picked":"SKIP","floor":40},{"not_picked":["hermit:BigShot","hermit:CursedWeapon","hermit:CalledShot","hermit:HighCaliber"],"picked":"SKIP","floor":42},{"not_picked":["hermit:CursedWeapon","hermit:CalledShot","hermit:HighCaliber"],"picked":"hermit:BigShot","floor":42},{"not_picked":["hermit:Desperado","hermit:BodyArmor","hermit:Manifest","hermit:SprayPray"],"picked":"SKIP","floor":45},{"not_picked":["hermit:Coalescence+1","hermit:Ricochet","hermit:Vantage"],"picked":"hermit:Roulette","floor":47},{"not_picked":["hermit:Feint","hermit:Brawl","hermit:Glare"],"picked":"hermit:HighNoon","floor":48}],"player_experience":1493071,"relics_obtained":[{"floor":6,"key":"infinitespire:PuzzleCube"},{"floor":8,"key":"ReplayFunnel"},{"floor":23,"key":"Bag of Marbles"},{"floor":27,"key":"Gensokyo:MosesMiracle"},{"floor":27,"key":"Mango"},{"floor":28,"key":"wanderingMiniBosses:OtherGremlinHorn"},{"floor":29,"key":"CrazyTorch:ReiMu"},{"floor":30,"key":"Question Card"},{"floor":40,"key":"Bromod:ArcaneAvenger"},{"floor":43,"key":"infinitespire:EmpoweringShard"},{"floor":45,"key":"reliquary:Stiletto"},{"floor":47,"key":"aspiration:FrozenJewel"},{"floor":48,"key":"Strawberry"}],"event_choices":[{"damage_healed":0,"gold_gain":0,"cards_transformed":["hermit:Showdown"],"player_choice":"Grasp","damage_taken":0,"max_hp_gain":0,"max_hp_loss":0,"event_name":"Menagerie:MagesHand","floor":2,"gold_loss":0,"cards_obtained":["Menagerie:Foresee"]},{"damage_healed":0,"gold_gain":0,"player_choice":"Accept","damage_taken":0,"max_hp_gain":0,"max_hp_loss":7,"event_name":"Menagerie:HarrowingRitual","floor":11,"gold_loss":0,"cards_upgraded":["Menagerie:Foresee"]},{"damage_healed":0,"gold_gain":0,"player_choice":"Ignored","damage_taken":0,"max_hp_gain":0,"max_hp_loss":0,"event_name":"Transmorgrifier","floor":46,"gold_loss":0}],"is_beta":false,"boss_relics":[{"not_picked":["aspiration:SecretTechniqueScroll","SacredBark"],"picked":"Philosopher\u0027s Stone"},{"not_picked":["Fusion Hammer","theSenshi:MoonKaleidoScopeRelic"],"picked":"reliquary:Craggleroot"}],"items_purged_floors":[0,0,0,0,0],"is_endless":false,"potions_floor_spawned":[6,12,18,25,27,39,40,47,48],"ascension_level":20,"is_humility":true}}