{"host":"fawhrnsdtsa3msx1","time":1614052866,"event":{"mods":["AchievementEnabler","BaseMod","Colored Map","DeckTracker","Keyboard Shortcuts","Minty Spire (QoL Compilation)","Permanent Neow","Quick Restart","SuperFastMode"],"gold_per_floor":[116,191,207,227,239,239,255,255,255],"floor_reached":8,"language":"KOR","playtime":216,"items_purged":[],"score":58,"play_id":"cfd76eff-a943-4de2-abed-b42ba5537c8b","local_time":"20210223130106","is_ascension_mode":true,"campfire_choices":[{"data":"Armaments","floor":6,"key":"SMITH"}],"circlet_count":0,"master_deck":["Strike_R","Strike_R","Strike_R","Strike_R","Strike_R","Defend_R","Defend_R","Defend_R","Defend_R","Bash","Bludgeon","Second Wind","Twin Strike","Armaments+1","Barricade"],"relics":["Burning Blood"],"acts_visited":["Exordium"],"potions_floor_usage":[],"damage_taken":[{"damage":14,"enemies":"Jaw Worm","floor":1,"turns":3},{"damage":14,"enemies":"2 Louse","floor":3,"turns":3},{"damage":1,"enemies":"Cultist","floor":4,"turns":3},{"damage":26,"enemies":"3 Louse","floor":5,"turns":5},{"damage":23,"enemies":"Large Slime","floor":7,"turns":5},{"damage":30,"enemies":"3 Sentries","floor":8,"turns":4}],"seed_played":"7385016205903174051","potions_obtained":[{"floor":1,"key":"Weak Potion"},{"floor":4,"key":"ElixirPotion"}],"is_trial":false,"path_per_floor":["M","?","M","M","M","R","M","E"],"character_chosen":"IRONCLAD","items_purchased":[],"campfire_rested":0,"item_purchase_floors":[],"current_hp_per_floor":[72,61,53,58,38,38,21,0,0],"gold":255,"neow_bonus":"ONE_RANDOM_RARE_CARD","is_daily":false,"chose_seed":false,"campfire_upgraded":1,"win_rate":0.0,"timestamp":1614052866,"path_taken":["M","?","M","M","M","R","M","E"],"items_purchased_type":[],"build_version":"2020-12-22","purchased_purges":0,"victory":false,"max_hp_per_floor":[80,80,80,80,80,80,80,80,80],"card_choices":[{"not_picked":["Feel No Pain","Combust"],"picked":"Second Wind","floor":1},{"not_picked":["Heavy Blade","Uppercut"],"picked":"Twin Strike","floor":3},{"not_picked":["Havoc","Wild Strike","Rupture"],"picked":"SKIP","floor":4},{"not_picked":["Anger","Infernal Blade"],"picked":"Armaments","floor":5},{"not_picked":["Warcry","Wild Strike"],"picked":"Barricade","floor":7}],"player_experience":139066,"relics_obtained":[],"event_choices":[{"damage_healed":0,"gold_gain":75,"player_choice":"Gather Gold","damage_taken":11,"max_hp_gain":0,"max_hp_loss":0,"event_name":"World of Goop","floor":2,"gold_loss":0}],"is_beta":false,"boss_relics":[],"items_purged_floors":[],"is_endless":false,"potions_floor_spawned":[1,4],"killed_by":"3 Sentries","ascension_level":3}}