{"host":"p15wz9ezm2y4vyo6","time":1614074408,"event":{"mods":["BaseMod","Better Third Choice","Colored Map","Colored Powertips","Custom Start","Defuse TimeMaze Blight","Disable Question Mark Monsters","Displayed Cursed Tome","Downfall","Friendly Minions","Hermit","Hubris","Infinite Spire","Minty Spire (QoL Compilation)","Quick Restart","Rare Cards Sparkle","Replay The Spire","StSLib","SuperFastMode","The Construct","The Servant 0.9.4"],"gold_per_floor":[119,194,3,23,23,23,57,57,104,116,161,448,478,490,502,514,514,514],"floor_reached":16,"language":"ENG","playtime":581,"items_purged":[],"score":131,"play_id":"58420e2c-269b-4cb7-90da-56fd965199f4","local_time":"20210223100008","is_ascension_mode":false,"campfire_choices":[{"data":"champ:Taunt","floor":6,"key":"SMITH"},{"data":"champ:StanceDance","floor":8,"key":"SMITH"},{"data":"champ:CrookedStrike","floor":15,"key":"SMITH"}],"circlet_count":0,"master_deck":["champ:Strike","champ:Strike","champ:Strike","champ:Strike","champ:Defend","champ:Defend","champ:Defend","champ:Defend","champ:Execute","champ:Taunt+1","champ:StanceDance+1","champ:EnGarde","champ:EnGarde","champ:FlashCut","champ:CrookedStrike+1","infinitespire:Starlight","champ:BringItOn","Regret","champ:FanOfKnives"],"relics":["NeowsBlessing","ClockworkSouvenir","m_IronCrown","Juzu Bracelet","MawBank","Potion Belt"],"acts_visited":["Exordium"],"potions_floor_usage":[],"damage_taken":[{"damage":0,"enemies":"Jaw Worm","floor":1,"turns":1},{"damage":0,"enemies":"Cultist","floor":4,"turns":1},{"damage":0,"enemies":"Gremlin Nob","floor":7,"turns":1},{"damage":43,"enemies":"3 Sentries","floor":11,"turns":10},{"damage":4,"enemies":"Small Slimes","floor":13,"turns":3},{"damage":133,"enemies":"The Guardian","floor":16,"turns":13}],"seed_played":"2168675882693172341","potions_obtained":[{"floor":1,"key":"Elixir"},{"floor":4,"key":"Adrenaline Potion"}],"is_trial":false,"path_per_floor":["M","?","$","M","?","R","E","R","T","?","E","?","M","$","R","B"],"character_chosen":"THE_CHAMP","items_purchased":["champ:EnGarde","ClockworkSouvenir"],"campfire_rested":0,"item_purchase_floors":[3,3],"current_hp_per_floor":[90,81,81,81,81,81,87,87,87,65,63,63,75,75,75,0,0,0],"gold":514,"neow_bonus":"THREE_ENEMY_KILL","is_daily":false,"chose_seed":false,"campfire_upgraded":3,"win_rate":0.0,"timestamp":1614074408,"path_taken":["M","?","$","M","?","R","E","R","T","?","E","?","M","$","R","BOSS"],"items_purchased_type":["Card","Relic"],"build_version":"2020-12-22","purchased_purges":0,"victory":false,"max_hp_per_floor":[90,90,90,90,90,90,90,90,90,90,90,90,90,90,90,90,90,90],"card_choices":[{"not_picked":["champ:EnGarde","champ:PreciseThrust"],"picked":"champ:StanceDance","floor":1},{"not_picked":["champ:SkillfulDodge","champ:TornadoPunch"],"picked":"champ:FlashCut","floor":4},{"not_picked":["Heavy Blade","champ:SkillfulDodge"],"picked":"champ:CrookedStrike","floor":7},{"not_picked":["infinitespire:FutureSight","infinitespire:Oblivion"],"picked":"infinitespire:Starlight","floor":10},{"not_picked":["champ:Backstep","champ:DefensiveShout"],"picked":"champ:BringItOn","floor":11},{"not_picked":["champ:AdrenalArmor","champ:Circumvent"],"picked":"champ:FanOfKnives","floor":13}],"player_experience":1115974,"relics_obtained":[{"floor":7,"key":"Juzu Bracelet"},{"floor":9,"key":"MawBank"},{"floor":11,"key":"Potion Belt"}],"event_choices":[{"damage_healed":0,"gold_gain":75,"player_choice":"Touch","damage_taken":9,"max_hp_gain":0,"max_hp_loss":0,"event_name":"FaceTrader","floor":2,"gold_loss":0},{"damage_healed":0,"gold_gain":275,"player_choice":"Desecrate","damage_taken":0,"max_hp_gain":0,"max_hp_loss":0,"event_name":"Golden Shrine","floor":12,"gold_loss":0,"cards_obtained":["Regret"]}],"is_beta":false,"boss_relics":[],"items_purged_floors":[],"is_endless":false,"potions_floor_spawned":[1,4],"killed_by":"The Guardian","ascension_level":0}}