{"host":"0r455zfix56tawas","time":1614114212,"event":{"mods":["AlwaysNeverKeys","BaseMod","Colored Powertips","Downfall","Highlight Path","Minty Spire (QoL Compilation)","Permanent Neow","StSLib","The Necromancer","The Servant 0.9.4"],"gold_per_floor":[110,110,127,141,156,156,156,14,66,90,102,142,154,14,14,118,118,132,132,132,132,132,132,147,147,147,159,185,205,222,235,235,235,235],"floor_reached":33,"language":"ENG","playtime":1265,"items_purged":["Shame"],"score":272,"play_id":"67862051-28ee-4c42-82bb-198d993cd718","local_time":"20210223220332","is_ascension_mode":false,"campfire_choices":[{"data":"Blood_Shield","floor":6.0,"key":"SMITH"},{"data":"Summon_Undead_Army","floor":11.0,"key":"SMITH"},{"data":"Blood_Shield","floor":13.0,"key":"SMITH"},{"data":"Blood_for_Blood","floor":15.0,"key":"SMITH"},{"data":"Cloudkill","floor":23.0,"key":"SMITH"},{"data":"Blood_Is_Power","floor":25.0,"key":"SMITH"},{"data":"Shade_Step","floor":32,"key":"SMITH"}],"circlet_count":0,"master_deck":["Defend_W+1","Defend_W+1","Defend_W+1","Defend_W+1","Negative_Energy_Arrows","Bone_Wall","Shade_Step+1","Blood_Shield+1","Shade_Step","Stop_Heart","Summon_Undead_Army+1","Blood_Shield+1","Blood_for_Blood+1","Cloudkill+1","Bite","Bite","Bite","Bite","Blood_Is_Power+1","Shade_Step+1","Regret"],"relics":["Vampire_Amulet","Ice Cream","MawBank","Ancient Tea Set","Cursed Key","Boot"],"acts_visited":["Exordium","TheCity"],"potions_floor_usage":[31],"damage_taken":[{"damage":16.0,"enemies":"Jaw Worm","floor":1.0,"turns":4.0},{"damage":2.0,"enemies":"2 Louse","floor":3.0,"turns":3.0},{"damage":3.0,"enemies":"Cultist","floor":4.0,"turns":4.0},{"damage":10.0,"enemies":"Red Slaver","floor":5.0,"turns":6.0},{"damage":1.0,"enemies":"Blue Slaver","floor":10.0,"turns":5.0},{"damage":22.0,"enemies":"3 Sentries","floor":12.0,"turns":9.0},{"damage":17.0,"enemies":"Hexaghost","floor":16.0,"turns":9.0},{"damage":1.0,"enemies":"3 Byrds","floor":18.0,"turns":5.0},{"damage":17.0,"enemies":"2 Thieves","floor":24.0,"turns":4.0},{"damage":17,"enemies":"3 Cultists","floor":27,"turns":5},{"damage":3,"enemies":"Cultist and Chosen","floor":29,"turns":5},{"damage":14,"enemies":"Centurion and Healer","floor":30,"turns":5},{"damage":6,"enemies":"Chosen and Byrds","floor":31,"turns":4},{"damage":79,"enemies":"Collector","floor":33,"turns":7}],"seed_played":"-5002324988657821988","potions_obtained":[{"floor":1.0,"key":"LiquidBronze"},{"floor":3.0,"key":"bronze:BurnAndBuffPotion"},{"floor":12.0,"key":"PowerPotion"},{"floor":30,"key":"SkillPotion"}],"is_trial":false,"path_per_floor":["M","?","M","M","M","R","?","$","T","M","R","E","R","$","R","B",null,"M","?","?","?","?","R","M","R","T","M","T","M","M","M","R","B"],"character_chosen":"NECROMANCER","items_purchased":["Summon_Undead_Army","Blood_Shield","Blood_for_Blood"],"campfire_rested":0,"item_purchase_floors":[8,8,14],"current_hp_per_floor":[61,66,68,67,59,59,51,51,51,52,52,36,36,36,36,21,80,80,56,47,47,52,52,51,51,51,52,52,61,57,61,61,0,0],"gold":235,"neow_bonus":"ONE_RARE_RELIC","is_daily":false,"chose_seed":false,"campfire_upgraded":7,"win_rate":0.0,"timestamp":1614114212,"path_taken":["M","?","M","M","M","R","?","$","T","?","R","E","R","?","R","BOSS","M","?","?","?","?","R","M","R","T","?","?","M","M","M","R","BOSS"],"items_purchased_type":["Card","Card","Card"],"build_version":"2020-12-22","purchased_purges":1,"victory":false,"max_hp_per_floor":[75,80,80,80,80,80,80,80,80,80,80,80,80,80,80,80,80,80,56,61,61,61,61,61,61,61,61,61,61,61,61,61,61,61],"card_choices":[{"not_picked":["Blood_Whip","Whirlwind_of_Bones"],"picked":"Shade_Step","floor":1.0},{"not_picked":["Toxic_Smoke_Screen","Scare"],"picked":"Blood_Shield","floor":3.0},{"not_picked":["Negative_Energy_Sphere","Negative_Energy_Shield"],"picked":"Shade_Step","floor":4.0},{"not_picked":["Bone_Spikes","Chill_Blood"],"picked":"Stop_Heart","floor":5.0},{"not_picked":["Stop_Heart","Scare","Bone_Spikes"],"picked":"SKIP","floor":10.0},{"not_picked":["Chill_Blood","Blood_Wake","Toxic_Smoke_Screen"],"picked":"SKIP","floor":12.0},{"not_picked":["Negative_Energy_Bomb","Skeleton_Dragon"],"picked":"Cloudkill","floor":16.0},{"not_picked":["Shackles_Of_Pain","Toxic_Smoke_Screen","Flesh_Made_Foul"],"picked":"SKIP","floor":18.0},{"not_picked":["Bone_Spikes","Bone_Bullets+1"],"picked":"Blood_Is_Power","floor":24.0},{"not_picked":["Blood_for_Blood","Hellfire"],"picked":"Shade_Step+1","floor":27},{"not_picked":["Negative_Energy_Burst+1","Bones_to_Steel","Scare"],"picked":"SKIP","floor":29},{"not_picked":["Toxic_Smoke_Screen","Bone_Spikes","Shackles_Of_Pain"],"picked":"SKIP","floor":30},{"not_picked":["Finger_Of_Death+1","Bones_to_Steel+1","Spectral_Walk"],"picked":"SKIP","floor":31}],"player_experience":1025440,"relics_obtained":[{"floor":9.0,"key":"MawBank"},{"floor":12.0,"key":"Ancient Tea Set"},{"floor":28,"key":"Boot"}],"event_choices":[{"damage_healed":0.0,"max_hp_gain":5.0,"max_hp_loss":0.0,"gold_gain":0.0,"event_name":"Big Fish","player_choice":"Donut","floor":2.0,"gold_loss":0.0,"damage_taken":0.0},{"damage_healed":0.0,"max_hp_gain":0.0,"max_hp_loss":0.0,"gold_gain":0.0,"event_name":"Wheel of Change","player_choice":"Damaged","floor":7.0,"gold_loss":0.0,"damage_taken":8.0},{"damage_healed":0.0,"max_hp_gain":0.0,"max_hp_loss":24.0,"gold_gain":0.0,"event_name":"Vampires","player_choice":"Became a vampire","floor":19.0,"gold_loss":0.0,"damage_taken":0.0,"cards_obtained":["Bite","Bite","Bite","Bite","Bite"]},{"damage_healed":0.0,"max_hp_gain":5.0,"max_hp_loss":0.0,"gold_gain":0.0,"event_name":"Forgotten Altar","player_choice":"Shed Blood","floor":20.0,"gold_loss":0.0,"damage_taken":14.0},{"damage_healed":0.0,"max_hp_gain":0.0,"max_hp_loss":0.0,"gold_gain":0.0,"event_name":"Back to Basics","player_choice":"Simplicity","floor":21.0,"gold_loss":0.0,"damage_taken":0.0,"cards_upgraded":["Defend_W","Defend_W","Defend_W","Defend_W"]},{"cards_removed":["Bite"],"damage_healed":5.0,"max_hp_gain":0.0,"max_hp_loss":0.0,"gold_gain":0.0,"event_name":"Bonfire Elementals","player_choice":"Offered Special","floor":22.0,"gold_loss":0.0,"damage_taken":0.0}],"is_beta":false,"boss_relics":[{"not_picked":["bronze:MakeshiftBattery","Tiny House"],"picked":"Cursed Key"}],"items_purged_floors":[14],"is_endless":false,"potions_floor_spawned":[1,3,12,16,18,30],"killed_by":"Collector","ascension_level":0}}