{"host":"03jd0k347uuzjnun","time":1614088815,"event":{"mods":["BaseMod","Bestiary","Minty Spire (QoL Compilation)","Permanent Neow","Quick Restart","Random Character Button","Relic Stats"],"gold_per_floor":[116,128,141,117,134,134,154,181,181,213,213,213,254,273,273,362,362,362,362],"floor_reached":18,"language":"ENG","playtime":1189,"items_purged":[],"score":368,"play_id":"6d848637-88cb-42ad-a3bc-9b068a792e12","local_time":"20210223150015","is_ascension_mode":true,"campfire_choices":[{"data":"Reprogram","floor":6.0,"key":"SMITH"},{"floor":12,"key":"REST"},{"data":"Fusion","floor":15,"key":"SMITH"}],"circlet_count":0,"master_deck":["AscendersBane","Strike_B","Strike_B+1","Defend_B","Defend_B","Defend_B","Defend_B","Leap","Leap","Self Repair","Rip and Tear","Rebound","Reprogram+1","Beam Cell+1","Meteor Strike","Fusion+1","Reboot","Machine Learning","Seek","Blizzard+1","Loop+1","Genetic Algorithm+1"],"relics":["Cracked Core","Whetstone","MealTicket","Pen Nib","Golden Idol","Akabeko","Astrolabe"],"acts_visited":["Exordium","TheCity"],"potions_floor_usage":[10,16],"damage_taken":[{"damage":4.0,"enemies":"Small Slimes","floor":1.0,"turns":3.0},{"damage":5.0,"enemies":"2 Louse","floor":2.0,"turns":4.0},{"damage":0.0,"enemies":"Cultist","floor":3.0,"turns":3.0},{"damage":18.0,"enemies":"Exordium Thugs","floor":4.0,"turns":5.0},{"damage":10.0,"enemies":"Red Slaver","floor":5.0,"turns":5.0},{"damage":7.0,"enemies":"Large Slime","floor":7.0,"turns":6.0},{"damage":18.0,"enemies":"Lagavulin","floor":8.0,"turns":6.0},{"damage":37,"enemies":"3 Sentries","floor":10,"turns":14},{"damage":13,"enemies":"Lagavulin","floor":13,"turns":7},{"damage":0,"enemies":"3 Louse","floor":14,"turns":2},{"damage":16,"enemies":"Hexaghost","floor":16,"turns":8},{"damage":52,"enemies":"3 Byrds","floor":18,"turns":4}],"seed_played":"-8390223955207944072","potions_obtained":[{"floor":1.0,"key":"CultistPotion"},{"floor":3.0,"key":"Fruit Juice"},{"floor":7.0,"key":"Ancient Potion"},{"floor":13,"key":"PotionOfCapacity"},{"floor":14,"key":"AttackPotion"}],"is_trial":false,"path_per_floor":["M","M","M","M","M","R","M","E","T","E","?","R","E","M","R","B",null,"M"],"character_chosen":"DEFECT","items_purchased":[],"campfire_rested":1,"item_purchase_floors":[],"current_hp_per_floor":[60,62,64,53,50,50,55,44,44,14,14,32,26,26,26,17,52,0,0],"gold":362,"neow_bonus":"TRANSFORM_TWO_CARDS","is_daily":false,"chose_seed":false,"campfire_upgraded":2,"win_rate":0.0,"timestamp":1614088815,"path_taken":["M","M","M","M","M","R","M","E","T","E","?","R","E","M","R","BOSS","M"],"items_purchased_type":[],"build_version":"2020-12-22","purchased_purges":0,"victory":false,"max_hp_per_floor":[64,64,64,64,64,64,69,69,69,69,63,63,63,63,63,63,63,63,63],"relic_stats":{"counters":[12,67],"Golden Idol":30,"Astrolabe":["Blizzard","Loop","Genetic Algorithm"],"MealTicket":0,"Pen Nib":[2],"Whetstone":["Beam Cell","Strike_B"],"obtain_stats":[{"Golden Idol":11,"Astrolabe":17,"MealTicket":9,"Pen Nib":10,"Whetstone":8,"Cracked Core":0,"Akabeko":13},{"Golden Idol":8,"Astrolabe":11,"MealTicket":7,"Pen Nib":8,"Whetstone":7,"Cracked Core":0,"Akabeko":9},{"Golden Idol":46,"Astrolabe":63,"MealTicket":32,"Pen Nib":46,"Whetstone":32,"Cracked Core":0,"Akabeko":53}]},"card_choices":[{"not_picked":["Sweeping Beam","Hologram"],"picked":"Self Repair","floor":1.0},{"not_picked":["Sweeping Beam","Redo"],"picked":"Rip and Tear","floor":2.0},{"not_picked":["Tempest","Coolheaded"],"picked":"Rebound","floor":3.0},{"not_picked":["Leap","Hello World"],"picked":"Reprogram","floor":4.0},{"not_picked":["Barrage","Blizzard"],"picked":"Beam Cell","floor":5.0},{"not_picked":["Leap","Streamline"],"picked":"Meteor Strike","floor":7.0},{"not_picked":["Coolheaded","Hologram"],"picked":"Fusion","floor":8.0},{"not_picked":["Sweeping Beam","Beam Cell"],"picked":"Reboot","floor":10},{"not_picked":["Gash","Force Field"],"picked":"Machine Learning","floor":13},{"not_picked":["Streamline","Aggregate"],"picked":"Static Discharge","floor":14},{"not_picked":["Creative AI","Multi-Cast"],"picked":"Seek","floor":16}],"player_experience":1446975,"relics_obtained":[{"floor":8.0,"key":"Whetstone"},{"floor":9.0,"key":"MealTicket"},{"floor":10,"key":"Pen Nib"},{"floor":13,"key":"Akabeko"}],"event_choices":[{"damage_healed":0,"gold_gain":0,"player_choice":"Lose Max HP","damage_taken":0,"relics_obtained":["Golden Idol"],"max_hp_gain":0,"max_hp_loss":6,"event_name":"Golden Idol","floor":11,"gold_loss":0}],"is_beta":false,"boss_relics":[{"not_picked":["Nuclear Battery","Velvet Choker"],"picked":"Astrolabe"}],"items_purged_floors":[],"is_endless":false,"potions_floor_spawned":[1,3,7,13,14],"killed_by":"3 Byrds","ascension_level":20}}