{"host":"ztme5fio60r7om62","time":1614066348,"event":{"mods":["BaseMod","Colored Map","Highlight Path","Minty Spire (QoL Compilation)","Permanent Neow","everything is the same but u backflip on backflip"],"gold_per_floor":[116,127,127,8,8,40,40,58,58,58,9,24,56,67,67,171,171,191,191,204,61,76,109,109,34,34,34,34,52,116,135,135,135,135],"floor_reached":33,"language":"KOR","playtime":1044,"items_purged":["Strike_R"],"score":277,"play_id":"bb21ed49-567b-4ae7-ab86-5058021c8676","local_time":"20210223164548","is_ascension_mode":false,"campfire_choices":[{"floor":7,"key":"REST"},{"data":"Burning Pact","floor":10,"key":"SMITH"},{"data":"Inflame","floor":15,"key":"SMITH"},{"floor":24,"key":"REST"},{"data":"Doubt","floor":27,"key":"PURGE"},{"data":"Limit Break","floor":32,"key":"SMITH"}],"circlet_count":0,"master_deck":["Strike_R","Strike_R","Strike_R","Strike_R","Defend_R","Defend_R","Defend_R","Defend_R","Bash","Ghostly Armor","Thunderclap","Pummel","Flex","Bludgeon","Clash","Burning Pact+1","Fire Breathing","Iron Wave","Inflame+1","Limit Break+1","Sword Boomerang","Flex","Flex","Cleave+1","Warcry+1","Pummel"],"relics":["Burning Blood","Ancient Tea Set","Peace Pipe","Centennial Puzzle","Cursed Key","ClockworkSouvenir","Dead Branch","Red Skull","SsserpentHead"],"acts_visited":["Exordium","TheCity"],"potions_floor_usage":[6,16,22,23,29],"damage_taken":[{"damage":6,"enemies":"Jaw Worm","floor":1,"turns":4},{"damage":5,"enemies":"Small Slimes","floor":2,"turns":4},{"damage":32,"enemies":"Lagavulin","floor":6,"turns":6},{"damage":0,"enemies":"Cultist","floor":8,"turns":2},{"damage":6,"enemies":"Lots of Slimes","floor":12,"turns":5},{"damage":17,"enemies":"3 Sentries","floor":13,"turns":7},{"damage":0,"enemies":"Looter","floor":14,"turns":2},{"damage":47,"enemies":"Hexaghost","floor":16,"turns":5},{"damage":20,"enemies":"Spheric Guardian","floor":18,"turns":5},{"damage":5,"enemies":"3 Byrds","floor":20,"turns":6},{"damage":21,"enemies":"Snake Plant","floor":22,"turns":3},{"damage":48,"enemies":"Book of Stabbing","floor":23,"turns":5},{"damage":0,"enemies":"Chosen and Byrds","floor":29,"turns":2},{"damage":13,"enemies":"3 Cultists","floor":30,"turns":3},{"damage":15,"enemies":"Centurion and Healer","floor":31,"turns":2},{"damage":0,"enemies":"Automaton","floor":33,"turns":2}],"seed_played":"-8315216733718701941","potions_obtained":[{"floor":1,"key":"CultistPotion"},{"floor":2,"key":"FairyPotion"},{"floor":6,"key":"DuplicationPotion"},{"floor":14,"key":"BloodPotion"},{"floor":20,"key":"SkillPotion"},{"floor":22,"key":"Fruit Juice"},{"floor":23,"key":"Swift Potion"},{"floor":30,"key":"EssenceOfSteel"}],"is_trial":false,"path_per_floor":["M","M","?","$","?","E","R","M","T","R","$","M","E","M","R","B",null,"M","?","M","$","M","E","R","$","T","R","?","M","M","M","R","B"],"character_chosen":"IRONCLAD","items_purchased":["Flex","Bludgeon","Energy Potion","ClockworkSouvenir"],"campfire_rested":2,"item_purchase_floors":[4,4,11,21],"current_hp_per_floor":[80,80,85,85,67,41,66,72,72,72,72,72,61,67,67,26,85,71,71,72,72,62,38,65,65,65,65,65,71,64,55,55,55,55],"gold":135,"neow_bonus":"THREE_CARDS","is_daily":false,"chose_seed":false,"campfire_upgraded":3,"win_rate":0.0,"timestamp":1614066348,"path_taken":["M","M","?","$","?","E","R","M","T","R","$","M","E","M","R","BOSS","M","?","M","$","M","E","R","?","T","R","?","M","?","M","R","BOSS"],"items_purchased_type":["Card","Card","Potion","Relic"],"build_version":"2020-12-22","purchased_purges":1,"victory":false,"max_hp_per_floor":[80,80,85,85,85,85,85,85,85,85,85,85,85,85,85,85,85,85,85,85,85,90,90,90,90,90,90,90,90,90,90,90,90,90],"card_choices":[{"not_picked":["Headbutt","Pummel"],"picked":"Ghostly Armor","floor":0},{"not_picked":["Dual Wield","Sword Boomerang"],"picked":"Thunderclap","floor":1},{"not_picked":["Iron Wave","Sword Boomerang"],"picked":"Pummel","floor":2},{"not_picked":["True Grit","Anger"],"picked":"Clash","floor":6},{"not_picked":["True Grit","Thunderclap"],"picked":"Burning Pact","floor":8},{"not_picked":["Feel No Pain","Entrench"],"picked":"Fire Breathing","floor":12},{"not_picked":["Second Wind","Sever Soul"],"picked":"Iron Wave","floor":13},{"not_picked":["Pommel Strike","Ghostly Armor"],"picked":"Inflame","floor":14},{"not_picked":["Barricade","Demon Form"],"picked":"Limit Break","floor":16},{"not_picked":["Armaments","Iron Wave+1"],"picked":"Sword Boomerang","floor":18},{"not_picked":["Evolve","Twin Strike"],"picked":"Flex","floor":20},{"not_picked":["Clash","Havoc"],"picked":"Cleave+1","floor":22},{"not_picked":["Dual Wield","Sword Boomerang"],"picked":"Warcry+1","floor":23},{"not_picked":["Dropkick","Headbutt"],"picked":"Pummel","floor":29},{"not_picked":["Dual Wield","Perfected Strike","Sword Boomerang"],"picked":"SKIP","floor":30},{"not_picked":["Clothesline","Barricade","Pommel Strike"],"picked":"SKIP","floor":31}],"player_experience":610386,"relics_obtained":[{"floor":6,"key":"Peace Pipe"},{"floor":13,"key":"Centennial Puzzle"},{"floor":23,"key":"Dead Branch"},{"floor":26,"key":"Red Skull"}],"event_choices":[{"damage_healed":0,"gold_gain":0,"player_choice":"Donut","damage_taken":0,"max_hp_gain":5,"max_hp_loss":0,"event_name":"Big Fish","floor":3,"gold_loss":0},{"damage_healed":0,"gold_gain":0,"player_choice":"Success","damage_taken":18,"relics_obtained":["Ancient Tea Set"],"max_hp_gain":0,"max_hp_loss":0,"event_name":"Scrap Ooze","floor":5,"gold_loss":0},{"damage_healed":0,"gold_gain":0,"player_choice":"Read","damage_taken":0,"max_hp_gain":0,"max_hp_loss":0,"event_name":"The Library","floor":19,"gold_loss":0,"cards_obtained":["Flex"]},{"damage_healed":0,"gold_gain":0,"player_choice":"Trade","damage_taken":0,"relics_obtained":["SsserpentHead"],"max_hp_gain":0,"max_hp_loss":0,"event_name":"FaceTrader","floor":28,"gold_loss":0}],"is_beta":false,"boss_relics":[{"not_picked":["Runic Pyramid","Black Star"],"picked":"Cursed Key"}],"items_purged_floors":[25],"is_endless":false,"potions_floor_spawned":[1,2,6,14,20,22,23,30],"killed_by":"Automaton","ascension_level":0}}