{"host":"kh6fvhxn285ncg0o","time":1614123001,"event":{"mods":["Act Like it!","BaseMod","Colored Map","Friendly Minions","Keyboard Shortcuts","Minty Spire (QoL Compilation)","Quick Restart","Relic Stats","StSLib","SuperFastMode","UnlockEverythingMod"],"gold_per_floor":[367,383,383,396,182,207,223,223,247,276,312,51,51,76,76,167,167,186,195,195,209,6,50,50,85,110,157,157,7,47,60,60,159,159,186,186,206,226,169,169,207,226,235,273,273,295,333,351,351,351,351,351,351,40,75,75],"floor_reached":57,"language":"KOR","playtime":1789,"items_purged":["Strike_R","Strike_R","Strike_R","Strike_R"],"score":3760,"play_id":"834035c5-3f3b-49a7-a24c-2fc6f6c44894","local_time":"20210224083001","is_ascension_mode":true,"campfire_choices":[{"data":"Fire Breathing","floor":8.0,"key":"SMITH"},{"data":"Body Slam","floor":15.0,"key":"SMITH"},{"data":"Power Through","floor":24.0,"key":"SMITH"},{"data":"Second Wind","floor":28.0,"key":"SMITH"},{"data":"Dark Embrace","floor":32.0,"key":"SMITH"},{"data":"Feed","floor":40.0,"key":"SMITH"},{"data":"Shrug It Off","floor":45.0,"key":"SMITH"},{"floor":49.0,"key":"RECALL"},{"data":"Berserk","floor":53.0,"key":"SMITH"}],"circlet_count":0,"master_deck":["AscendersBane","Defend_R","Defend_R","Defend_R","Defend_R","Shrug It Off+1","Second Wind+1","Fire Breathing+1","Battle Trance","Power Through+1","Body Slam+1","Disarm","Dark Embrace+1","Berserk+1","Feed+1","Burning Pact","Clothesline","Whirlwind","Regret","Warcry+1","Finesse"],"relics":["Burning Blood","Anchor","CeramicFish","Happy Flower","Bag of Preparation","Golden Idol","Runic Pyramid","Tiny Chest","Meat on the Bone","Bronze Scales","Orichalcum","Akabeko","Cursed Key","Ancient Tea Set","Question Card","Prayer Wheel","Oddly Smooth Stone","ClockworkSouvenir","Red Skull"],"acts_visited":["Exordium","TheCity","TheBeyond","TheEnding"],"potions_floor_usage":[56],"damage_taken":[{"damage":16.0,"enemies":"Jaw Worm","floor":1.0,"turns":5.0},{"damage":6.0,"enemies":"Cultist","floor":2.0,"turns":4.0},{"damage":8.0,"enemies":"Small Slimes","floor":4.0,"turns":3.0},{"damage":25.0,"enemies":"Gremlin Nob","floor":6.0,"turns":4.0},{"damage":1.0,"enemies":"Looter","floor":7.0,"turns":3.0},{"damage":8.0,"enemies":"Blue Slaver","floor":10.0,"turns":4.0},{"damage":25.0,"enemies":"Lagavulin","floor":11.0,"turns":8.0},{"damage":0.0,"enemies":"Exordium Thugs","floor":14.0,"turns":4.0},{"damage":0.0,"enemies":"Slime Boss","floor":16.0,"turns":5.0},{"damage":0.0,"enemies":"Spheric Guardian","floor":18.0,"turns":3.0},{"damage":0.0,"enemies":"3 Byrds","floor":21.0,"turns":4.0},{"damage":0.0,"enemies":"Slavers","floor":23.0,"turns":3.0},{"damage":0.0,"enemies":"Book of Stabbing","floor":25.0,"turns":4.0},{"damage":0.0,"enemies":"Gremlin Leader","floor":27.0,"turns":6.0},{"damage":1.0,"enemies":"Slavers","floor":30.0,"turns":4.0},{"damage":0.0,"enemies":"3 Cultists","floor":31.0,"turns":5.0},{"damage":0.0,"enemies":"Automaton","floor":33.0,"turns":6.0},{"damage":0.0,"enemies":"Orb Walker","floor":35.0,"turns":3.0},{"damage":0.0,"enemies":"3 Darklings","floor":37.0,"turns":3.0},{"damage":0.0,"enemies":"Spire Growth","floor":38.0,"turns":4.0},{"damage":0.0,"enemies":"Giant Head","floor":41.0,"turns":4.0},{"damage":0.0,"enemies":"Transient","floor":42.0,"turns":6.0},{"damage":0.0,"enemies":"Nemesis","floor":44.0,"turns":5.0},{"damage":0.0,"enemies":"Sphere and 2 Shapes","floor":46.0,"turns":1.0},{"damage":0.0,"enemies":"Giant Head","floor":47.0,"turns":4.0},{"damage":0.0,"enemies":"4 Shapes","floor":48.0,"turns":2.0},{"damage":9.0,"enemies":"Awakened One","floor":50.0,"turns":7.0},{"damage":0.0,"enemies":"Time Eater","floor":51.0,"turns":7.0},{"damage":0.0,"enemies":"Shield and Spear","floor":55.0,"turns":5.0},{"damage":0,"enemies":"The Heart","floor":56,"turns":7}],"seed_played":"-1690377042447386695","potions_obtained":[{"floor":4.0,"key":"LiquidBronze"},{"floor":6.0,"key":"Energy Potion"},{"floor":21.0,"key":"Regen Potion"},{"floor":30.0,"key":"BlessingOfTheForge"},{"floor":31.0,"key":"Ancient Potion"},{"floor":35.0,"key":"Explosive Potion"},{"floor":37.0,"key":"Dexterity Potion"}],"is_trial":false,"path_per_floor":["M","M","?","M","$","E","M","R","T","M","E","$","?","M","R","B",null,"M","?","?","M","$","E","R","E","T","E","R","$","E","M","R","B",null,"M","?","M","M","?","R","E","M","T","E","R","M","E","M","R","B","B",null,"R","$","E","B",null],"character_chosen":"IRONCLAD","items_purchased":["Fire Breathing","AttackPotion","Bag of Preparation","Dark Embrace","ClockworkSouvenir","Finesse","ColorlessPotion"],"campfire_rested":0,"item_purchase_floors":[5,5,12,22,54,54,54],"current_hp_per_floor":[58,58,58,56,56,37,42,42,42,40,21,21,21,27,27,33,55,61,61,61,62,62,62,62,62,62,62,62,62,62,62,62,62,62,66,66,69,72,72,72,76,76,76,80,80,80,84,88,88,89,92,92,92,92,96,96],"gold":75,"neow_bonus":"TWO_FIFTY_GOLD","is_daily":false,"chose_seed":false,"campfire_upgraded":8,"win_rate":0.0,"timestamp":1614123001,"path_taken":["M","M","?","M","?","E","?","R","T","M","E","$","?","M","R","BOSS","M","?","?","M","?","E","R","E","T","E","R","$","E","M","R","BOSS","M","?","?","M","?","R","E","M","T","E","R","M","E","M","R","BOSS","BOSS","R","$","E","BOSS"],"items_purchased_type":["Card","Potion","Relic","Card","Relic","Card","Potion"],"build_version":"2020-12-22","purchased_purges":4,"victory":true,"max_hp_per_floor":[68,68,68,68,68,68,68,68,68,68,68,68,62,62,62,62,62,62,62,62,62,62,62,62,62,62,62,62,62,62,62,62,62,62,66,66,69,72,72,72,76,76,76,80,80,80,84,88,88,92,92,92,92,92,96,96],"relic_stats":{"Happy Flower":[34],"counters":[30,133],"Golden Idol":195,"CeramicFish":108,"Bag of Preparation":[46],"Orichalcum":[6],"Cursed Key":1,"Question Card":8,"Burning Blood":71,"Bronze Scales":[294],"Tiny Chest":0,"Prayer Wheel":2,"obtain_stats":[{"Happy Flower":11,"Golden Idol":13,"CeramicFish":9,"Oddly Smooth Stone":47,"Bag of Preparation":12,"Orichalcum":27,"Cursed Key":34,"Ancient Tea Set":36,"Question Card":41,"Burning Blood":0,"Akabeko":30,"ClockworkSouvenir":54,"Anchor":6,"Bronze Scales":26,"Tiny Chest":23,"Prayer Wheel":44,"Red Skull":55,"Runic Pyramid":17,"Meat on the Bone":25},{"Happy Flower":7,"Golden Idol":7,"CeramicFish":5,"Oddly Smooth Stone":25,"Bag of Preparation":7,"Orichalcum":14,"Cursed Key":17,"Ancient Tea Set":18,"Question Card":21,"Burning Blood":0,"Akabeko":15,"ClockworkSouvenir":28,"Anchor":4,"Bronze Scales":13,"Tiny Chest":12,"Prayer Wheel":23,"Red Skull":29,"Runic Pyramid":9,"Meat on the Bone":13},{"Happy Flower":31,"Golden Idol":31,"CeramicFish":19,"Oddly Smooth Stone":105,"Bag of Preparation":31,"Orichalcum":60,"Cursed Key":75,"Ancient Tea Set":78,"Question Card":89,"Burning Blood":0,"Akabeko":64,"ClockworkSouvenir":121,"Anchor":16,"Bronze Scales":54,"Tiny Chest":50,"Prayer Wheel":100,"Red Skull":126,"Runic Pyramid":40,"Meat on the Bone":54}],"Meat on the Bone":0},"card_choices":[{"not_picked":["Heavy Blade","Havoc"],"picked":"Shrug It Off","floor":1.0},{"not_picked":["Twin Strike","Cleave"],"picked":"Second Wind","floor":2.0},{"not_picked":["Flex","Armaments","Flame Barrier"],"picked":"SKIP","floor":6.0},{"not_picked":["Corruption","Iron Wave"],"picked":"Battle Trance","floor":7.0},{"not_picked":["Perfected Strike","Wild Strike"],"picked":"Power Through","floor":10.0},{"not_picked":["Metallicize","Havoc"],"picked":"Body Slam","floor":11.0},{"not_picked":["Iron Wave","Heavy Blade","Anger"],"picked":"SKIP","floor":14.0},{"not_picked":["Shrug It Off","Twin Strike","Bloodletting"],"picked":"SKIP","floor":18.0},{"not_picked":["Warcry","Thunderclap","Anger"],"picked":"SKIP","floor":21.0},{"not_picked":["Thunderclap","Cleave","Dual Wield"],"picked":"SKIP","floor":23.0},{"not_picked":["Hemokinesis","Rampage","Dark Embrace"],"picked":"SKIP","floor":25.0},{"not_picked":["Berserk","Combust","Flame Barrier"],"picked":"SKIP","floor":27.0},{"not_picked":["Combust","Flame Barrier"],"picked":"Berserk","floor":27.0},{"not_picked":["Shockwave","Metallicize","Cleave+1"],"picked":"SKIP","floor":30.0},{"not_picked":["Fire Breathing","Perfected Strike+1","Dark Embrace"],"picked":"SKIP","floor":31.0},{"not_picked":["Brutality","Limit Break"],"picked":"Feed","floor":33.0},{"not_picked":["Whirlwind","Body Slam"],"picked":"Burning Pact","floor":35.0},{"not_picked":["Clothesline+1","Battle Trance+1","Iron Wave"],"picked":"SKIP","floor":37.0},{"not_picked":["Twin Strike+1","Havoc","Armaments"],"picked":"SKIP","floor":38.0},{"not_picked":["Body Slam","Anger+1","Shockwave"],"picked":"SKIP","floor":41.0},{"not_picked":["Body Slam","Anger+1","Shockwave"],"picked":"SKIP","floor":41.0},{"not_picked":["Twin Strike","Anger","Wild Strike","Warcry"],"picked":"SKIP","floor":42.0},{"not_picked":["Pommel Strike","Heavy Blade+1","Flex","Fire Breathing"],"picked":"SKIP","floor":44.0},{"not_picked":["Pommel Strike","Heavy Blade+1","Flex","Fire Breathing"],"picked":"SKIP","floor":44.0},{"not_picked":["Pommel Strike","Heavy Blade+1","Flex","Fire Breathing"],"picked":"SKIP","floor":44.0},{"not_picked":["Rage","Armaments","Intimidate"],"picked":"Warcry+1","floor":46.0},{"not_picked":["Clothesline","Pommel Strike","Cleave+1","Exhume"],"picked":"SKIP","floor":46.0},{"not_picked":["Spot Weakness","Flame Barrier","Blood for Blood","Dual Wield"],"picked":"SKIP","floor":47.0},{"not_picked":["Clash","Thunderclap","Sword Boomerang","Wild Strike"],"picked":"SKIP","floor":48.0},{"not_picked":["Metallicize+1","Clothesline+1","Pommel Strike+1","Dual Wield+1"],"picked":"SKIP","floor":48.0},{"not_picked":["Perfected Strike","Shrug It Off","Headbutt","Dark Embrace"],"picked":"SKIP","floor":55.0}],"player_experience":1498137,"relics_obtained":[{"floor":6.0,"key":"Anchor"},{"floor":9.0,"key":"CeramicFish"},{"floor":11.0,"key":"Happy Flower"},{"floor":23.0,"key":"Tiny Chest"},{"floor":25.0,"key":"Meat on the Bone"},{"floor":26.0,"key":"Bronze Scales"},{"floor":27.0,"key":"Orichalcum"},{"floor":30.0,"key":"Akabeko"},{"floor":36.0,"key":"Ancient Tea Set"},{"floor":41.0,"key":"Question Card"},{"floor":44.0,"key":"Prayer Wheel"},{"floor":47.0,"key":"Oddly Smooth Stone"},{"floor":55.0,"key":"Red Skull"}],"event_choices":[{"damage_healed":0.0,"max_hp_gain":0.0,"max_hp_loss":0.0,"gold_gain":0.0,"event_name":"Upgrade Shrine","player_choice":"Upgraded","floor":3.0,"gold_loss":0.0,"damage_taken":0.0,"cards_upgraded":["Bash"]},{"damage_healed":0.0,"max_hp_gain":0.0,"max_hp_loss":6.0,"gold_gain":0.0,"event_name":"Golden Idol","player_choice":"Lose Max HP","floor":13.0,"gold_loss":0.0,"damage_taken":0.0,"relics_obtained":["Golden Idol"]},{"damage_healed":0.0,"max_hp_gain":0.0,"max_hp_loss":0.0,"gold_gain":0.0,"event_name":"The Library","player_choice":"Read","floor":19.0,"gold_loss":0.0,"damage_taken":0.0,"cards_obtained":["Disarm"]},{"damage_healed":0.0,"max_hp_gain":0.0,"max_hp_loss":0.0,"gold_gain":0.0,"event_name":"Ghosts","player_choice":"Ignored","floor":20.0,"gold_loss":0.0,"damage_taken":0.0},{"damage_healed":0.0,"max_hp_gain":0.0,"max_hp_loss":0.0,"gold_gain":0.0,"event_name":"Wheel of Change","player_choice":"Relic","floor":36.0,"gold_loss":0.0,"damage_taken":0.0},{"damage_healed":0.0,"max_hp_gain":0.0,"max_hp_loss":0.0,"gold_gain":0.0,"cards_transformed":["Strike_R","Bash"],"event_name":"Designer","player_choice":"Transformed Cards","floor":39.0,"gold_loss":75.0,"damage_taken":0.0,"cards_obtained":["Clothesline","Whirlwind"]}],"is_beta":false,"boss_relics":[{"not_picked":["Black Blood","Runic Cube"],"picked":"Runic Pyramid"},{"not_picked":["Fusion Hammer","Pandora\u0027s Box"],"picked":"Cursed Key"}],"items_purged_floors":[5,12,22,29],"is_endless":false,"potions_floor_spawned":[4,6,16,18,21,30,31,35,37,44],"ascension_level":20}}