{"host":"y2nx07t75db4hs5p","time":1614097324,"event":{"mods":["Act Like it!","BaseMod","Gensokyo","Lobotomy","LobotomyExtend","Minty Spire (QoL Compilation)","StSLib"],"gold_per_floor":[119,119,119,134,149,149,167,207,246,271,314,377,389,425,437,580,592,604,634,660,672,573,573,609,609,609,609,628,644,644,669,669,799,799,817,880,899,456,470,470,470,470,470,470,485,503,519,519,519,519],"floor_reached":51,"language":"ZHS","playtime":2270,"items_purged":["WhiteNight"],"score":604,"play_id":"acea9573-f624-444f-a11a-08357f738d2f","local_time":"20210224002204","is_ascension_mode":false,"campfire_choices":[],"circlet_count":0,"master_deck":["SpecialBullet","SpecialBullet","SpecialBullet","SpecialBullet","SpecialBullet","SpecialBullet","SpecialBullet","SpecialBullet","SecurityCode","DisciplinaryCode","InformationCode","FourthMatchFlame+1","Ecstasy","CENSORED_ego","BlackSwan_ego","CentralCode","PunishingBird","Mimicry","Diffraction","Ghostly","Ghostly","Ghostly","Ghostly","Ghostly","Moonlight+1","Ecstasy","RecordCode","BlackSwan_ego","BloodyDesire","ParadiseLost","RitualDagger","WelfareCode","GoldRush","WristCuter","WristCuter","GreenStem","Diffraction","BigBird"],"relics":["CogitoBucket","LetterFromLob","Golden Idol","Centennial Puzzle","MawBank","AspirationHeart","InkBottle","Happy Flower","Cursed Key","FleshIdol","Whetstone","SlaversCollar","AtMidnight","ResearcherNote","StoneCalendar","Bottled Tornado"],"acts_visited":["Exordium","TheCity","TheBeyond"],"potions_floor_usage":[50],"damage_taken":[{"damage":10.0,"enemies":"Small Slimes","floor":1.0,"turns":2.0},{"damage":10.0,"enemies":"2 Louse","floor":4.0,"turns":2.0},{"damage":0.0,"enemies":"Cultist","floor":5.0,"turns":2.0},{"damage":10.0,"enemies":"Looter","floor":7.0,"turns":2.0},{"damage":18.0,"enemies":"3 Sentries","floor":8.0,"turns":4.0},{"damage":15.0,"enemies":"Exordium Thugs","floor":10.0,"turns":3.0},{"damage":11.0,"enemies":"Lagavulin","floor":11.0,"turns":4.0},{"damage":3.0,"enemies":"Lots of Slimes","floor":14.0,"turns":2.0},{"damage":35.0,"enemies":"Slime Boss","floor":16.0,"turns":9.0},{"damage":50.0,"enemies":"Shell Parasite","floor":19.0,"turns":4.0},{"damage":31.0,"enemies":"Spheric Guardian","floor":20.0,"turns":6.0},{"damage":14.0,"enemies":"Gremlin Leader","floor":24.0,"turns":6.0},{"damage":13.0,"enemies":"Centurion and Healer","floor":28.0,"turns":8.0},{"damage":8.0,"enemies":"Sentry and Sphere","floor":29.0,"turns":6.0},{"damage":27.0,"enemies":"Shelled Parasite and Fungi","floor":31.0,"turns":5.0},{"damage":8.0,"enemies":"Automaton","floor":33.0,"turns":10.0},{"damage":30.0,"enemies":"3 Shapes","floor":35.0,"turns":18.0},{"damage":10.0,"enemies":"Mind Bloom Boss Battle","floor":36.0,"turns":5.0},{"damage":18.0,"enemies":"Orb Walker","floor":37.0,"turns":4.0},{"damage":5.0,"enemies":"3 Darklings","floor":39.0,"turns":3.0},{"damage":13,"enemies":"Transient","floor":45,"turns":5},{"damage":5,"enemies":"Maw","floor":46,"turns":7},{"damage":8,"enemies":"Spire Growth","floor":47,"turns":5},{"damage":31,"enemies":"Time Eater","floor":50,"turns":6},{"damage":16,"enemies":"Malkuth","floor":51,"turns":10},{"damage":7,"enemies":"Netzach","floor":51,"turns":10},{"damage":6,"enemies":"Chesed","floor":51,"turns":9}],"seed_played":"4834310846109686018","potions_obtained":[{"floor":1.0,"key":"EssenceOfSteel"},{"floor":5.0,"key":"SkillPotion"},{"floor":10.0,"key":"Swift Potion"},{"floor":14.0,"key":"CultistPotion"},{"floor":28.0,"key":"LiquidBronze"},{"floor":31.0,"key":"PowerPotion"},{"floor":33.0,"key":"SpeedPotion"}],"is_trial":false,"path_per_floor":["M","?","?","M","M","R","M","E","T","M","E","T","R","M","R","B",null,"M","M","M","?","$","R","E","R","T","?","M","M","?","M","R","B",null,"M","?","M","$","M","R","?","R","T","R","M","M","M","T","R","B",null],"character_chosen":"Angela","items_purchased":["Moonlight","Ecstasy","GreenStem","Diffraction","Bottled Tornado"],"campfire_rested":0,"item_purchase_floors":[22,22,38,38,38],"current_hp_per_floor":[68,65,65,63,65,65,65,61,61,75,75,75,75,75,75,74,75,75,39,40,37,37,37,37,37,37,37,37,37,31,30,30,37,37,37,37,35,35,37,37,37,37,37,37,37,37,37,37,37,22],"gold":519,"neow_bonus":"THREE_CARDS","is_daily":false,"chose_seed":false,"campfire_upgraded":0,"win_rate":0.0,"timestamp":1614097324,"path_taken":["M","?","?","?","M","R","M","E","T","M","E","?","R","M","R","BOSS","M","?","M","?","$","R","E","R","T","?","M","M","?","M","R","BOSS","M","?","M","$","M","R","?","R","T","R","M","M","M","?","R","BOSS"],"items_purchased_type":["Card","Card","Card","Card","Relic"],"build_version":"2020-12-22","purchased_purges":1,"victory":true,"max_hp_per_floor":[70,65,65,65,65,65,65,65,65,75,75,75,75,75,75,75,75,75,75,75,37,37,37,37,37,37,37,37,37,37,37,37,37,37,37,37,37,37,37,37,37,37,37,37,37,37,37,37,37,37],"card_choices":[{"not_picked":["Soda","ShedSkin"],"picked":"FourthMatchFlame","floor":0.0},{"not_picked":["TodaysExpression"],"picked":"Ecstasy","floor":1.0},{"not_picked":["Noise","Beak"],"picked":"SKIP","floor":4.0},{"not_picked":["MeatLantern","CherryBlossoms"],"picked":"QueenOfHatred","floor":5.0},{"not_picked":["RedEyes"],"picked":"CENSORED_ego","floor":5.0},{"not_picked":["Soda"],"picked":"BlackSwan_ego","floor":7.0},{"not_picked":["Penitence","Lantern"],"picked":"SKIP","floor":8.0},{"not_picked":["SomewhereSpear","InTheNameOfLoveAndHate"],"picked":"SKIP","floor":10.0},{"not_picked":["Soda","SomewhereSpear"],"picked":"SKIP","floor":11.0},{"not_picked":["Noise","Tough"],"picked":"SKIP","floor":14.0},{"not_picked":["Laetitia","CherryBlossoms"],"picked":"PunishingBird","floor":16.0},{"not_picked":["Pinks"],"picked":"Mimicry","floor":16.0},{"not_picked":["Soda","RapturousDream"],"picked":"SKIP","floor":19.0},{"not_picked":["FourthMatchFlame+1"],"picked":"Diffraction","floor":20.0},{"not_picked":["SomewhereSpear+1"],"picked":"BlackSwan_ego","floor":24.0},{"not_picked":["SomewhereSpear"],"picked":"BloodyDesire","floor":28.0},{"not_picked":["FourthMatchFlame"],"picked":"ParadiseLost","floor":29.0},{"not_picked":["Penitence","Tough"],"picked":"SKIP","floor":31.0},{"not_picked":["ParadiseLost"],"picked":"GoldRush","floor":33.0},{"not_picked":["BigBird","CENSORED"],"picked":"Mercenary","floor":35.0},{"not_picked":["RapturousDream","CrimsonScar+1"],"picked":"SKIP","floor":35.0},{"not_picked":["Loneliness+1"],"picked":"WristCuter","floor":36.0},{"not_picked":["Laetitia","Woodsman"],"picked":"WhiteNight","floor":37.0},{"not_picked":["Regret_ego"],"picked":"WristCuter","floor":37.0},{"not_picked":["GalaxyChild","SingingMachine"],"picked":"BigBird","floor":39.0},{"not_picked":["SolemnVow","Reverberation"],"picked":"SKIP","floor":39.0},{"not_picked":["SolemnVow","Reverberation"],"picked":"SKIP","floor":39.0},{"not_picked":["Regret_ego+1","ScreamingWedge"],"picked":"SKIP","floor":45},{"not_picked":["Spore","Hypocrisy"],"picked":"SKIP","floor":46},{"not_picked":["Noise+1","ScreamingWedge"],"picked":"SKIP","floor":47}],"player_experience":321134,"relics_obtained":[{"floor":1.0,"key":"LetterFromLob"},{"floor":8.0,"key":"MawBank"},{"floor":11.0,"key":"InkBottle"},{"floor":12.0,"key":"Happy Flower"},{"floor":24.0,"key":"Whetstone"},{"floor":35.0,"key":"AtMidnight"},{"floor":36.0,"key":"StoneCalendar"}],"event_choices":[{"damage_healed":0.0,"max_hp_gain":0.0,"max_hp_loss":5.0,"gold_gain":0.0,"event_name":"Golden Idol","player_choice":"Lose Max HP","floor":2.0,"gold_loss":0.0,"damage_taken":0.0,"relics_obtained":["Golden Idol"]},{"damage_healed":0.0,"max_hp_gain":0.0,"max_hp_loss":0.0,"gold_gain":0.0,"event_name":"WeMeetAgain","player_choice":"Gave Potion","floor":3.0,"gold_loss":0.0,"damage_taken":0.0,"relics_obtained":["Centennial Puzzle"]},{"damage_healed":0.0,"max_hp_gain":0.0,"max_hp_loss":38.0,"gold_gain":0.0,"event_name":"Ghosts","player_choice":"Became a Ghost","floor":21.0,"gold_loss":0.0,"damage_taken":0.0,"cards_obtained":["Ghostly","Ghostly","Ghostly","Ghostly","Ghostly"]},{"damage_healed":0.0,"max_hp_gain":0.0,"max_hp_loss":0.0,"gold_gain":0.0,"event_name":"Beggar","player_choice":"Ignored","floor":27.0,"gold_loss":0.0,"damage_taken":0.0},{"damage_healed":0.0,"max_hp_gain":0.0,"max_hp_loss":0.0,"gold_gain":0.0,"event_name":"Nest","player_choice":"Joined the Cult","floor":30.0,"gold_loss":0.0,"damage_taken":6.0,"cards_obtained":["RitualDagger"]},{"damage_healed":0.0,"max_hp_gain":0.0,"max_hp_loss":0.0,"gold_gain":0.0,"event_name":"MindBloom","player_choice":"Fight","floor":36.0,"gold_loss":0.0,"damage_taken":0.0},{"damage_healed":0.0,"max_hp_gain":0.0,"max_hp_loss":0.0,"gold_gain":0.0,"event_name":"Tomb of Lord Red Mask","player_choice":"Ignored","floor":41.0,"gold_loss":0.0,"damage_taken":0.0}],"is_beta":false,"boss_relics":[{"not_picked":["Snecko Eye","Sozu"],"picked":"Cursed Key"},{"not_picked":["Velvet Choker","SacredBark"],"picked":"SlaversCollar"}],"items_purged_floors":[38],"is_endless":false,"potions_floor_spawned":[1,5,10,14,16,19,28,31,33,36,37,45,46],"ascension_level":0}}