{"host":"4ge9z8h6k0ioij78","time":1614092974,"event":{"mods":["AchievementEnabler","BaseMod","Colored Map","Colored Powertips","Custom Start","DeckTracker","Faster Ascension Climbing","Filter the Spire","Minty Spire (QoL Compilation)","SuperFastMode"],"gold_per_floor":[115,135,147,222,239,268,268,296,296,325,325,341,354,372,372,469,469,487,487,367,380,380,380,414,424,424,276,286,315,315,348,348,444,444,457,457,457,457,42,42,70,70,70,70,84,97,109,109,109,109],"floor_reached":51,"language":"KOR","playtime":3163,"items_purged":["Defend_R","Bash","Clash+1"],"score":943,"play_id":"efb61c9f-aad1-4d54-be4e-d698a3228d8f","local_time":"20210224000934","is_ascension_mode":true,"campfire_choices":[{"data":"Perfected Strike","floor":7.0,"key":"SMITH"},{"data":"Pommel Strike","floor":15.0,"key":"SMITH"},{"data":"Ghostly","floor":23.0,"key":"SMITH"},{"data":"Armaments","floor":30.0,"key":"SMITH"},{"data":"True Grit","floor":32.0,"key":"SMITH"},{"data":"Ghostly","floor":40.0,"key":"SMITH"},{"data":"Ghostly","floor":44.0,"key":"SMITH"},{"data":"Ghostly","floor":49.0,"key":"SMITH"}],"circlet_count":0,"master_deck":["Strike_R","Strike_R","Strike_R","Strike_R","Strike_R","Defend_R","Defend_R","Pommel Strike+1","Perfected Strike+1","Thunderclap+1","Pommel Strike+1","True Grit+1","Pommel Strike+1","Twin Strike+1","Wild Strike+1","Wild Strike+1","Ghostly+1","Ghostly+1","Ghostly","Ghostly+1","Ghostly+1","Armaments+1","Iron Wave+1","Pommel Strike+1","Headbutt+1","Armaments+1","Perfected Strike+1","Perfected Strike+1","Perfected Strike+1","Pommel Strike+1","Pommel Strike+1"],"relics":["Snecko Eye","Molten Egg 2","Red Skull","Mercury Hourglass","Turnip","Philosopher\u0027s Stone","Vajra","White Beast Statue","Potion Belt","Happy Flower","Velvet Choker","Bag of Preparation","Orrery","Smiling Mask","Blood Vial","Letter Opener","Self Forming Clay"],"acts_visited":["Exordium","TheCity","TheBeyond"],"potions_floor_usage":[50,50,50,50,50,50,50,50,50],"damage_taken":[{"damage":0.0,"enemies":"Cultist","floor":1.0,"turns":2.0},{"damage":5.0,"enemies":"Small Slimes","floor":2.0,"turns":2.0},{"damage":0.0,"enemies":"2 Louse","floor":3.0,"turns":2.0},{"damage":6.0,"enemies":"Exordium Wildlife","floor":5.0,"turns":3.0},{"damage":9.0,"enemies":"Lagavulin","floor":6.0,"turns":4.0},{"damage":4.0,"enemies":"3 Sentries","floor":8.0,"turns":3.0},{"damage":13.0,"enemies":"Lagavulin","floor":10.0,"turns":3.0},{"damage":0.0,"enemies":"Looter","floor":12.0,"turns":1.0},{"damage":0.0,"enemies":"Blue Slaver","floor":13.0,"turns":1.0},{"damage":0.0,"enemies":"2 Fungi Beasts","floor":14.0,"turns":2.0},{"damage":13.0,"enemies":"Hexaghost","floor":16.0,"turns":6.0},{"damage":7.0,"enemies":"Chosen","floor":18.0,"turns":3.0},{"damage":0.0,"enemies":"Spheric Guardian","floor":21.0,"turns":2.0},{"damage":17.0,"enemies":"Gremlin Leader","floor":24.0,"turns":5.0},{"damage":1.0,"enemies":"3 Cultists","floor":25.0,"turns":3.0},{"damage":2.0,"enemies":"Cultist and Chosen","floor":28.0,"turns":3.0},{"damage":2.0,"enemies":"Book of Stabbing","floor":29.0,"turns":3.0},{"damage":0.0,"enemies":"Slavers","floor":31.0,"turns":3.0},{"damage":3.0,"enemies":"Collector","floor":33.0,"turns":6.0},{"damage":0.0,"enemies":"Orb Walker","floor":35.0,"turns":2.0},{"damage":0.0,"enemies":"Nemesis","floor":41.0,"turns":3.0},{"damage":0.0,"enemies":"3 Shapes","floor":45.0,"turns":2.0},{"damage":0.0,"enemies":"Spire Growth","floor":46.0,"turns":2.0},{"damage":1.0,"enemies":"Maw","floor":47.0,"turns":4.0},{"damage":13,"enemies":"Awakened One","floor":50,"turns":7}],"seed_played":"-9205959852693353472","potions_obtained":[{"floor":2.0,"key":"Fruit Juice"},{"floor":5.0,"key":"Block Potion"},{"floor":8.0,"key":"Swift Potion"},{"floor":13.0,"key":"PowerPotion"},{"floor":14.0,"key":"SteroidPotion"},{"floor":16.0,"key":"PowerPotion"},{"floor":18.0,"key":"PowerPotion"},{"floor":25.0,"key":"FearPotion"},{"floor":29.0,"key":"ColorlessPotion"},{"floor":31.0,"key":"EntropicBrew"},{"floor":41.0,"key":"SmokeBomb"},{"floor":45.0,"key":"LiquidBronze"},{"floor":46.0,"key":"ColorlessPotion"}],"is_trial":false,"path_per_floor":["M","M","M","?","M","E","R","E","T","E","?","M","M","M","R","B",null,"M","?","$","M","?","R","E","M","T","$","M","E","R","E","R","B",null,"M","?","?","?","$","R","E","?","T","R","M","M","M","T","R","B",null],"character_chosen":"IRONCLAD","items_purchased":["Wild Strike+1","Pommel Strike+1","Bag of Preparation","Orrery"],"campfire_rested":0,"item_purchase_floors":[20,27,39,39],"current_hp_per_floor":[80,75,75,64,58,49,49,45,45,32,25,25,25,25,25,17,85,78,78,78,78,42,42,25,24,24,24,22,20,20,20,20,17,42,42,42,40,40,40,40,40,40,40,40,40,40,39,39,39,27],"gold":109,"neow_bonus":"BOSS_RELIC","is_daily":false,"chose_seed":false,"campfire_upgraded":8,"win_rate":0.0,"timestamp":1614092974,"path_taken":["M","?","M","?","M","E","R","E","T","E","?","M","M","M","R","BOSS","M","?","$","M","?","R","E","M","T","$","M","E","R","E","R","BOSS","M","?","?","?","$","R","E","?","T","R","M","?","M","?","R","BOSS"],"items_purchased_type":["Card","Card","Relic","Relic"],"build_version":"2020-12-22","purchased_purges":3,"victory":true,"max_hp_per_floor":[80,80,80,80,80,80,80,80,80,80,80,80,80,80,80,85,85,85,85,85,85,42,42,42,42,42,42,42,42,42,42,42,42,42,42,42,40,40,40,40,40,40,40,40,40,40,40,40,40,40],"card_choices":[{"not_picked":["Flex","Headbutt"],"picked":"Pommel Strike","floor":1.0},{"not_picked":["Metallicize","Clothesline"],"picked":"Perfected Strike","floor":2.0},{"not_picked":["Dual Wield","Warcry","Thunderclap"],"picked":"SKIP","floor":3.0},{"not_picked":["Dropkick","Brutality","Havoc"],"picked":"SKIP","floor":5.0},{"not_picked":["Inflame","Dropkick+1"],"picked":"Thunderclap+1","floor":6.0},{"not_picked":["Fire Breathing","Infernal Blade","Uppercut+1"],"picked":"SKIP","floor":8.0},{"not_picked":["Sword Boomerang+1","Flame Barrier"],"picked":"Pommel Strike+1","floor":10.0},{"not_picked":["Uppercut+1","Thunderclap+1"],"picked":"Clash+1","floor":12.0},{"not_picked":["Bloodletting","Dark Embrace"],"picked":"True Grit","floor":13.0},{"not_picked":["Clothesline+1","Shrug It Off"],"picked":"Pommel Strike+1","floor":14.0},{"not_picked":["Shrug It Off","Flex"],"picked":"Twin Strike+1","floor":18.0},{"not_picked":["Body Slam+1","Shrug It Off"],"picked":"Wild Strike+1","floor":21.0},{"not_picked":["Dual Wield","Power Through"],"picked":"Armaments","floor":24.0},{"not_picked":["Thunderclap+1","Battle Trance"],"picked":"Iron Wave+1","floor":25.0},{"not_picked":["Headbutt+1","Sword Boomerang+1","Anger+1"],"picked":"SKIP","floor":28.0},{"not_picked":["Sword Boomerang+1","Anger+1"],"picked":"Headbutt+1","floor":28.0},{"not_picked":["Body Slam+1","Battle Trance","Headbutt+1"],"picked":"SKIP","floor":29.0},{"not_picked":["Barricade","Metallicize+1"],"picked":"Armaments+1","floor":31.0},{"not_picked":["Body Slam+1","Dark Embrace"],"picked":"Perfected Strike+1","floor":35.0},{"not_picked":["Iron Wave+1","Armaments+1"],"picked":"Perfected Strike+1","floor":39.0},{"not_picked":["Twin Strike+1","Seeing Red+1"],"picked":"Perfected Strike+1","floor":39.0},{"not_picked":["Limit Break","Carnage+1","Clothesline+1"],"picked":"SKIP","floor":41.0},{"not_picked":["Inflame+1","Heavy Blade+1"],"picked":"Pommel Strike+1","floor":45.0},{"not_picked":["Anger+1","Body Slam+1","Cleave+1"],"picked":"SKIP","floor":46.0},{"not_picked":["Dual Wield","Intimidate+1"],"picked":"Pommel Strike+1","floor":47.0}],"player_experience":1368800,"relics_obtained":[{"floor":6.0,"key":"Molten Egg 2"},{"floor":8.0,"key":"Red Skull"},{"floor":9.0,"key":"Mercury Hourglass"},{"floor":10.0,"key":"Turnip"},{"floor":24.0,"key":"Vajra"},{"floor":26.0,"key":"White Beast Statue"},{"floor":29.0,"key":"Potion Belt"},{"floor":31.0,"key":"Happy Flower"},{"floor":41.0,"key":"Smiling Mask"},{"floor":43.0,"key":"Letter Opener"},{"floor":48.0,"key":"Self Forming Clay"}],"event_choices":[{"damage_healed":0.0,"max_hp_gain":0.0,"max_hp_loss":0.0,"gold_gain":75.0,"event_name":"World of Goop","player_choice":"Gather Gold","floor":4.0,"gold_loss":0.0,"damage_taken":11.0},{"cards_removed":["Defend_R"],"damage_healed":0.0,"max_hp_gain":0.0,"max_hp_loss":0.0,"gold_gain":0.0,"event_name":"Golden Wing","player_choice":"Card Removal","floor":11.0,"gold_loss":0.0,"damage_taken":7.0},{"damage_healed":0.0,"max_hp_gain":0.0,"max_hp_loss":0.0,"gold_gain":0.0,"event_name":"Vampires","player_choice":"Ignored","floor":19.0,"gold_loss":0.0,"damage_taken":0.0},{"damage_healed":0.0,"max_hp_gain":0.0,"max_hp_loss":43.0,"gold_gain":0.0,"event_name":"Ghosts","player_choice":"Became a Ghost","floor":22.0,"gold_loss":0.0,"damage_taken":0.0,"cards_obtained":["Ghostly","Ghostly","Ghostly","Ghostly","Ghostly"]},{"damage_healed":0.0,"max_hp_gain":0.0,"max_hp_loss":0.0,"gold_gain":0.0,"event_name":"Tomb of Lord Red Mask","player_choice":"Ignored","floor":36.0,"gold_loss":0.0,"damage_taken":0.0},{"damage_healed":0.0,"max_hp_gain":0.0,"max_hp_loss":2.0,"gold_gain":0.0,"event_name":"Winding Halls","player_choice":"Max HP","floor":37.0,"gold_loss":0.0,"damage_taken":0.0},{"damage_healed":0.0,"max_hp_gain":0.0,"max_hp_loss":0.0,"gold_gain":0.0,"event_name":"SensoryStone","player_choice":"Memory 1","floor":38.0,"gold_loss":0.0,"damage_taken":0.0},{"damage_healed":0.0,"max_hp_gain":0.0,"max_hp_loss":0.0,"gold_gain":0.0,"event_name":"WeMeetAgain","player_choice":"Gave Potion","floor":42.0,"gold_loss":0.0,"damage_taken":0.0,"relics_obtained":["Blood Vial"]}],"is_beta":false,"boss_relics":[{"not_picked":["Runic Pyramid","Runic Dome"],"picked":"Philosopher\u0027s Stone"},{"not_picked":["Cursed Key","Fusion Hammer"],"picked":"Velvet Choker"}],"items_purged_floors":[20,27,39],"is_endless":false,"potions_floor_spawned":[2,5,8,13,14,16,18,25,28,29,31,33,35,41,45,46,47],"ascension_level":1}}