{"host":"9brt9rggm379u2p7","time":1614098160,"event":{"mods":["AchievementEnabler","BaseMod","Highlight Path","Minty Spire (QoL Compilation)","Permanent Neow","Quick Restart","SuperFastMode"],"gold_per_floor":[115,127,143,154,167,167,181,106,106,106,125,50,69,144,144,144,144],"floor_reached":16,"language":"ENG","playtime":840,"items_purged":["Defend_R"],"score":192,"play_id":"1d683b98-51df-48a4-b3d8-38b77f20fcad","local_time":"20210224013600","is_ascension_mode":true,"campfire_choices":[{"data":"Armaments","floor":6.0,"key":"SMITH"},{"floor":15.0,"key":"REST"}],"circlet_count":0,"master_deck":["AscendersBane","Strike_R","Strike_R","Strike_R","Defend_R","Defend_R","Bash","Flex","Dark Embrace","Armaments+1","Power Through","Spot Weakness","Burning Pact","Cleave","Whirlwind","Feel No Pain"],"relics":["Burning Blood","Prayer Wheel"],"acts_visited":["Exordium"],"potions_floor_usage":[16],"damage_taken":[{"damage":11.0,"enemies":"2 Louse","floor":1.0,"turns":3.0},{"damage":12.0,"enemies":"Jaw Worm","floor":2.0,"turns":3.0},{"damage":6.0,"enemies":"Cultist","floor":3.0,"turns":3.0},{"damage":29.0,"enemies":"Lots of Slimes","floor":4.0,"turns":8.0},{"damage":0.0,"enemies":"2 Fungi Beasts","floor":5.0,"turns":4.0},{"damage":32.0,"enemies":"Exordium Wildlife","floor":7.0,"turns":7.0},{"damage":6.0,"enemies":"Looter","floor":11.0,"turns":3.0},{"damage":6.0,"enemies":"Large Slime","floor":13.0,"turns":6.0},{"damage":24,"enemies":"The Guardian","floor":16,"turns":11}],"seed_played":"-7142211995267034417","potions_obtained":[{"floor":2.0,"key":"BlessingOfTheForge"},{"floor":5.0,"key":"Dexterity Potion"},{"floor":7.0,"key":"ElixirPotion"},{"floor":11.0,"key":"AttackPotion"}],"is_trial":false,"path_per_floor":["M","M","M","M","M","R","M","$","T","?","M","?","M","?","R","B"],"character_chosen":"IRONCLAD","items_purchased":[],"campfire_rested":1,"item_purchase_floors":[],"current_hp_per_floor":[63,57,57,34,40,40,14,14,14,14,14,14,14,3,23,0,0],"gold":144,"neow_bonus":"REMOVE_TWO","is_daily":false,"chose_seed":false,"campfire_upgraded":1,"win_rate":0.0,"timestamp":1614098160,"path_taken":["M","M","M","M","M","R","M","$","T","?","M","?","M","?","R","BOSS"],"items_purchased_type":[],"build_version":"2020-12-22","purchased_purges":1,"victory":false,"max_hp_per_floor":[68,68,68,68,68,68,68,68,68,68,68,68,68,68,68,68,68],"card_choices":[{"not_picked":["Cleave","Twin Strike"],"picked":"Flex","floor":1.0},{"not_picked":["Blood for Blood","Headbutt","Pommel Strike"],"picked":"SKIP","floor":2.0},{"not_picked":["Clothesline","Dual Wield"],"picked":"Dark Embrace","floor":3.0},{"not_picked":["Clothesline","Double Tap"],"picked":"Armaments","floor":4.0},{"not_picked":["Iron Wave","Armaments"],"picked":"Power Through","floor":5.0},{"not_picked":["Wild Strike","Cleave"],"picked":"Spot Weakness","floor":7.0},{"not_picked":["Pummel","Sword Boomerang"],"picked":"Burning Pact","floor":11.0},{"not_picked":["Thunderclap","Havoc"],"picked":"Cleave","floor":11.0},{"not_picked":["Flex","Clash"],"picked":"Whirlwind","floor":13.0},{"not_picked":["Clothesline","Sentinel"],"picked":"Feel No Pain","floor":13.0}],"player_experience":436791,"relics_obtained":[{"floor":9.0,"key":"Prayer Wheel"}],"event_choices":[{"damage_healed":0.0,"max_hp_gain":0.0,"max_hp_loss":0.0,"gold_gain":0.0,"event_name":"Liars Game","player_choice":"Ignored","floor":10.0,"gold_loss":0.0,"damage_taken":0.0},{"cards_removed":["Strike_R"],"damage_healed":0.0,"max_hp_gain":0.0,"max_hp_loss":0.0,"gold_gain":0.0,"event_name":"The Cleric","player_choice":"Card Removal","floor":12.0,"gold_loss":75.0,"damage_taken":0.0},{"damage_healed":0.0,"max_hp_gain":0.0,"max_hp_loss":0.0,"gold_gain":75.0,"event_name":"World of Goop","player_choice":"Gather Gold","floor":14.0,"gold_loss":0.0,"damage_taken":11.0}],"is_beta":false,"boss_relics":[],"items_purged_floors":[8],"is_endless":false,"potions_floor_spawned":[2,5,7,11],"killed_by":"The Guardian","ascension_level":20}}