{"host":"euxksmtrtvfcjuzd","time":1614089037,"event":{"mods":["ATMod(°¢èªMod)","Aspiration","BaseMod","Jedi Mod","Minty Spire (QoL Compilation)","Reliquary","Replay The Spire","Shop Mod","StSLib","TestMod","UnlockEverythingMod","Waifu the Spire","¡¾ÒÅÎï¿¨ÅÆ¡¿REMEMod"],"gold_per_floor":[119,70,70,70,70,70,70,105,132,232,253,253,253,289,289,414,414,438,353,208,608,748,784,807,847,874,897,912,912,931,856,856,977,977,996,996,996],"floor_reached":36,"language":"ZHS","playtime":1335,"items_purged":[],"score":478,"play_id":"950ef341-96ac-46d6-bf62-9980d6619db9","local_time":"20210223220357","is_ascension_mode":true,"campfire_choices":[{"floor":6,"key":"REST"},{"data":"AT_OneInchPunch","floor":13,"key":"SMITH"},{"data":"Defend_G","floor":15,"key":"PURGE"},{"floor":29,"key":"REST"},{"floor":32,"key":"REST"}],"circlet_count":0,"master_deck":["Strike_G","Strike_G","Strike_G","Strike_G","Defend_G","Defend_G","Defend_G","Survivor","Neutralize","AT_OneInchPunch+1","AT_FamilyPortrait+1","Acrobatics","Poisoned Stab","Injury","Backflip","jedi:pocketpoison","Flying Knee","jedi:brewingpoison","Replay:Poison Smokescreen","Deadly Poison","jedi:unstablefumes","Bane","jedi:pocketpoison","Noxious Fumes+1","Bouncing Flask","Prepared","Bane","Poison Darts","Poisoned Stab+1"],"relics":["Ring of the Snake","AT_ATBox","REME_ComplimentaryCards","testmod-ArcanaOfDestiny","Blue Doll","Frozen Egg 2","Golden Idol","AT_ArchangelStaff","Happy Flower","reliquary:ExpiredCoupon","aspiration:PoetsPen_weak","reliquary:TuningFork","testmod-OneHitWonder","Snake Skull","Question Card","reliquary:Knoch","Sozu"],"acts_visited":["Exordium","TheCity","TheBeyond"],"potions_floor_usage":[14,16,25,25,33],"damage_taken":[{"damage":11,"enemies":"Jaw Worm","floor":1,"turns":4},{"damage":6,"enemies":"3 Sentries","floor":8,"turns":5},{"damage":0,"enemies":"Small Slimes","floor":11,"turns":1},{"damage":0,"enemies":"Gremlin Nob","floor":14,"turns":2},{"damage":67,"enemies":"Fading Forest","floor":16,"turns":11},{"damage":10,"enemies":"Shell Parasite","floor":18,"turns":3},{"damage":18,"enemies":"Slavers","floor":23,"turns":4},{"damage":6,"enemies":"Chosen","floor":24,"turns":3},{"damage":15,"enemies":"Book of Stabbing","floor":25,"turns":4},{"damage":3,"enemies":"Snecko","floor":27,"turns":3},{"damage":8,"enemies":"Chosen and Byrds","floor":28,"turns":3},{"damage":16,"enemies":"Snake Plant","floor":30,"turns":3},{"damage":10,"enemies":"Automaton","floor":33,"turns":6},{"damage":24,"enemies":"3 Shapes","floor":35,"turns":3}],"seed_played":"8998532807837059736","potions_obtained":[{"floor":8,"key":"Dexterity Potion"},{"floor":14,"key":"REME_GoldPotion"},{"floor":16,"key":"Reflective Coating"},{"floor":24,"key":"Cursed Concoction"},{"floor":25,"key":"AttackPotion"},{"floor":27,"key":"Block Potion"}],"is_trial":false,"path_per_floor":["M","$","?","?","?","R","?","E","T","?","M","?","R","E","R","B",null,"M","?","$","?","?","E","M","E","T","M","M","R","M","?","R","B",null,"M","?"],"character_chosen":"THE_SILENT","items_purchased":["Poisoned Stab","testmod-OneHitWonder"],"campfire_rested":3,"item_purchase_floors":[2,20],"current_hp_per_floor":[66,66,59,47,47,70,70,64,64,64,64,64,64,64,64,13,71,61,61,61,61,61,43,37,22,22,19,11,32,16,16,37,27,71,47,0,0],"gold":996,"neow_bonus":"TEN_PERCENT_HP_BONUS","is_daily":false,"chose_seed":false,"campfire_upgraded":1,"win_rate":0.0,"timestamp":1614089037,"path_taken":["M","$","?","?","?","R","?","E","T","?","?","?","R","E","R","BOSS","M","?","$","?","?","E","M","E","T","M","?","R","M","?","R","BOSS","M","?"],"items_purchased_type":["Card","Relic"],"build_version":"2020-12-22","purchased_purges":0,"victory":false,"max_hp_per_floor":[77,77,77,77,77,77,71,71,71,71,71,71,71,71,71,71,71,71,71,71,71,71,71,71,71,71,71,71,71,71,71,71,71,71,71,71,71],"card_choices":[{"not_picked":["Dodge and Roll","jedi:collectorvenom"],"picked":"Acrobatics","floor":1},{"not_picked":["Underhanded Strike","AT_ThistleTea"],"picked":"Backflip","floor":8},{"not_picked":["Concentrate","Prepared"],"picked":"jedi:pocketpoison","floor":11},{"not_picked":["Outmaneuver","ReplayTheSpireMod:Tripwire"],"picked":"Flying Knee","floor":14},{"not_picked":["Tools of the Trade+1","REME_GrazeFinale"],"picked":"jedi:brewingpoison","floor":16},{"not_picked":["jedi:pocketpoison","Dagger Spray+1"],"picked":"Replay:Poison Smokescreen","floor":18},{"not_picked":["AT_WomanClash","Deflect"],"picked":"Deadly Poison","floor":22},{"not_picked":["Quick Slash+1","Poison Darts"],"picked":"jedi:unstablefumes","floor":22},{"not_picked":["Blade Dance+1","Outmaneuver"],"picked":"Bane","floor":22},{"not_picked":["Terror","Underhanded Strike","Quick Slash"],"picked":"SKIP","floor":23},{"not_picked":["Backflip+1","Cloak And Dagger+1"],"picked":"jedi:pocketpoison","floor":24},{"not_picked":["ReplayTheSpireMod:Tripwire+1","Dash"],"picked":"Noxious Fumes+1","floor":25},{"not_picked":["Slice","Dodge and Roll+1","Dagger Spray"],"picked":"Bouncing Flask","floor":27},{"not_picked":["Dash","AT_WindRun","Finisher"],"picked":"Prepared","floor":28},{"not_picked":["Deflect","Deadly Poison","Distraction"],"picked":"Bane","floor":30},{"not_picked":["Venomology","Grand Finale","Night Terror"],"picked":"Poison Darts","floor":33},{"not_picked":["Toxin Wave","Dagger Throw","Slice+1"],"picked":"Poisoned Stab+1","floor":35}],"player_experience":43973,"relics_obtained":[{"floor":8,"key":"AT_ArchangelStaff"},{"floor":9,"key":"Happy Flower"},{"floor":14,"key":"reliquary:ExpiredCoupon"},{"floor":23,"key":"Snake Skull"},{"floor":25,"key":"Question Card"},{"floor":26,"key":"reliquary:Knoch"}],"event_choices":[{"cards_removed":["Defend_G"],"damage_healed":0,"gold_gain":0,"player_choice":"Card Removal","damage_taken":7,"max_hp_gain":0,"max_hp_loss":0,"event_name":"Golden Wing","floor":3,"gold_loss":0},{"damage_healed":0,"gold_gain":0,"player_choice":"Success","damage_taken":12,"relics_obtained":["Blue Doll"],"max_hp_gain":0,"max_hp_loss":0,"event_name":"Scrap Ooze","floor":4,"gold_loss":0},{"damage_healed":0,"gold_gain":0,"player_choice":"Lose Max HP","damage_taken":0,"relics_obtained":["Golden Idol"],"max_hp_gain":0,"max_hp_loss":6,"event_name":"Golden Idol","floor":7,"gold_loss":0},{"damage_healed":0,"gold_gain":100,"player_choice":"Pray","damage_taken":0,"max_hp_gain":0,"max_hp_loss":0,"event_name":"Golden Shrine","floor":10,"gold_loss":0},{"damage_healed":0,"gold_gain":0,"player_choice":"Forge","damage_taken":0,"max_hp_gain":0,"max_hp_loss":0,"event_name":"Accursed Blacksmith","floor":12,"gold_loss":0,"cards_upgraded":["AT_FamilyPortrait"]},{"damage_healed":0,"gold_gain":0,"player_choice":"Obtained Relic","damage_taken":0,"relics_obtained":["reliquary:TuningFork"],"max_hp_gain":0,"max_hp_loss":0,"event_name":"Addict","floor":19,"gold_loss":85},{"damage_healed":0,"gold_gain":400,"player_choice":"Sell","damage_taken":0,"max_hp_gain":0,"max_hp_loss":0,"event_name":"¶÷ÂåË¹µÄÅÌ×Ó","floor":21,"relics_lost":["testmod-TestBox"],"gold_loss":0},{"cards_removed":["Strike_G"],"damage_healed":0,"gold_gain":0,"player_choice":"Gave Gold","damage_taken":0,"max_hp_gain":0,"max_hp_loss":0,"event_name":"Beggar","floor":31,"gold_loss":75}],"is_beta":false,"boss_relics":[{"not_picked":["REME_DemonsWealth","Empty Cage"],"picked":"aspiration:PoetsPen_weak"},{"not_picked":["aspiration:WatcherSkillbook","aspiration:SecretTechniqueScroll"],"picked":"Sozu"}],"items_purged_floors":[],"is_endless":false,"potions_floor_spawned":[8,14,16,24,25,27],"ascension_level":1}}