{"host":"vx9g5eyuglzorf3u","time":1614102454,"event":{"mods":["2.2 Compatiblity","BaseMod","DeckTracker","Keyboard Shortcuts","Minty Spire (QoL Compilation)","StSLib","SuperFastMode","everything is the same but u backflip on backflip"],"gold_per_floor":[111,111,128,128,128,154,154,154,154,184,203,220,243,262,262,336,336,354,279,279,58,58,58,86,86,86,101,101,110,75,275,275,353,353,372,383,258,275,290,290,315,340,367,379,405,267,267,267],"floor_reached":47,"language":"KOR","playtime":1211,"items_purged":["Defend_P+1","Strike_P+1","Strike_P+1","Defend_P+1"],"score":1133,"play_id":"d260fc66-51ff-49fc-9b93-741b0314f77f","local_time":"20210224024734","is_ascension_mode":true,"campfire_choices":[{"data":"Eruption","floor":7.0,"key":"SMITH"},{"data":"BattleHymn","floor":15.0,"key":"SMITH"},{"data":"EmptyMind","floor":28.0,"key":"SMITH"},{"data":"Adaptation","floor":32.0,"key":"SMITH"},{"floor":40.0,"key":"REST"}],"circlet_count":0,"master_deck":["AscendersBane","Strike_P+1","Defend_P+1","Eruption+1","Vigilance","TalkToTheHand+1","BattleHymn+1","EmptyBody","Adaptation+1","EmptyMind+1","Adaptation+1","InnerPeace+1"],"relics":["Busted Crown","Art of War","Matryoshka","Whetstone","Juzu Bracelet","Nunchaku","SacredBark","CeramicFish","Regal Pillow","Lizard Tail","Bag of Marbles","MawBank"],"acts_visited":["Exordium","TheCity","TheBeyond"],"potions_floor_usage":[42],"damage_taken":[{"damage":0.0,"enemies":"Small Slimes","floor":1.0,"turns":2.0},{"damage":2.0,"enemies":"Cultist","floor":3.0,"turns":3.0},{"damage":12.0,"enemies":"Gremlin Nob","floor":6.0,"turns":3.0},{"damage":42.0,"enemies":"Lagavulin","floor":10.0,"turns":11.0},{"damage":2.0,"enemies":"2 Louse","floor":11.0,"turns":3.0},{"damage":5.0,"enemies":"Large Slime","floor":12.0,"turns":4.0},{"damage":0.0,"enemies":"Exordium Wildlife","floor":14.0,"turns":3.0},{"damage":1.0,"enemies":"Hexaghost","floor":16.0,"turns":8.0},{"damage":10.0,"enemies":"2 Thieves","floor":18.0,"turns":3.0},{"damage":8.0,"enemies":"Book of Stabbing","floor":24.0,"turns":4.0},{"damage":18.0,"enemies":"Shell Parasite","floor":27.0,"turns":4.0},{"damage":0.0,"enemies":"Automaton","floor":33.0,"turns":2.0},{"damage":20.0,"enemies":"Orb Walker","floor":35.0,"turns":3.0},{"damage":12.0,"enemies":"3 Shapes","floor":36.0,"turns":5.0},{"damage":0.0,"enemies":"Writhing Mass","floor":38.0,"turns":5.0},{"damage":5.0,"enemies":"3 Darklings","floor":39.0,"turns":2.0},{"damage":0.0,"enemies":"Mind Bloom Boss Battle","floor":41.0,"turns":5.0},{"damage":94,"enemies":"Nemesis","floor":42,"turns":9},{"damage":0,"enemies":"Spire Growth","floor":45,"turns":2},{"damage":31,"enemies":"2 Orb Walkers","floor":47,"turns":2}],"seed_played":"4581570411188331378","potions_obtained":[{"floor":1.0,"key":"CultistPotion"},{"floor":2.0,"key":"Swift Potion"},{"floor":2.0,"key":"Fire Potion"},{"floor":10.0,"key":"Energy Potion"},{"floor":11.0,"key":"Regen Potion"},{"floor":16.0,"key":"SteroidPotion"},{"floor":27.0,"key":"BottledMiracle"},{"floor":38.0,"key":"PowerPotion"},{"floor":41.0,"key":"ColorlessPotion"},{"floor":45,"key":"SteroidPotion"}],"is_trial":false,"path_per_floor":["M","?","M","?","?","E","R","?","T","E","M","M","T","M","R","B",null,"M","$","?","$","?","?","E","?","T","M","R","?","$","?","R","B",null,"M","M","$","M","M","R","?","E","T","?","M","$","?"],"character_chosen":"WATCHER","items_purchased":["Adaptation","EmptyMind","InnerPeace"],"campfire_rested":1,"item_purchase_floors":[21,21,30],"current_hp_per_floor":[61,61,59,64,64,52,52,45,45,3,1,8,8,8,8,7,57,47,47,47,47,47,83,75,75,75,57,57,57,57,57,57,57,77,57,45,45,45,40,79,79,30,30,30,30,30,0,0],"gold":267,"neow_bonus":"BOSS_RELIC","is_daily":false,"chose_seed":false,"campfire_upgraded":4,"win_rate":0.0,"timestamp":1614102454,"path_taken":["M","?","?","?","?","E","R","?","T","E","?","M","?","M","R","BOSS","M","$","?","$","?","?","E","?","T","M","R","?","$","?","R","BOSS","M","M","$","M","M","R","?","E","T","?","M","$","?"],"items_purchased_type":["Card","Card","Card"],"build_version":"2020-12-22","purchased_purges":4,"victory":false,"max_hp_per_floor":[68,68,68,73,73,73,73,73,73,73,73,73,73,73,73,73,73,73,73,73,73,73,83,83,83,83,83,83,83,83,83,83,83,83,83,83,83,83,83,83,83,83,83,83,83,83,83,83],"card_choices":[{"not_picked":["LikeWater"],"picked":"SKIP","floor":1.0},{"not_picked":[],"picked":"TalkToTheHand","floor":3.0},{"not_picked":["Sanctity"],"picked":"SKIP","floor":6.0},{"not_picked":["Swivel"],"picked":"SKIP","floor":10.0},{"not_picked":[],"picked":"BattleHymn","floor":11.0},{"not_picked":[],"picked":"EmptyBody","floor":12.0},{"not_picked":["EmptyBody"],"picked":"SKIP","floor":14.0},{"not_picked":["ClearTheMind"],"picked":"SKIP","floor":18.0},{"not_picked":["Pray"],"picked":"SKIP","floor":24.0},{"not_picked":["Indignation"],"picked":"SKIP","floor":27.0},{"not_picked":["FlurryOfBlows"],"picked":"SKIP","floor":35.0},{"not_picked":["Protect"],"picked":"SKIP","floor":36.0},{"not_picked":["EmptyFist"],"picked":"SKIP","floor":38.0},{"not_picked":["Adaptation"],"picked":"SKIP","floor":39.0},{"not_picked":["Brilliance"],"picked":"SKIP","floor":42},{"not_picked":["Adaptation"],"picked":"SKIP","floor":45}],"player_experience":1551708,"relics_obtained":[{"floor":6.0,"key":"Art of War"},{"floor":9.0,"key":"Matryoshka"},{"floor":10.0,"key":"Whetstone"},{"floor":13.0,"key":"Juzu Bracelet"},{"floor":13.0,"key":"Nunchaku"},{"floor":24.0,"key":"CeramicFish"},{"floor":26.0,"key":"Regal Pillow"},{"floor":41.0,"key":"Lizard Tail"},{"floor":42,"key":"Bag of Marbles"},{"floor":43,"key":"MawBank"}],"event_choices":[{"damage_healed":0.0,"max_hp_gain":0.0,"max_hp_loss":0.0,"gold_gain":0.0,"event_name":"Lab","player_choice":"Got Potions","floor":2.0,"gold_loss":0.0,"damage_taken":0.0},{"damage_healed":0.0,"max_hp_gain":5.0,"max_hp_loss":0.0,"gold_gain":0.0,"event_name":"Big Fish","player_choice":"Donut","floor":4.0,"gold_loss":0.0,"damage_taken":0.0},{"damage_healed":0.0,"max_hp_gain":0.0,"max_hp_loss":0.0,"gold_gain":0.0,"cards_transformed":["Defend_P"],"event_name":"Living Wall","player_choice":"Change","floor":5.0,"gold_loss":0.0,"damage_taken":0.0,"cards_obtained":["LessonLearned"]},{"cards_removed":["Strike_P"],"damage_healed":0.0,"max_hp_gain":0.0,"max_hp_loss":0.0,"gold_gain":0.0,"event_name":"Golden Wing","player_choice":"Card Removal","floor":8.0,"gold_loss":0.0,"damage_taken":7.0},{"damage_healed":0.0,"max_hp_gain":0.0,"max_hp_loss":0.0,"gold_gain":0.0,"event_name":"The Mausoleum","player_choice":"Ignored","floor":20.0,"gold_loss":0.0,"damage_taken":0.0},{"damage_healed":0.0,"max_hp_gain":0.0,"max_hp_loss":0.0,"gold_gain":0.0,"event_name":"Accursed Blacksmith","player_choice":"Forge","floor":22.0,"gold_loss":0.0,"damage_taken":0.0,"cards_upgraded":["Adaptation"]},{"cards_removed":["LessonLearned"],"damage_healed":26.0,"max_hp_gain":10.0,"max_hp_loss":0.0,"gold_gain":0.0,"event_name":"Bonfire Elementals","player_choice":"Offered Rare","floor":23.0,"gold_loss":0.0,"damage_taken":0.0},{"damage_healed":0.0,"max_hp_gain":0.0,"max_hp_loss":0.0,"gold_gain":0.0,"event_name":"Match and Keep!","player_choice":"0 cards matched","floor":25.0,"gold_loss":0.0,"damage_taken":0.0,"cards_obtained":[]},{"damage_healed":0.0,"max_hp_gain":0.0,"max_hp_loss":0.0,"gold_gain":0.0,"event_name":"The Library","player_choice":"Read","floor":29.0,"gold_loss":0.0,"damage_taken":0.0,"cards_obtained":["Adaptation"]},{"damage_healed":0.0,"max_hp_gain":0.0,"max_hp_loss":0.0,"gold_gain":250.0,"event_name":"The Joust","player_choice":"Bet on Owner","floor":31.0,"gold_loss":50.0,"damage_taken":0.0},{"damage_healed":0.0,"max_hp_gain":0.0,"max_hp_loss":0.0,"gold_gain":0.0,"event_name":"MindBloom","player_choice":"Fight","floor":41.0,"gold_loss":0.0,"damage_taken":0.0},{"damage_healed":0,"gold_gain":0,"player_choice":"Upgraded","damage_taken":0,"max_hp_gain":0,"max_hp_loss":0,"event_name":"Upgrade Shrine","floor":44,"gold_loss":0,"cards_upgraded":["InnerPeace"]},{"damage_healed":0,"gold_gain":0,"player_choice":"Fight","damage_taken":0,"max_hp_gain":0,"max_hp_loss":0,"event_name":"Mysterious Sphere","floor":47,"gold_loss":0}],"is_beta":false,"boss_relics":[{"not_picked":["Black Star","Snecko Eye"],"picked":"SacredBark"},{"not_picked":["Philosopher\u0027s Stone","Cursed Key","Sozu"]}],"items_purged_floors":[19,21,37,46],"is_endless":false,"potions_floor_spawned":[1,3,10,11,16,27,38,41,45],"killed_by":"2 Orb Walkers","ascension_level":20}}