{"host":"9brt9rggm379u2p7","time":1614096164,"event":{"mods":["AchievementEnabler","BaseMod","Highlight Path","Minty Spire (QoL Compilation)","Permanent Neow","Quick Restart","SuperFastMode"],"gold_per_floor":[113,130,148,73,92,92,108,108,108,108,139,139,153,163,163,234,234,249,99,110,110,110],"floor_reached":21,"language":"ENG","playtime":1066,"items_purged":["Bash"],"score":391,"play_id":"da3a76ae-aed9-42cd-8247-02312ad6c7ee","local_time":"20210224010244","is_ascension_mode":true,"campfire_choices":[{"data":"Body Slam","floor":6.0,"key":"SMITH"},{"floor":10.0,"key":"REST"},{"data":"Armaments","floor":12.0,"key":"SMITH"},{"data":"Inflame","floor":15.0,"key":"SMITH"}],"circlet_count":0,"master_deck":["AscendersBane","Dual Wield","Body Slam+1","Inflame+1","Armaments+1","Second Wind","Feed","Reckless Charge","Limit Break","Armaments","Cleave","Blood for Blood","Sword Boomerang","Hemokinesis","Iron Wave","Disarm","Spot Weakness"],"relics":["Burning Blood","Happy Flower","Kunai","Pandora\u0027s Box"],"acts_visited":["Exordium","TheCity"],"potions_floor_usage":[16,16],"damage_taken":[{"damage":3.0,"enemies":"2 Louse","floor":1.0,"turns":4.0},{"damage":23.0,"enemies":"Jaw Worm","floor":2.0,"turns":7.0},{"damage":2.0,"enemies":"Cultist","floor":3.0,"turns":4.0},{"damage":38.0,"enemies":"Lots of Slimes","floor":5.0,"turns":9.0},{"damage":23.0,"enemies":"Exordium Wildlife","floor":7.0,"turns":7.0},{"damage":8.0,"enemies":"Lagavulin","floor":11.0,"turns":7.0},{"damage":2.0,"enemies":"Large Slime","floor":13.0,"turns":5.0},{"damage":14.0,"enemies":"Blue Slaver","floor":14.0,"turns":5.0},{"damage":68,"enemies":"Slime Boss","floor":16,"turns":15},{"damage":34,"enemies":"Chosen","floor":18,"turns":7},{"damage":28,"enemies":"3 Byrds","floor":20,"turns":5},{"damage":32,"enemies":"Snake Plant","floor":21,"turns":2}],"seed_played":"2044108168756945035","potions_obtained":[{"floor":2.0,"key":"Regen Potion"},{"floor":5.0,"key":"BloodPotion"},{"floor":13.0,"key":"CultistPotion"},{"floor":18,"key":"SpeedPotion"}],"is_trial":false,"path_per_floor":["M","M","M","?","M","R","M","T","T","R","E","R","M","M","R","B",null,"M","$","M","M"],"character_chosen":"IRONCLAD","items_purchased":["Spot Weakness"],"campfire_rested":1,"item_purchase_floors":[19],"current_hp_per_floor":[71,54,58,58,26,26,9,9,9,31,44,44,54,50,50,14,74,50,50,31,0,0],"gold":110,"neow_bonus":"TRANSFORM_CARD","is_daily":false,"chose_seed":false,"campfire_upgraded":3,"win_rate":0.0,"timestamp":1614096164,"path_taken":["M","M","M","?","M","R","M","?","T","R","E","R","M","M","R","BOSS","M","$","M","M"],"items_purchased_type":["Card"],"build_version":"2020-12-22","purchased_purges":1,"victory":false,"max_hp_per_floor":[75,75,75,75,75,75,75,75,75,75,75,75,81,85,85,94,94,98,98,101,101,101],"card_choices":[{"not_picked":["Flex","Anger"],"picked":"Body Slam","floor":1.0},{"not_picked":["Blood for Blood","Hemokinesis"],"picked":"Inflame","floor":2.0},{"not_picked":["Havoc","Sword Boomerang"],"picked":"Armaments","floor":3.0},{"not_picked":["Flex","Dark Embrace"],"picked":"Second Wind","floor":5.0},{"not_picked":["True Grit","Twin Strike","Anger"],"picked":"SKIP","floor":7.0},{"not_picked":["True Grit","Armaments"],"picked":"Feed","floor":11.0},{"not_picked":["Reckless Charge","Sword Boomerang","Uppercut"],"picked":"SKIP","floor":13.0},{"not_picked":["Sword Boomerang","Uppercut"],"picked":"Reckless Charge","floor":13.0},{"not_picked":["Thunderclap","Warcry","Headbutt"],"picked":"SKIP","floor":14.0},{"not_picked":["Thunderclap","Warcry","Headbutt"],"picked":"SKIP","floor":14.0},{"not_picked":["Brutality","Reaper"],"picked":"Limit Break","floor":16},{"not_picked":["Anger","Thunderclap","Rampage"],"picked":"SKIP","floor":18},{"not_picked":["Anger","Thunderclap","Rampage"],"picked":"SKIP","floor":18},{"not_picked":["Anger","Thunderclap","Rampage"],"picked":"SKIP","floor":18},{"not_picked":["Anger","Thunderclap","Rampage"],"picked":"SKIP","floor":18},{"not_picked":["Body Slam","Havoc","Iron Wave"],"picked":"SKIP","floor":20}],"player_experience":436791,"relics_obtained":[{"floor":9.0,"key":"Happy Flower"},{"floor":11.0,"key":"Kunai"}],"event_choices":[{"cards_removed":["Strike_R"],"damage_healed":0.0,"max_hp_gain":0.0,"max_hp_loss":0.0,"gold_gain":0.0,"event_name":"The Cleric","player_choice":"Card Removal","floor":4.0,"gold_loss":75.0,"damage_taken":0.0}],"is_beta":false,"boss_relics":[{"not_picked":["SlaversCollar","Runic Dome"],"picked":"Pandora\u0027s Box"}],"items_purged_floors":[19],"is_endless":false,"potions_floor_spawned":[2,5,7,13,18],"killed_by":"Snake Plant","ascension_level":20}}