{"host":"bnbc66jny2i0hx0x","time":1614064671,"event":{"mods":["AchievementEnabler","BaseMod","Minty Spire (QoL Compilation)","Relic Sorter","StSLib"],"gold_per_floor":[115,132,132,57,57,57,90,103,127,127,185,214,15,35,35,112,112,52,52,52,52,52,52,52,52,52],"floor_reached":25,"language":"ENG","playtime":1050,"items_purged":["Strike_B"],"score":448,"play_id":"df9674ec-fabd-4fda-99cb-eee7068799ec","local_time":"20210222231751","is_ascension_mode":true,"campfire_choices":[{"data":"White Noise","floor":6,"key":"SMITH"},{"data":"Ball Lightning","floor":10,"key":"SMITH"},{"data":"Hologram","floor":15,"key":"SMITH"},{"data":"Biased Cognition","floor":24,"key":"SMITH"}],"circlet_count":0,"master_deck":["AscendersBane","Strike_B","Strike_B","Defend_B","Defend_B","Defend_B","Defend_B","Zap+1","Dualcast","Glacier","White Noise+1","Self Repair","Ball Lightning+1","Barrage","Hologram+1","Biased Cognition+1","Recycle+1","Genetic Algorithm","Ball Lightning","Genetic Algorithm"],"relics":["Cracked Core","NeowsBlessing","Ancient Tea Set","Eternal Feather","Smiling Mask","Vajra","PreservedInsect","OrangePellets","Ectoplasm","Gremlin Horn"],"acts_visited":["Exordium","TheCity"],"potions_floor_usage":[11,12,16,23],"damage_taken":[{"damage":0,"enemies":"2 Louse","floor":1,"turns":1},{"damage":0,"enemies":"Jaw Worm","floor":2,"turns":1},{"damage":0,"enemies":"3 Sentries","floor":7,"turns":1},{"damage":0,"enemies":"Small Slimes","floor":8,"turns":4},{"damage":22,"enemies":"Lagavulin Event","floor":11,"turns":5},{"damage":11,"enemies":"Lagavulin","floor":12,"turns":8},{"damage":0,"enemies":"Blue Slaver","floor":14,"turns":3},{"damage":34,"enemies":"Hexaghost","floor":16,"turns":12},{"damage":24,"enemies":"2 Thieves","floor":18,"turns":4},{"damage":0,"enemies":"Spheric Guardian","floor":19,"turns":4},{"damage":0,"enemies":"Shelled Parasite and Fungi","floor":20,"turns":5},{"damage":11,"enemies":"Centurion and Healer","floor":22,"turns":6},{"damage":10,"enemies":"Book of Stabbing","floor":23,"turns":3},{"damage":66,"enemies":"Gremlin Leader","floor":25,"turns":5}],"seed_played":"-2365448729634194929","potions_obtained":[{"floor":1,"key":"Block Potion"},{"floor":2,"key":"Fire Potion"},{"floor":14,"key":"Dexterity Potion"},{"floor":20,"key":"SpeedPotion"},{"floor":22,"key":"Weak Potion"}],"is_trial":false,"path_per_floor":["M","M","?","?","?","R","E","M","T","R","?","E","$","M","R","B",null,"M","M","M","?","M","E","R","E"],"character_chosen":"DEFECT","items_purchased":["OrangePellets"],"campfire_rested":0,"item_purchase_floors":[13],"current_hp_per_floor":[64,64,64,64,38,38,38,45,45,51,36,32,32,39,48,21,59,42,49,56,56,52,49,61,0,0],"gold":52,"neow_bonus":"THREE_ENEMY_KILL","is_daily":false,"chose_seed":false,"campfire_upgraded":4,"win_rate":0.0,"timestamp":1614064671,"path_taken":["M","M","?","?","?","R","E","M","T","R","?","E","$","M","R","BOSS","M","M","M","?","M","E","R","E"],"items_purchased_type":["Relic"],"build_version":"2020-12-22","purchased_purges":1,"victory":false,"max_hp_per_floor":[71,71,71,71,71,71,71,71,71,71,71,71,71,71,71,71,71,71,71,71,71,71,71,71,71,71],"card_choices":[{"not_picked":["Beam Cell","Redo"],"picked":"Glacier","floor":1},{"not_picked":["Leap","Coolheaded"],"picked":"White Noise","floor":2},{"not_picked":["Recycle","Cold Snap"],"picked":"Self Repair","floor":7},{"not_picked":["Lockon","Heatsinks"],"picked":"Ball Lightning","floor":8},{"not_picked":["Compile Driver","Rebound"],"picked":"Barrage","floor":11},{"not_picked":["Aggregate","Fusion"],"picked":"Hologram","floor":12},{"not_picked":["Aggregate","Storm","Sweeping Beam"],"picked":"SKIP","floor":14},{"not_picked":["Thunder Strike","Machine Learning"],"picked":"Biased Cognition","floor":16},{"not_picked":["Sweeping Beam","Lockon"],"picked":"Recycle+1","floor":18},{"not_picked":["Blizzard","Gash"],"picked":"Genetic Algorithm","floor":19},{"not_picked":["Reprogram","Cold Snap"],"picked":"Ball Lightning","floor":20},{"not_picked":["Gash","Compile Driver","Streamline"],"picked":"SKIP","floor":22},{"not_picked":["Rip and Tear","Coolheaded"],"picked":"Genetic Algorithm","floor":23}],"player_experience":1278205,"relics_obtained":[{"floor":7,"key":"Eternal Feather"},{"floor":9,"key":"Smiling Mask"},{"floor":12,"key":"PreservedInsect"},{"floor":23,"key":"Gremlin Horn"}],"event_choices":[{"damage_healed":0,"gold_gain":0,"player_choice":"Grow","damage_taken":0,"max_hp_gain":0,"max_hp_loss":0,"event_name":"Living Wall","floor":3,"gold_loss":0,"cards_upgraded":["Zap"]},{"cards_removed":["Strike_B"],"damage_healed":0,"gold_gain":0,"player_choice":"Card Removal","damage_taken":0,"max_hp_gain":0,"max_hp_loss":0,"event_name":"The Cleric","floor":4,"gold_loss":75},{"damage_healed":0,"gold_gain":0,"player_choice":"Success","damage_taken":26,"relics_obtained":["Ancient Tea Set"],"max_hp_gain":0,"max_hp_loss":0,"event_name":"Scrap Ooze","floor":5,"gold_loss":0},{"damage_healed":0,"gold_gain":0,"player_choice":"Searched \u00273\u0027 times","damage_taken":0,"relics_obtained":["Vajra"],"max_hp_gain":0,"max_hp_loss":0,"event_name":"Dead Adventurer","floor":11,"gold_loss":0},{"damage_healed":0,"gold_gain":50,"player_choice":"Stole From Cult","damage_taken":0,"max_hp_gain":0,"max_hp_loss":0,"event_name":"Nest","floor":21,"gold_loss":0}],"is_beta":false,"boss_relics":[{"not_picked":["Velvet Choker","Tiny House"],"picked":"Ectoplasm"}],"items_purged_floors":[13],"is_endless":false,"potions_floor_spawned":[1,2,7,14,20,22],"killed_by":"Gremlin Leader","ascension_level":15}}