{"host":"50qwps766cbz6ukm","time":1614071305,"event":{"mods":["BaseMod","Colored Map","Colored Powertips","DeckTracker","Highlight Path","Minty Spire (QoL Compilation)","Quick Restart","Remove Card Discount Mod","StSLib","SuperFastMode","Synergy Search"],"gold_per_floor":[118,118,118,132,132,172,172,172,196,214,214,28,28,28,28],"floor_reached":14,"language":"ENG","playtime":160,"items_purged":["Strike_P","Strike_P","Strike_P+1","Defend_P","Defend_P","Defend_P","Strike_P+1","Defend_P"],"score":167,"play_id":"b1b73b15-e1e3-433a-95fe-d46168a18ce6","local_time":"20210223110825","is_ascension_mode":true,"campfire_choices":[{"data":"Eruption","floor":8,"key":"SMITH"},{"data":"Vigilance","floor":11,"key":"SMITH"}],"circlet_count":0,"master_deck":["AscendersBane","Eruption+1","Vigilance+1","TalkToTheHand"],"relics":["PureWater","NeowsBlessing","Golden Idol","Happy Flower","Orichalcum"],"acts_visited":["Exordium"],"potions_floor_usage":[],"damage_taken":[{"damage":0,"enemies":"Jaw Worm","floor":1,"turns":1},{"damage":0,"enemies":"Small Slimes","floor":4,"turns":1},{"damage":0,"enemies":"3 Sentries","floor":6,"turns":2},{"damage":4,"enemies":"2 Louse","floor":10,"turns":3},{"damage":92,"enemies":"Gremlin Nob","floor":14,"turns":8}],"seed_played":"-7554857050205185637","potions_obtained":[{"floor":6,"key":"BottledMiracle"}],"is_trial":false,"path_per_floor":["M","?","?","M","?","E","?","R","T","M","R","$","?","E"],"character_chosen":"WATCHER","items_purchased":["Panache"],"campfire_rested":0,"item_purchase_floors":[12],"current_hp_per_floor":[65,65,65,65,51,51,51,51,51,47,47,47,82,0,0],"gold":28,"neow_bonus":"THREE_ENEMY_KILL","is_daily":false,"chose_seed":false,"campfire_upgraded":2,"win_rate":0.0,"timestamp":1614071305,"path_taken":["M","?","?","M","?","E","?","R","T","?","R","$","?","E"],"items_purchased_type":["Card"],"build_version":"2020-12-22","purchased_purges":8,"victory":false,"max_hp_per_floor":[72,72,72,72,72,72,72,72,72,72,72,72,82,82,82],"card_choices":[{"not_picked":["ClearTheMind","Wireheading","FearNoEvil"],"picked":"SKIP","floor":1},{"not_picked":["FollowUp","WheelKick","SashWhip"],"picked":"SKIP","floor":4},{"not_picked":["WreathOfFlame","Swivel"],"picked":"TalkToTheHand","floor":6},{"not_picked":["FollowUp","Study","ReachHeaven"],"picked":"SKIP","floor":10}],"player_experience":603222,"relics_obtained":[{"floor":6,"key":"Happy Flower"},{"floor":9,"key":"Orichalcum"}],"event_choices":[{"damage_healed":0,"gold_gain":0,"player_choice":"Ignored","damage_taken":0,"max_hp_gain":0,"max_hp_loss":0,"event_name":"Golden Wing","floor":2,"gold_loss":0},{"damage_healed":0,"gold_gain":0,"player_choice":"Take Wound","damage_taken":0,"relics_obtained":["Golden Idol"],"max_hp_gain":0,"max_hp_loss":0,"event_name":"Golden Idol","floor":3,"gold_loss":0,"cards_obtained":["Injury"]},{"damage_healed":0,"gold_gain":0,"player_choice":"Entered Light","damage_taken":14,"max_hp_gain":0,"max_hp_loss":0,"event_name":"Shining Light","floor":5,"gold_loss":0,"cards_upgraded":["Strike_P","Strike_P"]},{"cards_removed":["Injury"],"damage_healed":0,"gold_gain":0,"player_choice":"Forget","damage_taken":0,"max_hp_gain":0,"max_hp_loss":0,"event_name":"Living Wall","floor":7,"gold_loss":0},{"cards_removed":["Panache"],"damage_healed":25,"gold_gain":0,"player_choice":"Offered Rare","damage_taken":0,"max_hp_gain":10,"max_hp_loss":0,"event_name":"Bonfire Elementals","floor":13,"gold_loss":0}],"is_beta":false,"boss_relics":[],"items_purged_floors":[12,12,12,12,12,12,12,12],"is_endless":false,"potions_floor_spawned":[6],"killed_by":"Gremlin Nob","ascension_level":10}}