{"host":"0fmi5fguj5lvt8pf","time":1614062831,"event":{"mods":["BaseMod","Colored Map","Curses Come First","Downfall","Minty Spire (QoL Compilation)","Permanent Neow","StSLib"],"gold_per_floor":[99,99,99,99,99,99,152,152,164,164,164,197,197,214,225,322,322,22,39,55,55,73,86,86,86,71,71,71,71,83,16,36,136,136,136,153,153,184,198,49,49,61,61,73,73,73,106,126,143,143,143,169,8,8,8,8,8,8],"floor_reached":56,"language":"ENG","playtime":3536,"items_purged":["bronze:BronzeOrb"],"score":674,"play_id":"97095fad-d601-4205-b5ab-0e9ccd528d81","local_time":"20210222224711","is_ascension_mode":false,"campfire_choices":[{"data":"bronze:Goto","floor":1,"key":"SMITH"},{"floor":10,"key":"RECALL"},{"data":"bronze:BugBarrage","floor":13,"key":"SMITH"},{"data":"bronze:ShipIt","floor":18,"key":"SMITH"},{"data":"bronze:InfiniteLoop","floor":25,"key":"SMITH"},{"data":"bronze:Replicate","floor":27,"key":"SMITH"},{"data":"bronze:Constructor","floor":29,"key":"SMITH"},{"data":"bronze:Library","floor":35,"key":"SMITH"},{"floor":46,"key":"REST"},{"floor":54,"key":"REST"}],"circlet_count":0,"master_deck":["bronze:Strike+1","bronze:Defend+1","bronze:Replicate+1","bronze:Goto+1","bronze:CutThrough+1","bronze:Overload+1","bronze:BugBarrage+1","bronze:InfiniteLoop+1","bronze:Branch","bronze:Branch","bronze:ShipIt+1","bronze:WhirlingStrike","bronze:FollowUp+1","bronze:Constructor+1","bronze:Format+1","bronze:BugBarrage+1","bronze:Library+1","bronze:MaxOutput","bronze:Library+1","bronze:GetLatest+1","bronze:ForceShield+1","bronze:OilSpill+1","bronze:Philosophize+1"],"relics":["bronze:BronzeCore","downfall:HeartsMalice","Spirit Poop","Pantograph","Empty Cage","downfall:HeartBlessingRed","downfall:HeartBlessingGreen","downfall:HeartBlessingBlue","Regal Pillow","Black Star","Membership Card","War Paint","Lantern","Sling","Vajra","Bottled Lightning","Question Card","Omamori","hexamod:CandleOfCauterizing","Boot","Nunchaku","Bronze Scales"],"acts_visited":["Exordium","TheCity","TheBeyond","TheEnding"],"potions_floor_usage":[16,26,26,26,26,26,26,33,33,47,47,50,50,56,56,56],"damage_taken":[{"damage":0,"enemies":"Jaw Worm","floor":2,"turns":1},{"damage":0,"enemies":"2 Louse","floor":3,"turns":1},{"damage":0,"enemies":"Small Slimes","floor":4,"turns":1},{"damage":1,"enemies":"Exordium Wildlife","floor":9,"turns":2},{"damage":36,"enemies":"Lagavulin","floor":12,"turns":4},{"damage":0,"enemies":"3 Louse","floor":14,"turns":2},{"damage":0,"enemies":"Lots of Slimes","floor":15,"turns":3},{"damage":16,"enemies":"WA_ARCHETYPE_RETAIN","floor":16,"turns":4},{"damage":1,"enemies":"Shell Parasite","floor":19,"turns":3},{"damage":3,"enemies":"downfall:LooterAlt2","floor":20,"turns":3},{"damage":13,"enemies":"Cultist and Chosen","floor":22,"turns":4},{"damage":10,"enemies":"Centurion and Healer","floor":23,"turns":4},{"damage":0,"enemies":"downfall:FleeingMerchant","floor":26,"turns":4},{"damage":4,"enemies":"3 Cultists","floor":30,"turns":4},{"damage":0,"enemies":"downfall:FleeingMerchant","floor":31,"turns":4},{"damage":0,"enemies":"Snake Plant","floor":32,"turns":5},{"damage":60,"enemies":"SI_MIRROR_ARCHETYPE","floor":33,"turns":12},{"damage":5,"enemies":"Orb Walker","floor":36,"turns":4},{"damage":0,"enemies":"downfall:FleeingMerchant","floor":38,"turns":1},{"damage":31,"enemies":"3 Shapes","floor":39,"turns":3},{"damage":5,"enemies":"Jaw Worm Horde","floor":42,"turns":3},{"damage":15,"enemies":"Maw","floor":44,"turns":5},{"damage":0,"enemies":"Nemesis","floor":47,"turns":3},{"damage":10,"enemies":"4 Shapes","floor":48,"turns":3},{"damage":4,"enemies":"Spire Growth","floor":49,"turns":3},{"damage":35,"enemies":"DF_ARCHETYPE_ORBS","floor":50,"turns":6},{"damage":38,"enemies":"downfall:CharBossMerchant","floor":52,"turns":6},{"damage":58,"enemies":"downfall:NeowBoss","floor":55,"turns":11},{"damage":59,"enemies":"downfall:NeowBossFinal","floor":56,"turns":8}],"seed_played":"2140612112856603156","potions_obtained":[{"floor":12,"key":"GamblersBrew"},{"floor":14,"key":"BlessingOfTheForge"},{"floor":15,"key":"EssenceOfSteel"},{"floor":16,"key":"bronze:BuildAFunctionPotion"},{"floor":21,"key":"EntropicBrew"},{"floor":30,"key":"Block Potion"},{"floor":32,"key":"SkillPotion"},{"floor":36,"key":"sneckomod:MuddlingPotion"},{"floor":39,"key":"EssenceOfSteel"},{"floor":42,"key":"champ:CounterPotion"},{"floor":49,"key":"bronze:BurnAndBuffPotion"},{"floor":52,"key":"SkillPotion"}],"is_trial":false,"path_per_floor":["R","M","M","M","?","?","T","?","M","R","?","E","R","M","M","B",null,"R","M","M","?","M","M","T","R","$","R","?","R","M","$","M","B",null,"R","M","?","$","M","$","T","M","?","M","T","R","E","M","M","B",null,"E","$","R","B","B"],"character_chosen":"THE_AUTOMATON","items_purchased":["bronze:BugBarrage","Membership Card","War Paint","Lantern","Sling","Vajra","Bronze Scales","Strength Potion","FearPotion"],"campfire_rested":2,"item_purchase_floors":[31,38,38,38,40,40,53,53,53],"current_hp_per_floor":[70,70,70,70,70,70,70,70,69,69,69,33,33,33,33,42,70,80,79,76,76,63,53,53,53,53,53,53,53,49,49,49,14,80,80,75,67,67,36,36,36,31,31,16,16,55,55,45,41,31,80,42,42,80,22,0,0,0],"gold":8,"neow_bonus":"THREE_ENEMY_KILL","is_daily":false,"chose_seed":false,"campfire_upgraded":7,"win_rate":0.0,"timestamp":1614062831,"path_taken":["R","M","M","M","?","?","T","?","?","R","?","E","R","M","M","BOSS","R","M","?","?","M","?","T","R","$","R","?","R","M","$","M","BOSS","R","M","?","?","M","$","T","M","?","?","?","R","E","M","M","BOSS","E","$","R","BOSS","BOSS"],"items_purchased_type":["Card","Relic","Relic","Relic","Relic","Relic","Relic","Potion","Potion"],"build_version":"2020-12-22","purchased_purges":1,"victory":false,"max_hp_per_floor":[70,70,70,70,70,70,70,70,70,70,70,70,70,70,70,70,70,80,80,80,80,80,80,80,80,80,80,80,80,80,80,80,80,80,80,80,80,80,80,80,80,80,80,80,80,80,80,80,80,80,80,80,80,80,80,80,80,80],"card_choices":[{"not_picked":["bronze:WhirlingStrike","bronze:BitShift"],"picked":"bronze:CutThrough","floor":2},{"not_picked":["bronze:Fortify","bronze:ItsAFeature"],"picked":"bronze:Overload","floor":3},{"not_picked":["bronze:Deprecate","bronze:Iterate"],"picked":"bronze:BugBarrage","floor":4},{"not_picked":["bronze:Overheat","bronze:DelayedGuard"],"picked":"bronze:InfiniteLoop","floor":9},{"not_picked":["bronze:BitShift","bronze:WhirlingStrike"],"picked":"bronze:BronzeOrb","floor":12},{"not_picked":["bronze:Branch","bronze:Overheat","bronze:OilSpill"],"picked":"SKIP","floor":14},{"not_picked":["bronze:Overheat","bronze:OilSpill"],"picked":"bronze:Branch","floor":14},{"not_picked":["bronze:OilSpill","bronze:FineTuning"],"picked":"bronze:Branch","floor":15},{"not_picked":["bronze:Assembly","bronze:Mutator"],"picked":"bronze:ShipIt","floor":16},{"not_picked":["bronze:Overheat","bronze:Turbo+1"],"picked":"bronze:WhirlingStrike","floor":19},{"not_picked":["bronze:NullPointer+1","bronze:ForLoop"],"picked":"bronze:FollowUp+1","floor":20},{"not_picked":["bronze:FineTuning+1","bronze:Separator","bronze:Turbo"],"picked":"SKIP","floor":22},{"not_picked":["bronze:Iterate+1","bronze:Deprecate+1","bronze:DelayedGuard+1"],"picked":"SKIP","floor":23},{"not_picked":["bronze:Iterate+1","bronze:NullPointer","bronze:ClassDefault"],"picked":"SKIP","floor":26},{"not_picked":["bronze:Frontload","bronze:CloningBeam","bronze:Optimize"],"picked":"SKIP","floor":30},{"not_picked":["bronze:NullPointer","bronze:ForceShield"],"picked":"bronze:Format","floor":31},{"not_picked":["bronze:WhirlingStrike","bronze:DelayedSlice","bronze:Optimize"],"picked":"SKIP","floor":32},{"not_picked":["bronze:Verify","bronze:CleanCode"],"picked":"bronze:Library","floor":33},{"not_picked":["bronze:Iterate","bronze:Fortify","bronze:FineTuning"],"picked":"SKIP","floor":36},{"not_picked":["bronze:FineTuning+1","bronze:Return","bronze:ChosenStrike+1"],"picked":"SKIP","floor":38},{"not_picked":["bronze:Invalidate+1","bronze:WildBeam","bronze:Overheat"],"picked":"SKIP","floor":39},{"not_picked":["bronze:BronzeOrb+1","bronze:Philosophize+1"],"picked":"bronze:MaxOutput","floor":42},{"not_picked":["bronze:Overload","bronze:Overheat+1"],"picked":"bronze:GetLatest+1","floor":44},{"not_picked":["bronze:Terminator","bronze:FollowUp","bronze:BitShift"],"picked":"bronze:ForceShield+1","floor":47},{"not_picked":["bronze:Frontload+1","bronze:WildBeam+1","bronze:Refactor","bronze:OilSpill"],"picked":"SKIP","floor":48},{"not_picked":["bronze:DelayedGuard","bronze:Constructor+1","bronze:WhirlingStrike+1"],"picked":"bronze:OilSpill+1","floor":49},{"not_picked":["bronze:WhirlingStrike","bronze:InfiniteBeams+1","bronze:Return+1"],"picked":"bronze:Philosophize+1","floor":52}],"player_experience":1514706,"relics_obtained":[{"floor":12,"key":"Pantograph"},{"floor":24,"key":"Regal Pillow"},{"floor":41,"key":"Bottled Lightning"},{"floor":45,"key":"Question Card"},{"floor":47,"key":"Omamori"},{"floor":47,"key":"hexamod:CandleOfCauterizing"},{"floor":52,"key":"Boot"},{"floor":52,"key":"Nunchaku"}],"event_choices":[{"cards_removed":["bronze:Strike"],"damage_healed":0,"gold_gain":0,"player_choice":"Card Removal","damage_taken":0,"max_hp_gain":0,"max_hp_loss":0,"event_name":"The Cleric","floor":5,"gold_loss":0},{"cards_removed":["downfall:Malfunctioning"],"damage_healed":0,"gold_gain":0,"player_choice":"Offered Curse","damage_taken":0,"relics_obtained":["Spirit Poop"],"max_hp_gain":0,"max_hp_loss":0,"event_name":"Bonfire Elementals","floor":11,"gold_loss":0},{"damage_healed":0,"gold_gain":0,"player_choice":"Got Potions","damage_taken":0,"max_hp_gain":0,"max_hp_loss":0,"event_name":"Lab","floor":21,"gold_loss":0}],"is_beta":false,"boss_relics":[{"not_picked":["bronze:PlatinumCore","Busted Crown"],"picked":"Empty Cage"},{"not_picked":["Pandora\u0027s Box","Runic Dome"],"picked":"Black Star"}],"items_purged_floors":[53],"is_endless":false,"potions_floor_spawned":[12,14,15,16,22,30,32,36,39,42,44,49,52],"killed_by":"downfall:NeowBossFinal","ascension_level":0}}