{"host":"17xjy7b7ubl548g2","time":1614056069,"event":{"mods":["2.2 Compatiblity","Act Like it!","Aspiration","Astrologer","Bard","BaseMod","Challenge The Spire","ChefMod","Colored Map","Colored Powertips","Conspire","Elementarium","Energized Spire","Gensokyo","GifTheSpireLib","Halation","Hallownest","Hermit","Hubris","Infinite Spire","Jedi Mod","Jorbs\u0027s Wanderer Trilogy","Marisa（霧雨　魔理沙）","Marked Mod","Menagerie","Minty Spire (QoL Compilation)","Permanent Neow","Reliquary","Replay The Spire","Robot Space Explorer","Ruina","Shapeshifter Mod","Spicy Shops","Spire Arcade","StSLib","Stuff the Spire","The Blue Laboratory","The Bug Knight","The Construct","The Disciple","The Hayseed","The Hierophant","The Marked","The Runesmith","The Sage","TheFirefly"],"gold_per_floor":[110,125,75,95,20,20,49,49,49,60,78,88,88,114,114,213,213,230,230,78,97,30,30,59,402,402,402,445,462,462,518,518,518,518],"floor_reached":33,"language":"ENG","playtime":2044,"items_purged":["Strike_MRS","Voices"],"score":544,"play_id":"a673d40a-7ddc-4903-934f-1118ce60031c","local_time":"20210222235429","is_ascension_mode":true,"campfire_choices":[{"data":"MasterSpark","floor":6.0,"key":"SMITH"},{"data":"FinalSpark","floor":8.0,"key":"SMITH"},{"data":"UnstableBomb","floor":15.0,"key":"SMITH"},{"data":"Blind","floor":23.0,"key":"SMITH"},{"data":"OortCloud","floor":27,"key":"SMITH"},{"data":"PowerUp","floor":30,"key":"SMITH"},{"data":"GalacticHalo","floor":32,"key":"SMITH"}],"circlet_count":0,"master_deck":["AscendersBane","Strike_MRS","Strike_MRS","Strike_MRS","Defend_MRS","Defend_MRS","Defend_MRS","Defend_MRS","MasterSpark+1","UpSweep","Blind+1","UnstableBomb+1","EnergyFlow","Gensokyo:BlessingOfConstitution+1","DoubleSpark","FinalSpark+1","PowerUp+1","GalacticHalo+1","DoubleSpark","MagicAbsorber","6A+1","Robbery","Robbery","Gensokyo:Shovel","GasGiant+1","OortCloud+1"],"relics":["MiniHakkero","aspiration:ChemicalBlood","StuffTheSpire:ForceGauntlet","hubris:MedicalManual","Snecko Eye","Gensokyo:RedStar","ReplayTheSpireMod:CursedCoin","PreservedInsect","Mummified Hand","Anchor","Replay:Wax Seal"],"acts_visited":["Exordium","Gensokyo:Gensokyo"],"potions_floor_usage":[24,25,31,31,33],"damage_taken":[{"damage":4.0,"enemies":"Gensokyo:Python","floor":1.0,"turns":3.0},{"damage":0.0,"enemies":"Gensokyo:2_Kodama","floor":2.0,"turns":3.0},{"damage":1.0,"enemies":"Gensokyo:Gryphon","floor":4.0,"turns":4.0},{"damage":8.0,"enemies":"Gensokyo:Cirno","floor":7.0,"turns":5.0},{"damage":10.0,"enemies":"Gensokyo:Python_and_Kodama","floor":10.0,"turns":4.0},{"damage":7.0,"enemies":"Gensokyo:VengefulSpirit","floor":11.0,"turns":3.0},{"damage":3.0,"enemies":"Gensokyo:2_Rabbits","floor":12.0,"turns":4.0},{"damage":0.0,"enemies":"Gensokyo:Aya","floor":14.0,"turns":2.0},{"damage":21.0,"enemies":"Gensokyo:Yukari","floor":16.0,"turns":4.0},{"damage":0.0,"enemies":"Gensokyo:Chomper","floor":18.0,"turns":1.0},{"damage":13.0,"enemies":"Gensokyo:3_Dogs","floor":21.0,"turns":3.0},{"damage":18,"enemies":"Gensokyo:Slime_Group","floor":24,"turns":2},{"damage":0,"enemies":"Gensokyo:Reisen","floor":25,"turns":4},{"damage":0,"enemies":"Gensokyo:Wraith","floor":28,"turns":4},{"damage":0,"enemies":"Gensokyo:Monolith_and_Dog","floor":29,"turns":1},{"damage":16,"enemies":"Nightmare","floor":31,"turns":9},{"damage":0,"enemies":"Gensokyo:Eiki","floor":33,"turns":2}],"seed_played":"-689488701730394455","potions_obtained":[{"floor":4.0,"key":"PowerPotion"},{"floor":7.0,"key":"Flashbang"},{"floor":12.0,"key":"SteroidPotion"},{"floor":21.0,"key":"Explosive Potion"},{"floor":29,"key":"Block Potion"},{"floor":31,"key":"Doom Potion"}],"is_trial":false,"path_per_floor":["M","M","?","M","$","R","E","R","T","M","M","M","?","E","R","B",null,"M","?","$","M","COS","R","M","E","T","R","M","M","R","NM","R","B"],"character_chosen":"MARISA","items_purchased":["ReplayTheSpireMod:CursedCoin","PreservedInsect","Robbery"],"campfire_rested":0,"item_purchase_floors":[20,20,20],"current_hp_per_floor":[64,64,64,63,63,63,55,55,55,45,38,35,35,35,35,14,60,60,60,60,47,47,47,29,29,29,29,29,29,29,13,13,13,13],"gold":518,"neow_bonus":"RANDOM_COLORLESS","is_daily":false,"chose_seed":false,"campfire_upgraded":7,"win_rate":0.0,"timestamp":1614056069,"path_taken":["M","M","?","M","$","R","E","R","T","M","M","M","?","E","R","BOSS","M","?","?","M","COS","R","?","E","T","R","M","M","R","NM","R","BOSS"],"items_purchased_type":["Relic","Relic","Card"],"build_version":"2020-12-22","purchased_purges":2,"victory":false,"max_hp_per_floor":[75,75,75,75,75,75,75,75,75,75,75,75,75,75,75,75,75,75,75,75,75,75,75,75,75,75,75,75,75,75,75,75,38,38],"card_choices":[{"not_picked":["hubris:Ssssneak","Replay:Bootleg Shield Generator"],"picked":"Blind","floor":0.0},{"not_picked":["WitchLeyline","MysteriousBeam"],"picked":"UnstableBomb","floor":1.0},{"not_picked":["MysteriousBeam","PropBag"],"picked":"EnergyFlow","floor":2.0},{"not_picked":["RefractionSpark","MysteriousBeam"],"picked":"DoubleSpark","floor":4.0},{"not_picked":["ShootTheMoon","DarkMatter"],"picked":"FinalSpark","floor":7.0},{"not_picked":["ManaConvection","GravityBeat"],"picked":"PowerUp","floor":10.0},{"not_picked":["SporeBomb","MachineGunSpark"],"picked":"GalacticHalo","floor":11.0},{"not_picked":["WitchLeyline","SprinkleStarSeal"],"picked":"DoubleSpark","floor":12.0},{"not_picked":["GalacticHalo","BlazeAway"],"picked":"MagicAbsorber","floor":14.0},{"not_picked":["WitchOfGreed","UnstableBomb"],"picked":"6A+1","floor":18.0},{"not_picked":["Acceleration","PropBag","FairyDestructionRay"],"picked":"SKIP","floor":21.0},{"not_picked":["ShootTheMoon","DarkSpark"],"picked":"GasGiant+1","floor":24},{"not_picked":["WitchOfGreed+1","GasGiant+1"],"picked":"OortCloud","floor":25},{"not_picked":["MachineGunSpark","DarkSpark+1","RefractionSpark"],"picked":"SKIP","floor":28},{"not_picked":["MachineGunSpark","DarkSpark+1","IllusionStar+1"],"picked":"SKIP","floor":29},{"not_picked":["GravityBeat","StarDustReverie","ShootingEcho"],"picked":"SKIP","floor":31}],"player_experience":2251909,"relics_obtained":[{"floor":7.0,"key":"aspiration:ChemicalBlood"},{"floor":9.0,"key":"StuffTheSpire:ForceGauntlet"},{"floor":14.0,"key":"hubris:MedicalManual"},{"floor":25,"key":"Mummified Hand"},{"floor":26,"key":"Anchor"},{"floor":31,"key":"Replay:Wax Seal"}],"event_choices":[],"is_beta":false,"boss_relics":[{"not_picked":["hubris:ScarierMask","Ring of Chaos"],"picked":"Snecko Eye"}],"items_purged_floors":[5,20],"is_endless":false,"potions_floor_spawned":[4,7,12,21,29,31],"killed_by":"Gensokyo:Eiki","ascension_level":11}}