{"host":"d2gh6suihlstufn7","time":1614065476,"event":{"mods":["AchievementEnabler","BaseMod","Colored Map","Colored Powertips","Minty Spire (QoL Compilation)","Permanent Neow","Quick Restart","StSLib","SuperFastMode"],"gold_per_floor":[110,123,123,123,133,133,165,184,211,211,225,239,239,257,257,356,356,369,383,67,84,84,84],"floor_reached":22,"language":"KOR","playtime":751,"items_purged":["Strike_R"],"score":190,"play_id":"b5d1a727-0d98-4f4e-9410-161f4b396977","local_time":"20210223163116","is_ascension_mode":false,"campfire_choices":[{"data":"Juggernaut","floor":6.0,"key":"SMITH"},{"data":"Metallicize","floor":13.0,"key":"SMITH"},{"data":"Armaments","floor":15.0,"key":"SMITH"}],"circlet_count":0,"master_deck":["Strike_R","Strike_R","Strike_R","Strike_R","Defend_R","Defend_R","Defend_R","Defend_R","Bash","Juggernaut+1","Entrench","Shrug It Off","Armaments+1","Evolve","Spot Weakness","Metallicize+1","Feed"],"relics":["Burning Blood","Anchor","Blood Vial","Juzu Bracelet","Snecko Eye","Self Forming Clay"],"acts_visited":["Exordium","TheCity"],"potions_floor_usage":[],"damage_taken":[{"damage":5.0,"enemies":"Cultist","floor":1.0,"turns":4.0},{"damage":5.0,"enemies":"2 Louse","floor":2.0,"turns":4.0},{"damage":0.0,"enemies":"Small Slimes","floor":5.0,"turns":5.0},{"damage":15.0,"enemies":"Lagavulin","floor":7.0,"turns":8.0},{"damage":14.0,"enemies":"Exordium Thugs","floor":8.0,"turns":5.0},{"damage":3.0,"enemies":"Lots of Slimes","floor":11.0,"turns":5.0},{"damage":17.0,"enemies":"Looter","floor":12.0,"turns":4.0},{"damage":27.0,"enemies":"2 Fungi Beasts","floor":14.0,"turns":5.0},{"damage":41.0,"enemies":"Hexaghost","floor":16.0,"turns":11.0},{"damage":0.0,"enemies":"Spheric Guardian","floor":18.0,"turns":3.0},{"damage":50.0,"enemies":"3 Byrds","floor":19.0,"turns":6.0},{"damage":8.0,"enemies":"Snecko","floor":21.0,"turns":6.0},{"damage":0,"enemies":"Centurion and Healer","floor":22,"turns":1}],"seed_played":"5637420419149573262","potions_obtained":[{"floor":1.0,"key":"BloodPotion"},{"floor":5.0,"key":"PowerPotion"},{"floor":7.0,"key":"LiquidMemories"},{"floor":14.0,"key":"Swift Potion"},{"floor":21.0,"key":"GamblersBrew"}],"is_trial":false,"path_per_floor":["M","M","?","?","M","R","E","M","T","$","M","M","R","M","R","B",null,"M","M","$","M","M"],"character_chosen":"IRONCLAD","items_purchased":["Self Forming Clay"],"campfire_rested":0,"item_purchase_floors":[20],"current_hp_per_floor":[72,72,72,72,72,72,63,57,57,57,62,53,53,34,48,15,72,72,28,28,28,30,30],"gold":84,"neow_bonus":"THREE_RARE_CARDS","is_daily":false,"chose_seed":false,"campfire_upgraded":3,"win_rate":0.0,"timestamp":1614065476,"path_taken":["M","?","?","?","?","R","E","M","T","?","M","M","R","M","R","BOSS","M","M","$","M","M"],"items_purchased_type":["Relic"],"build_version":"2020-12-22","purchased_purges":1,"victory":false,"max_hp_per_floor":[72,72,72,72,72,72,72,72,72,72,72,72,72,72,72,72,72,72,72,72,72,72,72],"card_choices":[{"not_picked":["Reaper","Double Tap"],"picked":"Juggernaut","floor":0.0},{"not_picked":["Combust","Sword Boomerang"],"picked":"Entrench","floor":1.0},{"not_picked":["Havoc","Twin Strike"],"picked":"Shrug It Off","floor":2.0},{"not_picked":["Warcry","Seeing Red"],"picked":"Armaments","floor":5.0},{"not_picked":["Combust","Heavy Blade","Twin Strike"],"picked":"SKIP","floor":7.0},{"not_picked":["Flame Barrier","Anger"],"picked":"Evolve","floor":8.0},{"not_picked":["Iron Wave","Thunderclap"],"picked":"Spot Weakness","floor":11.0},{"not_picked":["Immolate","Shockwave"],"picked":"Metallicize","floor":12.0},{"not_picked":["Clash","Blood for Blood","Hemokinesis"],"picked":"SKIP","floor":14.0},{"not_picked":["Exhume","Reaper"],"picked":"Feed","floor":16.0},{"not_picked":["Armaments","Heavy Blade","Blood for Blood"],"picked":"SKIP","floor":18.0},{"not_picked":["Perfected Strike","Warcry","Pummel"],"picked":"SKIP","floor":19.0},{"not_picked":["Offering","Dark Embrace+1","Havoc+1"],"picked":"SKIP","floor":21.0}],"player_experience":162206,"relics_obtained":[{"floor":7.0,"key":"Blood Vial"},{"floor":9.0,"key":"Juzu Bracelet"}],"event_choices":[{"damage_healed":0.0,"max_hp_gain":0.0,"max_hp_loss":0.0,"gold_gain":0.0,"event_name":"Big Fish","player_choice":"Box","floor":3.0,"gold_loss":0.0,"damage_taken":0.0,"relics_obtained":["Anchor"],"cards_obtained":["Regret"]},{"cards_removed":["Regret"],"damage_healed":0.0,"max_hp_gain":0.0,"max_hp_loss":0.0,"gold_gain":0.0,"event_name":"Fountain of Cleansing","player_choice":"Removed Curses","floor":4.0,"gold_loss":0.0,"damage_taken":0.0}],"is_beta":false,"boss_relics":[{"not_picked":["Velvet Choker","Philosopher\u0027s Stone"],"picked":"Snecko Eye"}],"items_purged_floors":[20],"is_endless":false,"potions_floor_spawned":[1,5,7,14,21],"killed_by":"Centurion and Healer","ascension_level":0}}