{"host":"p5axfb00mxhraew6","time":1614052719,"event":{"mods":["100% Spire Juice","Abigail Mod","Act Like it!","BaseMod","CapriCore","Friendly Minions","GifTheSpireLib","Jedi Mod","KomeijiMod","MarisaÅiñ∂âJÅ@ñÇóùçπÅj","Minty Spire (QoL Compilation)","Prisma Mod","ReimuÅiîé??öÎÅj","RemiliaÅiÂQïƒ‰ª?Åj","SOSÅiézîb?îVéqÅj","StSLib","Td1madao Mod","The Alterego","The Immortal","The Problem Sleuth","Yakumo Yukari mod"],"gold_per_floor":[138,157,169,69,119,135,162,162,162,162,162,162],"floor_reached":11,"language":"ENG","playtime":327,"items_purged":[],"score":146,"play_id":"68fd2a78-d2eb-4915-8a18-0ffac6c3dad9","local_time":"20210223125839","is_ascension_mode":true,"campfire_choices":[{"data":"Observe_purple_2","floor":8,"key":"SMITH"},{"data":"WorldDissolvedintheRealm_purple","floor":10,"key":"SMITH"}],"circlet_count":0,"master_deck":["AscendersBane","AT_purpleEX","AT_purpleEX","AT_purpleEX","AT_purpleEX","Defend_purpleEX","Defend_purpleEX","Defend_purpleEX","Defend_purpleEX","Observe_purple_1","Observe_purple_2+1","MeetDecomposer_purple","DarkRealmRedLine_purple","StateErode_purple","Mirror_FourBoundary_purple","Charmbait_purple","WorldDissolvedintheRealm_purple+1","Shallow_ocean_purpleEX"],"relics":["Boundary_crack","Memoryfragments_purpleEX","NeowsBlessing","Juzu Bracelet"],"acts_visited":["Exordium"],"potions_floor_usage":[7,11],"damage_taken":[{"damage":0,"enemies":"Cultist","floor":1,"turns":1},{"damage":0,"enemies":"Small Slimes","floor":2,"turns":1},{"damage":0,"enemies":"2 Louse","floor":3,"turns":1},{"damage":0,"enemies":"Looter","floor":6,"turns":4},{"damage":38,"enemies":"Lagavulin","floor":7,"turns":8},{"damage":6,"enemies":"Gremlin Nob","floor":11,"turns":3}],"seed_played":"-3519768645934821865","potions_obtained":[{"floor":6,"key":"ZuzhouPotion:ReiMu"},{"floor":7,"key":"Regen Potion"}],"is_trial":false,"path_per_floor":["M","M","M","$","?","M","E","R","T","R","E"],"character_chosen":"Youkari","items_purchased":["Mirror_FourBoundary_purple","Charmbait_purple"],"campfire_rested":0,"item_purchase_floors":[4,4],"current_hp_per_floor":[60,60,60,60,54,55,17,17,17,17,20,20],"gold":162,"neow_bonus":"THREE_ENEMY_KILL","is_daily":false,"chose_seed":false,"campfire_upgraded":2,"win_rate":0.0,"timestamp":1614052719,"path_taken":["M","?","M","$","?","?","E","R","T","R","E"],"items_purchased_type":["Card","Card"],"build_version":"2020-12-22","purchased_purges":0,"victory":false,"max_hp_per_floor":[65,65,65,65,65,65,65,65,65,65,65,65],"card_choices":[{"not_picked":["Line_surface_state_purple","Realm_recovery_purpleEX"],"picked":"MeetDecomposer_purple","floor":1},{"not_picked":["Line_surface_state_purple","Realm_recovery_purpleEX"],"picked":"DarkRealmRedLine_purple","floor":2},{"not_picked":["Yakumo_Ran_purple","MeetDecomposer_purple"],"picked":"StateErode_purple","floor":3},{"not_picked":["Boundary_LightAndDark_purple","Fantasy_PerpetualMotionMachine_purple"],"picked":"WorldDissolvedintheRealm_purple","floor":6},{"not_picked":["Boundary_of_Extermination_purpleEX","StretchesForeverDream_purple"],"picked":"Shallow_ocean_purpleEX","floor":7}],"player_experience":1258341,"relics_obtained":[{"floor":7,"key":"Juzu Bracelet"}],"event_choices":[{"damage_healed":0,"gold_gain":50,"player_choice":"Touch","damage_taken":6,"max_hp_gain":0,"max_hp_loss":0,"event_name":"FaceTrader","floor":5,"gold_loss":0}],"is_beta":false,"boss_relics":[],"items_purged_floors":[],"is_endless":false,"potions_floor_spawned":[6,7],"killed_by":"Gremlin Nob","ascension_level":20}}