{"host":"y2nx07t75db4hs5p","time":1614094610,"event":{"mods":["Act Like it!","BaseMod","Gensokyo","Lobotomy","LobotomyExtend","Minty Spire (QoL Compilation)","StSLib"],"gold_per_floor":[361,376,390,390,405,405,417,417,442,475,475,475,492,517,529,642,654,684,696,708,412,424,471,483,483],"floor_reached":24,"language":"ZHS","playtime":894,"items_purged":[],"score":224,"play_id":"6e888d9e-485d-4dfd-ac43-63e2875cab7d","local_time":"20210223233650","is_ascension_mode":false,"campfire_choices":[],"circlet_count":0,"master_deck":["QueenOfHatred","SpecialBullet","SpecialBullet","SpecialBullet","SpecialBullet","SpecialBullet","SpecialBullet","SpecialBullet","SpecialBullet","DisciplinaryCode","SecurityCode","CentralCode","Lamp+5","PunishingBird","Logging+1","RedEyes","InformationCode","CENSORED_ego","Gensokyo:AllTheWorldsEvil"],"relics":["CogitoBucket","LetterFromLob","Smiling Mask","Moonlight_r","MagicBullet_r","HellTrain","MawBank","Cursed Key","Sling","Chemical X","Gensokyo:ConquerorOfFear","InTheNameOfLoveAndHate_r","Happy Flower"],"acts_visited":["Gensokyo:Gensokyo","Gensokyo:Gensokyoer"],"potions_floor_usage":[10,10],"damage_taken":[{"damage":0,"enemies":"Gensokyo:3_Fairies","floor":1,"turns":2},{"damage":1,"enemies":"Gensokyo:Gryphon","floor":2,"turns":3},{"damage":6,"enemies":"Gensokyo:2_Kodama","floor":3,"turns":2},{"damage":8,"enemies":"Gensokyo:CorruptedTreant","floor":5,"turns":2},{"damage":0,"enemies":"Gensokyo:LivingMonolith","floor":7,"turns":2},{"damage":10,"enemies":"Gensokyo:Aya","floor":10,"turns":3},{"damage":1,"enemies":"Gensokyo:2_Rabbits","floor":13,"turns":9},{"damage":3,"enemies":"Gensokyo:Cirno","floor":14,"turns":6},{"damage":27,"enemies":"Gensokyo:Kokoro","floor":16,"turns":9},{"damage":1,"enemies":"Gensokyo:CosmicMonolith","floor":18,"turns":3},{"damage":39,"enemies":"Gensokyo:Reisen","floor":23,"turns":7},{"damage":32,"enemies":"Gensokyo:2_Gloops","floor":24,"turns":6}],"seed_played":"2686932299347456432","potions_obtained":[{"floor":1,"key":"PowerPotion"},{"floor":2,"key":"Explosive Potion"},{"floor":5,"key":"Fire Potion"},{"floor":14,"key":"CultistPotion"},{"floor":18,"key":"SpeedPotion"}],"is_trial":false,"path_per_floor":["M","M","M","?","M","R","M","R","T","E","R","M","M","E","R","B",null,"M","?","?","COS","?","E","M"],"character_chosen":"Angela","items_purchased":[],"campfire_rested":0,"item_purchase_floors":[],"current_hp_per_floor":[63,63,63,57,63,63,63,63,63,63,63,27,40,51,51,38,66,66,66,66,66,66,42,0,0],"gold":483,"neow_bonus":"TWO_FIFTY_GOLD","is_daily":false,"chose_seed":false,"campfire_upgraded":0,"win_rate":0.0,"timestamp":1614094610,"path_taken":["M","M","?","?","M","R","M","R","T","E","R","M","M","E","R","BOSS","M","?","?","COS","?","E","M"],"items_purchased_type":[],"build_version":"2020-12-22","purchased_purges":0,"victory":false,"max_hp_per_floor":[63,63,63,63,63,63,63,63,63,63,63,66,66,66,66,66,66,66,66,66,66,66,66,66,66],"card_choices":[{"not_picked":["Lantern"],"picked":"Lamp","floor":1},{"not_picked":["CherryBlossom","Galaxy"],"picked":"SKIP","floor":2},{"not_picked":["Heaven","Horn"],"picked":"SKIP","floor":3},{"not_picked":["Discord","Lantern"],"picked":"SKIP","floor":5},{"not_picked":["Scarecrow","BeautyBeast"],"picked":"PunishingBird","floor":7},{"not_picked":["ScreamingWedge","SomewhereSpear"],"picked":"SKIP","floor":7},{"not_picked":["TodaysExpression"],"picked":"Logging","floor":10},{"not_picked":["Amita","Lantern"],"picked":"SKIP","floor":13},{"not_picked":["InTheNameOfLoveAndHate"],"picked":"RedEyes","floor":14},{"not_picked":["BigBadWolf","OldLady"],"picked":"QueenOfHatred","floor":16},{"not_picked":["GoldRush"],"picked":"CENSORED_ego","floor":16},{"not_picked":["Wingbeat+1","Noise"],"picked":"SKIP","floor":18},{"not_picked":["LaLuna","Scorched"],"picked":"Mercenary","floor":23},{"not_picked":["Soda","LifeForTheDareDevil"],"picked":"SKIP","floor":23}],"player_experience":320240,"relics_obtained":[{"floor":1,"key":"LetterFromLob"},{"floor":10,"key":"Smiling Mask"},{"floor":14,"key":"MawBank"},{"floor":23,"key":"Gensokyo:ConquerorOfFear"},{"floor":23,"key":"Happy Flower"}],"event_choices":[],"is_beta":false,"boss_relics":[{"not_picked":["Snecko Eye","Astrolabe"],"picked":"Cursed Key"}],"items_purged_floors":[],"is_endless":false,"potions_floor_spawned":[1,2,5,14,18],"killed_by":"Gensokyo:2_Gloops","ascension_level":0}}