{"host":"zsf7u5n6ehqeseos","time":1614079288,"event":{"mods":["AchievementEnabler","BaseMod","Colored Map","Colored Powertips","Googly Eyes","Minty Spire (QoL Compilation)"],"gold_per_floor":[116,191,208,218,20,20,20,20,20,20,39,55,65,123,123,227,227,242,242,258,54,70,70,84,84,107,107,22,22,22,22,22,117,117,134,154,154,205,25,25,25,25,25,79,90,13,13,33,33,33],"floor_reached":51,"language":"ENG","playtime":2240,"items_purged":[],"score":795,"play_id":"8439fdeb-7579-40b3-9997-5ee14a613bc8","local_time":"20210223122128","is_ascension_mode":true,"campfire_choices":[{"floor":6.0,"key":"DIG"},{"floor":8.0,"key":"DIG"},{"floor":10.0,"key":"DIG"},{"data":"Combust","floor":15.0,"key":"SMITH"},{"floor":25.0,"key":"DIG"},{"floor":27.0,"key":"DIG"},{"floor":29.0,"key":"DIG"},{"floor":32.0,"key":"REST"},{"floor":40,"key":"DIG"},{"floor":42,"key":"DIG"},{"floor":47,"key":"DIG"},{"floor":49,"key":"DIG"}],"circlet_count":0,"master_deck":["Strike_R","Strike_R","Strike_R","Strike_R","Strike_R","Defend_R","Defend_R","Defend_R","Defend_R","Bash","Pummel","Pummel","Heavy Blade+1","Perfected Strike","Feed+1","Limit Break","Flex","Combust+1","True Grit","Reaper","Infernal Blade+1","Hemokinesis+1","Cleave","Sword Boomerang","Trip","Spot Weakness","Immolate","Infernal Blade+1","Thunderclap+1","Flex","Rupture","Cleave","Heavy Blade+1","Fire Breathing+1","Sword Boomerang+1"],"relics":["Burning Blood","Shovel","Strawberry","HornCleat","Singing Bowl","Kunai","Ancient Tea Set","Mark of Pain","Boot","Whetstone","Bag of Preparation","Self Forming Clay","PreservedInsect","Lantern","Fusion Hammer","Champion Belt","Orrery","Omamori","Frozen Egg 2","Shuriken","MealTicket","Orichalcum","Mercury Hourglass"],"acts_visited":["Exordium","TheCity","TheBeyond"],"potions_floor_usage":[33,33,38],"damage_taken":[{"damage":3.0,"enemies":"Jaw Worm","floor":1.0,"turns":5.0},{"damage":0.0,"enemies":"2 Louse","floor":3.0,"turns":2.0},{"damage":6.0,"enemies":"Cultist","floor":4.0,"turns":3.0},{"damage":6.0,"enemies":"3 Louse","floor":11.0,"turns":3.0},{"damage":7.0,"enemies":"Exordium Wildlife","floor":12.0,"turns":4.0},{"damage":9.0,"enemies":"Red Slaver","floor":13.0,"turns":3.0},{"damage":21.0,"enemies":"3 Sentries","floor":14.0,"turns":6.0},{"damage":52.0,"enemies":"Hexaghost","floor":16.0,"turns":12.0},{"damage":14.0,"enemies":"Spheric Guardian","floor":18.0,"turns":4.0},{"damage":8.0,"enemies":"Shell Parasite","floor":20.0,"turns":3.0},{"damage":29.0,"enemies":"Snake Plant","floor":22.0,"turns":4.0},{"damage":4.0,"enemies":"Sentry and Sphere","floor":24.0,"turns":4.0},{"damage":60,"enemies":"Collector","floor":33,"turns":10},{"damage":12,"enemies":"Orb Walker","floor":35,"turns":2},{"damage":27,"enemies":"3 Shapes","floor":36,"turns":4},{"damage":37,"enemies":"2 Orb Walkers","floor":38,"turns":4},{"damage":9,"enemies":"Transient","floor":45,"turns":5},{"damage":6,"enemies":"3 Darklings","floor":48,"turns":3},{"damage":97,"enemies":"Donu and Deca","floor":50,"turns":8}],"seed_played":"-1839424256879346911","potions_obtained":[{"floor":4.0,"key":"Swift Potion"},{"floor":11.0,"key":"SneckoOil"},{"floor":12.0,"key":"Energy Potion"},{"floor":13.0,"key":"Regen Potion"},{"floor":20.0,"key":"GamblersBrew"},{"floor":24.0,"key":"Dexterity Potion"},{"floor":38,"key":"BloodPotion"},{"floor":45,"key":"SpeedPotion"}],"is_trial":false,"path_per_floor":["M","?","M","M","$","R","$","R","T","R","M","M","M","?","R","B",null,"M","?","M","$","M","?","M","R","T","R","?","R","?","$","R","B",null,"M","M","?","?","$","R","$","R","T","T","M","$","R","M","R","B",null],"character_chosen":"IRONCLAD","items_purchased":["Perfected Strike","Feed","Boot","Cleave","Flex","Orrery","Fire Breathing+1"],"campfire_rested":1,"item_purchase_floors":[5,5,21,21,39,39,46],"current_hp_per_floor":[59,48,54,54,54,61,61,61,61,61,64,63,60,63,63,17,93,88,88,86,86,63,56,62,62,62,62,62,62,43,43,73,39,101,97,86,86,80,86,86,86,86,86,86,90,105,105,105,105,14],"gold":33,"neow_bonus":"ONE_RARE_RELIC","is_daily":false,"chose_seed":false,"campfire_upgraded":1,"win_rate":0.0,"timestamp":1614079288,"path_taken":["M","?","M","M","$","R","$","R","T","R","M","M","M","?","R","BOSS","M","?","M","$","M","?","?","R","T","R","?","R","?","?","R","BOSS","M","M","?","?","$","R","?","R","T","?","?","$","R","M","R","BOSS"],"items_purchased_type":["Card","Card","Relic","Card","Card","Relic","Card"],"build_version":"2020-12-22","purchased_purges":0,"victory":true,"max_hp_per_floor":[80,80,80,80,80,87,87,87,87,87,90,90,90,93,93,93,93,93,93,93,93,93,93,96,96,96,96,96,96,101,101,101,101,101,103,107,102,106,112,112,112,112,112,112,112,112,112,112,112,112],"card_choices":[{"not_picked":["Headbutt","Warcry"],"picked":"Pummel","floor":1.0},{"not_picked":["Bloodletting","Clothesline"],"picked":"Pummel","floor":3.0},{"not_picked":["Dual Wield","Clothesline"],"picked":"Heavy Blade","floor":4.0},{"not_picked":["Rampage","Inflame"],"picked":"Limit Break","floor":11.0},{"not_picked":["Dropkick","Second Wind"],"picked":"Flex","floor":12.0},{"not_picked":["Armaments","Thunderclap"],"picked":"Combust","floor":13.0},{"not_picked":["Body Slam","Headbutt"],"picked":"True Grit","floor":14.0},{"not_picked":["Corruption","Berserk"],"picked":"Reaper","floor":16.0},{"not_picked":["Body Slam","Sever Soul"],"picked":"Infernal Blade+1","floor":18.0},{"not_picked":["Pummel","Evolve"],"picked":"Hemokinesis+1","floor":20.0},{"not_picked":["Power Through+1","True Grit"],"picked":"Sword Boomerang","floor":22.0},{"not_picked":["Sentinel+1","Bloodletting"],"picked":"Spot Weakness","floor":24.0},{"not_picked":["Feed","Juggernaut"],"picked":"Immolate","floor":33},{"not_picked":["Headbutt+1","Dual Wield","Perfected Strike+1"],"picked":"Singing Bowl","floor":35},{"not_picked":["Sentinel+1","Shrug It Off"],"picked":"Infernal Blade+1","floor":36},{"not_picked":["Flame Barrier+1","Rampage"],"picked":"Thunderclap+1","floor":38},{"not_picked":["Headbutt","Exhume","Carnage"],"picked":"Singing Bowl","floor":39},{"not_picked":["Pommel Strike","Havoc+1","Berserk"],"picked":"Singing Bowl","floor":39},{"not_picked":["Burning Pact","Wild Strike+1"],"picked":"Rupture","floor":39},{"not_picked":["Heavy Blade","Perfected Strike+1"],"picked":"Cleave","floor":39},{"not_picked":["Rampage","Entrench+1","Rage"],"picked":"Singing Bowl","floor":39},{"not_picked":["Clash+1","Sever Soul+1"],"picked":"Heavy Blade+1","floor":45},{"not_picked":["Flex","Pummel"],"picked":"Sword Boomerang+1","floor":48}],"player_experience":256026,"relics_obtained":[{"floor":6.0,"key":"Strawberry"},{"floor":8.0,"key":"HornCleat"},{"floor":9.0,"key":"Singing Bowl"},{"floor":10.0,"key":"Kunai"},{"floor":14.0,"key":"Ancient Tea Set"},{"floor":25.0,"key":"Whetstone"},{"floor":26.0,"key":"Bag of Preparation"},{"floor":27.0,"key":"Self Forming Clay"},{"floor":29.0,"key":"Lantern"},{"floor":38,"key":"Champion Belt"},{"floor":40,"key":"Omamori"},{"floor":42,"key":"Frozen Egg 2"},{"floor":43,"key":"Shuriken"},{"floor":44,"key":"MealTicket"},{"floor":47,"key":"Orichalcum"},{"floor":49,"key":"Mercury Hourglass"}],"event_choices":[{"damage_healed":0.0,"max_hp_gain":0.0,"max_hp_loss":0.0,"gold_gain":75.0,"event_name":"World of Goop","player_choice":"Gather Gold","floor":2.0,"gold_loss":0.0,"damage_taken":11.0},{"damage_healed":0.0,"max_hp_gain":0.0,"max_hp_loss":0.0,"gold_gain":0.0,"event_name":"Dead Adventurer","player_choice":"Searched \u00272\u0027 times","floor":14.0,"gold_loss":0.0,"damage_taken":0.0},{"damage_healed":0.0,"max_hp_gain":0.0,"max_hp_loss":0.0,"gold_gain":0.0,"event_name":"Ghosts","player_choice":"Ignored","floor":19.0,"gold_loss":0.0,"damage_taken":0.0},{"damage_healed":0.0,"max_hp_gain":0.0,"max_hp_loss":0.0,"gold_gain":0.0,"event_name":"Knowing Skull","player_choice":"POTION CARD POTION ","floor":23.0,"potions_obtained":["BloodPotion","SpeedPotion"],"gold_loss":0.0,"damage_taken":25.0,"cards_obtained":["Trip"]},{"damage_healed":0.0,"max_hp_gain":0.0,"max_hp_loss":0.0,"gold_gain":0.0,"event_name":"Knowing Skull","player_choice":"POTION CARD POTION ","floor":23.0,"potions_obtained":["BloodPotion","SpeedPotion"],"gold_loss":0.0,"damage_taken":25.0,"cards_obtained":["Trip"]},{"damage_healed":0.0,"max_hp_gain":0.0,"max_hp_loss":0.0,"gold_gain":0.0,"event_name":"Addict","player_choice":"Obtained Relic","floor":28.0,"gold_loss":85.0,"damage_taken":0.0,"relics_obtained":["PreservedInsect"]},{"damage_healed":0.0,"max_hp_gain":5.0,"max_hp_loss":0.0,"gold_gain":0.0,"event_name":"Forgotten Altar","player_choice":"Shed Blood","floor":30.0,"gold_loss":0.0,"damage_taken":24.0},{"damage_healed":0,"gold_gain":0,"player_choice":"Max HP","damage_taken":0,"max_hp_gain":0,"max_hp_loss":5,"event_name":"Winding Halls","floor":37,"gold_loss":0},{"damage_healed":0,"gold_gain":0,"player_choice":"Fight","damage_taken":0,"max_hp_gain":0,"max_hp_loss":0,"event_name":"Mysterious Sphere","floor":38,"gold_loss":0}],"is_beta":false,"boss_relics":[{"not_picked":["Runic Cube","Velvet Choker"],"picked":"Mark of Pain"},{"not_picked":["Coffee Dripper","Cursed Key"],"picked":"Fusion Hammer"}],"items_purged_floors":[],"is_endless":false,"potions_floor_spawned":[4,11,12,13,20,24,38,45],"ascension_level":3}}