{"host":"l5zfpd2l2htson6l","time":1614061748,"event":{"mods":["AchievementEnabler","BaseMod","Colored Map","Colored Powertips","Minty Spire (QoL Compilation)","Permanent Neow","Quick Restart","Rare Cards Sparkle","Relic Stats","SuperFastMode"],"gold_per_floor":[114,34,44,44,63,89,89,89,89,89,89],"floor_reached":10,"language":"ENG","playtime":193,"items_purged":[],"score":132,"play_id":"3d19e4b1-ffb1-4442-beee-f91413c83490","local_time":"20210222222908","is_ascension_mode":true,"campfire_choices":[{"floor":7,"key":"REST"}],"circlet_count":0,"master_deck":["AscendersBane","Strike_R","Strike_R","Strike_R","Strike_R","Strike_R","Defend_R","Defend_R","Defend_R","Defend_R","Bash","Anger","Headbutt","Ghostly Armor","Twin Strike","Metallicize","Blood for Blood"],"relics":["Burning Blood","Pantograph","Bag of Marbles"],"acts_visited":["Exordium"],"potions_floor_usage":[6],"damage_taken":[{"damage":9,"enemies":"Jaw Worm","floor":1,"turns":3},{"damage":4,"enemies":"2 Louse","floor":3,"turns":3},{"damage":9,"enemies":"Small Slimes","floor":5,"turns":4},{"damage":40,"enemies":"Lagavulin","floor":6,"turns":9},{"damage":32,"enemies":"Gremlin Nob","floor":10,"turns":3}],"seed_played":"-7229370870114089189","potions_obtained":[{"floor":3,"key":"Block Potion"},{"floor":5,"key":"ElixirPotion"}],"is_trial":false,"path_per_floor":["M","$","M","?","M","E","R","?","T","E"],"character_chosen":"IRONCLAD","items_purchased":["Ghostly Armor"],"campfire_rested":1,"item_purchase_floors":[2],"current_hp_per_floor":[65,65,67,72,69,35,59,24,24,0,0],"gold":89,"neow_bonus":"THREE_CARDS","is_daily":false,"chose_seed":false,"campfire_upgraded":0,"win_rate":0.0,"timestamp":1614061748,"path_taken":["M","$","M","?","M","E","R","?","T","E"],"items_purchased_type":["Card"],"build_version":"2020-12-22","purchased_purges":0,"victory":false,"max_hp_per_floor":[75,75,75,80,80,80,80,80,80,80,80],"relic_stats":{"counters":[5,22],"Pantograph":0,"obtain_stats":[{"Pantograph":6,"Bag of Marbles":8,"Burning Blood":0},{"Pantograph":4,"Bag of Marbles":4,"Burning Blood":0},{"Pantograph":19,"Bag of Marbles":19,"Burning Blood":0}],"Burning Blood":24},"card_choices":[{"not_picked":["Entrench","Havoc"],"picked":"Anger","floor":0},{"not_picked":["Fire Breathing","Body Slam"],"picked":"Headbutt","floor":1},{"not_picked":["Anger","Warcry"],"picked":"Twin Strike","floor":3},{"not_picked":["Havoc","Sword Boomerang"],"picked":"Metallicize","floor":5},{"not_picked":["Seeing Red","Clash"],"picked":"Blood for Blood","floor":6}],"player_experience":945836,"relics_obtained":[{"floor":6,"key":"Pantograph"}],"event_choices":[{"damage_healed":0,"gold_gain":0,"player_choice":"Donut","damage_taken":0,"max_hp_gain":5,"max_hp_loss":0,"event_name":"Big Fish","floor":4,"gold_loss":0},{"damage_healed":0,"gold_gain":0,"player_choice":"Success","damage_taken":35,"relics_obtained":["Bag of Marbles"],"max_hp_gain":0,"max_hp_loss":0,"event_name":"Scrap Ooze","floor":8,"gold_loss":0}],"is_beta":false,"boss_relics":[],"items_purged_floors":[],"is_endless":false,"potions_floor_spawned":[3,5],"killed_by":"Gremlin Nob","ascension_level":20}}