{"host":"nb3r5a3er9rrnn3n","time":1614047847,"event":{"mods":["BaseMod","Colored Map","Downfall","Minty Spire (QoL Compilation)","Relic Stats","Spire Arcade","StSLib"],"gold_per_floor":[99,114,18,118,130,130,157,169,169,0,10,22,22,47,58,159,159,59,69,69,82,103,122,202,234,293,306,332,381,381,162,180,274,274,74,90,127,147,147,34,34,59,59,68,100,100,100,164,201,231,231,283,59,59,110,147],"floor_reached":57,"language":"ENG","playtime":4874,"items_purged":[],"score":1356,"play_id":"ad45304d-fcb2-4a77-87f9-1810ff60b4b5","local_time":"20210223133727","is_ascension_mode":true,"campfire_choices":[{"data":"1","floor":1,"key":"LIFT"},{"data":"2","floor":6,"key":"LIFT"},{"data":"3","floor":9,"key":"LIFT"},{"floor":13,"key":"RECALL"},{"data":"sneckomod:UnlimitedRolls","floor":18,"key":"SMITH"},{"data":"sneckomod:UnendingSupply","floor":35,"key":"SMITH"},{"data":"expansioncontent:StudyTheSpire","floor":43,"key":"SMITH"},{"floor":47,"key":"REST"}],"circlet_count":0,"master_deck":["sneckomod:TailWhip+1","sneckomod:SnekBite+1","sneckomod:Unknown+1","sneckomod:Unknown+1","sneckomod:ImprovisedGuard+1","sneckomod:Rotation+1","sneckomod:PureSnecko+1","sneckomod:RainOfDice+1","sneckomod:MixItUp+1","sneckomod:UnendingSupply+1","sneckomod:WideSting+1","sneckomod:QuickBite+1","sneckomod:SoulRoll+1","sneckomod:QuickMove+1","sneckomod:UnlimitedRolls+1","sneckomod:UnknownBoss+1","sneckomod:GlitteringGambit+1","sneckomod:Cheat+1","sneckomod:ImprovisedAttack+1","sneckomod:UnknownBoss+1","sneckomod:SlitherStrike+1","sneckomod:MixItUp+1","sneckomod:SoulCleanse+1","sneckomod:UnknownVulnerable+1","sneckomod:SoulDraw+1","sneckomod:SoulRoll+1","sneckomod:CheapStock+1","sneckomod:GlitteringGambit+1","Indignation+1","sneckomod:QuickBite+1","Slimebound:CheckThePlaybook+1","sneckomod:WideSting+1","expansioncontent:StudyTheSpire+1","sneckomod:UnknownWeak+1","sneckomod:SerpentMind+1","sneckomod:RainOfDice+1","sneckomod:Unknown1Cost+1","sneckomod:QuickMove+1","sneckomod:SoulCleanse+1","sneckomod:MixItUp+1","sneckomod:SnakeSap+1","sneckomod:UnknownBlock+1","sneckomod:UnknownClassGREEN+1","sneckomod:SoulRoll+1","champ:Endure+1"],"relics":["sneckomod:SneckoSoul","Girya","hexamod:BolsterEngine","Lantern","Pandora\u0027s Box","Centennial Puzzle","Question Card","Mercury Hourglass","Sundial","bronze:MakeshiftBattery","Gambling Chip","ClockworkSouvenir","Du-Vu Doll","MealTicket","Molten Egg 2","Bird Faced Urn","Thread and Needle","Whetstone"],"acts_visited":["Exordium","TheCity","TheBeyond","TheEnding"],"potions_floor_usage":[16,22,22,22,22,22,25,26,33,33,33,48,50,50,50,55,56],"damage_taken":[{"damage":1,"enemies":"Jaw Worm","floor":2,"turns":3},{"damage":0,"enemies":"downfall:FleeingMerchant","floor":3,"turns":4},{"damage":6,"enemies":"Cultist","floor":5,"turns":3},{"damage":0,"enemies":"Small Slimes","floor":8,"turns":3},{"damage":8,"enemies":"downfall:FleeingMerchant","floor":10,"turns":4},{"damage":7,"enemies":"Gremlin Gang","floor":11,"turns":4},{"damage":0,"enemies":"3 Louse","floor":12,"turns":1},{"damage":12,"enemies":"3 Sentries","floor":14,"turns":6},{"damage":8,"enemies":"Exordium Thugs","floor":15,"turns":4},{"damage":37,"enemies":"DF_ARCHETYPE_STREAMLINE","floor":16,"turns":9},{"damage":0,"enemies":"Spheric Guardian","floor":19,"turns":3},{"damage":4,"enemies":"Shell Parasite","floor":21,"turns":2},{"damage":0,"enemies":"Shelled Parasite and Fungi","floor":22,"turns":3},{"damage":20,"enemies":"Book of Stabbing","floor":23,"turns":4},{"damage":0,"enemies":"Snake Plant","floor":25,"turns":2},{"damage":1,"enemies":"Slavers","floor":26,"turns":3},{"damage":0,"enemies":"Centurion and Healer","floor":27,"turns":5},{"damage":12,"enemies":"Gremlin Leader","floor":28,"turns":4},{"damage":7,"enemies":"Snecko","floor":29,"turns":3},{"damage":15,"enemies":"downfall:FleeingMerchant","floor":31,"turns":4},{"damage":3,"enemies":"Sentry and Sphere","floor":32,"turns":2},{"damage":12,"enemies":"SI_MIRROR_ARCHETYPE","floor":33,"turns":4},{"damage":0,"enemies":"3 Darklings","floor":36,"turns":2},{"damage":12,"enemies":"Orb Walker","floor":37,"turns":4},{"damage":7,"enemies":"3 Darklings","floor":38,"turns":3},{"damage":0,"enemies":"downfall:FleeingMerchant","floor":40,"turns":2},{"damage":28,"enemies":"Giant Head","floor":42,"turns":6},{"damage":19,"enemies":"Writhing Mass","floor":44,"turns":3},{"damage":21,"enemies":"Reptomancer","floor":45,"turns":4},{"damage":9,"enemies":"Giant Head","floor":48,"turns":3},{"damage":9,"enemies":"4 Shapes","floor":49,"turns":3},{"damage":9,"enemies":"IC_BLOCK_ARCHETYPE","floor":50,"turns":1},{"damage":14,"enemies":"downfall:CharBossMerchant","floor":52,"turns":4},{"damage":27,"enemies":"downfall:NeowBoss","floor":55,"turns":8},{"damage":22,"enemies":"downfall:NeowBossFinal","floor":56,"turns":5}],"seed_played":"8511123445157124602","potions_obtained":[{"floor":8,"key":"FearPotion"},{"floor":14,"key":"bronze:BurnAndBuffPotion"},{"floor":15,"key":"sneckomod:MuddlingPotion"},{"floor":16,"key":"DistilledChaos"},{"floor":19,"key":"Strength Potion"},{"floor":22,"key":"DuplicationPotion"},{"floor":28,"key":"Regen Potion"},{"floor":33,"key":"SneckoOil"},{"floor":38,"key":"champ:CounterPotion"},{"floor":44,"key":"PowerPotion"},{"floor":48,"key":"FairyPotion"},{"floor":49,"key":"PowerPotion"},{"floor":52,"key":"Ancient Potion"}],"is_trial":false,"path_per_floor":["R","M","$","?","M","R","T","M","R","$","M","M","R","E","M","B",null,"R","M","?","M","M","E","T","M","E","M","E","M","?","$","M","B",null,"R","M","M","M","?","$","T","E","R","M","E","?","R","E","M","B",null,"E","$","R","B","B",null],"character_chosen":"THE_SNECKO","items_purchased":["sneckomod:PureSnecko","sneckomod:RainOfDice","hexamod:BolsterEngine","expansioncontent:StudyTheSpire","sneckomod:MuddlingPotion","Gambling Chip","ClockworkSouvenir","DuplicationPotion","Whetstone"],"campfire_rested":1,"item_purchase_floors":[3,3,10,31,31,40,40,53,53],"current_hp_per_floor":[81,80,80,80,74,74,74,74,74,66,59,59,59,47,39,2,81,81,81,81,77,77,57,57,57,56,56,44,37,37,22,19,7,73,83,83,71,64,63,63,63,40,40,31,10,10,31,27,38,39,78,64,78,78,76,60],"gold":147,"neow_bonus":"ONE_RARE_RELIC","is_daily":false,"chose_seed":false,"campfire_upgraded":3,"win_rate":0.0,"timestamp":1614047847,"path_taken":["R","M","$","?","M","R","T","?","R","$","M","M","R","E","M","BOSS","R","M","?","M","M","E","T","?","E","M","E","M","?","?","M","BOSS","R","M","M","M","?","$","T","E","R","M","E","?","R","E","M","BOSS","E","$","R","BOSS","BOSS"],"items_purchased_type":["Card","Card","Relic","Card","Potion","Relic","Relic","Potion","Relic"],"build_version":"2020-12-22","purchased_purges":0,"victory":true,"max_hp_per_floor":[81,81,81,81,81,81,81,81,81,81,81,81,81,81,81,81,81,81,81,81,81,81,81,81,81,81,81,81,81,73,73,73,73,73,83,83,83,83,83,83,83,83,83,83,83,73,73,78,78,78,78,78,78,78,78,78],"relic_stats":{"Centennial Puzzle":[51],"counters":[35,127],"Sundial":[4],"Gambling Chip":[10],"Bird Faced Urn":[36],"Pandora\u0027s Box":["sneckomod:UnknownBoss","sneckomod:GlitteringGambit","sneckomod:Cheat","sneckomod:ImprovisedAttack","sneckomod:UnknownBoss","sneckomod:SlitherStrike"],"MealTicket":14,"Whetstone":[],"Question Card":18,"obtain_stats":[{"Girya":0,"Lantern":14,"downfall:HeartBlessingRed":18,"downfall:HeartBlessingGreen":35,"Thread and Needle":52,"Whetstone":53,"sneckomod:SneckoSoul":0,"Question Card":24,"Mercury Hourglass":26,"ClockworkSouvenir":40,"Du-Vu Doll":41,"Centennial Puzzle":23,"Sundial":28,"downfall:HeartBlessingBlue":35,"Gambling Chip":40,"Bird Faced Urn":48,"Pandora\u0027s Box":17,"MealTicket":42,"Molten Egg 2":45,"hexamod:BolsterEngine":10,"bronze:MakeshiftBattery":34},{"Girya":0,"Lantern":8,"downfall:HeartBlessingRed":10,"downfall:HeartBlessingGreen":22,"Thread and Needle":33,"Whetstone":33,"sneckomod:SneckoSoul":0,"Question Card":14,"Mercury Hourglass":16,"ClockworkSouvenir":26,"Du-Vu Doll":26,"Centennial Puzzle":14,"Sundial":18,"downfall:HeartBlessingBlue":22,"Gambling Chip":26,"Bird Faced Urn":30,"Pandora\u0027s Box":10,"MealTicket":27,"Molten Egg 2":29,"hexamod:BolsterEngine":5,"bronze:MakeshiftBattery":22},{"Girya":0,"Lantern":28,"downfall:HeartBlessingRed":41,"downfall:HeartBlessingGreen":79,"Thread and Needle":114,"Whetstone":114,"sneckomod:SneckoSoul":0,"Question Card":53,"Mercury Hourglass":58,"ClockworkSouvenir":90,"Du-Vu Doll":90,"Centennial Puzzle":53,"Sundial":67,"downfall:HeartBlessingBlue":79,"Gambling Chip":90,"Bird Faced Urn":106,"Pandora\u0027s Box":41,"MealTicket":96,"Molten Egg 2":103,"hexamod:BolsterEngine":17,"bronze:MakeshiftBattery":79}],"Mercury Hourglass":[228]},"card_choices":[{"not_picked":["sneckomod:MasterEye","sneckomod:UnknownCommonSkill"],"picked":"sneckomod:ImprovisedGuard","floor":2},{"not_picked":["sneckomod:SoulRoll","sneckomod:UnknownExhaust"],"picked":"sneckomod:Rotation","floor":3},{"not_picked":["sneckomod:Unknown2Cost","sneckomod:IronFang"],"picked":"sneckomod:MixItUp","floor":5},{"not_picked":["sneckomod:Nope","sneckomod:IronFang"],"picked":"sneckomod:Memorize","floor":8},{"not_picked":["sneckomod:UnknownCommonSkill","sneckomod:Unknown0Cost"],"picked":"sneckomod:UnendingSupply","floor":10},{"not_picked":["sneckomod:MasterEye","sneckomod:UnknownBlock"],"picked":"sneckomod:WideSting","floor":11},{"not_picked":["sneckomod:UnknownBlock","sneckomod:SnekBeam"],"picked":"sneckomod:QuickBite","floor":12},{"not_picked":["sneckomod:SoulDraw","sneckomod:DiceBlock"],"picked":"sneckomod:SoulRoll","floor":14},{"not_picked":["sneckomod:UnknownX","sneckomod:UnknownBlock"],"picked":"sneckomod:QuickMove","floor":15},{"not_picked":["sneckomod:UnknownRarePower","sneckomod:MorePower"],"picked":"sneckomod:UnlimitedRolls","floor":16},{"not_picked":["sneckomod:IronFang","sneckomod:UnknownStrike"],"picked":"sneckomod:UnknownClassPURPLE+1","floor":19},{"not_picked":["sneckomod:DiceBoulder","sneckomod:UnknownClassTHE_CHAMP_GRAY"],"picked":"sneckomod:SoulCleanse+1","floor":21},{"not_picked":["sneckomod:UnknownClassPURPLE","sneckomod:SoulRoll","sneckomod:DiceBlock"],"picked":"SKIP","floor":22},{"not_picked":["sneckomod:UnknownColorless","sneckomod:PureSnecko"],"picked":"sneckomod:UnknownVulnerable","floor":23},{"not_picked":["sneckomod:DefensiveFlair","sneckomod:UnknownUncommonAttack","sneckomod:UnknownCommonSkill"],"picked":"sneckomod:SoulDraw","floor":25},{"not_picked":["sneckomod:UnknownClassTHE_CHAMP_GRAY","sneckomod:Cheat","sneckomod:DiceBlock"],"picked":"sneckomod:SoulRoll+1","floor":26},{"not_picked":["sneckomod:UnknownClassPURPLE+1","sneckomod:UnknownDraw","sneckomod:Unknown0Cost+1"],"picked":"sneckomod:CheapStock","floor":27},{"not_picked":["sneckomod:UnknownDraw","sneckomod:Memorize+1","sneckomod:UnknownClassTHE_CHAMP_GRAY"],"picked":"sneckomod:GlitteringGambit","floor":28},{"not_picked":["sneckomod:DiceBlock","sneckomod:Unknown0Cost","sneckomod:SoulRoll"],"picked":"sneckomod:QuickBite+1","floor":29},{"not_picked":["sneckomod:PureSnecko+1","sneckomod:ImprovisedAttack","sneckomod:Memorize"],"picked":"sneckomod:WideSting+1","floor":31},{"not_picked":["sneckomod:UnknownCommonSkill","sneckomod:UnknownDexterity","sneckomod:Nope+1"],"picked":"sneckomod:UnknownWeak+1","floor":32},{"not_picked":["sneckomod:Transmogrify","sneckomod:Restock","sneckomod:UnknownRarePower"],"picked":"sneckomod:SerpentMind","floor":33},{"not_picked":["sneckomod:UnknownCommonAttack","sneckomod:QuickBite+1","sneckomod:CheapStock"],"picked":"sneckomod:UnknownUncommonSkill+1","floor":36},{"not_picked":["sneckomod:Unknown1Cost","sneckomod:UnknownClassPURPLE","sneckomod:SnekBeam"],"picked":"sneckomod:RainOfDice","floor":37},{"not_picked":["sneckomod:Memorize+1","sneckomod:QuickMove","sneckomod:UnknownClassPURPLE+1"],"picked":"sneckomod:Unknown1Cost+1","floor":38},{"not_picked":["sneckomod:UnknownClassGREEN","sneckomod:UnknownClassTHE_CHAMP_GRAY+1","sneckomod:UnknownCommonSkill"],"picked":"sneckomod:QuickMove+1","floor":40},{"not_picked":["sneckomod:DangerNoodle","sneckomod:UnendingSupply+1","sneckomod:UnknownVulnerable+1"],"picked":"sneckomod:SoulCleanse+1","floor":42},{"not_picked":["sneckomod:UnknownBlock+1","sneckomod:UnknownClassTHE_CHAMP_GRAY","sneckomod:UnknownStrike+1"],"picked":"sneckomod:MixItUp+1","floor":44},{"not_picked":["sneckomod:WideSting+1","sneckomod:UnknownDraw+1","sneckomod:DefensiveFlair"],"picked":"sneckomod:SnakeSap+1","floor":45},{"not_picked":["sneckomod:SerpentIdol","sneckomod:QuickMove","sneckomod:UnknownExhaust"],"picked":"sneckomod:UnknownBlock+1","floor":48},{"not_picked":["sneckomod:PureSnecko+1","sneckomod:QuickBite+1","sneckomod:UnknownStrength"],"picked":"sneckomod:UnknownClassGREEN+1","floor":49},{"not_picked":["sneckomod:UnknownRareAttack+1","sneckomod:UnknownUncommonAttack+1","sneckomod:UnknownClassTHE_CHAMP_GRAY"],"picked":"sneckomod:SoulRoll+1","floor":52}],"player_experience":2057868,"relics_obtained":[{"floor":14,"key":"Lantern"},{"floor":23,"key":"Centennial Puzzle"},{"floor":24,"key":"Question Card"},{"floor":26,"key":"Mercury Hourglass"},{"floor":28,"key":"Sundial"},{"floor":41,"key":"Du-Vu Doll"},{"floor":42,"key":"MealTicket"},{"floor":45,"key":"Molten Egg 2"},{"floor":48,"key":"Bird Faced Urn"},{"floor":52,"key":"Thread and Needle"}],"event_choices":[],"is_beta":false,"boss_relics":[{"not_picked":["Sozu","Runic Pyramid"],"picked":"Pandora\u0027s Box"},{"not_picked":["Runic Dome","SacredBark"],"picked":"bronze:MakeshiftBattery"}],"items_purged_floors":[],"is_endless":false,"potions_floor_spawned":[8,14,15,16,19,22,23,28,33,38,44,48,49,52],"ascension_level":1}}