{"host":"szp1d6dso4pv7ddl","time":1614040396,"event":{"mods":["AchievementEnabler","Alarm Clock","BaseMod","Bestiary","Block Reminder","Colored Map","Colored Powertips","Curses Come First","Dark Map","Displayed Cursed Tome","Highlight Path","Minty Spire (QoL Compilation)","Permanent Neow","Quick Restart","Relic Sorter","Relic Stats","StSLib","Synergy Search"],"gold_per_floor":[114,39,39,39,49,49,63,77,77,77,97,97,5,5,5,100,100,85,0,0,100,119,119,132,132,132,32,52,52,63,75,75,75,75],"floor_reached":33,"language":"ENG","playtime":783,"items_purged":["Defend_R","Strike_R"],"score":237,"play_id":"dc9da5ab-e4f3-4aca-b560-c00479170e01","local_time":"20210222163316","is_ascension_mode":false,"campfire_choices":[{"data":"Bash","floor":6.0,"key":"SMITH"},{"data":"Strike_R","floor":10.0,"key":"SMITH"},{"data":"Strike_R","floor":12.0,"key":"SMITH"},{"data":"Defend_R","floor":15.0,"key":"SMITH"},{"floor":23,"key":"REST"},{"data":"Strike_R","floor":25,"key":"SMITH"},{"floor":32,"key":"REST"}],"circlet_count":0,"master_deck":["Strike_R+1","Strike_R+1","Defend_R+1","Defend_R+1","Bash+1","Flash of Steel+1","Bloodletting"],"relics":["Burning Blood","Mummified Hand","SacredBark","Eternal Feather","Frozen Egg 2"],"acts_visited":["Exordium","TheCity"],"potions_floor_usage":[16,18,31,33,33],"damage_taken":[{"damage":7.0,"enemies":"Small Slimes","floor":1.0,"turns":3.0},{"damage":6.0,"enemies":"Cultist","floor":5.0,"turns":3.0},{"damage":4.0,"enemies":"2 Louse","floor":7.0,"turns":3.0},{"damage":19.0,"enemies":"Blue Slaver","floor":8.0,"turns":3.0},{"damage":8.0,"enemies":"Large Slime","floor":11.0,"turns":5.0},{"damage":40,"enemies":"Hexaghost","floor":16,"turns":11},{"damage":14,"enemies":"2 Thieves","floor":18,"turns":4},{"damage":26,"enemies":"Shell Parasite","floor":22,"turns":4},{"damage":24,"enemies":"Snake Plant","floor":24,"turns":5},{"damage":20,"enemies":"Cultist and Chosen","floor":28,"turns":4},{"damage":8,"enemies":"Centurion and Healer","floor":30,"turns":7},{"damage":26,"enemies":"Snake Plant","floor":31,"turns":3},{"damage":56,"enemies":"Collector","floor":33,"turns":4}],"seed_played":"2668321935136047833","potions_obtained":[{"floor":1.0,"key":"Dexterity Potion"},{"floor":7.0,"key":"Dexterity Potion"},{"floor":16,"key":"PowerPotion"},{"floor":18,"key":"Ancient Potion"},{"floor":22,"key":"Strength Potion"}],"is_trial":false,"path_per_floor":["M","$","?","$","M","R","M","M","T","R","M","R","$","?","R","B",null,"M","?","?","?","M","R","M","R","T","$","M","?","M","M","R","B"],"character_chosen":"IRONCLAD","items_purchased":["Flash of Steel"],"campfire_rested":2,"item_purchase_floors":[13],"current_hp_per_floor":[79,79,79,79,79,79,80,67,67,67,65,65,65,49,49,15,80,72,72,72,72,52,79,61,64,64,64,50,50,48,28,55,0,0],"gold":75,"neow_bonus":"REMOVE_CARD","is_daily":false,"chose_seed":false,"campfire_upgraded":5,"win_rate":0.0,"timestamp":1614040396,"path_taken":["M","$","?","$","M","R","M","M","T","R","M","R","?","?","R","BOSS","M","?","?","?","?","R","M","R","T","$","M","?","M","?","R","BOSS"],"items_purchased_type":["Card"],"build_version":"2020-12-22","purchased_purges":2,"victory":false,"max_hp_per_floor":[80,80,80,80,80,80,80,80,80,80,80,80,80,80,80,80,80,80,80,80,80,80,80,80,80,80,80,80,80,80,80,80,80,80],"relic_stats":{"counters":[13,59],"Mummified Hand":[2],"Eternal Feather":9,"obtain_stats":[{"Mummified Hand":9,"SacredBark":17,"Eternal Feather":19,"Frozen Egg 2":26,"Burning Blood":0},{"Mummified Hand":4,"SacredBark":6,"Eternal Feather":7,"Frozen Egg 2":9,"Burning Blood":0},{"Mummified Hand":12,"SacredBark":28,"Eternal Feather":32,"Frozen Egg 2":41,"Burning Blood":0}],"Burning Blood":71},"card_choices":[{"not_picked":["Infernal Blade","Flex","Sentinel"],"picked":"SKIP","floor":1.0},{"not_picked":["Clothesline","Headbutt","Perfected Strike"],"picked":"SKIP","floor":5.0},{"not_picked":["Warcry","Blood for Blood","Whirlwind"],"picked":"SKIP","floor":7.0},{"not_picked":["Fire Breathing","Limit Break","Twin Strike"],"picked":"SKIP","floor":8.0},{"not_picked":["Cleave","Pommel Strike","Combust"],"picked":"SKIP","floor":11.0},{"not_picked":["Armaments+1","Anger+1","Blood for Blood"],"picked":"SKIP","floor":18},{"not_picked":["Perfected Strike","Uppercut","Anger"],"picked":"SKIP","floor":22},{"not_picked":["Havoc+1","Disarm+1","Clash"],"picked":"SKIP","floor":24},{"not_picked":["Twin Strike+1","Flame Barrier+1","Perfected Strike"],"picked":"SKIP","floor":28},{"not_picked":["Havoc","Anger","Perfected Strike"],"picked":"SKIP","floor":30},{"not_picked":["True Grit+1","Body Slam","Clash"],"picked":"SKIP","floor":31}],"player_experience":1636846,"relics_obtained":[{"floor":9.0,"key":"Mummified Hand"},{"floor":26,"key":"Frozen Egg 2"}],"event_choices":[{"cards_removed":["Strike_R"],"damage_healed":0.0,"max_hp_gain":0.0,"max_hp_loss":0.0,"gold_gain":0.0,"event_name":"Bonfire Elementals","player_choice":"Offered Basic","floor":3.0,"gold_loss":0.0,"damage_taken":0.0},{"damage_healed":0.0,"max_hp_gain":0.0,"max_hp_loss":0.0,"gold_gain":0.0,"event_name":"Shining Light","player_choice":"Entered Light","floor":14.0,"gold_loss":0.0,"damage_taken":16.0,"cards_upgraded":["Defend_R","Flash of Steel"]},{"damage_healed":0,"gold_gain":0,"player_choice":"Obtained Relic","damage_taken":0,"relics_obtained":["Eternal Feather"],"max_hp_gain":0,"max_hp_loss":0,"event_name":"Addict","floor":19,"gold_loss":85},{"damage_healed":0,"gold_gain":0,"player_choice":"Ignored","damage_taken":0,"max_hp_gain":0,"max_hp_loss":0,"event_name":"Ghosts","floor":20,"gold_loss":0},{"damage_healed":0,"gold_gain":100,"player_choice":"Pray","damage_taken":0,"max_hp_gain":0,"max_hp_loss":0,"event_name":"Golden Shrine","floor":21,"gold_loss":0},{"damage_healed":0,"gold_gain":0,"cards_transformed":["Strike_R"],"player_choice":"Transformed","damage_taken":0,"max_hp_gain":0,"max_hp_loss":0,"event_name":"Transmorgrifier","floor":29,"gold_loss":0,"cards_obtained":["Bloodletting"]}],"is_beta":false,"boss_relics":[{"not_picked":["Calling Bell","Tiny House"],"picked":"SacredBark"}],"items_purged_floors":[2,27],"is_endless":false,"potions_floor_spawned":[1,7,16,18,22,24],"killed_by":"Collector","ascension_level":0}}