{"host":"lehbxtjrpalkmwwj","time":1614100127,"event":{"mods":["ATMod(°¢èªMod)","Aspiration","BaseMod","Challenge The Spire","Colored Map","Colored Powertips","Conspire","Dota2Spire","Energized Spire","Hunter ÁÔÈË","Minty Spire (QoL Compilation)","Quick Restart","Relic Stats","Reliquary","Replay The Spire","Spicy Shops","StSLib","TestMod","The Cursed","The IronCluck","The Poker Player","Waifu the Spire","Wide Potions","[IsaacMod]ÒÔÈö¼âËþ","¡¾ÒÅÎï¿¨ÅÆ¡¿REMEMod","É³µñ²ÄÖÊ°ümod","óô»ðÖ¸ÄÏ"],"gold_per_floor":[109,284,284,302,72,72,101,101,171,196,216,227,257,269,269,370,370,381,394,414,429,429,462,479,508,508,543,543,554,564,598,598,701,701,711,711,711,136,536,565,583,615,615,640,640,658,674,685,685,685,685,685,97,123,123,123],"floor_reached":55,"language":"ZHS","playtime":1712,"items_purged":[],"score":1701,"play_id":"1c76ec66-e66a-4892-a136-56d51b17aa0f","local_time":"20210224010847","is_ascension_mode":true,"campfire_choices":[{"floor":6.0,"key":"RECALL"},{"data":"REME_Flogging","floor":8.0,"key":"SMITH"},{"data":"EpicFetus","floor":15.0,"key":"SMITH"},{"data":"AT_FamilyPortrait","floor":28.0,"key":"SMITH"},{"data":"ReplayTheSpireMod:Faulty Equipment","floor":32.0,"key":"SMITH"}],"circlet_count":0,"master_deck":["AscendersBane","Strike_G+1","Strike_G+1","Strike_G+1","Strike_G+1","Defend_G+1","Defend_G+1","Defend_G+1","Defend_G+1","Defend_G+1","Survivor+1","Neutralize+1","EpicFetus+1","AT_FamilyPortrait+1","REME_Flogging+1","Blade Dance+1","Slice+1","Storm of Steel+1","Blade Dance+1","Replay:Poison Smokescreen+1","Prepared+1","REME_CopyPotion+1","Blade Dance+1","Wraith Form v2+1","Wraith Form v2+1","Crippling Poison+1","Deflect+1","Deflect+1","Poisoned Stab+1","Toxin Wave+1","ReplayTheSpireMod:Faulty Equipment+1","Terror+1","Prepared+1","Prepared+1","Doppelganger+1","Doppelganger+1","Backstab+1","Backstab+1","Sucker Punch+1","Accuracy+1","Sucker Punch+1","Corpse Explosion+1","Envenom+1","AT_WindFlip+1","AT_Desolate+1","Crow Ritual+1","Jack Of All Trades+1","Replay:Bootleg Shield Generator+1","Tools of the Trade+1","AT_TearsDenial+1","Dagger Spray+1","REME_LeechingPoison+1","REME_LeechingPoison+1","Hidden Blade+1","Noxious Fumes+1","Noxious Fumes+1","Noxious Fumes+1","ReplayTheSpireMod:Scrap Shanks+1","ReplayTheSpireMod:Scrap Shanks+1","Outmaneuver+1","Outmaneuver+1","Blade Dance+1","AT_Desolate+1","testmod-FightingIntention","BloodyBrimstone","Dark Shackles"],"relics":["Ring of the Snake","HushsDoor","testmod-TestBox","REME_ComplimentaryCards","PillsDrop","testmod-IWantAll","NeowsBlessing","Dota2Spire:EyeOfSkadi","reliquary:Stiletto","Dota2Spire:MagicBottle","Leech","reliquary:WeakTea","reliquary:RedCape","GuppysCollar","Dota2Spire:BattleFury","Ninja Scroll","Ancient Tea Set","Ginger","Basket Of Snakes","aspiration:Stabinomicon","Sozu","Succubus","reliquary:CitrusReamer","testmod-ObsoleteBoomerang","aspiration:ArtOfWarUpgrade","Dota2Spire:HeartOfTarrasque","Replay:Rubber Ducky","Mark of the Bloom","ReplayTheSpireMod:ShopPack","aspiration:Nostalgia","Replay:M_StaffOfTheSnake","conspire:DeflatedDodgeball","ReplayFunnel"],"acts_visited":["Exordium","TheCity","TheBeyond","TheEnding"],"potions_floor_usage":[],"damage_taken":[{"damage":0.0,"enemies":"Jaw Worm","floor":1.0,"turns":1.0},{"damage":0.0,"enemies":"Small Slimes","floor":4.0,"turns":1.0},{"damage":0.0,"enemies":"Lagavulin","floor":7.0,"turns":1.0},{"damage":1.0,"enemies":"Gremlin Nob","floor":10.0,"turns":3.0},{"damage":11.0,"enemies":"2 Louse","floor":11.0,"turns":2.0},{"damage":0.0,"enemies":"2 Fungi Beasts","floor":12.0,"turns":2.0},{"damage":20.0,"enemies":"Lagavulin","floor":13.0,"turns":4.0},{"damage":0.0,"enemies":"Exordium Wildlife","floor":14.0,"turns":1.0},{"damage":3.0,"enemies":"Hexaghost","floor":16.0,"turns":5.0},{"damage":0.0,"enemies":"3 Byrds","floor":18.0,"turns":2.0},{"damage":0.0,"enemies":"Spheric Guardian","floor":19.0,"turns":1.0},{"damage":5.0,"enemies":"Shelled Parasite and Fungi","floor":20.0,"turns":4.0},{"damage":6.0,"enemies":"Snake Plant","floor":21.0,"turns":4.0},{"damage":25.0,"enemies":"Slavers","floor":23.0,"turns":4.0},{"damage":0.0,"enemies":"Centurion and Healer","floor":24.0,"turns":2.0},{"damage":27.0,"enemies":"Book of Stabbing","floor":25.0,"turns":5.0},{"damage":3.0,"enemies":"Gremlin Leader","floor":27.0,"turns":3.0},{"damage":0.0,"enemies":"3 Cultists","floor":29.0,"turns":2.0},{"damage":1.0,"enemies":"Shelled Parasite and Fungi","floor":30.0,"turns":2.0},{"damage":3.0,"enemies":"Book of Stabbing","floor":31.0,"turns":3.0},{"damage":0.0,"enemies":"conspire:MysteriousRune","floor":33.0,"turns":3.0},{"damage":0.0,"enemies":"3 Shapes","floor":35.0,"turns":1.0},{"damage":0,"enemies":"Nemesis","floor":40,"turns":1},{"damage":0,"enemies":"Orb Walker","floor":41,"turns":1},{"damage":0,"enemies":"Giant Head","floor":42,"turns":2},{"damage":0,"enemies":"Nemesis","floor":44,"turns":1},{"damage":0,"enemies":"Sphere and 2 Shapes","floor":46,"turns":1},{"damage":0,"enemies":"Writhing Mass","floor":47,"turns":1},{"damage":0,"enemies":"Transient","floor":48,"turns":5},{"damage":0,"enemies":"Awakened One","floor":50,"turns":5},{"damage":0,"enemies":"Shield and Spear","floor":54,"turns":2},{"damage":47,"enemies":"The Heart","floor":55,"turns":3}],"seed_played":"-4669863804440241040","potions_obtained":[{"floor":1.0,"key":"testmod-TestPotion"},{"floor":7.0,"key":"Dota2Spire:HealingSalve"},{"floor":11.0,"key":"AttackPotion"},{"floor":14.0,"key":"Fruit Juice"},{"floor":16.0,"key":"Fire Potion"},{"floor":21.0,"key":"Poison Potion"},{"floor":25.0,"key":"DuplicationPotion"},{"floor":31.0,"key":"Elixir"}],"is_trial":false,"path_per_floor":["M","?","?","M","$","R","E","R","T","E","M","M","E","M","R","B",null,"M","M","M","M","?","E","M","E","T","E","R","M","M","E","R","B",null,"M","?","?","$","?","E","M","E","T","E","?","M","M","M","R","B",null,"R","$","E","B"],"character_chosen":"THE_SILENT","items_purchased":["Dota2Spire:EyeOfSkadi","reliquary:Stiletto","GuppysCollar","Succubus","Tools of the Trade","AT_TearsDenial","reliquary:CitrusReamer","Dagger Spray","ReplayTheSpireMod:ShopPack","aspiration:Nostalgia","conspire:DeflatedDodgeball","AT_Desolate+1"],"campfire_rested":0,"item_purchase_floors":[5,5,17,34,38,38,38,38,53,53,53,53],"current_hp_per_floor":[63,63,63,63,68,68,65,65,65,64,54,55,34,39,39,52,52,55,55,52,49,49,30,31,8,8,11,11,12,12,12,12,20,37,37,37,27,27,27,27,27,28,36,46,46,46,46,46,46,46,46,46,46,46,0,0],"gold":123,"neow_bonus":"THREE_ENEMY_KILL","is_daily":false,"chose_seed":false,"campfire_upgraded":4,"win_rate":0.0,"timestamp":1614100127,"path_taken":["M","?","?","M","?","R","E","R","T","E","M","?","E","M","R","BOSS","M","?","M","?","?","E","M","E","T","E","R","M","?","E","R","BOSS","M","?","?","$","?","E","?","E","T","E","?","M","M","M","R","BOSS","R","$","E","BOSS"],"items_purchased_type":["Relic","Relic","Relic","Relic","Card","Card","Relic","Card","Relic","Relic","Relic","Card"],"build_version":"2020-12-22","purchased_purges":0,"victory":false,"max_hp_per_floor":[70,70,70,65,70,70,65,65,65,65,65,60,60,65,65,65,52,55,55,55,55,55,55,55,55,55,58,58,58,58,58,58,58,43,43,43,43,43,43,38,38,38,46,46,46,46,46,46,46,46,46,46,46,46,46,46],"relic_stats":{"Sozu":3,"Mark of the Bloom":71,"counters":[32,78],"Ginger":[3],"obtain_stats":[{"ReplayFunnel":54,"Mark of the Bloom":45,"AT_ATBox":0,"testmod-IWantAll":0,"aspiration:Stabinomicon":31,"Ginger":26,"reliquary:RedCape":17,"Ancient Tea Set":25,"Leech":10,"Replay:Rubber Ducky":44,"Dota2Spire:MagicBottle":7,"Sozu":34,"Dota2Spire:EyeOfSkadi":5,"reliquary:CitrusReamer":38,"Ninja Scroll":23,"PillsDrop":0,"testmod-ObsoleteBoomerang":40,"aspiration:ArtOfWarUpgrade":52,"Succubus":34,"Ring of the Snake":0,"KeepersGift":0,"testmod-TestBox":0,"Replay:M_StaffOfTheSnake":53,"NeowsBlessing":0,"aspiration:Nostalgia":53,"Basket Of Snakes":27,"Dota2Spire:BattleFury":22,"Dota2Spire:HeartOfTarrasque":43,"reliquary:WeakTea":13,"reliquary:Stiletto":5,"Art of War":42,"conspire:DeflatedDodgeball":53,"HushsDoor":0,"GuppysCollar":17,"REME_ComplimentaryCards":0,"ReplayTheSpireMod:ShopPack":53},{"ReplayFunnel":31,"Mark of the Bloom":26,"AT_ATBox":0,"testmod-IWantAll":0,"aspiration:Stabinomicon":20,"Ginger":16,"reliquary:RedCape":9,"Ancient Tea Set":16,"Leech":4,"Replay:Rubber Ducky":26,"Dota2Spire:MagicBottle":3,"Sozu":21,"Dota2Spire:EyeOfSkadi":2,"reliquary:CitrusReamer":22,"Ninja Scroll":14,"PillsDrop":0,"testmod-ObsoleteBoomerang":23,"aspiration:ArtOfWarUpgrade":30,"Succubus":21,"Ring of the Snake":0,"KeepersGift":0,"testmod-TestBox":0,"Replay:M_StaffOfTheSnake":30,"NeowsBlessing":0,"aspiration:Nostalgia":30,"Basket Of Snakes":17,"Dota2Spire:BattleFury":13,"Dota2Spire:HeartOfTarrasque":25,"reliquary:WeakTea":7,"reliquary:Stiletto":2,"Art of War":25,"conspire:DeflatedDodgeball":30,"HushsDoor":0,"GuppysCollar":9,"REME_ComplimentaryCards":0,"ReplayTheSpireMod:ShopPack":30},{"ReplayFunnel":75,"Mark of the Bloom":61,"AT_ATBox":0,"testmod-IWantAll":0,"aspiration:Stabinomicon":52,"Ginger":42,"reliquary:RedCape":20,"Ancient Tea Set":42,"Leech":6,"Replay:Rubber Ducky":61,"Dota2Spire:MagicBottle":3,"Sozu":55,"Dota2Spire:EyeOfSkadi":2,"reliquary:CitrusReamer":56,"Ninja Scroll":35,"PillsDrop":0,"testmod-ObsoleteBoomerang":57,"aspiration:ArtOfWarUpgrade":73,"Succubus":55,"Ring of the Snake":0,"KeepersGift":0,"testmod-TestBox":0,"Replay:M_StaffOfTheSnake":73,"NeowsBlessing":0,"aspiration:Nostalgia":73,"Basket Of Snakes":45,"Dota2Spire:BattleFury":31,"Dota2Spire:HeartOfTarrasque":60,"reliquary:WeakTea":14,"reliquary:Stiletto":2,"Art of War":60,"conspire:DeflatedDodgeball":73,"HushsDoor":0,"GuppysCollar":20,"REME_ComplimentaryCards":0,"ReplayTheSpireMod:ShopPack":73}],"Ring of the Snake":[64]},"card_choices":[{"not_picked":[],"picked":"EpicFetus","floor":0.0},{"not_picked":["Deadly Poison","Finisher"],"picked":"Blade Dance","floor":1.0},{"not_picked":["Dagger Spray","AT_TinkerSharpsword"],"picked":"Slice","floor":4.0},{"not_picked":["Sneak Up","ReplayTheSpireMod:Scrap Shanks"],"picked":"Storm of Steel","floor":7.0},{"not_picked":["Eviscerate","Sucker Punch"],"picked":"Blade Dance","floor":10.0},{"not_picked":["Acrobatics","Deflect"],"picked":"Replay:Poison Smokescreen","floor":11.0},{"not_picked":["REME_SpectralBlade","Fluid Movement"],"picked":"Prepared","floor":12.0},{"not_picked":["ReplayTheSpireMod:Tripwire","Deflect"],"picked":"REME_CopyPotion","floor":13.0},{"not_picked":["Deflect","Underhanded Strike"],"picked":"Blade Dance","floor":14.0},{"not_picked":["Storm of Steel","AT_KingSlayer"],"picked":"Wraith Form v2","floor":16.0},{"not_picked":["Storm of Steel","AT_KingSlayer"],"picked":"Wraith Form v2","floor":16.0},{"not_picked":["Backflip","Poisoned Stab"],"picked":"Crippling Poison+1","floor":18.0},{"not_picked":["All Out Attack","Draining Mist"],"picked":"Deflect+1","floor":19.0},{"not_picked":["All Out Attack","Draining Mist"],"picked":"Deflect+1","floor":19.0},{"not_picked":["Choke","AT_WindFlip"],"picked":"Poisoned Stab","floor":20.0},{"not_picked":["Bane","Hidden Blade"],"picked":"Toxin Wave","floor":21.0},{"not_picked":["Footwork","Acrobatics"],"picked":"Terror","floor":23.0},{"not_picked":["Terror","ReplayTheSpireMod:Shiv Toss"],"picked":"Prepared+1","floor":24.0},{"not_picked":["Terror","ReplayTheSpireMod:Shiv Toss"],"picked":"Prepared+1","floor":24.0},{"not_picked":["AT_KingSlayer","Acrobatics"],"picked":"Doppelganger","floor":25.0},{"not_picked":["AT_KingSlayer","Acrobatics"],"picked":"Doppelganger","floor":25.0},{"not_picked":["Cloak And Dagger+1","Acrobatics"],"picked":"Backstab+1","floor":27.0},{"not_picked":["Cloak And Dagger+1","Acrobatics"],"picked":"Backstab+1","floor":27.0},{"not_picked":["Distraction","Reflex"],"picked":"Sucker Punch+1","floor":29.0},{"not_picked":["Sucker Punch","Prepared"],"picked":"Accuracy","floor":30.0},{"not_picked":["Deflect","Storm of Steel"],"picked":"Sucker Punch+1","floor":31.0},{"not_picked":["AT_EssenceShift","Envenom"],"picked":"Corpse Explosion","floor":33.0},{"not_picked":["AT_EssenceShift","Corpse Explosion"],"picked":"Envenom","floor":33.0},{"not_picked":["Bane","Backstab"],"picked":"AT_WindFlip+1","floor":35.0},{"not_picked":["testmod-Librarian","testmod-SelfRegulatingSystem"],"picked":"Crow Ritual","floor":37.0},{"not_picked":["testmod-LimitFlipper","BettingIsNotGood"],"picked":"Jack Of All Trades","floor":37.0},{"not_picked":["testmod-Collector","Survey Options"],"picked":"Replay:Bootleg Shield Generator","floor":37.0},{"not_picked":["Quick Slash","Dagger Throw+1"],"picked":"REME_LeechingPoison","floor":40},{"not_picked":["Quick Slash","Dagger Throw+1"],"picked":"REME_LeechingPoison","floor":40},{"not_picked":["Skewer","Bane"],"picked":"Hidden Blade+1","floor":41},{"not_picked":["Blur","Setup+1"],"picked":"Noxious Fumes","floor":42},{"not_picked":["Bane+1","Finisher+1"],"picked":"Noxious Fumes","floor":44},{"not_picked":["Bane+1","Finisher+1"],"picked":"Noxious Fumes","floor":44},{"not_picked":["Acrobatics+1","Bane+1"],"picked":"ReplayTheSpireMod:Scrap Shanks+1","floor":46},{"not_picked":["Acrobatics+1","Bane+1"],"picked":"ReplayTheSpireMod:Scrap Shanks+1","floor":46},{"not_picked":["AT_ShadowStep","Dodge and Roll"],"picked":"Outmaneuver+1","floor":47},{"not_picked":["AT_ShadowStep","Dodge and Roll"],"picked":"Outmaneuver+1","floor":47},{"not_picked":["Flying Knee+1","Cloak And Dagger+1"],"picked":"Blade Dance+1","floor":48},{"not_picked":["testmod-TreasureHunter","testmod-Wormhole"],"picked":"testmod-FightingIntention","floor":53},{"not_picked":["Finesse","Replay:Parry"],"picked":"BloodyBrimstone","floor":53},{"not_picked":["testmod-Mystery","Survey Options"],"picked":"Dark Shackles","floor":53},{"not_picked":["Dagger Throw","Outmaneuver","Accuracy"],"picked":"SKIP","floor":54}],"player_experience":216331,"relics_obtained":[{"floor":7.0,"key":"Dota2Spire:MagicBottle"},{"floor":10.0,"key":"Leech"},{"floor":13.0,"key":"reliquary:WeakTea"},{"floor":23.0,"key":"Ninja Scroll"},{"floor":25.0,"key":"Ancient Tea Set"},{"floor":26.0,"key":"Ginger"},{"floor":27.0,"key":"Basket Of Snakes"},{"floor":31.0,"key":"aspiration:Stabinomicon"},{"floor":40,"key":"testmod-ObsoleteBoomerang"},{"floor":42,"key":"Art of War"},{"floor":43,"key":"Dota2Spire:HeartOfTarrasque"},{"floor":44,"key":"Replay:Rubber Ducky"},{"floor":54,"key":"ReplayFunnel"}],"event_choices":[{"damage_healed":0.0,"max_hp_gain":0.0,"max_hp_loss":0.0,"gold_gain":175.0,"event_name":"Liars Game","player_choice":"AGREE","floor":2.0,"gold_loss":0.0,"damage_taken":0.0,"cards_obtained":["Doubt"]},{"cards_removed":["Doubt"],"damage_healed":0.0,"max_hp_gain":0.0,"max_hp_loss":0.0,"gold_gain":0.0,"event_name":"Living Wall","player_choice":"Forget","floor":3.0,"gold_loss":0.0,"damage_taken":0.0},{"damage_healed":0.0,"max_hp_gain":0.0,"max_hp_loss":0.0,"gold_gain":0.0,"cards_transformed":["Strike_G"],"event_name":"Transmorgrifier","player_choice":"Transformed","floor":36.0,"gold_loss":0.0,"damage_taken":0.0,"cards_obtained":["AT_Desolate"]},{"damage_healed":0.0,"max_hp_gain":0.0,"max_hp_loss":0.0,"gold_gain":0.0,"event_name":"SensoryStone","player_choice":"Memory 3","floor":37.0,"gold_loss":0.0,"damage_taken":10.0},{"damage_healed":0,"gold_gain":400,"player_choice":"Sell","damage_taken":0,"max_hp_gain":0,"max_hp_loss":0,"event_name":"¶÷ÂåË¹µÄÅÌ×Ó","floor":39,"relics_lost":["AT_ATBox"],"gold_loss":0},{"damage_healed":0,"gold_gain":0,"player_choice":"Upgrade","damage_taken":0,"relics_obtained":["Mark of the Bloom"],"max_hp_gain":0,"max_hp_loss":0,"event_name":"MindBloom","floor":45,"gold_loss":0,"cards_upgraded":["Strike_G","Strike_G","Strike_G","Strike_G","Defend_G","Defend_G","Defend_G","Defend_G","Defend_G","Survivor","Neutralize","Blade Dance","Slice","Storm of Steel","Blade Dance","Replay:Poison Smokescreen","Prepared","REME_CopyPotion","Blade Dance","Wraith Form v2","Wraith Form v2","Poisoned Stab","Toxin Wave","Terror","Doppelganger","Doppelganger","Accuracy","Corpse Explosion","Envenom","AT_Desolate","Crow Ritual","Jack Of All Trades","Replay:Bootleg Shield Generator","Tools of the Trade","AT_TearsDenial","Dagger Spray","REME_LeechingPoison","REME_LeechingPoison","Noxious Fumes","Noxious Fumes","Noxious Fumes"]}],"is_beta":false,"boss_relics":[{"not_picked":["testmod-Fanaticism","aspiration:IroncladSkillbook"],"picked":"reliquary:RedCape"},{"not_picked":[]},{"not_picked":["Ring of Chaos","conspire:RoyalGoblet"],"picked":"Sozu"},{"not_picked":[]}],"items_purged_floors":[],"is_endless":false,"potions_floor_spawned":[1,7,11,13,14,16,19,21,23,25,30,31,41,47,48],"killed_by":"The Heart","ascension_level":10}}