{"host":"h7xtspmc2x3i8s2i","time":1614075494,"event":{"mods":["2.2 Compatiblity","AchievementEnabler","Act Like it!","AlwaysNeverKeys","Aspiration","Astrologer","BaseMod","Bestiary","Better Altar","Better Match","Better Note","Better Sensory Stone","Better Skull","Better Third Choice","Better Vampires","Better-Laid Plans","Colored Map","Colored Powertips","Conjunction","Curses Come First","Defuse TimeMaze Blight","Dio Mod","Disable Question Mark Monsters","Dota2Spire","Downfall","EXCEPTION","Emptier Cage","Energized Spire","Evolution","Friendly Minions","GifTheSpireLib","Gold Saver","Gremlin Skip","Halation","Hubris","Hyrulean Relics","Jedi Mod","Key Reminder","Marked Mod","Minty Spire (QoL Compilation)","Permanent Neow","Potion Indicator Mod","Quick Restart","Random Character Button","Random Character Mod","Rare Cards Sparkle","Relic Filter","Relic Stats","Reliquary","Replay The Spire","SacredBarkPlus","Shop Mod","Smile Girya","Somnambulant","Spicy Shops","Spikes Relics","Spire Birthday Party","StSLib","Steal the Spire","Stuff the Spire","SuperFastMode","The Awakened One except there are too many feathers","The Blue Laboratory","The Cursed","The Death Knight","The Edgeheg","The Problem Sleuth","The Runesmith","The Wild Card","Trackpad","Transform Curses","Uncapped","Unceasing Turn Reminder","Virulent Crown","Wide Potions","everything is the same but u backflip on backflip","slay the spire mod where everything is the same but ironclad has a cowboy hat"],"gold_per_floor":[880,890,903,921,921,921,921,933,833,847,847,847,876,895,908,1011,1061,961,977,977,977,994,1008,1008,1018,1018,1018,1031,1031,1057,120,139,238,238,138,153,153,153,37,87,87,126,151,166,183,183,279,279,295,295,295,345,124,124,24,24],"floor_reached":57,"language":"ENG","playtime":2584,"items_purged":["Regret","Regret"],"score":1987,"play_id":"3f4f8f87-45fb-4cda-9d55-667d87450f7e","local_time":"20210223051814","is_ascension_mode":true,"campfire_choices":[{"floor":1,"key":"RECALL"},{"data":"TheCursedMod:CleanUpWorkshop","floor":9,"key":"SMITH"},{"data":"TheCursedMod:SurpriseAttack","floor":18,"key":"SMITH"},{"floor":29,"key":"REST"},{"data":"TheCursedMod:ManaCirculation","floor":35,"key":"SMITH"},{"data":"TheCursedMod:Evocation","floor":46,"key":"SMITH"},{"data":"TheCursedMod:HellfireBreathing","floor":54,"key":"SMITH"}],"circlet_count":0,"master_deck":["TheCursedMod:CleanUpWorkshop+1","TheCursedMod:CursedSpellbook+1","TheCursedMod:CursedArmor","TheCursedMod:SpitefulPlan+1","TheCursedMod:LuckyCharm+1","TheCursedMod:ShockAndAwe","TheCursedMod:CircleOfBlood","TheCursedMod:CircleOfFocus","TheCursedMod:CircleOfAmplification","TheCursedMod:VoidForm+1","TheCursedMod:SpitefulStrike","TheCursedMod:SurpriseAttack+1","TheCursedMod:CursedSpellbook","downfall:Malfunctioning","TheCursedMod:CircleOfAbyss","TheCursedMod:WearCloak","TheCursedMod:VoidForm","StuffTheSpire:Rapture","Pain","TheCursedMod:CircleOfWindfury+1","TheCursedMod:BlessingInDisguise","TheCursedMod:EmpowerCircles","TheCursedMod:Wield","TheCursedMod:SpitefulStrike+1","TheCursedMod:CircleOfAmplification","TheCursedMod:HellfireBreathing","Discovery","TheCursedMod:AbyssShockwave+1","TheCursedMod:ManaCirculation+1","TheCursedMod:Evocation+1","hubris:Greed","TheCursedMod:CursedSpellbook","TheCursedMod:CircleOfWindfury+1","ReplayTheSpireMod:Splinters","TheCursedMod:LuckyCharm","TheCursedMod:EmpowerCircles+1","TheCursedMod:WearCloak","TheCursedMod:Grudge","hubris:Greed","hubris:Greed","hubris:Greed","TheCursedMod:HellfireBreathing+1","hubris:Greed","hubris:Greed","hubris:Greed","hubris:Greed","hubris:Greed","hubris:Greed","hubris:Greed","hubris:Greed","hubris:Greed","hubris:Greed","hubris:Greed","hubris:Greed","hubris:Greed"],"relics":["TheCursedMod:OminousMark","EVO:Axolotl","Boot","StuffTheSpire:RedRose","trackpad:WondrousWand","downfall:HeartBlessingRed","Iron Hammer","downfall:HeartBlessingBlue","Shuriken","hubris:SphereOfDissonance","MerchantsRug","reliquary:Sod","trackpad:RapidFire","Sandwich","downfall:HeartBlessingGreen","Ring of Chaos","StuffTheSpire:GreaterSneckoEye","jedi:bottledfury","Vajra","reliquary:FingerTrap","Dota2Spire:Satanic","trackpad:BottledShadow","SnailShell","StuffTheSpire:Mouthbags","ReplayTheSpireMod:Shallot","StuffTheSpire:Barrel","trackpad:BiPhaseBiplane"],"acts_visited":["Exordium","TheCity","TheBeyond","TheEnding"],"potions_floor_usage":[4,4,13,13,16,25,30,32,50],"damage_taken":[{"damage":12,"enemies":"Small Slimes","floor":2,"turns":3},{"damage":0,"enemies":"Jaw Worm","floor":3,"turns":3},{"damage":0,"enemies":"2 Louse","floor":4,"turns":3},{"damage":10,"enemies":"2 Fungi Beasts","floor":8,"turns":2},{"damage":10,"enemies":"3 Louse","floor":10,"turns":3},{"damage":0,"enemies":"Lagavulin","floor":13,"turns":4},{"damage":23,"enemies":"Exordium Wildlife","floor":14,"turns":2},{"damage":15,"enemies":"downfall:LooterAlt","floor":15,"turns":2},{"damage":0,"enemies":"IC_STATUS_ARCHETYPE","floor":16,"turns":3},{"damage":4,"enemies":"Chosen","floor":19,"turns":3},{"damage":15,"enemies":"downfall:LooterAlt2","floor":22,"turns":6},{"damage":23,"enemies":"Snake Plant","floor":23,"turns":5},{"damage":11,"enemies":"Snecko","floor":25,"turns":4},{"damage":14,"enemies":"Shelled Parasite and Fungi","floor":28,"turns":3},{"damage":14,"enemies":"Book of Stabbing","floor":30,"turns":4},{"damage":16,"enemies":"downfall:FleeingMerchant","floor":31,"turns":4},{"damage":1,"enemies":"Centurion and Healer","floor":32,"turns":2},{"damage":6,"enemies":"WA_ARCHETYPE_CALM","floor":33,"turns":3},{"damage":5,"enemies":"3 Darklings","floor":36,"turns":4},{"damage":0,"enemies":"downfall:FleeingMerchant","floor":39,"turns":1},{"damage":0,"enemies":"downfall:FleeingMerchant","floor":40,"turns":2},{"damage":0,"enemies":"Giant Head","floor":42,"turns":2},{"damage":0,"enemies":"Orb Walker","floor":43,"turns":1},{"damage":0,"enemies":"Jaw Worm Horde","floor":44,"turns":1},{"damage":0,"enemies":"4 Shapes","floor":45,"turns":2},{"damage":0,"enemies":"Writhing Mass","floor":49,"turns":1},{"damage":0,"enemies":"DF_ARCHETYPE_ORBS","floor":50,"turns":6},{"damage":0,"enemies":"downfall:CharBossMerchant","floor":52,"turns":1},{"damage":0,"enemies":"downfall:NeowBoss","floor":55,"turns":3},{"damage":0,"enemies":"downfall:NeowBossFinal","floor":56,"turns":3}],"seed_played":"-5621328512086907785","potions_obtained":[{"floor":0,"key":"jedi:StrikingPotion"},{"floor":0,"key":"TheCursedMod:DregsPotion"},{"floor":0,"key":"blueLaboratory:ImpenetrablePotion"},{"floor":4,"key":"Elixir"},{"floor":8,"key":"Strength Potion"},{"floor":14,"key":"blueLaboratory:HummingbirdPotion"},{"floor":15,"key":"LifebloodPotion"},{"floor":17,"key":"blueLaboratory:SavagePotion"},{"floor":23,"key":"blueLaboratory:FrostheartPotion"},{"floor":28,"key":"Explosive Potion"},{"floor":32,"key":"DeathKnight:RimePotion"},{"floor":33,"key":"blueLaboratory:EnragingPotion"},{"floor":36,"key":"blueLaboratory:ArtificerPotion"}],"is_trial":false,"path_per_floor":["R_BF","M","M","M","?","?","T","M","R","M","?","T","E","M","M","B",null,"R","M","?","?","M","M","T","M","?","?","M","R","E","$","M","B",null,"R","M","?","?","$","?","T","E","M","M","M","R","?","?","M","B",null,"E","$","R","B","B",null],"character_chosen":"THE_CURSED","items_purchased":["MerchantsRug","TheCursedMod:HellfireBreathing","reliquary:Sod","trackpad:RapidFire","Discovery","TheCursedMod:AbyssShockwave+1","jedi:bottledfury","Vajra","reliquary:FingerTrap","StuffTheSpire:Barrel","trackpad:BiPhaseBiplane"],"campfire_rested":1,"item_purchase_floors":[31,31,31,31,31,31,39,39,39,53,53],"current_hp_per_floor":[75,63,63,65,65,65,65,59,59,49,49,49,49,28,17,23,80,90,88,88,88,73,50,50,39,39,39,37,64,50,38,43,45,90,90,85,85,65,69,73,73,85,90,90,90,90,90,90,90,90,90,90,90,90,90,90],"gold":24,"neow_bonus":"THREE_SMALL_POTIONS","is_daily":false,"chose_seed":false,"campfire_upgraded":5,"win_rate":0.0,"timestamp":1614075494,"path_taken":["R_BF","M","M","M","?","?","T","M","R","?","?","?","E","?","M","BOSS","R","M","?","?","M","M","T","M","?","?","M","R","E","$","M","BOSS","R","M","?","?","$","?","T","E","M","?","M","R","?","?","M","BOSS","E","$","R","BOSS","BOSS"],"items_purchased_type":["Relic","Card","Relic","Relic","Card","Card","Relic","Relic","Relic","Relic","Relic"],"build_version":"2020-12-22","purchased_purges":2,"victory":true,"max_hp_per_floor":[75,75,75,75,75,75,75,75,75,75,75,75,75,75,75,75,80,90,90,90,90,90,90,90,90,90,90,90,90,90,90,90,90,90,90,90,90,90,90,90,90,90,90,90,90,90,90,90,90,90,90,90,90,90,90,90],"relic_stats":{"counters":[30,86],"Shuriken":[21],"Boot":[1],"obtain_stats":[{"SnailShell":42,"StuffTheSpire:Barrel":53,"Tiny House":17,"Vajra":39,"downfall:HeartBlessingGreen":35,"trackpad:WondrousWand":7,"EVO:Axolotl":0,"jedi:bottledfury":39,"Boot":5,"Dota2Spire:Satanic":40,"trackpad:RapidFire":31,"downfall:HeartBlessingBlue":18,"Iron Hammer":13,"reliquary:FingerTrap":39,"StuffTheSpire:RedRose":6,"trackpad:BiPhaseBiplane":53,"MerchantsRug":31,"downfall:HeartBlessingRed":9,"hubris:SphereOfDissonance":30,"Ring of Chaos":37,"keyreminder:keyreminder":1,"reliquary:Sod":31,"Sandwich":34,"TheCursedMod:OminousMark":0,"StuffTheSpire:Mouthbags":48,"ReplayTheSpireMod:Shallot":52,"Shuriken":24,"StuffTheSpire:GreaterSneckoEye":38,"trackpad:BottledShadow":41},{"SnailShell":22,"StuffTheSpire:Barrel":28,"Tiny House":9,"Vajra":20,"downfall:HeartBlessingGreen":18,"trackpad:WondrousWand":3,"EVO:Axolotl":0,"jedi:bottledfury":20,"Boot":3,"Dota2Spire:Satanic":21,"trackpad:RapidFire":16,"downfall:HeartBlessingBlue":9,"Iron Hammer":6,"reliquary:FingerTrap":20,"StuffTheSpire:RedRose":3,"trackpad:BiPhaseBiplane":28,"MerchantsRug":16,"downfall:HeartBlessingRed":4,"hubris:SphereOfDissonance":15,"Ring of Chaos":19,"keyreminder:keyreminder":0,"reliquary:Sod":16,"Sandwich":18,"TheCursedMod:OminousMark":0,"StuffTheSpire:Mouthbags":25,"ReplayTheSpireMod:Shallot":28,"Shuriken":12,"StuffTheSpire:GreaterSneckoEye":19,"trackpad:BottledShadow":21},{"SnailShell":68,"StuffTheSpire:Barrel":80,"Tiny House":25,"Vajra":64,"downfall:HeartBlessingGreen":59,"trackpad:WondrousWand":9,"EVO:Axolotl":0,"jedi:bottledfury":64,"Boot":9,"Dota2Spire:Satanic":66,"trackpad:RapidFire":54,"downfall:HeartBlessingBlue":25,"Iron Hammer":18,"reliquary:FingerTrap":64,"StuffTheSpire:RedRose":9,"trackpad:BiPhaseBiplane":80,"MerchantsRug":54,"downfall:HeartBlessingRed":11,"hubris:SphereOfDissonance":50,"Ring of Chaos":63,"keyreminder:keyreminder":0,"reliquary:Sod":54,"Sandwich":59,"TheCursedMod:OminousMark":0,"StuffTheSpire:Mouthbags":72,"ReplayTheSpireMod:Shallot":80,"Shuriken":39,"StuffTheSpire:GreaterSneckoEye":63,"trackpad:BottledShadow":66}]},"card_choices":[{"not_picked":["TheCursedMod:Stretching","TheCursedMod:CircleOfBlood","TheCursedMod:CursedBlade"],"picked":"SKIP","floor":2},{"not_picked":["TheCursedMod:VitalStrike","TheCursedMod:CircleOfCorruption"],"picked":"TheCursedMod:SpitefulStrike","floor":3},{"not_picked":["TheCursedMod:SaltUponWound","TheCursedMod:TroublousMinions"],"picked":"TheCursedMod:SurpriseAttack","floor":4},{"not_picked":["TheCursedMod:Stretching","TheCursedMod:CircleOfFlame"],"picked":"TheCursedMod:CursedSpellbook","floor":8},{"not_picked":["TheCursedMod:CursedAmulet","TheCursedMod:TacticalStrike","TheCursedMod:Stigma"],"picked":"SKIP","floor":10},{"not_picked":["TheCursedMod:Stretching","TheCursedMod:PrepareRite","TheCursedMod:SmokeScreen"],"picked":"SKIP","floor":13},{"not_picked":["TheCursedMod:Stigma","TheCursedMod:CursedAmulet"],"picked":"TheCursedMod:CircleOfAbyss","floor":14},{"not_picked":["TheCursedMod:Mangle","TheCursedMod:FleshFromBone"],"picked":"TheCursedMod:WearCloak","floor":15},{"not_picked":["TheCursedMod:NeowsMight","TheCursedMod:ParallelWorld"],"picked":"TheCursedMod:VoidForm","floor":16},{"not_picked":["TheCursedMod:CircleOfCorruption","TheCursedMod:CursedAmulet"],"picked":"TheCursedMod:WearCloak","floor":17},{"not_picked":["TheCursedMod:CursedMace","TheCursedMod:CircleOfFocus","TheCursedMod:CursedBoomerang+1"],"picked":"SKIP","floor":19},{"not_picked":["TheCursedMod:SaltUponWound+1","TheCursedMod:CursedShiv+1"],"picked":"TheCursedMod:CircleOfWindfury","floor":22},{"not_picked":["TheCursedMod:CircleOfCorruption","TheCursedMod:WearCloak+1"],"picked":"TheCursedMod:BlessingInDisguise","floor":23},{"not_picked":["TheCursedMod:CircleOfFlame","TheCursedMod:Torture+1"],"picked":"TheCursedMod:EmpowerCircles","floor":25},{"not_picked":["TheCursedMod:CircleOfBlood","TheCursedMod:TacticalStrike"],"picked":"TheCursedMod:Wield","floor":28},{"not_picked":["TheCursedMod:CursedShiv+1","TheCursedMod:CircleOfCorruption+1"],"picked":"TheCursedMod:SpitefulStrike+1","floor":30},{"not_picked":["TheCursedMod:CursedShiv","TheCursedMod:SpitefulStrike+1"],"picked":"TheCursedMod:CircleOfAmplification","floor":31},{"not_picked":["TheCursedMod:Obscuration","TheCursedMod:CursedAmulet","TheCursedMod:CursedBlade"],"picked":"SKIP","floor":32},{"not_picked":["TheCursedMod:UltimatePain","TheCursedMod:DemonSword"],"picked":"TheCursedMod:ManaCirculation","floor":33},{"not_picked":["TheCursedMod:SmokeScreen","TheCursedMod:CursedShiv"],"picked":"TheCursedMod:Evocation","floor":36},{"not_picked":["TheCursedMod:SaltUponWound+1","TheCursedMod:CursedStaff+1","TheCursedMod:CursedBoomerang+1"],"picked":"SKIP","floor":39},{"not_picked":["TheCursedMod:CursedBlade+1","TheCursedMod:RavingStaff+1"],"picked":"TheCursedMod:CursedSpellbook","floor":42},{"not_picked":["TheCursedMod:RapidMovement","TheCursedMod:CursedBlade"],"picked":"TheCursedMod:CircleOfWindfury+1","floor":43},{"not_picked":["TheCursedMod:StingEye+1","TheCursedMod:CursedAmulet+1","TheCursedMod:AntiAging"],"picked":"SKIP","floor":44},{"not_picked":["TheCursedMod:FleshFromBone","TheCursedMod:RapidMovement","TheCursedMod:SaltUponWound"],"picked":"SKIP","floor":45},{"not_picked":["TheCursedMod:RapidMovement+1","TheCursedMod:CircleOfCorruption+1"],"picked":"TheCursedMod:LuckyCharm","floor":47},{"not_picked":["TheCursedMod:SmokeScreen","TheCursedMod:CircleOfFlame+1"],"picked":"TheCursedMod:EmpowerCircles+1","floor":47},{"not_picked":["TheCursedMod:ManaBullet+1","TheCursedMod:CursedStaff"],"picked":"TheCursedMod:Grudge","floor":49},{"not_picked":["TheCursedMod:Hemoplague+1","TheCursedMod:CursedShiv"],"picked":"TheCursedMod:HellfireBreathing","floor":52}],"player_experience":426543,"relics_obtained":[{"floor":7,"key":"trackpad:WondrousWand"},{"floor":13,"key":"Iron Hammer"},{"floor":24,"key":"Shuriken"},{"floor":30,"key":"hubris:SphereOfDissonance"},{"floor":37,"key":"Ring of Chaos"},{"floor":38,"key":"StuffTheSpire:GreaterSneckoEye"},{"floor":40,"key":"Dota2Spire:Satanic"},{"floor":41,"key":"trackpad:BottledShadow"},{"floor":42,"key":"SnailShell"},{"floor":52,"key":"ReplayTheSpireMod:Shallot"}],"event_choices":[{"damage_healed":0,"gold_gain":0,"player_choice":"Box","damage_taken":0,"relics_obtained":["Boot"],"max_hp_gain":0,"max_hp_loss":0,"event_name":"Big Fish","floor":5,"gold_loss":0,"cards_obtained":["Regret"]},{"damage_healed":0,"gold_gain":0,"player_choice":"RE ","damage_taken":23,"relics_obtained":["StuffTheSpire:Mouthbags"],"max_hp_gain":0,"max_hp_loss":0,"event_name":"betterSkull:BetterSkull","floor":48,"gold_loss":0,"cards_upgraded":[]}],"is_beta":false,"boss_relics":[{"not_picked":["Velvet Choker","aspiration:FutureDiary"],"picked":"Tiny House"},{"not_picked":["StuffTheSpire:ModemDavis","jedi:paperlyon"],"picked":"Sandwich"}],"items_purged_floors":[31,31],"is_endless":false,"potions_floor_spawned":[4,8,14,15,19,23,28,32,33,36,40,43,45,49],"ascension_level":3}}