{"host":"2q4w55ev63ot6isg","time":1614104175,"event":{"mods":["Aspiration","BaseMod","Downfall","Hubris","Marisa????????","Minty Spire (QoL Compilation)","Replay The Spire","StSLib","The Cursed","The Jungle","The Servant 0.9.4"],"gold_per_floor":[366,366,366,381,62,62,97,117,117,17,17,30,60,76,76,177,177,197,213,88,102,102,102,114,114,114,114,114,134,134,134,134,134,134],"floor_reached":33,"language":"ENG","playtime":1063,"items_purged":["Strike_R","Strike_R","Strike_R"],"score":450,"play_id":"96f885d3-11a6-4d9c-a05b-695f4b279ab5","local_time":"20210223101615","is_ascension_mode":true,"campfire_choices":[{"data":"Barricade","floor":6,"key":"SMITH"},{"data":"Entrench","floor":11,"key":"SMITH"},{"data":"Body Slam","floor":15,"key":"SMITH"},{"data":"Searing Blow","floor":23,"key":"SMITH"},{"data":"Searing Blow+1","floor":25,"key":"SMITH"},{"data":"Searing Blow+2","floor":27,"key":"SMITH"},{"data":"Searing Blow+3","floor":32,"key":"SMITH"}],"circlet_count":0,"master_deck":["Strike_R","Defend_R","Defend_R","Defend_R","Defend_R","Bash","Body Slam+1","Immolate","Clothesline","Searing Blow+4","Barricade+1","ReplayTheSpireMod:Private Reserves","Battle Trance","Entrench+1","Ghostly Armor","Pommel Strike","Demonic Infusion","Ghostly Armor","Ghostly Armor","Doubt","Ghostly Armor+1"],"relics":["Burning Blood","champ:DeflectingBracers","ReplayTheSpireMod:Ninjato","Charon\u0027s Ashes","Mark of Pain","Sundial","hubris:BottledHeart"],"acts_visited":["Exordium","TheCity"],"potions_floor_usage":[16,16,24,30,30,30],"damage_taken":[{"damage":13,"enemies":"Jaw Worm","floor":1,"turns":5},{"damage":0,"enemies":"Small Slimes","floor":4,"turns":2},{"damage":23,"enemies":"Gremlin Nob","floor":7,"turns":5},{"damage":0,"enemies":"Cultist","floor":8,"turns":2},{"damage":3,"enemies":"Blue Slaver","floor":12,"turns":7},{"damage":3,"enemies":"Looter","floor":14,"turns":4},{"damage":0,"enemies":"Fading Forest","floor":16,"turns":11},{"damage":7,"enemies":"Shell Parasite","floor":18,"turns":7},{"damage":20,"enemies":"2 Thieves","floor":19,"turns":4},{"damage":0,"enemies":"Snake Plant","floor":21,"turns":4},{"damage":16,"enemies":"Cultist and Chosen","floor":24,"turns":10},{"damage":25,"enemies":"Sentry and Sphere","floor":29,"turns":8},{"damage":11,"enemies":"Gremlin Leader","floor":30,"turns":6},{"damage":22,"enemies":"Champ","floor":33,"turns":11}],"seed_played":"1978537266702678723","potions_obtained":[{"floor":7,"key":"Energy Potion"},{"floor":8,"key":"Weak Potion"},{"floor":12,"key":"Swift Potion"},{"floor":16,"key":"Elixir"},{"floor":18,"key":"SmokeBomb"},{"floor":29,"key":"Doom Potion"}],"is_trial":false,"path_per_floor":["M","?","?","M","$","R","E","M","T","$","R","M","?","M","R","B",null,"M","M","$","M","?","R","M","R","T","R","?","M","E","?","R","B"],"character_chosen":"IRONCLAD","items_purchased":["Barricade","ReplayTheSpireMod:Private Reserves"],"campfire_rested":0,"item_purchase_floors":[5,5],"current_hp_per_floor":[65,65,65,71,71,71,54,60,60,60,60,63,63,66,66,72,72,71,57,57,63,63,63,53,53,53,53,40,21,16,1,1,0,0],"gold":134,"neow_bonus":"TWO_FIFTY_GOLD","is_daily":false,"chose_seed":false,"campfire_upgraded":7,"win_rate":0.0,"timestamp":1614104175,"path_taken":["M","?","?","?","$","R","E","M","T","$","R","M","?","M","R","BOSS","M","M","$","M","?","R","M","R","T","R","?","M","E","?","R","BOSS"],"items_purchased_type":["Card","Card"],"build_version":"2020-12-22","purchased_purges":3,"victory":false,"max_hp_per_floor":[72,72,72,72,72,72,72,72,72,72,72,72,72,72,72,72,72,72,72,72,72,72,72,72,72,72,72,77,77,77,1,1,1,1],"card_choices":[{"not_picked":["Headbutt","Replay:Undeath\u0027s Touch"],"picked":"Body Slam","floor":1},{"not_picked":["Spot Weakness","Anger"],"picked":"Searing Blow","floor":4},{"not_picked":["ReplayTheSpireMod:Muscle Training","ReplayTheSpireMod:Strike From Hell"],"picked":"Battle Trance","floor":7},{"not_picked":["Wild Strike","Combust"],"picked":"Entrench","floor":8},{"not_picked":["Sentinel","Clash"],"picked":"Ghostly Armor","floor":12},{"not_picked":["Whirlwind","Wild Strike"],"picked":"Pommel Strike","floor":14},{"not_picked":["Bludgeon","Barricade"],"picked":"Demonic Infusion","floor":16},{"not_picked":["Whirlwind","Flex+1","Heavy Blade"],"picked":"SKIP","floor":18},{"not_picked":["Clash+1","Iron Wave"],"picked":"Ghostly Armor","floor":19},{"not_picked":["ReplayTheSpireMod:Muscle Training","Clash+1"],"picked":"Ghostly Armor","floor":21},{"not_picked":["Rupture","Cleave","Infernal Blade"],"picked":"SKIP","floor":24},{"not_picked":["ReplayTheSpireMod:Limb From Limb","Pummel"],"picked":"Ghostly Armor+1","floor":29}],"player_experience":268567,"relics_obtained":[{"floor":7,"key":"champ:DeflectingBracers"},{"floor":9,"key":"ReplayTheSpireMod:Ninjato"},{"floor":26,"key":"Sundial"}],"event_choices":[{"cards_removed":["Strike_R"],"damage_healed":0,"gold_gain":0,"player_choice":"Forget","damage_taken":0,"max_hp_gain":0,"max_hp_loss":0,"event_name":"Living Wall","floor":2,"gold_loss":0},{"damage_healed":0,"gold_gain":0,"player_choice":"2 cards matched","damage_taken":0,"max_hp_gain":0,"max_hp_loss":0,"event_name":"Match and Keep!","floor":3,"gold_loss":0,"cards_obtained":["Immolate","Clothesline"]},{"damage_healed":0,"gold_gain":30,"player_choice":"Searched \u00273\u0027 times","damage_taken":0,"relics_obtained":["Charon\u0027s Ashes"],"max_hp_gain":0,"max_hp_loss":0,"event_name":"Dead Adventurer","floor":13,"gold_loss":0},{"damage_healed":0,"gold_gain":0,"player_choice":"Shed Blood","damage_taken":18,"max_hp_gain":5,"max_hp_loss":0,"event_name":"Forgotten Altar","floor":28,"gold_loss":0}],"is_beta":false,"boss_relics":[{"not_picked":["aspiration:ServantSkillbook","aspiration:RunicSpoon"],"picked":"Mark of Pain"}],"items_purged_floors":[5,10,20],"is_endless":false,"potions_floor_spawned":[7,8,12,16,18,29],"killed_by":"Champ","ascension_level":7}}