{"host":"rykcscnxwcosqdkz","time":1614091441,"event":{"mods":["BaseMod","Conspire","DeckTracker","Downfall","GifTheSpireLib","Hubris","Infinite Spire","JesterMod","Luminous","Minty Spire (QoL Compilation)","Reliquary","Replay The Spire","Shade Mod","StSLib","Stuff the Spire","The Alterego","TheSwordswoman"],"gold_per_floor":[113,113,123,123,140,170,170,170,170,181,181,256,288,213,213,312,312,328,53,65,65],"floor_reached":20,"language":"ENG","playtime":1345,"items_purged":["Luminous:Light_Flash_Shower"],"score":207,"play_id":"baf4ae4f-41df-4efc-8ea3-34abead57fe5","local_time":"20210223154401","is_ascension_mode":false,"campfire_choices":[{"floor":8,"key":"REST"},{"data":"Luminous:Switch_Luminous","floor":11,"key":"SMITH"},{"data":"Luminous:Abyss_Heart_Luminous","floor":15,"key":"SMITH"}],"circlet_count":0,"master_deck":["Luminous:Light_Flash_Shower","Luminous:Light_Flash_Shower","Luminous:Dark_Abyssal_Drop","Luminous:Dark_Abyssal_Drop","Luminous:Dark_Abyssal_Drop","Luminous:Defend_Luminous","Luminous:Defend_Luminous","Luminous:Defend_Luminous","Luminous:Defend_Luminous","Luminous:Switch_Luminous+1","Luminous:Abyss_Heart_Luminous+1","Luminous:Dark_Apocalypse+1","Luminous:Mana_Well_Luminous","Luminous:Arcane_Rage_Luminous","Luminous:Concentrate_Luminous+1","Luminous:Dark_Pressure_Void","Luminous:Switch_Luminous"],"relics":["Luminous:MirrorRelic","NeowsBlessing","hubris:Towel","Shuriken","reliquary:Sideboard","Blue Doll","conspire:SeveredTorchhead","Meat on the Bone"],"acts_visited":["Exordium","TheCity"],"potions_floor_usage":[16],"damage_taken":[{"damage":0,"enemies":"Jaw Worm","floor":1,"turns":1},{"damage":0,"enemies":"conspire:RoseBush","floor":3,"turns":1},{"damage":0,"enemies":"2 Louse","floor":5,"turns":1},{"damage":37,"enemies":"3 Sentries","floor":6,"turns":12},{"damage":2,"enemies":"Looter","floor":10,"turns":3},{"damage":0,"enemies":"Replay:BlueRogue","floor":13,"turns":6},{"damage":32,"enemies":"Hexaghost","floor":16,"turns":11},{"damage":19,"enemies":"conspire:FuzzyDice","floor":18,"turns":6},{"damage":37,"enemies":"Shell Parasite","floor":20,"turns":5}],"seed_played":"20776925453664246","potions_obtained":[{"floor":10,"key":"DistilledChaos"},{"floor":13,"key":"Explosive Potion"},{"floor":18,"key":"SteroidPotion"}],"is_trial":false,"path_per_floor":["M","?","M","?","M","E","?","R","T","M","R","?","E","$","R","B",null,"M","$","M"],"character_chosen":"LuminousClass","items_purchased":["Meat on the Bone","Luminous:Concentrate_Luminous+1"],"campfire_rested":1,"item_purchase_floors":[19,19],"current_hp_per_floor":[75,75,75,75,75,38,38,60,60,58,58,47,47,47,47,15,75,56,56,31,31],"gold":65,"neow_bonus":"THREE_ENEMY_KILL","is_daily":false,"chose_seed":false,"campfire_upgraded":2,"win_rate":0.0,"timestamp":1614091441,"path_taken":["M","?","M","?","M","E","?","R","T","M","R","?","E","?","R","BOSS","M","$","M"],"items_purchased_type":["Relic","Card"],"build_version":"2020-12-22","purchased_purges":1,"victory":false,"max_hp_per_floor":[75,75,75,75,75,75,75,75,75,75,75,75,75,75,75,75,75,75,75,75,75],"card_choices":[{"not_picked":["Luminous:Dark_Pressure_Void","Luminous:Light_Wash_Luminous"],"picked":"Luminous:Abyss_Heart_Luminous","floor":1},{"not_picked":["Luminous:Lunar_Tide_Luminous","Luminous:Dark_Dim_Erosion"],"picked":"Luminous:Dark_Apocalypse","floor":3},{"not_picked":["Luminous:Light_Wash_Luminous","Luminous:Light_Gather","Luminous:Hero_Will_Luminous"],"picked":"SKIP","floor":5},{"not_picked":["Luminous:Light_Wash_Luminous","Luminous:Light_Gather","Luminous:Hero_Will_Luminous"],"picked":"SKIP","floor":5},{"not_picked":["Luminous:Light_Glare","Luminous:Mana_Overload_Luminous","Luminous:Magic_Accelerate_Luminous"],"picked":"SKIP","floor":6},{"not_picked":["Luminous:Accumulation_Luminous","Luminous:Reverse_Spell_Luminous"],"picked":"Luminous:Switch_Luminous","floor":10},{"not_picked":["Luminous:Light_Glare","Luminous:Dusk_Guard_Luminous"],"picked":"Luminous:Mana_Well_Luminous","floor":13},{"not_picked":["Luminous:Mirror_Force_Luminous","Luminous:Light_White_Aria"],"picked":"Luminous:Arcane_Rage_Luminous","floor":16},{"not_picked":["Luminous:Lights_Protection_Luminous+1","Luminous:Switch_Luminous"],"picked":"Luminous:Dark_Pressure_Void","floor":18},{"not_picked":["Luminous:Light_Disperse","Luminous:Light_Gather"],"picked":"Luminous:Dark_Dim_Erosion","floor":20}],"player_experience":109263,"relics_obtained":[{"floor":6,"key":"Shuriken"},{"floor":9,"key":"reliquary:Sideboard"},{"floor":13,"key":"Blue Doll"}],"event_choices":[{"damage_healed":0,"gold_gain":0,"player_choice":"Leave","damage_taken":0,"max_hp_gain":0,"max_hp_loss":0,"event_name":"conspire:Investor","floor":4,"gold_loss":0},{"damage_healed":0,"gold_gain":75,"player_choice":"Gather Gold","damage_taken":11,"max_hp_gain":0,"max_hp_loss":0,"event_name":"World of Goop","floor":12,"gold_loss":0}],"is_beta":false,"boss_relics":[{"not_picked":["hubris:HollowSoul","Replay:Drink Me"],"picked":"conspire:SeveredTorchhead"}],"items_purged_floors":[14],"is_endless":false,"potions_floor_spawned":[10,13,18],"killed_by":"Shell Parasite","ascension_level":0}}