{"host":"2se5dq1do2gp0x9k","time":1614048030,"event":{"mods":["AchievementEnabler","BaseMod","Block Reminder","Colored Map","Colored Powertips","Minty Spire (QoL Compilation)","Relic Stats","StSLib","SuperFastMode"],"gold_per_floor":[360,377,377,397,407,407,439,439,463,463,480,81,92,104,104,183,183,201,0,50,50,50,79,1,35,60,60,72,86,86,96,96,173,173,186,3,23,23,23,23,43,63,145,175,175,208,1,19,19,19,19],"floor_reached":50,"language":"ENG","playtime":2564,"items_purged":["Strike_P","Strike_P"],"score":1200,"play_id":"91b04b11-2523-48d4-9494-f3555e873f1c","local_time":"20210222184030","is_ascension_mode":true,"campfire_choices":[{"data":"ThirdEye","floor":6.0,"key":"SMITH"},{"data":"Meditate","floor":8.0,"key":"SMITH"},{"data":"TalkToTheHand","floor":10.0,"key":"SMITH"},{"data":"ThirdEye","floor":15.0,"key":"SMITH"},{"data":"Ghostly","floor":27.0,"key":"SMITH"},{"data":"Ghostly","floor":30.0,"key":"SMITH"},{"data":"TalkToTheHand","floor":32.0,"key":"SMITH"},{"floor":40.0,"key":"REST"},{"data":"Ghostly","floor":45.0,"key":"SMITH"},{"floor":49,"key":"REST"}],"circlet_count":0,"master_deck":["AscendersBane","Strike_P","Strike_P","Defend_P","Defend_P","Defend_P","Defend_P","Eruption+1","Vigilance","FollowUp","CutThroughFate","ThirdEye+1","TalkToTheHand+1","Meditate+1","ThirdEye+1","CutThroughFate","Consecrate","Weave","Establishment","Wireheading","Ghostly+1","Ghostly+1","Ghostly+1","TalkToTheHand+1","Weave+1","CutThroughFate","Nirvana+1","Tantrum","Finesse","Swift Strike","Dark Shackles","JustLucky","CutThroughFate+1","Tantrum","FlyingSleeves"],"relics":["PureWater","Oddly Smooth Stone","Bag of Marbles","Mummified Hand","Sozu","OrangePellets","Nunchaku","HornCleat","Lantern","SlaversCollar","Pantograph","Darkstone Periapt","CloakClasp","Strange Spoon"],"acts_visited":["Exordium","TheCity","TheBeyond"],"potions_floor_usage":[],"damage_taken":[{"damage":1.0,"enemies":"Small Slimes","floor":1.0,"turns":3.0},{"damage":0.0,"enemies":"Cultist","floor":2.0,"turns":3.0},{"damage":0.0,"enemies":"Jaw Worm","floor":4.0,"turns":3.0},{"damage":7.0,"enemies":"2 Fungi Beasts","floor":5.0,"turns":4.0},{"damage":4.0,"enemies":"Lagavulin","floor":7.0,"turns":7.0},{"damage":0.0,"enemies":"Large Slime","floor":11.0,"turns":2.0},{"damage":0.0,"enemies":"Looter","floor":13.0,"turns":2.0},{"damage":0.0,"enemies":"Blue Slaver","floor":14.0,"turns":3.0},{"damage":14.0,"enemies":"The Guardian","floor":16.0,"turns":8.0},{"damage":14.0,"enemies":"Shell Parasite","floor":18.0,"turns":4.0},{"damage":7.0,"enemies":"Book of Stabbing","floor":23.0,"turns":5.0},{"damage":0.0,"enemies":"Gremlin Leader","floor":25.0,"turns":5.0},{"damage":0.0,"enemies":"3 Byrds","floor":28.0,"turns":5.0},{"damage":0.0,"enemies":"3 Cultists","floor":29.0,"turns":4.0},{"damage":0.0,"enemies":"Sentry and Sphere","floor":31.0,"turns":4.0},{"damage":1.0,"enemies":"Collector","floor":33.0,"turns":9.0},{"damage":1.0,"enemies":"Orb Walker","floor":35.0,"turns":5.0},{"damage":5.0,"enemies":"3 Darklings","floor":37.0,"turns":3.0},{"damage":7.0,"enemies":"Maw","floor":41.0,"turns":6.0},{"damage":0.0,"enemies":"4 Shapes","floor":42.0,"turns":2.0},{"damage":2.0,"enemies":"Reptomancer","floor":44.0,"turns":4.0},{"damage":3,"enemies":"Nemesis","floor":46,"turns":9},{"damage":0,"enemies":"Spire Growth","floor":48,"turns":4},{"damage":60,"enemies":"Donu and Deca","floor":50,"turns":8}],"seed_played":"-1089882100389271830","potions_obtained":[{"floor":5.0,"key":"FearPotion"},{"floor":11.0,"key":"Ambrosia"}],"is_trial":false,"path_per_floor":["M","M","?","M","M","R","E","R","T","R","M","$","M","M","R","B",null,"M","$","?","?","?","E","$","E","T","R","M","M","R","M","R","B",null,"M","$","M","?","?","R","M","M","T","E","R","E","$","M","R","B"],"character_chosen":"WATCHER","items_purchased":["CutThroughFate","Mummified Hand","Wireheading","OrangePellets","TalkToTheHand","Tantrum","Strange Spoon","Tantrum"],"campfire_rested":2,"item_purchase_floors":[12,12,19,19,24,36,47,47],"current_hp_per_floor":[60,60,60,60,53,53,49,49,49,49,49,49,49,49,49,35,55,41,41,41,41,31,24,24,24,24,24,24,24,24,24,24,23,29,28,28,23,13,13,21,14,14,14,12,12,9,9,9,17,0,0],"gold":19,"neow_bonus":"TWO_FIFTY_GOLD","is_daily":false,"chose_seed":false,"campfire_upgraded":8,"win_rate":0.0,"timestamp":1614048030,"path_taken":["M","M","?","M","?","R","E","R","T","R","M","$","M","M","R","BOSS","M","$","?","?","?","E","$","E","T","R","M","M","R","M","R","BOSS","M","$","M","?","?","R","M","M","T","E","R","E","?","M","R","BOSS"],"items_purchased_type":["Card","Relic","Card","Relic","Card","Card","Relic","Card"],"build_version":"2020-12-22","purchased_purges":2,"victory":false,"max_hp_per_floor":[62,62,62,62,62,62,62,62,62,62,62,62,62,62,62,62,62,62,62,62,62,31,31,31,31,31,31,31,31,31,31,31,31,31,31,31,31,31,29,29,29,29,29,29,29,29,29,29,29,29,29],"relic_stats":{"Sozu":6,"Darkstone Periapt":0,"OrangePellets":[2],"Strange Spoon":[4],"Nunchaku":[33],"counters":[24,112],"Mummified Hand":[29],"Pantograph":12,"CloakClasp":[26],"obtain_stats":[{"Darkstone Periapt":44,"Lantern":26,"Oddly Smooth Stone":7,"CloakClasp":46,"Sozu":17,"OrangePellets":19,"SlaversCollar":34,"Strange Spoon":47,"Nunchaku":23,"HornCleat":25,"Mummified Hand":12,"Pantograph":43,"Bag of Marbles":9,"PureWater":0},{"Darkstone Periapt":21,"Lantern":12,"Oddly Smooth Stone":5,"CloakClasp":22,"Sozu":9,"OrangePellets":10,"SlaversCollar":16,"Strange Spoon":22,"Nunchaku":11,"HornCleat":12,"Mummified Hand":6,"Pantograph":20,"Bag of Marbles":5,"PureWater":0},{"Darkstone Periapt":91,"Lantern":49,"Oddly Smooth Stone":20,"CloakClasp":100,"Sozu":35,"OrangePellets":39,"SlaversCollar":71,"Strange Spoon":100,"Nunchaku":44,"HornCleat":49,"Mummified Hand":22,"Pantograph":87,"Bag of Marbles":20,"PureWater":0}]},"card_choices":[{"not_picked":["ThirdEye","Prostrate"],"picked":"FollowUp","floor":1.0},{"not_picked":["JustLucky","FlyingSleeves"],"picked":"CutThroughFate","floor":2.0},{"not_picked":["JustLucky","EmptyFist"],"picked":"ThirdEye","floor":4.0},{"not_picked":["Swivel","Collect"],"picked":"TalkToTheHand","floor":5.0},{"not_picked":["Evaluate","Omniscience"],"picked":"Meditate","floor":7.0},{"not_picked":["Evaluate","Wireheading"],"picked":"ThirdEye","floor":11.0},{"not_picked":["BowlingBash","Crescendo"],"picked":"Consecrate","floor":13.0},{"not_picked":["LikeWater","Study"],"picked":"Weave","floor":14.0},{"not_picked":["Vault","Blasphemy"],"picked":"Establishment","floor":16.0},{"not_picked":["EmptyFist","Prostrate","Consecrate+1"],"picked":"SKIP","floor":18.0},{"not_picked":["LikeWater","Wallop","Protect"],"picked":"SKIP","floor":23.0},{"not_picked":["FearNoEvil+1","EmptyBody"],"picked":"Weave+1","floor":25.0},{"not_picked":["Prostrate","Scrawl","EmptyBody+1"],"picked":"SKIP","floor":28.0},{"not_picked":["Consecrate","EmptyBody","FlyingSleeves"],"picked":"SKIP","floor":29.0},{"not_picked":["ReachHeaven","Crescendo"],"picked":"CutThroughFate","floor":31.0},{"not_picked":["Weave","Conclude"],"picked":"Nirvana+1","floor":35.0},{"not_picked":["LikeWater","Halt","SignatureMove+1"],"picked":"SKIP","floor":37.0},{"not_picked":["Forethought","Violence"],"picked":"Finesse","floor":38.0},{"not_picked":["Madness","HandOfGreed"],"picked":"Swift Strike","floor":38.0},{"not_picked":["Mayhem","Magnetism"],"picked":"Dark Shackles","floor":38.0},{"not_picked":["Evaluate","Halt","FlurryOfBlows"],"picked":"SKIP","floor":41.0},{"not_picked":["EmptyFist","CutThroughFate"],"picked":"JustLucky","floor":42.0},{"not_picked":["EmptyMind+1","Protect","DeceiveReality"],"picked":"SKIP","floor":44.0},{"not_picked":["Protect","FearNoEvil"],"picked":"CutThroughFate+1","floor":46},{"not_picked":["Evaluate","EmptyMind"],"picked":"FlyingSleeves","floor":48}],"player_experience":4118227,"relics_obtained":[{"floor":7.0,"key":"Oddly Smooth Stone"},{"floor":9.0,"key":"Bag of Marbles"},{"floor":23.0,"key":"Nunchaku"},{"floor":25.0,"key":"HornCleat"},{"floor":26.0,"key":"Lantern"},{"floor":43.0,"key":"Pantograph"},{"floor":44.0,"key":"Darkstone Periapt"},{"floor":46,"key":"CloakClasp"}],"event_choices":[{"damage_healed":0.0,"max_hp_gain":0.0,"max_hp_loss":0.0,"gold_gain":0.0,"event_name":"Upgrade Shrine","player_choice":"Upgraded","floor":3.0,"gold_loss":0.0,"damage_taken":0.0,"cards_upgraded":["Eruption"]},{"damage_healed":0.0,"max_hp_gain":0.0,"max_hp_loss":0.0,"gold_gain":50.0,"event_name":"Nest","player_choice":"Stole From Cult","floor":20.0,"gold_loss":0.0,"damage_taken":0.0},{"damage_healed":0.0,"max_hp_gain":0.0,"max_hp_loss":0.0,"gold_gain":0.0,"event_name":"Vampires","player_choice":"Ignored","floor":21.0,"gold_loss":0.0,"damage_taken":0.0},{"damage_healed":0.0,"max_hp_gain":0.0,"max_hp_loss":31.0,"gold_gain":0.0,"event_name":"Ghosts","player_choice":"Became a Ghost","floor":22.0,"gold_loss":0.0,"damage_taken":0.0,"cards_obtained":["Ghostly","Ghostly","Ghostly"]},{"damage_healed":0.0,"max_hp_gain":0.0,"max_hp_loss":0.0,"gold_gain":0.0,"event_name":"SensoryStone","player_choice":"Memory 3","floor":38.0,"gold_loss":0.0,"damage_taken":10.0},{"damage_healed":0.0,"max_hp_gain":0.0,"max_hp_loss":2.0,"gold_gain":0.0,"event_name":"Winding Halls","player_choice":"Max HP","floor":39.0,"gold_loss":0.0,"damage_taken":0.0}],"is_beta":false,"boss_relics":[{"not_picked":["HolyWater","Runic Pyramid"],"picked":"Sozu"},{"not_picked":["Cursed Key","Busted Crown"],"picked":"SlaversCollar"}],"items_purged_floors":[12,36],"is_endless":false,"potions_floor_spawned":[5,11,14,18,23,33,37,46,48],"killed_by":"Donu and Deca","ascension_level":18}}