{"host":"iv24d026eac8pm4e","time":1614119127,"event":{"mods":["BaseMod","Minty Spire (QoL Compilation)"],"gold_per_floor":[113,129,149,164,164,164,178,201,225,225,250,250,266,284,284,284,284],"floor_reached":16,"language":"ENG","playtime":534,"items_purged":[],"score":196,"play_id":"73e3956c-aab2-4096-9d46-a695c7b28ad3","local_time":"20210223142527","is_ascension_mode":true,"campfire_choices":[{"data":"Noxious Fumes","floor":6,"key":"SMITH"},{"data":"Caltrops","floor":10,"key":"SMITH"},{"data":"Neutralize","floor":12,"key":"SMITH"},{"data":"Deadly Poison","floor":15,"key":"SMITH"}],"circlet_count":0,"master_deck":["AscendersBane","Strike_G","Strike_G","Strike_G","Strike_G","Defend_G","Defend_G","Defend_G","Defend_G","Defend_G","Survivor","Neutralize+1","Escape Plan","Deadly Poison+1","Caltrops+1","Backflip","Noxious Fumes+1","PiercingWail","Predator","Leg Sweep"],"relics":["Ring of the Snake","Golden Idol"],"acts_visited":["Exordium"],"potions_floor_usage":[4,8,13,13],"damage_taken":[{"damage":3,"enemies":"2 Louse","floor":1,"turns":3},{"damage":7,"enemies":"Small Slimes","floor":2,"turns":4},{"damage":7,"enemies":"Jaw Worm","floor":3,"turns":6},{"damage":1,"enemies":"Looter","floor":4,"turns":4},{"damage":6,"enemies":"2 Fungi Beasts","floor":7,"turns":4},{"damage":2,"enemies":"Exordium Wildlife","floor":8,"turns":4},{"damage":8,"enemies":"Blue Slaver","floor":11,"turns":4},{"damage":10,"enemies":"Lots of Slimes","floor":13,"turns":3},{"damage":0,"enemies":"2 Fungi Beasts","floor":14,"turns":4},{"damage":27,"enemies":"The Guardian","floor":16,"turns":2}],"seed_played":"616126723218016463","potions_obtained":[{"floor":3,"key":"GamblersBrew"},{"floor":4,"key":"ColorlessPotion"},{"floor":7,"key":"Explosive Potion"},{"floor":8,"key":"Fire Potion"}],"is_trial":false,"path_per_floor":["M","M","M","M","?","R","M","M","T","R","M","R","M","M","R","B"],"character_chosen":"THE_SILENT","items_purchased":[],"campfire_rested":0,"item_purchase_floors":[],"current_hp_per_floor":[56,49,42,41,41,41,35,33,33,33,25,25,15,15,15,0,0],"gold":284,"neow_bonus":"TRANSFORM_CARD","is_daily":false,"chose_seed":false,"campfire_upgraded":4,"win_rate":0.0,"timestamp":1614119127,"path_taken":["M","M","M","M","?","R","M","M","T","R","M","R","M","M","R","BOSS"],"items_purchased_type":[],"build_version":"2020-12-22","purchased_purges":0,"victory":false,"max_hp_per_floor":[66,66,66,66,60,60,60,60,60,60,60,60,60,60,60,60,60],"card_choices":[{"not_picked":["Dagger Throw","PiercingWail"],"picked":"Deadly Poison","floor":1},{"not_picked":["Cloak And Dagger","Heel Hook"],"picked":"Caltrops","floor":2},{"not_picked":["Deflect","Acrobatics"],"picked":"Backflip","floor":3},{"not_picked":["Poisoned Stab","Dodge and Roll"],"picked":"Noxious Fumes","floor":4},{"not_picked":["Prepared","Underhanded Strike","Sucker Punch"],"picked":"SKIP","floor":7},{"not_picked":["Sucker Punch","Backflip"],"picked":"PiercingWail","floor":8},{"not_picked":["Slice","Distraction","Accuracy"],"picked":"SKIP","floor":11},{"not_picked":["Blade Dance","Eviscerate"],"picked":"Predator","floor":13},{"not_picked":["Terror","Burst"],"picked":"Leg Sweep","floor":14}],"player_experience":2612889,"relics_obtained":[],"event_choices":[{"damage_healed":0,"gold_gain":0,"player_choice":"Lose Max HP","damage_taken":0,"relics_obtained":["Golden Idol"],"max_hp_gain":0,"max_hp_loss":6,"event_name":"Golden Idol","floor":5,"gold_loss":0}],"is_beta":false,"boss_relics":[],"items_purged_floors":[],"is_endless":false,"potions_floor_spawned":[3,4,7,8],"killed_by":"The Guardian","ascension_level":20}}