{"host":"545ma68kbj6ggddn","time":1614053014,"event":{"mods":["BaseMod","Colored Map","Colored Powertips","Downfall","Minty Spire (QoL Compilation)","Permanent Neow","Quick Restart","StSLib","The Death Knight","The Marked"],"gold_per_floor":[113,133,58,77,93,93,112,141,141,151,151,151,181,194,194,294,294,310,310,310,25,41,41,41,60,138,138,170,184,197,213,213,309,309,329,329,342,359,369,369,395,409,409,434,434,451,479,281,281,281,281],"floor_reached":50,"language":"ENG","playtime":4144,"items_purged":["DeathKnight:Strike_DeathKnight","DeathKnight:Strike_DeathKnight"],"score":618,"play_id":"f73b0617-fa8d-4a44-953e-7bc98aa7d65a","local_time":"20210222220334","is_ascension_mode":false,"campfire_choices":[{"data":"DeathKnight:BloodStrike","floor":6.0,"key":"SMITH"},{"data":"DeathKnight:Runesurge","floor":12.0,"key":"SMITH"},{"data":"DeathKnight:RuneTap","floor":15.0,"key":"SMITH"},{"data":"Mayhem","floor":24,"key":"SMITH"},{"data":"DeathKnight:Lichborne","floor":27,"key":"SMITH"},{"data":"DeathKnight:MarkOfBlood","floor":32,"key":"SMITH"},{"data":"DeathKnight:Runesurge","floor":40,"key":"SMITH"},{"floor":49,"key":"REST"}],"circlet_count":0,"master_deck":["DeathKnight:Defend_DeathKnight","DeathKnight:Defend_DeathKnight","DeathKnight:Defend_DeathKnight","DeathKnight:RuneTap+1","DeathKnight:RuneStrike","DeathKnight:MindFreeze","DeathKnight:Hemostasis","DeathKnight:BloodStrike+1","DeathKnight:Runesurge+1","DeathKnight:HartStrike","DeathKnight:HornOfWinter","DeathKnight:Razorice","DeathKnight:ReapingStrike+1","DeathKnight:BoneShield+1","DeathKnight:ReapingStrike+1","DeathKnight:IcyTouch","DeathKnight:Lichborne+1","DeathKnight:DeathGrip","Mayhem+1","DeathKnight:DeathRune","DeathKnight:FrosPresence+1","DeathKnight:DancingRuneblade","DeathKnight:MarkOfBlood+1","DeathKnight:Runesurge+1","DeathKnight:Hysteria+1","DeathKnight:MarkOfBlood+1","DeathKnight:DeathStrike","DeathKnight:RuneShock"],"relics":["DeathKnight:Shadowmourne","Regal Pillow","DeathKnight:PreciousRibbon","DeathKnight:JainasLocket","Sundial","Astrolabe","Happy Flower","DeathKnight:LanathelsBloodyNail","PreservedInsect","Cursed Key","Calipers","Dead Branch","Gremlin Horn","Bronze Scales"],"acts_visited":["Exordium","TheCity","TheBeyond"],"potions_floor_usage":[25,28,28,50],"damage_taken":[{"damage":0.0,"enemies":"Small Slimes","floor":1.0,"turns":2.0},{"damage":1.0,"enemies":"2 Louse","floor":2.0,"turns":2.0},{"damage":1.0,"enemies":"Jaw Worm","floor":4.0,"turns":3.0},{"damage":6.0,"enemies":"Exordium Wildlife","floor":5.0,"turns":3.0},{"damage":9.0,"enemies":"Large Slime","floor":7.0,"turns":4.0},{"damage":2.0,"enemies":"3 Sentries","floor":8.0,"turns":5.0},{"damage":0.0,"enemies":"Lots of Slimes","floor":10.0,"turns":3.0},{"damage":0.0,"enemies":"Gremlin Nob","floor":13.0,"turns":2.0},{"damage":0.0,"enemies":"Blue Slaver","floor":14.0,"turns":2.0},{"damage":5.0,"enemies":"Hexaghost","floor":16.0,"turns":6.0},{"damage":9,"enemies":"3 Byrds","floor":18,"turns":3},{"damage":5,"enemies":"Shell Parasite","floor":22,"turns":3},{"damage":0,"enemies":"Snecko","floor":25,"turns":4},{"damage":37,"enemies":"Slavers","floor":28,"turns":6},{"damage":2,"enemies":"Centurion and Healer","floor":29,"turns":4},{"damage":1,"enemies":"3 Cultists","floor":30,"turns":4},{"damage":3,"enemies":"Sentry and Sphere","floor":31,"turns":2},{"damage":4,"enemies":"Champ","floor":33,"turns":6},{"damage":0,"enemies":"Orb Walker","floor":35,"turns":2},{"damage":4,"enemies":"3 Darklings","floor":37,"turns":3},{"damage":2,"enemies":"4 Shapes","floor":38,"turns":4},{"damage":3,"enemies":"Maw","floor":39,"turns":4},{"damage":31,"enemies":"Reptomancer","floor":41,"turns":4},{"damage":5,"enemies":"Jaw Worm Horde","floor":42,"turns":5},{"damage":32,"enemies":"Nemesis","floor":44,"turns":3},{"damage":10,"enemies":"Spire Growth","floor":46,"turns":4},{"damage":3,"enemies":"Giant Head","floor":47,"turns":3},{"damage":61,"enemies":"Awakened One","floor":50,"turns":3}],"seed_played":"-9146754998564725144","potions_obtained":[{"floor":1.0,"key":"Fruit Juice"},{"floor":5.0,"key":"Guardian:BlockOnCardUsePotion"},{"floor":7.0,"key":"DeathKnight:PlagueVial"},{"floor":13.0,"key":"SmokeBomb"},{"floor":16.0,"key":"Fruit Juice"},{"floor":25,"key":"SneckoOil"},{"floor":30,"key":"Dexterity Potion"},{"floor":33,"key":"bronze:BurnAndBuffPotion"}],"is_trial":false,"path_per_floor":["M","M","$","M","M","R","M","E","T","M","?","R","E","M","R","B",null,"M","?","?","$","M","$","R","M","T","R","E","M","M","M","R","B",null,"M","?","M","M","M","R","E","M","T","E","?","M","E","$","R","B"],"character_chosen":"DEATH_KNIGHT","items_purchased":["Mayhem","Bronze Scales","DeathKnight:RuneShock"],"campfire_rested":1,"item_purchase_floors":[21,48,48],"current_hp_per_floor":[75,74,74,73,67,67,58,67,67,67,42,42,42,42,42,48,75,66,66,66,66,61,61,61,66,66,66,46,44,43,52,52,48,85,85,85,81,85,82,82,63,58,58,26,26,16,13,13,53,0,0],"gold":281,"neow_bonus":"BOSS_RELIC","is_daily":false,"chose_seed":false,"campfire_upgraded":7,"win_rate":0.0,"timestamp":1614053014,"path_taken":["M","M","$","M","M","R","M","E","T","M","?","R","E","M","R","BOSS","M","?","?","$","M","?","R","?","T","R","E","M","M","M","R","BOSS","M","?","M","M","?","R","E","M","T","E","?","M","E","$","R","BOSS"],"items_purchased_type":["Card","Relic","Card"],"build_version":"2020-12-22","purchased_purges":2,"victory":false,"max_hp_per_floor":[75,75,75,75,75,75,75,75,75,75,75,75,75,75,75,75,75,75,75,75,75,75,75,75,80,80,80,85,85,85,85,85,85,85,85,85,85,85,85,85,85,85,85,85,85,85,85,85,85,85,85],"card_choices":[{"not_picked":["DeathKnight:IceboundArmor","DeathKnight:ShatteringStrikes"],"picked":"DeathKnight:MindFreeze","floor":1.0},{"not_picked":["DeathKnight:Hemostasis","DeathKnight:IceboundArmor"],"picked":"DeathKnight:BladedArmor","floor":2.0},{"not_picked":["DeathKnight:ChainsOfIce","DeathKnight:Rot"],"picked":"DeathKnight:Hemostasis","floor":4.0},{"not_picked":["DeathKnight:HartStrike","DeathKnight:Rot"],"picked":"DeathKnight:BloodStrike","floor":5.0},{"not_picked":["DeathKnight:RaiseAlly","DeathKnight:MutagenicPlague","DeathKnight:RuneShock"],"picked":"SKIP","floor":7.0},{"not_picked":["DeathKnight:BloodStrike","DeathKnight:MutagenicPlague"],"picked":"DeathKnight:Runesurge","floor":8.0},{"not_picked":["DeathKnight:Pestilence","DeathKnight:RuneShock"],"picked":"DeathKnight:HartStrike","floor":10.0},{"not_picked":["DeathKnight:ThirstingStrike","DeathKnight:RunicCorruption"],"picked":"DeathKnight:HornOfWinter","floor":13.0},{"not_picked":["DeathKnight:Hemostasis","DeathKnight:ScourgeStrike","DeathKnight:UnholyFrenzy"],"picked":"SKIP","floor":14.0},{"not_picked":["DeathKnight:BoneStorm","DeathKnight:ArmyOfTheDead"],"picked":"DeathKnight:Razorice","floor":16.0},{"not_picked":["DeathKnight:UnholyFrenzy","DeathKnight:MindFreeze"],"picked":"DeathKnight:IcyTouch","floor":18},{"not_picked":["DeathKnight:UnholyAssault","DeathKnight:DeathGrip","DeathKnight:MutagenicPlague"],"picked":"SKIP","floor":22},{"not_picked":["DeathKnight:BoneShield+1","DeathKnight:RuneShock"],"picked":"DeathKnight:DeathRune","floor":25},{"not_picked":["DeathKnight:HornOfWinter","DeathKnight:Ossuary"],"picked":"DeathKnight:FrosPresence+1","floor":28},{"not_picked":["DeathKnight:DreadStrike","DeathKnight:UnholyFrenzy"],"picked":"DeathKnight:DancingRuneblade","floor":29},{"not_picked":["DeathKnight:ThirstingStrike+1","DeathKnight:DeathStrike+1"],"picked":"DeathKnight:MarkOfBlood","floor":30},{"not_picked":["DeathKnight:HowlingBlast+1","DeathKnight:UnholyFrenzy","DeathKnight:HornOfWinter"],"picked":"SKIP","floor":31},{"not_picked":["DeathKnight:UnholyExperiment","DeathKnight:ArmyOfTheDead"],"picked":"DeathKnight:Runesurge","floor":33},{"not_picked":["DeathKnight:IcyTouch+1","DeathKnight:ScourgeStrike+1"],"picked":"DeathKnight:Hysteria+1","floor":35},{"not_picked":["DeathKnight:BloodStrike","DeathKnight:MutagenicPlague+1","DeathKnight:Obliterate+1"],"picked":"SKIP","floor":37},{"not_picked":["DeathKnight:Pestilence+1","DeathKnight:DeathAndDecay+1","DeathKnight:FrosPresence"],"picked":"SKIP","floor":38},{"not_picked":["DeathKnight:RaiseAlly+1","DeathKnight:UnholyAssault+1","DeathKnight:IcyTouch"],"picked":"SKIP","floor":39},{"not_picked":["DeathKnight:DreadStrike","DeathKnight:FesteringStrike","DeathKnight:Obliterate"],"picked":"SKIP","floor":41},{"not_picked":["DeathKnight:RunicCorruption","DeathKnight:ReapingStrike","DeathKnight:HartStrike"],"picked":"SKIP","floor":42},{"not_picked":["DeathKnight:HowlingBlast+1","DeathKnight:DreadStrike+1","DeathKnight:DeathsAdvance"],"picked":"SKIP","floor":44},{"not_picked":["DeathKnight:DeathAndDecay+1","DeathKnight:FesteringStrike"],"picked":"DeathKnight:DeathStrike","floor":46},{"not_picked":["DeathKnight:DeathGrip","DeathKnight:Hysteria+1","DeathKnight:RunicCorruption+1"],"picked":"SKIP","floor":47}],"player_experience":233689,"relics_obtained":[{"floor":8.0,"key":"Regal Pillow"},{"floor":9.0,"key":"DeathKnight:PreciousRibbon"},{"floor":13.0,"key":"Sundial"},{"floor":26,"key":"DeathKnight:LanathelsBloodyNail"},{"floor":28,"key":"PreservedInsect"},{"floor":41,"key":"Calipers"},{"floor":44,"key":"Dead Branch"},{"floor":47,"key":"Gremlin Horn"}],"event_choices":[{"damage_healed":0.0,"max_hp_gain":0.0,"max_hp_loss":0.0,"gold_gain":0.0,"event_name":"Scrap Ooze","player_choice":"Success","floor":11.0,"gold_loss":0.0,"damage_taken":25.0,"relics_obtained":["DeathKnight:JainasLocket"]},{"damage_healed":0,"gold_gain":0,"cards_transformed":["DeathKnight:Strike_DeathKnight","DeathKnight:Strike_DeathKnight"],"player_choice":"Became Test Subject","damage_taken":0,"max_hp_gain":0,"max_hp_loss":0,"event_name":"Drug Dealer","floor":19,"gold_loss":0,"cards_obtained":["DeathKnight:Lichborne","DeathKnight:DeathGrip"]},{"damage_healed":0,"gold_gain":0,"player_choice":"Opened","damage_taken":0,"relics_obtained":["Happy Flower"],"max_hp_gain":0,"max_hp_loss":0,"event_name":"The Mausoleum","floor":20,"gold_loss":0},{"cards_removed":["DeathKnight:BladedArmor"],"damage_healed":0,"gold_gain":0,"player_choice":"Purged","damage_taken":0,"max_hp_gain":0,"max_hp_loss":0,"event_name":"Purifier","floor":36,"gold_loss":0},{"damage_healed":0,"gold_gain":0,"player_choice":"Copied","damage_taken":0,"max_hp_gain":0,"max_hp_loss":0,"event_name":"Duplicator","floor":45,"gold_loss":0,"cards_obtained":["DeathKnight:MarkOfBlood"]}],"is_beta":false,"boss_relics":[{"not_picked":["SacredBark","Runic Dome"],"picked":"Astrolabe"},{"not_picked":["bronze:MakeshiftBattery","Empty Cage"],"picked":"Cursed Key"}],"items_purged_floors":[3,21],"is_endless":false,"potions_floor_spawned":[1,5,7,13,16,25,30,33,38,39,41,42,44],"killed_by":"Awakened One","ascension_level":0}}