{"host":"z439itq93uucuvou","time":1614103525,"event":{"mods":["BaseMod","Colored Powertips","Downfall","Jorbs\u0027s Wanderer Trilogy","Minty Spire (QoL Compilation)","StSLib"],"gold_per_floor":[99,119,139,139,139,139,139,152,162,162,190,190,205,205,215,215,215,215],"floor_reached":16,"language":"ENG","playtime":630,"items_purged":[],"score":107,"play_id":"21c55b91-5811-4755-9474-c42b54f95b0f","local_time":"20210223100525","is_ascension_mode":true,"campfire_choices":[{"data":"bronze:Goto","floor":1.0,"key":"SMITH"},{"data":"bronze:FineTuning","floor":6.0,"key":"SMITH"},{"data":"bronze:CloningBeam","floor":10.0,"key":"SMITH"}],"circlet_count":0,"master_deck":["bronze:Defend","bronze:Defend","bronze:Defend","bronze:Defend","bronze:Replicate","bronze:Goto+1","bronze:FineTuning+1","bronze:Overheat","bronze:ChildClass","bronze:CloningBeam+1","bronze:Flail+1","bronze:GetLatest","bronze:Constructor","bronze:Philosophize"],"relics":["bronze:BronzeCore","downfall:ShatteredFragment","Ancient Tea Set","Art of War"],"acts_visited":["Exordium"],"potions_floor_usage":[16,16],"damage_taken":[{"damage":1.0,"enemies":"Cultist","floor":2.0,"turns":3.0},{"damage":0.0,"enemies":"Small Slimes","floor":3.0,"turns":4.0},{"damage":0.0,"enemies":"2 Louse","floor":8.0,"turns":2.0},{"damage":10.0,"enemies":"Exordium Thugs","floor":9.0,"turns":4.0},{"damage":5.0,"enemies":"3 Sentries","floor":11.0,"turns":5.0},{"damage":0.0,"enemies":"Red Slaver","floor":13.0,"turns":1.0},{"damage":21,"enemies":"Exordium Wildlife","floor":15,"turns":2},{"damage":6,"enemies":"SI_SHIV_ARCHETYPE","floor":16,"turns":3}],"seed_played":"-6051238852904954219","potions_obtained":[{"floor":8.0,"key":"Weak Potion"},{"floor":9.0,"key":"SpeedPotion"},{"floor":11.0,"key":"Strength Potion"},{"floor":15,"key":"Dexterity Potion"}],"is_trial":false,"path_per_floor":["R","M","M","?","?","R","T","M","M","R","E","?","M","?","M","B"],"character_chosen":"THE_AUTOMATON","items_purchased":[],"campfire_rested":0,"item_purchase_floors":[],"current_hp_per_floor":[63,62,62,41,41,41,41,41,31,31,26,26,26,26,5,0,0,0],"gold":215,"neow_bonus":"REMOVE_TWO","is_daily":false,"chose_seed":false,"campfire_upgraded":3,"win_rate":0.0,"timestamp":1614103525,"path_taken":["R","M","M","?","?","R","T","M","?","R","E","?","?","?","M","BOSS"],"items_purchased_type":[],"build_version":"2020-12-22","purchased_purges":0,"victory":false,"max_hp_per_floor":[63,63,63,63,63,63,63,63,63,63,63,63,63,63,63,63,63,63],"card_choices":[{"not_picked":["bronze:Shield","bronze:Safeguard"],"picked":"bronze:FineTuning","floor":2.0},{"not_picked":["bronze:Frontload","bronze:DarkDash"],"picked":"bronze:Overheat","floor":3.0},{"not_picked":["bronze:Overheat","bronze:DelayedGuard"],"picked":"bronze:ChildClass","floor":8.0},{"not_picked":["bronze:Turbo","bronze:Shield"],"picked":"bronze:CloningBeam","floor":9.0},{"not_picked":["bronze:DelayedSlice","bronze:Break"],"picked":"bronze:Flail","floor":11.0},{"not_picked":["bronze:DelayedSlice","bronze:MaxOutput"],"picked":"bronze:GetLatest","floor":13.0},{"not_picked":["bronze:Frontload","bronze:Separator"],"picked":"bronze:Philosophize","floor":15}],"player_experience":1746263,"relics_obtained":[{"floor":7.0,"key":"Ancient Tea Set"},{"floor":11.0,"key":"Art of War"}],"event_choices":[{"cards_removed":["bronze:Strike"],"damage_healed":0.0,"max_hp_gain":0.0,"max_hp_loss":0.0,"gold_gain":0.0,"event_name":"Bonfire Elementals","player_choice":"Offered Basic","floor":5.0,"gold_loss":0.0,"damage_taken":0.0}],"is_beta":false,"boss_relics":[],"items_purged_floors":[],"is_endless":false,"potions_floor_spawned":[8,9,11,15],"killed_by":"SI_SHIV_ARCHETYPE","ascension_level":1}}