{"host":"m4gb89kpcfic7v2a","time":1614059678,"event":{"mods":["BaseMod","BetterRewards","Downfall","Minty Spire (QoL Compilation)","Reliquary","StSLib"],"gold_per_floor":[116,130,208,221,233,260,183,183,183,183,193,212,240,251,251,355,355,371,470,481,336,346,271,302,322,390,422,422,433,32,47,47,142,142,160,174,224,241,241,241],"floor_reached":39,"language":"ENG","playtime":3314,"items_purged":["Defend_B"],"score":506,"play_id":"0cf970e9-71e0-4569-8d2a-ffaf388fe561","local_time":"20210222225438","is_ascension_mode":true,"campfire_choices":[{"data":"Force Field","floor":8.0,"key":"SMITH"},{"data":"Self Repair","floor":10.0,"key":"SMITH"},{"data":"Thunder Strike","floor":15.0,"key":"SMITH"},{"data":"Ball Lightning","floor":28.0,"key":"SMITH"},{"data":"Dualcast","floor":32.0,"key":"SMITH"}],"circlet_count":0,"master_deck":["Strike_B","Strike_B","Strike_B","Defend_B","Defend_B+1","Defend_B","Zap+1","Dualcast+1","Conserve Battery","Force Field+1","Ball Lightning","Thunder Strike+1","Self Repair+1","Conserve Battery","Ball Lightning+1","Biased Cognition","Self Repair+1","Loop","Loop+1","Tempest+1","Creative AI","Force Field+1","Parasite"],"relics":["Cracked Core","Pantograph","Ancient Tea Set","Mango","Toxic Egg 2","reliquary:RedCape","Blue Candle","Bottled Flame","War Paint","Matryoshka","Nuclear Battery","Calipers"],"acts_visited":["Exordium","TheCity","TheBeyond"],"potions_floor_usage":[37],"damage_taken":[{"damage":0.0,"enemies":"Cultist","floor":1.0,"turns":4.0},{"damage":0.0,"enemies":"Small Slimes","floor":2.0,"turns":3.0},{"damage":7.0,"enemies":"Jaw Worm","floor":4.0,"turns":4.0},{"damage":14.0,"enemies":"Large Slime","floor":5.0,"turns":6.0},{"damage":30.0,"enemies":"Gremlin Nob","floor":6.0,"turns":5.0},{"damage":0.0,"enemies":"2 Fungi Beasts","floor":11.0,"turns":4.0},{"damage":18.0,"enemies":"Exordium Wildlife","floor":12.0,"turns":5.0},{"damage":3.0,"enemies":"Lagavulin","floor":13.0,"turns":7.0},{"damage":20.0,"enemies":"Lots of Slimes","floor":14.0,"turns":4.0},{"damage":34.0,"enemies":"The Guardian","floor":16.0,"turns":11.0},{"damage":6.0,"enemies":"Spheric Guardian","floor":18.0,"turns":3.0},{"damage":22.0,"enemies":"3 Byrds","floor":20.0,"turns":4.0},{"damage":33.0,"enemies":"Snake Plant","floor":22.0,"turns":5.0},{"damage":41.0,"enemies":"Slavers","floor":24.0,"turns":5.0},{"damage":31.0,"enemies":"Centurion and Healer","floor":25.0,"turns":5.0},{"damage":30.0,"enemies":"Gremlin Leader","floor":27.0,"turns":7.0},{"damage":11.0,"enemies":"Sentry and Sphere","floor":29.0,"turns":4.0},{"damage":28.0,"enemies":"Cultist and Chosen","floor":31.0,"turns":6.0},{"damage":83.0,"enemies":"Champ","floor":33.0,"turns":10.0},{"damage":16,"enemies":"Orb Walker","floor":35,"turns":4},{"damage":9,"enemies":"3 Shapes","floor":36,"turns":4},{"damage":41,"enemies":"Mind Bloom Boss Battle","floor":37,"turns":5},{"damage":65,"enemies":"3 Darklings","floor":38,"turns":6},{"damage":33,"enemies":"Writhing Mass","floor":39,"turns":5}],"seed_played":"-4206212436045548428","potions_obtained":[{"floor":5.0,"key":"SkillPotion"},{"floor":11.0,"key":"Dexterity Potion"},{"floor":12.0,"key":"Weak Potion"},{"floor":22.0,"key":"FocusPotion"},{"floor":29.0,"key":"FairyPotion"},{"floor":31.0,"key":"Ancient Potion"},{"floor":33.0,"key":"SteroidPotion"},{"floor":35,"key":"PowerPotion"}],"is_trial":false,"path_per_floor":["M","M","T","M","M","E","$","R","T","R","M","M","E","M","R","B",null,"M","?","M","$","M","?","E","M","T","E","R","M","$","M","R","B",null,"M","M","?","M","M"],"character_chosen":"DEFECT","items_purchased":["Self Repair","Loop","War Paint","Matryoshka"],"campfire_rested":0,"item_purchase_floors":[7,21,30,30],"current_hp_per_floor":[82,82,82,75,61,31,31,31,45,45,55,47,54,44,44,45,96,96,96,84,84,71,71,50,39,39,29,29,38,38,30,30,21,96,96,96,75,30,0,0],"gold":241,"neow_bonus":"TEN_PERCENT_HP_BONUS","is_daily":false,"chose_seed":false,"campfire_upgraded":5,"win_rate":0.0,"timestamp":1614059678,"path_taken":["M","M","?","M","M","E","$","R","T","R","M","M","E","M","R","BOSS","M","?","M","$","M","?","E","M","T","E","R","M","$","M","R","BOSS","M","M","?","M","M"],"items_purchased_type":["Card","Card","Relic","Relic"],"build_version":"2020-12-22","purchased_purges":1,"victory":false,"max_hp_per_floor":[82,82,82,82,82,82,82,82,96,96,96,96,96,96,96,96,96,96,96,96,96,96,96,96,96,96,96,96,96,96,96,96,96,96,96,96,96,96,96,96],"card_choices":[{"not_picked":["Sweeping Beam","Stack","Skim"],"picked":"SKIP","floor":1.0},{"not_picked":["Barrage","Go for the Eyes"],"picked":"Conserve Battery","floor":2.0},{"not_picked":["Gash","Heatsinks"],"picked":"Force Field","floor":4.0},{"not_picked":["Beam Cell","Streamline"],"picked":"Ball Lightning","floor":5.0},{"not_picked":["Beam Cell","Rip and Tear"],"picked":"Thunder Strike","floor":6.0},{"not_picked":["Steam","Melter"],"picked":"Conserve Battery","floor":11.0},{"not_picked":["Redo","Melter","Scrape"],"picked":"SKIP","floor":12.0},{"not_picked":["Steam+1","Streamline","Stack+1"],"picked":"SKIP","floor":13.0},{"not_picked":["BootSequence+1","Reboot+1"],"picked":"Ball Lightning","floor":14.0},{"not_picked":["Meteor Strike","Thunder Strike"],"picked":"Biased Cognition","floor":16.0},{"not_picked":["Lockon","Melter","Reinforced Body+1"],"picked":"SKIP","floor":18.0},{"not_picked":["Beam Cell","White Noise+1"],"picked":"Self Repair+1","floor":20.0},{"not_picked":["BootSequence+1","Sweeping Beam+1","Compile Driver"],"picked":"SKIP","floor":22.0},{"not_picked":["White Noise+1","FTL+1"],"picked":"Loop+1","floor":24.0},{"not_picked":["Conserve Battery+1","Turbo+1","Steam Power+1"],"picked":"SKIP","floor":25.0},{"not_picked":["Steam+1","Sweeping Beam"],"picked":"Tempest+1","floor":27.0},{"not_picked":["Barrage","Go for the Eyes","Compile Driver"],"picked":"SKIP","floor":29.0},{"not_picked":["Coolheaded+1","Cold Snap+1","Skim+1"],"picked":"SKIP","floor":31.0},{"not_picked":["Rainbow+1","All For One"],"picked":"Creative AI","floor":33.0},{"not_picked":["Steam+1","Double Energy+1","Doom and Gloom"],"picked":"SKIP","floor":35},{"not_picked":["Double Energy+1","Consume+1"],"picked":"Force Field+1","floor":36},{"not_picked":["Turbo+1","Doom and Gloom","Coolheaded+1"],"picked":"SKIP","floor":38}],"player_experience":224499,"relics_obtained":[{"floor":3.0,"key":"Pantograph"},{"floor":6.0,"key":"Ancient Tea Set"},{"floor":9.0,"key":"Mango"},{"floor":13.0,"key":"Toxic Egg 2"},{"floor":24.0,"key":"Blue Candle"},{"floor":27.0,"key":"Bottled Flame"},{"floor":37,"key":"Calipers"}],"event_choices":[{"damage_healed":0.0,"max_hp_gain":0.0,"max_hp_loss":0.0,"gold_gain":99.0,"event_name":"Nest","player_choice":"Stole From Cult","floor":19.0,"gold_loss":0.0,"damage_taken":0.0},{"cards_removed":["Strike_B"],"damage_healed":0.0,"max_hp_gain":0.0,"max_hp_loss":0.0,"gold_gain":0.0,"event_name":"Beggar","player_choice":"Gave Gold","floor":23.0,"gold_loss":75.0,"damage_taken":0.0},{"damage_healed":0,"gold_gain":0,"player_choice":"Fight","damage_taken":0,"max_hp_gain":0,"max_hp_loss":0,"event_name":"MindBloom","floor":37,"gold_loss":0}],"is_beta":false,"boss_relics":[{"not_picked":["reliquary:WritOfMandamus","Fusion Hammer"],"picked":"reliquary:RedCape"},{"not_picked":["Empty Cage","Velvet Choker"],"picked":"Nuclear Battery"}],"items_purged_floors":[21],"is_endless":false,"potions_floor_spawned":[5,11,12,22,29,31,33,35],"killed_by":"Writhing Mass","ascension_level":2}}