{"host":"ymmeoa1x24ihslbm","time":1614046723,"event":{"mods":["AchievementEnabler","Bartender","BaseMod","CatGirl Mod","Colored Map","Colored Powertips","Defuse TimeMaze Blight","Hermit","Highlight Path","HornydragonMod","Hyrulean Relics","Infinite Spire","Magitek Elite","Minty Spire (QoL Compilation)","Permanent Neow","Quick Restart","Rare Cards Sparkle","Relic Sorter","Robot Space Explorer","Shapeshifter Mod","Shop Mod","StSLib","The Marked","TheSurvivalist","Transform Curses"],"gold_per_floor":[117,133,208,208,157,157,175,175,175,175,175,186,186,26,26,26,26],"floor_reached":16,"language":"ENG","playtime":674,"items_purged":[],"score":88,"play_id":"011a01a7-6ffa-4ae7-a203-de9e2a4c0678","local_time":"20210223031843","is_ascension_mode":false,"campfire_choices":[{"data":"Discovery","floor":6.0,"key":"SMITH"},{"data":"Cure","floor":8.0,"key":"SMITH"},{"data":"Cure","floor":10.0,"key":"SMITH"},{"data":"Aero","floor":13.0,"key":"SMITH"},{"data":"Aero","floor":15.0,"key":"SMITH"}],"circlet_count":0,"master_deck":["Strike_L","Strike_L","Strike_L","Strike_L","Defend_L","Defend_L","Defend_L+1","Defend_L","Defend_L+1","Fire2","Cure+2","Discovery+1","Rune_Blade","Vox","Man_Eater","Aero+2","Diamond_Shield2"],"relics":["Ring of the Snake","HornCleat","Mercury Hourglass","infinitespire:Cubic Diamond"],"acts_visited":["Exordium"],"potions_floor_usage":[],"damage_taken":[{"damage":3.0,"enemies":"Small Slimes","floor":1.0,"turns":5.0},{"damage":12.0,"enemies":"2 Louse","floor":2.0,"turns":4.0},{"damage":0.0,"enemies":"Cultist","floor":7.0,"turns":3.0},{"damage":0.0,"enemies":"Looter","floor":12.0,"turns":3.0},{"damage":62,"enemies":"Slime Boss","floor":16,"turns":12}],"seed_played":"-2965908725794814939","potions_obtained":[{"floor":7.0,"key":"Dexterity Potion"}],"is_trial":false,"path_per_floor":["M","M","?","?","?","R","M","R","T","R","?","M","R","$","R","B"],"character_chosen":"MAGITEKELITE","items_purchased":["Diamond_Shield2"],"campfire_rested":0,"item_purchase_floors":[14],"current_hp_per_floor":[60,54,43,30,30,30,36,36,36,36,36,48,48,48,48,0,0],"gold":26,"neow_bonus":"RANDOM_COLORLESS","is_daily":false,"chose_seed":false,"campfire_upgraded":5,"win_rate":0.0,"timestamp":1614046723,"path_taken":["M","M","?","?","?","R","?","R","T","R","?","M","R","?","R","BOSS"],"items_purchased_type":["Card"],"build_version":"2020-12-22","purchased_purges":0,"victory":false,"max_hp_per_floor":[63,63,63,63,63,63,63,63,63,63,63,63,63,63,63,63,63],"card_choices":[{"not_picked":["Finesse","Deep Breath"],"picked":"Discovery","floor":0.0},{"not_picked":["Bravery","Flare"],"picked":"Rune_Blade","floor":1.0},{"not_picked":["Gladius","Flare"],"picked":"Vox","floor":2.0},{"not_picked":["Heavy_Shield","Throw"],"picked":"Man_Eater","floor":7.0},{"not_picked":["Transpose_P","Bravery"],"picked":"Aero","floor":12.0}],"player_experience":814665,"relics_obtained":[{"floor":9.0,"key":"Mercury Hourglass"}],"event_choices":[{"damage_healed":0.0,"max_hp_gain":0.0,"max_hp_loss":0.0,"gold_gain":75.0,"event_name":"World of Goop","player_choice":"Gather Gold","floor":3.0,"gold_loss":0.0,"damage_taken":11.0},{"damage_healed":0.0,"max_hp_gain":0.0,"max_hp_loss":0.0,"gold_gain":0.0,"event_name":"Shining Light","player_choice":"Entered Light","floor":4.0,"gold_loss":0.0,"damage_taken":13.0,"cards_upgraded":["Defend_L","Defend_L"]},{"damage_healed":0.0,"max_hp_gain":0.0,"max_hp_loss":0.0,"gold_gain":0.0,"event_name":"WeMeetAgain","player_choice":"Paid Gold","floor":5.0,"gold_loss":51.0,"damage_taken":0.0,"relics_obtained":["HornCleat"]}],"is_beta":false,"boss_relics":[],"items_purged_floors":[],"is_endless":false,"potions_floor_spawned":[7],"killed_by":"Slime Boss","ascension_level":0}}