{"host":"c1oza4x7xlyuasvd","time":1614082603,"event":{"mods":["ATMod(°¢èªMod)","Act Like it!","BaseMod","Better Vampires","Colored Powertips","Gensokyo","Marisa£¨ìFÓê¡¡Ä§ÀíÉ³£©","Minty Spire (QoL Compilation)","MostiFishMod","Reimu£¨²©ÀöÁéÃÎ£©","StSLib","TestMod","The Animator","Waifu the Spire","Youmu£¨»êÆÇÑýÃÎ£©"],"gold_per_floor":[118,134,42,57,68,68,102,102,102,134,144,175,175,187,187,266,266,278,295,295,695,695,20,55,55,55,85,85,103,130,148,148,221,221,236,236,85,85,85,85,120,45,45,361,361,390,405,425,425,425,425,425,172,199,199],"floor_reached":56,"language":"ZHS","playtime":2190,"items_purged":["Dagger Spray","Neutralize+1"],"score":2595,"play_id":"e243b50a-6045-44b3-994f-b4dce23382ca","local_time":"20210223201643","is_ascension_mode":true,"campfire_choices":[{"data":"Concentrate","floor":6.0,"key":"SMITH"},{"data":"Acrobatics","floor":8.0,"key":"SMITH"},{"data":"Tactician","floor":15.0,"key":"SMITH"},{"data":"MostiFishMod:Dislodge","floor":25.0,"key":"SMITH"},{"data":"Calculated Gamble","floor":28.0,"key":"SMITH"},{"data":"Blade Dance","floor":32.0,"key":"SMITH"},{"data":"AT_WindRun","floor":40.0,"key":"SMITH"},{"floor":49,"key":"RECALL"},{"data":"Escape Plan","floor":52,"key":"SMITH"}],"circlet_count":0,"master_deck":["AscendersBane","Strike_G","Strike_G","Strike_G","Strike_G","Strike_G+1","Defend_G","Defend_G","Defend_G","Defend_G","Defend_G","AT_EssenceShift+1","Acrobatics+1","Concentrate+1","Escape Plan+1","Backflip+1","Reflex+1","Blade Dance+1","Tactician+1","MostiFishMod:Dislodge+1","AT_WindRun+1","Calculated Gamble+1","Tools of the Trade+1","Gensokyo:Dawn+1","MostiFishMod:InvigoratingSolution+1","AT_Desolate+1","Acrobatics+1"],"relics":["Ring of the Snake","AT_ATBox","DaveBox","testmod-SaigiyounoYou","CombinedTypeHook","NeowsBlessing","SynthV:TestCard","Toy Ornithopter","testmod-OneHitWonder","Gambling Chip","White Beast Statue","AT_ArcaneBoots","Mercury Hourglass","JellyFishMachine","Gensokyo:SongOfSouls","AT_EbonyIvory","MetatronsCube","TheAbacus","OrangePellets","BirthdayGift-Icosahedron","testmod-Antiphasic","testmod-ArcanaOfDestiny","AT_ImmortalShieldbow","Vajra","AT_SunfireAegis","Bag of Marbles","OneHitWonderSystem","testmod-ObsoleteBoomerang","AT_SilvercatRing","testmod-Hope","Sundial","testmod-RainbowHikingShoes","HornCleat","Centennial Puzzle","Ornamental Fan"],"acts_visited":["Exordium","Gensokyo:Gensokyo","Gensokyo:Gensokyoer","TheEnding"],"potions_floor_usage":[55],"damage_taken":[{"damage":8.0,"enemies":"Gensokyo:Gryphon","floor":1.0,"turns":2.0},{"damage":0.0,"enemies":"Gensokyo:Python","floor":2.0,"turns":1.0},{"damage":0.0,"enemies":"Gensokyo:2_Kodama","floor":4.0,"turns":1.0},{"damage":18.0,"enemies":"Gensokyo:VengefulSpirit","floor":5.0,"turns":8.0},{"damage":51.0,"enemies":"Gensokyo:Aya","floor":7.0,"turns":7.0},{"damage":13.0,"enemies":"Gensokyo:Cirno","floor":10.0,"turns":7.0},{"damage":14.0,"enemies":"Gensokyo:Gryphon_and_Rabbit","floor":11.0,"turns":4.0},{"damage":5.0,"enemies":"Gensokyo:Mamizou","floor":12.0,"turns":9.0},{"damage":8.0,"enemies":"Gensokyo:CorruptedTreant","floor":14.0,"turns":3.0},{"damage":16.0,"enemies":"Gensokyo:Kokoro","floor":16.0,"turns":8.0},{"damage":0.0,"enemies":"Gensokyo:Chomper","floor":18.0,"turns":3.0},{"damage":0.0,"enemies":"Gensokyo:AngelMirror","floor":19.0,"turns":4.0},{"damage":0.0,"enemies":"Gensokyo:Koishi","floor":24.0,"turns":3.0},{"damage":0.0,"enemies":"Gensokyo:Reisen","floor":27.0,"turns":1.0},{"damage":0.0,"enemies":"Gensokyo:3_Gloops","floor":29.0,"turns":2.0},{"damage":0.0,"enemies":"Gensokyo:Tenshi","floor":30.0,"turns":1.0},{"damage":0.0,"enemies":"Gensokyo:Wraith","floor":31.0,"turns":2.0},{"damage":0.0,"enemies":"Gensokyo:Kaguya","floor":33.0,"turns":2.0},{"damage":0.0,"enemies":"Gensokyo:AncientGuardian","floor":35.0,"turns":1.0},{"damage":0.0,"enemies":"Gensokyo:AncientGuardian","floor":36.0,"turns":2.0},{"damage":0.0,"enemies":"Gensokyo:Kasen","floor":41.0,"turns":1.0},{"damage":0,"enemies":"Gensokyo:3_Bats","floor":44,"turns":1},{"damage":0,"enemies":"Gensokyo:Doremy","floor":46,"turns":1},{"damage":0,"enemies":"Gensokyo:Dusk_and_Dawn","floor":47,"turns":1},{"damage":0,"enemies":"Gensokyo:4_Bats","floor":48,"turns":1},{"damage":0,"enemies":"Gensokyo:Shinki","floor":50,"turns":3},{"damage":0,"enemies":"Shield and Spear","floor":54,"turns":1},{"damage":0,"enemies":"The Heart","floor":55,"turns":2}],"seed_played":"382953358822371151","potions_obtained":[{"floor":2.0,"key":"Regen Potion"},{"floor":7.0,"key":"Strength Potion"},{"floor":10.0,"key":"Weak Potion"},{"floor":11.0,"key":"Fire Potion"},{"floor":14.0,"key":"Fruit Juice"},{"floor":16.0,"key":"Dexterity Potion"},{"floor":18.0,"key":"testmod-SpacePotion"},{"floor":19.0,"key":"Block Potion"},{"floor":24.0,"key":"PowerPotion"},{"floor":31.0,"key":"DistilledChaos"},{"floor":46,"key":"Swift Potion"}],"is_trial":false,"path_per_floor":["M","M","COS","M","M","R","E","R","T","E","M","E","?","M","R","B",null,"M","M","?","?","?","COS","E","R","T","E","R","M","E","M","R","B",null,"M","?","COS","?","?","R","E","$","T","M","T","E","M","M","R","B",null,"R","$","E","B",null],"character_chosen":"THE_SILENT","items_purchased":["Centennial Puzzle"],"campfire_rested":0,"item_purchase_floors":[53],"current_hp_per_floor":[52,53,53,55,54,54,36,36,36,49,49,51,51,58,58,62,69,71,71,71,71,64,64,64,64,64,64,64,64,64,64,64,64,1,1,1,1,1,1,1,1,1,1,1,1,1,1,1,1,1,1,1,1,1,1],"gold":199,"neow_bonus":"THREE_ENEMY_KILL","is_daily":false,"chose_seed":false,"campfire_upgraded":8,"win_rate":0.0,"timestamp":1614082603,"path_taken":["M","M","COS","M","M","R","E","R","T","E","M","E","?","M","R","BOSS","M","M","?","?","?","COS","E","R","T","E","R","M","E","?","R","BOSS","M","?","COS","?","?","R","E","$","T","?","?","E","M","M","R","BOSS","R","$","E","BOSS"],"items_purchased_type":["Relic"],"build_version":"2020-12-22","purchased_purges":2,"victory":true,"max_hp_per_floor":[66,66,66,66,66,66,66,66,66,66,66,66,66,71,71,71,71,71,71,71,71,64,64,64,64,64,64,64,64,64,64,64,64,1,1,1,1,1,1,1,1,1,1,1,1,1,1,1,1,1,1,1,1,1,1],"card_choices":[{"not_picked":["Blade Dance","Dagger Throw","Slice"],"picked":"SKIP","floor":1.0},{"not_picked":["Caltrops","Outmaneuver","MostiFishMod:PoisonShield","Bane"],"picked":"Acrobatics","floor":2.0},{"not_picked":["Choke","Bane","Quick Slash","Deadly Poison"],"picked":"Concentrate","floor":4.0},{"not_picked":["Flying Knee","Backflip","PiercingWail","Poisoned Stab"],"picked":"Dagger Spray","floor":5.0},{"not_picked":["Night Terror","Leg Sweep","Deadly Poison","Sucker Punch"],"picked":"Escape Plan","floor":7.0},{"not_picked":["Corpse Explosion","MostiFishMod:PerfectParry","Quick Slash","Underhanded Strike"],"picked":"Backflip","floor":10.0},{"not_picked":["Underhanded Strike","Expertise","MostiFishMod:PerfectParry","Dodge and Roll"],"picked":"Reflex","floor":11.0},{"not_picked":["MostiFishMod:PreservedThorns","Riddle With Holes","Deflect","MostiFishMod:VineMother"],"picked":"Blade Dance","floor":12.0},{"not_picked":["Outmaneuver","Reflex","Backflip","Cloak And Dagger"],"picked":"Tactician","floor":14.0},{"not_picked":["Phantasmal Killer","AT_KingSlayer","Wraith Form v2","Night Terror"],"picked":"MostiFishMod:Dislodge","floor":16.0},{"not_picked":["Bane","Flying Knee","Choke","Dodge and Roll","MostiFishMod:PerfectParry"],"picked":"SKIP","floor":18.0},{"not_picked":["Flying Knee","Cloak And Dagger","PiercingWail","Skewer"],"picked":"AT_WindRun","floor":19.0},{"not_picked":["Poisoned Stab+1","Flying Knee","MostiFishMod:VineMother","Quick Slash+1"],"picked":"Calculated Gamble","floor":24.0},{"not_picked":["PiercingWail","Backstab","Concentrate","Backflip","Noxious Fumes"],"picked":"SKIP","floor":27.0},{"not_picked":["Dagger Spray","Cloak And Dagger","Underhanded Strike","Deadly Poison","Sucker Punch"],"picked":"SKIP","floor":29.0},{"not_picked":["Dagger Spray","Blade Dance","Deflect+1","Backstab","AT_KingSlayer"],"picked":"SKIP","floor":30.0},{"not_picked":["Crippling Poison","Underhanded Strike","Sucker Punch","Flying Knee","Predator"],"picked":"SKIP","floor":31.0},{"not_picked":["MostiFishMod:GrandStart","Doppelganger","A Thousand Cuts","Storm of Steel"],"picked":"Tools of the Trade","floor":33.0},{"not_picked":["Cloak And Dagger+1","MostiFishMod:FrostNova","Flechettes","AT_FocusSwordFire","Sucker Punch"],"picked":"SKIP","floor":35.0},{"not_picked":["Gensokyo:DreamlikeParadise+1","Gensokyo:UnlikelyAid+1"],"picked":"Gensokyo:Dawn+1","floor":36.0},{"not_picked":["AT_ArcaneSupremacy","Masterful Stab","AT_ThistleTea","Bane","Caltrops"],"picked":"SKIP","floor":41.0},{"not_picked":["Prepared","Quick Slash","Flying Knee+1","PiercingWail"],"picked":"MostiFishMod:InvigoratingSolution+1","floor":44},{"not_picked":["Expertise","MostiFishMod:WinterMarkForm","Acrobatics","Leg Sweep"],"picked":"AT_Desolate+1","floor":46},{"not_picked":["Slice+1","Bane","AT_ShadowStep","Underhanded Strike"],"picked":"Acrobatics+1","floor":47},{"not_picked":["Choke+1","Dagger Throw+1","AT_ThistleTea","Deflect+1","Finisher+1"],"picked":"SKIP","floor":48},{"not_picked":["Skewer","MostiFishMod:PoisonShield+1","Backflip+1","Flying Knee","PiercingWail"],"picked":"SKIP","floor":54}],"player_experience":268243,"relics_obtained":[{"floor":1.0,"key":"SynthV:TestCard"},{"floor":7.0,"key":"Gambling Chip"},{"floor":9.0,"key":"White Beast Statue"},{"floor":10.0,"key":"AT_SpeedBoots"},{"floor":12.0,"key":"Mercury Hourglass"},{"floor":24.0,"key":"testmod-Antiphasic"},{"floor":26.0,"key":"testmod-ArcanaOfDestiny"},{"floor":27.0,"key":"AT_ImmortalShieldbow"},{"floor":30.0,"key":"Bag of Marbles"},{"floor":41.0,"key":"AT_SilvercatRing"},{"floor":45,"key":"testmod-Hope"},{"floor":46,"key":"Sundial"},{"floor":54,"key":"Ornamental Fan"}],"event_choices":[{"damage_healed":0.0,"max_hp_gain":0.0,"max_hp_loss":0.0,"gold_gain":400.0,"event_name":"¶÷ÂåË¹µÄÅÌ×Ó","player_choice":"Sell","floor":21.0,"relics_lost":["testmod-TestBox"],"gold_loss":0.0,"damage_taken":0.0}],"is_beta":false,"boss_relics":[{"not_picked":["PatriotShield","testmod-EnergyCheck"],"picked":"JellyFishMachine"},{"not_picked":["HoveringKite","WristBlade"],"picked":"OneHitWonderSystem"}],"items_purged_floors":[42,53],"is_endless":false,"potions_floor_spawned":[2,7,10,11,12,14,16,18,19,24,27,29,30,31,33,35,41,44,46,47,48,54],"ascension_level":15}}