{"host":"qp7xs8nuzfsyommi","time":1614120397,"event":{"mods":["2.2 Compatiblity","BaseMod","Colored Powertips","DeckTracker","Highlight Path","Minty Spire (QoL Compilation)","Permanent Neow","Quick Restart","StSLib","Weighted Paths"],"gold_per_floor":[360,13,29,45,45,45,45,45,119,149,159,159,159,159],"floor_reached":13,"language":"ENG","playtime":493,"items_purged":["Regret"],"score":166,"play_id":"bb7edea3-2450-4bf5-9da0-796e4693114f","local_time":"20210223174637","is_ascension_mode":true,"campfire_choices":[{"floor":6,"key":"REST"},{"data":"Genetic Algorithm","floor":8,"key":"SMITH"}],"circlet_count":0,"master_deck":["AscendersBane","Strike_B","Strike_B","Strike_B","Strike_B","Defend_B","Defend_B","Defend_B","Defend_B","Zap","Dualcast","Coolheaded","Genetic Algorithm+1","Gash"],"relics":["Cracked Core","Singing Bowl","Eternal Feather","Gremlin Horn","Regal Pillow"],"acts_visited":["Exordium"],"potions_floor_usage":[11],"damage_taken":[{"damage":18,"enemies":"Small Slimes","floor":1,"turns":4},{"damage":0,"enemies":"Jaw Worm","floor":3,"turns":5},{"damage":0,"enemies":"Cultist","floor":4,"turns":4},{"damage":44,"enemies":"3 Sentries","floor":10,"turns":10},{"damage":3,"enemies":"Blue Slaver","floor":11,"turns":3},{"damage":34,"enemies":"Lagavulin","floor":13,"turns":10}],"seed_played":"5587738329448481666","potions_obtained":[{"floor":1,"key":"LiquidBronze"},{"floor":3,"key":"Block Potion"}],"is_trial":false,"path_per_floor":["M","$","M","M","?","R","?","R","T","E","M","?","E"],"character_chosen":"DEFECT","items_purchased":["Singing Bowl"],"campfire_rested":1,"item_purchase_floors":[2],"current_hp_per_floor":[46,46,46,48,22,49,73,73,73,31,28,28,0,0],"gold":159,"neow_bonus":"TWO_FIFTY_GOLD","is_daily":false,"chose_seed":false,"campfire_upgraded":1,"win_rate":0.0,"timestamp":1614120397,"path_taken":["M","$","M","M","?","R","?","R","T","E","?","?","E"],"items_purchased_type":["Relic"],"build_version":"2020-12-22","purchased_purges":1,"victory":false,"max_hp_per_floor":[71,71,71,73,73,73,73,73,73,75,75,75,75,75],"card_choices":[{"not_picked":["Cold Snap","Stack"],"picked":"Coolheaded","floor":1},{"not_picked":["Static Discharge","Go for the Eyes"],"picked":"Genetic Algorithm","floor":3},{"not_picked":["Redo","Reprogram","Conserve Battery"],"picked":"Singing Bowl","floor":4},{"not_picked":["Reinforced Body","Steam Power","Hello World"],"picked":"Singing Bowl","floor":10},{"not_picked":["Double Energy","Auto Shields"],"picked":"Gash","floor":11}],"player_experience":1488062,"relics_obtained":[{"floor":9,"key":"Gremlin Horn"},{"floor":10,"key":"Regal Pillow"}],"event_choices":[{"damage_healed":0,"gold_gain":0,"player_choice":"Success","damage_taken":26,"relics_obtained":["Eternal Feather"],"max_hp_gain":0,"max_hp_loss":0,"event_name":"Scrap Ooze","floor":5,"gold_loss":0},{"damage_healed":24,"gold_gain":0,"player_choice":"Full Heal","damage_taken":0,"max_hp_gain":0,"max_hp_loss":0,"event_name":"Wheel of Change","floor":7,"gold_loss":0},{"damage_healed":0,"gold_gain":0,"player_choice":"Ignored","damage_taken":0,"max_hp_gain":0,"max_hp_loss":0,"event_name":"Liars Game","floor":12,"gold_loss":0}],"is_beta":false,"boss_relics":[],"items_purged_floors":[2],"is_endless":false,"potions_floor_spawned":[1,3,4],"killed_by":"Lagavulin","ascension_level":20}}