{"host":"anox4050deqdcqoh","time":1614044323,"event":{"mods":["BaseMod","Colored Map","Displayed Cursed Tome","Highlight Path","Minty Spire (QoL Compilation)","Quick Restart","Rare Cards Sparkle","everything is the same but u backflip on backflip"],"gold_per_floor":[214,8,20,20,20,49,49,49,49,68,82,82,107,107,107,207,207,226,244,262,262,281,281,311,323,388,415,427,354,382,405,417,429,429],"floor_reached":33,"language":"ENG","playtime":2266,"items_purged":[],"score":418,"play_id":"731a0117-4d81-41bc-9d7e-9d6b19c3d3b8","local_time":"20210222203843","is_ascension_mode":true,"campfire_choices":[{"data":"Perfected Strike","floor":8,"key":"SMITH"},{"data":"Pummel","floor":12,"key":"SMITH"},{"data":"Clothesline","floor":15,"key":"SMITH"},{"floor":23,"key":"REST"},{"floor":25,"key":"REST"},{"floor":28,"key":"REST"},{"floor":32,"key":"REST"}],"circlet_count":0,"master_deck":["Defend_R","Defend_R","Bash","Shrug It Off","Perfected Strike+1","Evolve","Inflame","Pummel+1","Seeing Red","Clothesline+1","Fiend Fire","Shockwave","Pummel","Bite","Bite","Bite","Bite","Bite","Armaments","Disarm","Flex+1","Dual Wield+1","Headbutt"],"relics":["Burning Blood","PreservedInsect","Bronze Scales","Self Forming Clay","Black Star","MawBank","Blue Candle","Juzu Bracelet","Pocketwatch"],"acts_visited":["Exordium","TheCity"],"potions_floor_usage":[6,11,18,24,27,33],"damage_taken":[{"damage":6,"enemies":"Cultist","floor":1,"turns":3},{"damage":5,"enemies":"Small Slimes","floor":3,"turns":3},{"damage":10,"enemies":"3 Sentries","floor":6,"turns":10},{"damage":0,"enemies":"2 Louse","floor":10,"turns":4},{"damage":5,"enemies":"Gremlin Gang","floor":11,"turns":4},{"damage":0,"enemies":"Gremlin Nob","floor":13,"turns":2},{"damage":34,"enemies":"Hexaghost","floor":16,"turns":9},{"damage":19,"enemies":"3 Byrds","floor":18,"turns":5},{"damage":24,"enemies":"Shell Parasite","floor":19,"turns":4},{"damage":28,"enemies":"3 Cultists","floor":20,"turns":5},{"damage":19,"enemies":"Snecko","floor":22,"turns":3},{"damage":47,"enemies":"Gremlin Leader","floor":24,"turns":8},{"damage":60,"enemies":"Sentry and Sphere","floor":27,"turns":8},{"damage":12,"enemies":"Snake Plant","floor":30,"turns":4},{"damage":17,"enemies":"Centurion and Healer","floor":31,"turns":5},{"damage":78,"enemies":"Champ","floor":33,"turns":11}],"seed_played":"6909273437930898639","potions_obtained":[{"floor":3,"key":"EssenceOfSteel"},{"floor":6,"key":"GamblersBrew"},{"floor":22,"key":"SteroidPotion"},{"floor":24,"key":"EssenceOfSteel"},{"floor":31,"key":"SteroidPotion"}],"is_trial":false,"path_per_floor":["M","$","M","?","$","E","$","R","T","M","M","R","E","?","R","B",null,"M","M","M","?","M","R","E","R","T","M","R","?","M","M","R","B"],"character_chosen":"IRONCLAD","items_purchased":["PreservedInsect","Weak Potion"],"campfire_rested":4,"item_purchase_floors":[2,2],"current_hp_per_floor":[72,72,73,73,73,69,69,69,69,75,76,76,80,80,80,52,73,62,46,26,26,23,47,27,51,51,9,33,33,37,30,54,0,0],"gold":429,"neow_bonus":"HUNDRED_GOLD","is_daily":false,"chose_seed":false,"campfire_upgraded":3,"win_rate":0.0,"timestamp":1614044323,"path_taken":["M","?","M","?","$","E","$","R","T","M","M","R","E","?","R","BOSS","M","M","?","?","M","R","E","R","T","M","R","?","M","M","R","BOSS"],"items_purchased_type":["Relic","Potion"],"build_version":"2020-12-22","purchased_purges":0,"victory":false,"max_hp_per_floor":[80,80,80,80,80,80,80,80,80,80,80,80,80,80,80,80,80,80,80,80,80,80,80,80,80,80,80,80,80,80,80,80,80,80],"card_choices":[{"not_picked":["Havoc","Heavy Blade"],"picked":"Shrug It Off","floor":1},{"not_picked":["Second Wind","Blood for Blood"],"picked":"Perfected Strike","floor":3},{"not_picked":["Second Wind","Clash"],"picked":"Inflame","floor":6},{"not_picked":["Dark Embrace","Dual Wield"],"picked":"Pummel","floor":10},{"not_picked":["Shockwave","Limit Break"],"picked":"Seeing Red","floor":11},{"not_picked":["Thunderclap","Flex"],"picked":"Clothesline","floor":13},{"not_picked":["Juggernaut","Exhume"],"picked":"Fiend Fire","floor":16},{"not_picked":["Twin Strike+1","Rage+1"],"picked":"Shockwave","floor":18},{"not_picked":["Body Slam+1","Rampage"],"picked":"Pummel","floor":19},{"not_picked":["Perfected Strike+1","Blood for Blood","Havoc"],"picked":"SKIP","floor":20},{"not_picked":["Sentinel","Clash"],"picked":"Armaments","floor":22},{"not_picked":["Armaments","Perfected Strike"],"picked":"Disarm","floor":24},{"not_picked":["Spot Weakness","Heavy Blade+1"],"picked":"Flex+1","floor":27},{"not_picked":["Clothesline","Sentinel+1"],"picked":"Dual Wield+1","floor":30},{"not_picked":["Searing Blow","Thunderclap"],"picked":"Headbutt","floor":31}],"player_experience":500000,"relics_obtained":[{"floor":6,"key":"Bronze Scales"},{"floor":9,"key":"Self Forming Clay"},{"floor":13,"key":"Blood Vial"},{"floor":24,"key":"MawBank"},{"floor":24,"key":"Blue Candle"},{"floor":26,"key":"Juzu Bracelet"}],"event_choices":[{"damage_healed":0,"gold_gain":0,"cards_transformed":["Defend_R"],"player_choice":"Change","damage_taken":0,"max_hp_gain":0,"max_hp_loss":0,"event_name":"Living Wall","floor":4,"gold_loss":0,"cards_obtained":["Evolve"]},{"cards_removed":["Defend_R"],"damage_healed":0,"gold_gain":0,"player_choice":"Offered Basic","damage_taken":0,"max_hp_gain":0,"max_hp_loss":0,"event_name":"Bonfire Elementals","floor":14,"gold_loss":0},{"damage_healed":0,"gold_gain":0,"player_choice":"Became a vampire (Vial)","damage_taken":0,"max_hp_gain":0,"max_hp_loss":0,"event_name":"Vampires","floor":21,"relics_lost":["Blood Vial"],"gold_loss":0,"cards_obtained":["Bite","Bite","Bite","Bite","Bite"]},{"damage_healed":0,"gold_gain":0,"player_choice":"Obtained Relic","damage_taken":0,"relics_obtained":["Pocketwatch"],"max_hp_gain":0,"max_hp_loss":0,"event_name":"Addict","floor":29,"gold_loss":85}],"is_beta":false,"boss_relics":[{"not_picked":["Fusion Hammer","Sozu"],"picked":"Black Star"}],"items_purged_floors":[],"is_endless":false,"potions_floor_spawned":[3,6,22,24,31],"killed_by":"Champ","ascension_level":6}}