{"host":"iv24d026eac8pm4e","time":1614098427,"event":{"mods":["BaseMod","Minty Spire (QoL Compilation)"],"gold_per_floor":[216,216,235,251,50,50,10,10,10,20,36,47,77,77,77,170,170,182,194,205,222,222,222,222],"floor_reached":23,"language":"ENG","playtime":1076,"items_purged":[],"score":453,"play_id":"fb5e7ce5-8960-4c2d-a6cc-df1eb225de09","local_time":"20210223084027","is_ascension_mode":true,"campfire_choices":[{"data":"Defragment","floor":6,"key":"SMITH"},{"data":"Biased Cognition","floor":8,"key":"SMITH"},{"data":"Fission","floor":15,"key":"SMITH"}],"circlet_count":0,"master_deck":["AscendersBane","Strike_B","Strike_B","Strike_B","Strike_B","Defend_B","Defend_B","Defend_B","Defend_B","Zap","Dualcast","Ball Lightning","Biased Cognition+1","Chill","Defragment+1","Undo","Leap","Ball Lightning","Cold Snap","Redo","Fission+1","Sweeping Beam","Seek","Compile Driver+1","Creative AI"],"relics":["Cracked Core","Toolbox","Tiny Chest","CaptainsWheel","Inserter","Singing Bowl"],"acts_visited":["Exordium","TheCity"],"potions_floor_usage":[11,18,20],"damage_taken":[{"damage":0,"enemies":"Small Slimes","floor":1,"turns":3},{"damage":0,"enemies":"Cultist","floor":3,"turns":3},{"damage":7,"enemies":"Jaw Worm","floor":4,"turns":3},{"damage":0,"enemies":"2 Fungi Beasts","floor":10,"turns":3},{"damage":0,"enemies":"3 Louse","floor":11,"turns":1},{"damage":5,"enemies":"Exordium Thugs","floor":12,"turns":3},{"damage":6,"enemies":"3 Sentries","floor":13,"turns":8},{"damage":0,"enemies":"Hexaghost","floor":16,"turns":11},{"damage":18,"enemies":"Shell Parasite","floor":18,"turns":6},{"damage":7,"enemies":"3 Byrds","floor":19,"turns":5},{"damage":12,"enemies":"Snake Plant","floor":20,"turns":5},{"damage":9,"enemies":"Centurion and Healer","floor":21,"turns":11},{"damage":26,"enemies":"Gremlin Leader","floor":23,"turns":6}],"seed_played":"-6196389142308736671","potions_obtained":[{"floor":2,"key":"Ancient Potion"},{"floor":2,"key":"Explosive Potion"},{"floor":11,"key":"DuplicationPotion"},{"floor":18,"key":"Strength Potion"}],"is_trial":false,"path_per_floor":["M","?","M","M","$","R","$","R","T","M","M","M","E","?","R","B",null,"M","M","M","M","T","E"],"character_chosen":"DEFECT","items_purchased":["Defragment","Toolbox","Undo"],"campfire_rested":0,"item_purchase_floors":[5,5,7],"current_hp_per_floor":[64,64,64,57,57,57,57,57,57,57,57,52,46,46,46,46,65,47,40,28,19,19,0,0],"gold":222,"neow_bonus":"HUNDRED_GOLD","is_daily":false,"chose_seed":false,"campfire_upgraded":3,"win_rate":0.0,"timestamp":1614098427,"path_taken":["M","?","M","M","$","R","?","R","T","M","M","?","E","?","R","BOSS","M","M","?","M","?","E"],"items_purchased_type":["Card","Relic","Card"],"build_version":"2020-12-22","purchased_purges":0,"victory":false,"max_hp_per_floor":[71,71,71,71,71,71,71,71,71,71,71,71,71,71,71,71,71,71,71,71,71,71,71,71],"card_choices":[{"not_picked":["Streamline","Beam Cell"],"picked":"Ball Lightning","floor":1},{"not_picked":["Redo","Sweeping Beam"],"picked":"Biased Cognition","floor":3},{"not_picked":["Turbo","White Noise"],"picked":"Chill","floor":4},{"not_picked":["Reprogram","Streamline"],"picked":"Leap","floor":10},{"not_picked":["Rebound","Beam Cell"],"picked":"Ball Lightning","floor":11},{"not_picked":["Double Energy","Steam Power"],"picked":"Cold Snap","floor":12},{"not_picked":["Stack","Gash"],"picked":"Redo","floor":13},{"not_picked":["Thunder Strike","Hyperbeam"],"picked":"Seek","floor":16},{"not_picked":["Redo","Hello World+1","Hologram"],"picked":"SKIP","floor":18},{"not_picked":["Gash","Scrape","Steam Power"],"picked":"SKIP","floor":19},{"not_picked":["Hologram","Gash"],"picked":"Compile Driver+1","floor":20},{"not_picked":["Force Field","Chaos"],"picked":"Creative AI","floor":21}],"player_experience":2599334,"relics_obtained":[{"floor":9,"key":"Tiny Chest"},{"floor":13,"key":"CaptainsWheel"},{"floor":22,"key":"Singing Bowl"}],"event_choices":[{"damage_healed":0,"gold_gain":0,"player_choice":"Got Potions","damage_taken":0,"max_hp_gain":0,"max_hp_loss":0,"event_name":"Lab","floor":2,"gold_loss":0},{"damage_healed":0,"gold_gain":0,"player_choice":"2 cards matched","damage_taken":0,"max_hp_gain":0,"max_hp_loss":0,"event_name":"Match and Keep!","floor":14,"gold_loss":0,"cards_obtained":["Fission","Sweeping Beam"]}],"is_beta":false,"boss_relics":[{"not_picked":["Busted Crown","Runic Pyramid"],"picked":"Inserter"}],"items_purged_floors":[],"is_endless":false,"potions_floor_spawned":[3,10,11,16,18,19],"killed_by":"Gremlin Leader","ascension_level":17}}