{"host":"mu5qkq7030l6349q","time":1614099618,"event":{"mods":["AchievementEnabler","BaseMod","Colored Powertips","Downfall","Highlight Path","Minty Spire (QoL Compilation)","Permanent Neow","Rare Cards Sparkle","Relic Sorter","Relic Stats","StSLib"],"gold_per_floor":[114,114,90,90,15,15,53,53,53,76,91,21,60,60,60,180,180,205,225,225,238,253,288,308,346,346,365,365,490,490,490,490,611,611,635,651,651,290,314,314,314,314],"floor_reached":41,"language":"ENG","playtime":1905,"items_purged":["Strike_B","Strike_B"],"score":461,"play_id":"e518e72a-c673-494d-a1d4-c324944ed295","local_time":"20210223180018","is_ascension_mode":true,"campfire_choices":[{"data":"Zap","floor":6.0,"key":"SMITH"},{"floor":15.0,"key":"REST"},{"data":"Sunder","floor":28.0,"key":"SMITH"},{"data":"Streamline","floor":30.0,"key":"SMITH"},{"data":"Skim","floor":32.0,"key":"SMITH"},{"data":"Fission","floor":40.0,"key":"SMITH"}],"circlet_count":0,"master_deck":["Strike_B","Defend_B","Defend_B","Defend_B","Defend_B","Zap+1","Dualcast","BootSequence","Biased Cognition","Doom and Gloom","Doom and Gloom","Compile Driver","Rebound+1","Turbo+1","Compile Driver+1","Auto Shields+1","Skim+1","Sunder+1","Streamline+1","Fission+1","Conserve Battery+1","Bandage Up","Violence","Finesse"],"relics":["Cracked Core","Toy Ornithopter","Golden Idol","Shuriken","Kunai","Bronze Scales","bronze:MakeshiftBattery","Meat on the Bone","Bag of Marbles","Mercury Hourglass","MealTicket","Mango","Ornamental Fan","TungstenRod","Cursed Key","Sundial"],"acts_visited":["Exordium","TheCity","TheBeyond"],"potions_floor_usage":[],"damage_taken":[{"damage":9.0,"enemies":"2 Louse","floor":1.0,"turns":3.0},{"damage":28.0,"enemies":"3 Sentries","floor":7.0,"turns":9.0},{"damage":5.0,"enemies":"Small Slimes","floor":10.0,"turns":4.0},{"damage":1.0,"enemies":"Jaw Worm","floor":11.0,"turns":2.0},{"damage":6.0,"enemies":"Gremlin Nob","floor":13.0,"turns":3.0},{"damage":19.0,"enemies":"Hexaghost","floor":16.0,"turns":6.0},{"damage":0.0,"enemies":"3 Byrds","floor":18.0,"turns":2.0},{"damage":0.0,"enemies":"Chosen","floor":19.0,"turns":3.0},{"damage":13.0,"enemies":"3 Cultists","floor":21.0,"turns":3.0},{"damage":0.0,"enemies":"Snecko","floor":22.0,"turns":3.0},{"damage":22.0,"enemies":"Gremlin Leader","floor":23.0,"turns":5.0},{"damage":29.0,"enemies":"Shelled Parasite and Fungi","floor":24.0,"turns":4.0},{"damage":4.0,"enemies":"Slavers","floor":25.0,"turns":3.0},{"damage":5.0,"enemies":"Snake Plant","floor":27.0,"turns":2.0},{"damage":7.0,"enemies":"Colosseum Slavers","floor":29.0,"turns":3.0},{"damage":0.0,"enemies":"Colosseum Nobs","floor":29.0,"turns":3.0},{"damage":65.0,"enemies":"Automaton","floor":33.0,"turns":8.0},{"damage":14.0,"enemies":"3 Darklings","floor":35.0,"turns":3.0},{"damage":0.0,"enemies":"3 Shapes","floor":36.0,"turns":2.0},{"damage":4.0,"enemies":"Sphere and 2 Shapes","floor":39.0,"turns":3.0},{"damage":103,"enemies":"Giant Head","floor":41,"turns":9}],"seed_played":"-5684665622576715767","potions_obtained":[{"floor":1.0,"key":"Energy Potion"},{"floor":11.0,"key":"DuplicationPotion"},{"floor":18.0,"key":"DistilledChaos"},{"floor":21.0,"key":"DuplicationPotion"},{"floor":23.0,"key":"SmokeBomb"},{"floor":25.0,"key":"Strength Potion"},{"floor":35.0,"key":"Guardian:BlockOnCardUsePotion"},{"floor":36.0,"key":"hexamod:SoulburnPotion"}],"is_trial":false,"path_per_floor":["M","?","?","?","$","R","E","$","T","M","M","$","E","$","R","B",null,"M","M","?","M","M","E","M","E","T","M","R","?","R","?","R","B",null,"M","M","?","$","M","R","E"],"character_chosen":"DEFECT","items_purchased":["Doom and Gloom","Sundial"],"campfire_rested":1,"item_purchase_floors":[12,38],"current_hp_per_floor":[66,66,66,59,59,59,31,31,31,26,25,25,19,19,39,30,69,69,69,69,56,56,39,22,30,30,37,37,61,61,61,61,13,83,69,69,60,75,71,71,0,0],"gold":314,"neow_bonus":"RANDOM_COMMON_RELIC","is_daily":false,"chose_seed":false,"campfire_upgraded":5,"win_rate":0.0,"timestamp":1614099618,"path_taken":["M","?","?","?","?","R","E","$","T","M","M","$","E","$","R","BOSS","M","M","?","?","M","E","M","E","T","M","R","?","R","?","R","BOSS","M","M","?","$","M","R","E"],"items_purchased_type":["Card","Relic"],"build_version":"2020-12-22","purchased_purges":2,"victory":false,"max_hp_per_floor":[75,69,69,69,69,69,69,69,69,69,69,69,69,69,69,69,69,69,69,69,69,69,69,69,69,69,69,69,83,83,83,83,83,83,83,83,83,83,83,83,83,83],"relic_stats":{"counters":[21,83],"Golden Idol":148,"Cursed Key":0,"Mercury Hourglass":[118],"Shuriken":[17],"Ornamental Fan":[28],"Sundial":[2],"Bronze Scales":[213],"MealTicket":15,"Kunai":[17],"obtain_stats":[{"Golden Idol":2,"Mango":29,"Cursed Key":34,"Mercury Hourglass":25,"Shuriken":7,"Ornamental Fan":29,"Sundial":38,"Bronze Scales":13,"MealTicket":26,"Bag of Marbles":23,"Kunai":9,"Cracked Core":0,"Toy Ornithopter":0,"bronze:MakeshiftBattery":17,"TungstenRod":31,"Meat on the Bone":20},{"Golden Idol":1,"Mango":16,"Cursed Key":17,"Mercury Hourglass":13,"Shuriken":2,"Ornamental Fan":16,"Sundial":19,"Bronze Scales":5,"MealTicket":13,"Bag of Marbles":11,"Kunai":2,"Cracked Core":0,"Toy Ornithopter":0,"bronze:MakeshiftBattery":6,"TungstenRod":16,"Meat on the Bone":8},{"Golden Idol":3,"Mango":58,"Cursed Key":66,"Mercury Hourglass":50,"Shuriken":12,"Ornamental Fan":58,"Sundial":71,"Bronze Scales":21,"MealTicket":50,"Bag of Marbles":43,"Kunai":12,"Cracked Core":0,"Toy Ornithopter":0,"bronze:MakeshiftBattery":27,"TungstenRod":58,"Meat on the Bone":32}],"Toy Ornithopter":25,"TungstenRod":18,"Meat on the Bone":60},"card_choices":[{"not_picked":["Cold Snap","Beam Cell"],"picked":"BootSequence","floor":1.0},{"not_picked":["Turbo","Conserve Battery"],"picked":"Biased Cognition","floor":7.0},{"not_picked":["Hello World","Beam Cell"],"picked":"Compile Driver","floor":10.0},{"not_picked":["Steam","Chaos"],"picked":"Doom and Gloom","floor":11.0},{"not_picked":["Beam Cell","Streamline"],"picked":"Compile Driver","floor":13.0},{"not_picked":["Hologram","Coolheaded","Force Field"],"picked":"SKIP","floor":18.0},{"not_picked":["Beam Cell","BootSequence"],"picked":"Rebound+1","floor":19.0},{"not_picked":["Conserve Battery","Chill"],"picked":"Turbo+1","floor":21.0},{"not_picked":["Leap","Rebound"],"picked":"Compile Driver+1","floor":22.0},{"not_picked":["Fusion","Beam Cell","Scrape"],"picked":"SKIP","floor":23.0},{"not_picked":["Skim","Chill+1"],"picked":"Auto Shields+1","floor":24.0},{"not_picked":["Hologram","Hyperbeam"],"picked":"Skim","floor":25.0},{"not_picked":["Reinforced Body","Gash"],"picked":"Sunder","floor":27.0},{"not_picked":["Undo+1","Hologram"],"picked":"Streamline","floor":29.0},{"not_picked":["Thunder Strike","All For One"],"picked":"Fission","floor":33.0},{"not_picked":["Leap","Redo+1"],"picked":"Conserve Battery+1","floor":35.0},{"not_picked":["Redo+1","Heatsinks","Steam"],"picked":"SKIP","floor":36.0},{"not_picked":["PanicButton","Jack Of All Trades"],"picked":"Bandage Up","floor":37.0},{"not_picked":["Madness","Jack Of All Trades"],"picked":"Violence","floor":37.0},{"not_picked":["Panacea","Magnetism"],"picked":"Finesse","floor":37.0},{"not_picked":["Stack","Ball Lightning+1","Hologram"],"picked":"SKIP","floor":39.0}],"player_experience":89362,"relics_obtained":[{"floor":7.0,"key":"Shuriken"},{"floor":9.0,"key":"Kunai"},{"floor":13.0,"key":"Bronze Scales"},{"floor":23.0,"key":"Bag of Marbles"},{"floor":25.0,"key":"Mercury Hourglass"},{"floor":26.0,"key":"MealTicket"},{"floor":29.0,"key":"Mango"},{"floor":29.0,"key":"Ornamental Fan"}],"event_choices":[{"damage_healed":0.0,"max_hp_gain":0.0,"max_hp_loss":6.0,"gold_gain":0.0,"event_name":"Golden Idol","player_choice":"Lose Max HP","floor":2.0,"gold_loss":0.0,"damage_taken":0.0,"relics_obtained":["Golden Idol"]},{"damage_healed":0.0,"max_hp_gain":0.0,"max_hp_loss":0.0,"gold_gain":0.0,"event_name":"World of Goop","player_choice":"Left Gold","floor":3.0,"gold_loss":24.0,"damage_taken":0.0},{"cards_removed":["Strike_B"],"damage_healed":0.0,"max_hp_gain":0.0,"max_hp_loss":0.0,"gold_gain":0.0,"event_name":"Golden Wing","player_choice":"Card Removal","floor":4.0,"gold_loss":0.0,"damage_taken":7.0},{"cards_removed":["Compile Driver"],"damage_healed":0.0,"max_hp_gain":0.0,"max_hp_loss":0.0,"gold_gain":0.0,"event_name":"WeMeetAgain","player_choice":"Gave Card","floor":20.0,"gold_loss":0.0,"damage_taken":0.0,"relics_obtained":["Meat on the Bone"]},{"damage_healed":0.0,"max_hp_gain":0.0,"max_hp_loss":0.0,"gold_gain":0.0,"event_name":"Colosseum","player_choice":"Fight","floor":29.0,"gold_loss":0.0,"damage_taken":0.0},{"damage_healed":0.0,"max_hp_gain":0.0,"max_hp_loss":0.0,"gold_gain":0.0,"event_name":"Colosseum","player_choice":"Fought Nobs","floor":29.0,"gold_loss":0.0,"damage_taken":0.0},{"damage_healed":0.0,"max_hp_gain":0.0,"max_hp_loss":0.0,"gold_gain":0.0,"event_name":"The Mausoleum","player_choice":"Opened","floor":31.0,"gold_loss":0.0,"damage_taken":0.0,"relics_obtained":["TungstenRod"]},{"damage_healed":0.0,"max_hp_gain":0.0,"max_hp_loss":0.0,"gold_gain":0.0,"event_name":"SensoryStone","player_choice":"Memory 3","floor":37.0,"gold_loss":0.0,"damage_taken":10.0}],"is_beta":false,"boss_relics":[{"not_picked":["Runic Dome","Busted Crown"],"picked":"bronze:MakeshiftBattery"},{"not_picked":["FrozenCore","Nuclear Battery"],"picked":"Cursed Key"}],"items_purged_floors":[5,38],"is_endless":false,"potions_floor_spawned":[1,11,18,21,23,25,35,36],"killed_by":"Giant Head","ascension_level":1}}