{"host":"bf5upntvbdompq33","time":1614049935,"event":{"mods":["BaseMod","Bestiary","Colored Map","Colored Powertips","Curses Come First","Highlight Path","Minty Spire (QoL Compilation)","StSLib","ojb\u0027s Info Mod"],"gold_per_floor":[115,129,129,204,67,67,101,101,125,152,152,6,38,38,38,134,134,144,161,171,185,195,195,195],"floor_reached":23,"language":"ENG","playtime":1483,"items_purged":["Strike_B"],"score":374,"play_id":"5a515a56-1273-4a08-9cdf-8beed1e001f1","local_time":"20210222201215","is_ascension_mode":true,"campfire_choices":[{"data":"Sunder","floor":6,"key":"SMITH"},{"data":"Streamline","floor":8,"key":"SMITH"},{"data":"Zap","floor":11,"key":"SMITH"},{"floor":15,"key":"REST"}],"circlet_count":0,"master_deck":["AscendersBane","Strike_B","Strike_B","Defend_B","Defend_B+1","Defend_B","Defend_B","Zap+1","Dualcast","Auto Shields","Leap","Streamline+1","Sunder+1","Turbo+1","Coolheaded","Sweeping Beam","Glacier","Defragment","Seek","Ball Lightning","Capacitor","Chaos","Defragment"],"relics":["Cracked Core","NeowsBlessing","Omamori","White Beast Statue","Blood Vial","Ancient Tea Set","War Paint","Snecko Eye"],"acts_visited":["Exordium","TheCity"],"potions_floor_usage":[13,13],"damage_taken":[{"damage":0,"enemies":"2 Louse","floor":1,"turns":1},{"damage":0,"enemies":"Small Slimes","floor":2,"turns":1},{"damage":0,"enemies":"Gremlin Nob","floor":7,"turns":1},{"damage":15,"enemies":"3 Sentries","floor":10,"turns":6},{"damage":37,"enemies":"Gremlin Nob","floor":13,"turns":4},{"damage":3,"enemies":"The Guardian","floor":16,"turns":10},{"damage":3,"enemies":"Chosen","floor":18,"turns":4},{"damage":10,"enemies":"2 Thieves","floor":19,"turns":4},{"damage":17,"enemies":"Centurion and Healer","floor":20,"turns":5},{"damage":16,"enemies":"3 Cultists","floor":21,"turns":5},{"damage":12,"enemies":"Snecko","floor":22,"turns":4},{"damage":20,"enemies":"Gremlin Leader","floor":23,"turns":3}],"seed_played":"5115969535356697807","potions_obtained":[{"floor":1,"key":"PowerPotion"},{"floor":2,"key":"GamblersBrew"},{"floor":13,"key":"SteroidPotion"},{"floor":16,"key":"LiquidBronze"}],"is_trial":false,"path_per_floor":["M","M","?","?","$","R","E","R","T","E","R","$","E","?","R","B",null,"M","M","M","M","M","E"],"character_chosen":"DEFECT","items_purchased":["Streamline","Sunder","Turbo","Glacier"],"campfire_rested":1,"item_purchase_floors":[5,5,5,12],"current_hp_per_floor":[68,68,61,50,50,50,50,50,50,37,37,37,2,2,24,23,62,61,53,38,24,14,0,0],"gold":195,"neow_bonus":"THREE_ENEMY_KILL","is_daily":false,"chose_seed":false,"campfire_upgraded":3,"win_rate":0.0,"timestamp":1614049935,"path_taken":["M","M","?","?","?","R","E","R","T","E","R","$","E","?","R","BOSS","M","M","?","M","M","E"],"items_purchased_type":["Card","Card","Card","Card"],"build_version":"2020-12-22","purchased_purges":1,"victory":false,"max_hp_per_floor":[75,75,75,75,75,75,75,75,75,75,75,75,75,75,75,75,75,75,75,75,75,75,75,75],"card_choices":[{"not_picked":["Scrape","Double Energy"],"picked":"Auto Shields","floor":1},{"not_picked":["Barrage","Auto Shields"],"picked":"Leap","floor":2},{"not_picked":["Stack","Gash"],"picked":"Coolheaded","floor":7},{"not_picked":["Stack","Redo"],"picked":"Sweeping Beam","floor":10},{"not_picked":["Ball Lightning","Compile Driver"],"picked":"Defragment","floor":13},{"not_picked":["Buffer","Creative AI"],"picked":"Seek","floor":16},{"not_picked":["Genetic Algorithm","Conserve Battery"],"picked":"Ball Lightning","floor":18},{"not_picked":["Beam Cell","Rip and Tear+1"],"picked":"Capacitor","floor":19},{"not_picked":["Hello World","Steam Power+1"],"picked":"Chaos","floor":20},{"not_picked":["Scrape","Storm","Beam Cell"],"picked":"SKIP","floor":21},{"not_picked":["Go for the Eyes","Scrape"],"picked":"Defragment","floor":22}],"player_experience":1709453,"relics_obtained":[{"floor":7,"key":"White Beast Statue"},{"floor":9,"key":"Blood Vial"},{"floor":10,"key":"Ancient Tea Set"},{"floor":13,"key":"War Paint"}],"event_choices":[{"damage_healed":0,"gold_gain":0,"player_choice":"Success","damage_taken":7,"relics_obtained":["Omamori"],"max_hp_gain":0,"max_hp_loss":0,"event_name":"Scrap Ooze","floor":3,"gold_loss":0},{"damage_healed":0,"gold_gain":75,"player_choice":"Gather Gold","damage_taken":11,"max_hp_gain":0,"max_hp_loss":0,"event_name":"World of Goop","floor":4,"gold_loss":0},{"cards_removed":["Strike_B"],"damage_healed":0,"gold_gain":0,"player_choice":"Purged","damage_taken":0,"max_hp_gain":0,"max_hp_loss":0,"event_name":"Purifier","floor":14,"gold_loss":0}],"is_beta":false,"boss_relics":[{"not_picked":["Ectoplasm","Velvet Choker"],"picked":"Snecko Eye"}],"items_purged_floors":[12],"is_endless":false,"potions_floor_spawned":[1,2,10,13,16,18,19,20,21,22],"killed_by":"Gremlin Leader","ascension_level":12}}