{"host":"a1eatafr7pisesky","time":1614086857,"event":{"mods":["AchievementEnabler","BaseMod","Colored Map","Keyboard Shortcuts","Minty Spire (QoL Compilation)","Say the Spire","StSLib","SuperFastMode","everything is the same but u backflip on backflip"],"gold_per_floor":[117,117,130,130,55,88,88,104,104,16,16,41,41,41,41,118,118,134,154,154,14,33,33,33,33,33,69,69,69,81,81,81],"floor_reached":31,"language":"KOR","playtime":405,"items_purged":["Defend_P","Strike_P"],"score":505,"play_id":"65f764c5-ee34-4736-aa3c-b9185f95cc64","local_time":"20210223222737","is_ascension_mode":true,"campfire_choices":[{"data":"Eruption","floor":11.0,"key":"SMITH"},{"floor":13.0,"key":"REST"},{"data":"BowlingBash","floor":15.0,"key":"SMITH"},{"floor":23.0,"key":"REST"},{"data":"Pray","floor":25.0,"key":"SMITH"}],"circlet_count":0,"master_deck":["AscendersBane","Strike_P","Strike_P+1","Defend_P+1","Eruption+1","Vigilance","EmptyFist","BowlingBash+1","MentalFortress","Ragnarok","BowlingBash+1","ConjureBlade+1","ForeignInfluence+1","Pray+1","Worship","LikeWater","Worship"],"relics":["PureWater","NeowsBlessing","TeardropLocket","Lantern","Centennial Puzzle","Damaru","Yang","Astrolabe","Singing Bowl","Enchiridion"],"acts_visited":["Exordium","TheCity"],"potions_floor_usage":[],"damage_taken":[{"damage":0.0,"enemies":"Cultist","floor":1.0,"turns":1.0},{"damage":0.0,"enemies":"Small Slimes","floor":3.0,"turns":1.0},{"damage":0.0,"enemies":"3 Sentries","floor":6.0,"turns":1.0},{"damage":4.0,"enemies":"Jaw Worm","floor":8.0,"turns":2.0},{"damage":22.0,"enemies":"Gremlin Nob","floor":12.0,"turns":3.0},{"damage":30.0,"enemies":"Slime Boss","floor":16.0,"turns":8.0},{"damage":0.0,"enemies":"Shell Parasite","floor":18.0,"turns":1.0},{"damage":0.0,"enemies":"Spheric Guardian","floor":19.0,"turns":2.0},{"damage":17.0,"enemies":"Snake Plant","floor":22.0,"turns":3.0},{"damage":0.0,"enemies":"Centurion and Healer","floor":27.0,"turns":3.0},{"damage":27.0,"enemies":"Shelled Parasite and Fungi","floor":30.0,"turns":2.0},{"damage":25,"enemies":"Snecko","floor":31,"turns":4}],"seed_played":"-8363208931770848754","potions_obtained":[{"floor":1.0,"key":"BottledMiracle"},{"floor":12.0,"key":"SpeedPotion"},{"floor":18.0,"key":"LiquidBronze"}],"is_trial":false,"path_per_floor":["M","T","M","?","$","E","?","M","T","$","R","E","R","$","R","B",null,"M","M","?","$","M","R","$","R","T","M","?","?","M","M"],"character_chosen":"WATCHER","items_purchased":["MentalFortress","Worship"],"campfire_rested":2,"item_purchase_floors":[10,21],"current_hp_per_floor":[61,61,61,41,41,41,41,37,37,37,37,15,35,35,35,5,52,52,52,52,52,35,55,55,55,55,57,57,36,9,0,0],"gold":81,"neow_bonus":"THREE_ENEMY_KILL","is_daily":false,"chose_seed":false,"campfire_upgraded":3,"win_rate":0.0,"timestamp":1614086857,"path_taken":["M","?","?","?","$","E","?","M","T","?","R","E","R","$","R","BOSS","M","M","?","$","M","R","$","R","T","M","?","?","M","M"],"items_purchased_type":["Card","Card"],"build_version":"2020-12-22","purchased_purges":2,"victory":false,"max_hp_per_floor":[68,68,68,68,68,68,68,68,68,68,68,68,68,68,68,68,68,68,68,68,68,68,68,68,68,68,70,70,70,70,70,70],"card_choices":[{"not_picked":["Sanctity","SashWhip"],"picked":"EmptyFist","floor":1.0},{"not_picked":["ClearTheMind","FlyingSleeves","CutThroughFate"],"picked":"SKIP","floor":3.0},{"not_picked":["EmptyFist","FlyingSleeves"],"picked":"BowlingBash","floor":6.0},{"not_picked":["Study","WreathOfFlame","SashWhip"],"picked":"SKIP","floor":8.0},{"not_picked":["SashWhip","DeceiveReality","BowlingBash"],"picked":"SKIP","floor":12.0},{"not_picked":["SpiritShield","Blasphemy"],"picked":"Ragnarok","floor":16.0},{"not_picked":["FlurryOfBlows","JustLucky"],"picked":"Pray","floor":18.0},{"not_picked":["Conclude","JustLucky","Protect"],"picked":"SKIP","floor":19.0},{"not_picked":["ThirdEye+1","Evaluate+1"],"picked":"LikeWater","floor":22.0},{"not_picked":["Halt","Fasting2","DeceiveReality"],"picked":"Singing Bowl","floor":27.0},{"not_picked":["Devotion","Wallop"],"picked":"Worship","floor":30.0}],"player_experience":489992,"relics_obtained":[{"floor":2.0,"key":"TeardropLocket"},{"floor":6.0,"key":"Lantern"},{"floor":9.0,"key":"Damaru"},{"floor":12.0,"key":"Yang"},{"floor":26.0,"key":"Singing Bowl"},{"floor":29.0,"key":"Enchiridion"}],"event_choices":[{"damage_healed":0.0,"max_hp_gain":0.0,"max_hp_loss":0.0,"gold_gain":0.0,"event_name":"Shining Light","player_choice":"Entered Light","floor":4.0,"gold_loss":0.0,"damage_taken":20.0,"cards_upgraded":["Defend_P","Strike_P"]},{"damage_healed":0.0,"max_hp_gain":0.0,"max_hp_loss":0.0,"gold_gain":0.0,"event_name":"Dead Adventurer","player_choice":"Searched \u00271\u0027 times","floor":7.0,"gold_loss":0.0,"damage_taken":0.0,"relics_obtained":["Centennial Puzzle"]},{"damage_healed":0.0,"max_hp_gain":0.0,"max_hp_loss":0.0,"gold_gain":0.0,"event_name":"Vampires","player_choice":"Ignored","floor":20.0,"gold_loss":0.0,"damage_taken":0.0},{"damage_healed":0.0,"max_hp_gain":0.0,"max_hp_loss":0.0,"gold_gain":0.0,"event_name":"Cursed Tome","player_choice":"Obtained Book","floor":29.0,"gold_loss":0.0,"damage_taken":21.0}],"is_beta":false,"boss_relics":[{"not_picked":["Tiny House","Calling Bell"],"picked":"Astrolabe"}],"items_purged_floors":[5,21],"is_endless":false,"potions_floor_spawned":[1,12,18,19],"killed_by":"Snecko","ascension_level":18}}