{"host":"9rqk712yu6s3287p","time":1614096289,"event":{"mods":["ATMod(°¢èªMod)","Act Like it!","BaseMod","CapriCore","Chen","Gensokyo","Googly Eyes","Marisa£¨ìFÓê¡¡Ä§ÀíÉ³£©","Minty Spire (QoL Compilation)","MostiFishMod","Onozuka Komachi Mod","Reimu£¨²©ÀöÁéÃÎ£©","Remilia_Scarlet Moed£¨ÀÙÃ×ÀòÑÇ¡¤Ë¹¿¨À×ÌØ£©3.3.5","Remilia£¨ÀÙÃ×ÀòÑÇ£©","Replay The Spire","RumiaBox-Â¶Ã×æ«µÄÉñÃØºÐ×Ó","StSLib","The Administrix","The Immortal","The Servant 0.9.4","Yakumo Yukari mod","Youmu£¨»êÆÇÑýÃÎ£©","Yuyuko","[IsaacMod]ÒÔÈö¼âËþ","¡¾ÒÅÎï¿¨ÅÆ¡¿REMEMod"],"gold_per_floor":[141,177,225,279,336,540,633,735,761,857,932,962,1055,1256,1256,1487,1487,1517,1565,733,304,343,439,517,592,665,746,301,406,463,511,595,823,823,877,937,994,1054,897,978,1278,1425,1425,1264,1348,1011,1095,1155,1155,1163,1189,1189,1189,198,332,463],"floor_reached":57,"language":"ZHS","playtime":3508,"items_purged":["HellCatastrophe+1"],"score":4568,"play_id":"34c7d1a6-fb1a-403a-9429-a9c7cbde61b0","local_time":"20210224000449","daily_mods":["Shiny","Vintage","Heirloom","Time Dilation","Flight","Elite Swarm","Lethality","Midas","Binary"],"is_ascension_mode":true,"campfire_choices":[{"data":"BloodRain+1","floor":15.0,"key":"PURGE"},{"floor":49,"key":"RECALL"}],"circlet_count":0,"master_deck":["AscendersBane","TricksterDevil+1","BatForm+1","ForecastOfChange+1","CurseOfVladTepes+1","ScarletMeister+1","QueenOfMidnight+1","BloodyHallows+1","HeartBreak+1","EquivalentExchange+1","KillingBlow+1","BloodyCatastrophe+1","ChaoticDestiny+1","BloodySeventeenLaser+1","ScarletCoffin+1","DemonKingCradle+1","TransientEternity+1","CeilingFear+1"],"relics":["Snecko Eye","Busted Crown","AT_ATBox","DaveBox","REME_ComplimentaryCards","HushsDoor","D6","HollowDreamFlower","ThornShield","War Paint","HornCleat","SynthV:TestCard","ReplayTheSpireMod:Lightbulb","ScarletDevilRocket","StoneCalendar","Snack Pack","Replay:Rubber Ducky","Peace Pipe","Pen Nib","TungstenRod","Incense Burner","Letter Opener","Pet Ghost","Unceasing Top","AT_ArcaneBoots","HowToJump","Toy Ornithopter","Turnip","Ccalipers","TheBean","Replay:Baseball","Replay:Accelerometer","Chameleon Ring","Akabeko","MagicDraw3","Mercury Hourglass","Blood Vial","RhineSuit","Sundial","BelialBook","DianPoetry","MawBank","FairyMaid","Sling","Divine Protection","SatanicBible","ClockworkSouvenir","Oddly Smooth Stone","Regal Pillow","ReplayTheSpireMod:TigerMarble","Matryoshka","Pondfish Scales","PokeGo","REME_HandOfSuture","Replay:Wax Seal","REME_LimitBreaker","GnawedLeaf","SSSystem","AT_TimeSand","BloodBag","SharpPlug","Mastiff:ReiMu","Dodecahedron","ReplayTheSpireMod:Shallot","AT_ArchangelStaff","Orichalcum","Onion Ring","MealTicket","Gungnir","Snecko Heart","CeramicFish","AT_SunfireAegis","ChaoDraw","Ice Cream","Bronze Scales","MagicDraw2","Anchor","Replay:Towering Pillar of Hats","Bag of Marbles","Whetstone","RuthlessExorcism:ReiMu","Strawberry","Golden Egg","REME_IWantAll","Boot","FossilizedHelix","SalivaCoin","Blue Doll","Question Card","Nunchaku","Ancient Tea Set","DeathBook","TheAbacus","Lantern","PillsDrop","Centennial Puzzle","PreservedInsect","Replay:Mystery Machine","Happy Flower","Replay:Bandana","ZombieArmy","Thread and Needle","BrkXgEgg","Vajra","AT_ChloranthyRing","AT_MibuBalloonWealth","BookOfRevelations","GodSword6","Iron Hammer"],"acts_visited":["Exordium","TheCity","TheBeyond","TheEnding"],"potions_floor_usage":[48,56],"damage_taken":[{"damage":9.0,"enemies":"Jaw Worm","floor":1.0,"turns":3.0},{"damage":0.0,"enemies":"Small Slimes","floor":2.0,"turns":4.0},{"damage":0.0,"enemies":"Cultist","floor":3.0,"turns":3.0},{"damage":0.0,"enemies":"Blue Slaver","floor":4.0,"turns":3.0},{"damage":4.0,"enemies":"Looter","floor":5.0,"turns":3.0},{"damage":0.0,"enemies":"Gremlin Nob","floor":6.0,"turns":3.0},{"damage":0.0,"enemies":"Lagavulin","floor":7.0,"turns":4.0},{"damage":7.0,"enemies":"3 Sentries","floor":8.0,"turns":4.0},{"damage":0.0,"enemies":"Lagavulin","floor":10.0,"turns":4.0},{"damage":0.0,"enemies":"Gremlin Nob","floor":11.0,"turns":5.0},{"damage":0.0,"enemies":"Large Slime","floor":12.0,"turns":4.0},{"damage":3.0,"enemies":"Lagavulin","floor":13.0,"turns":2.0},{"damage":3.0,"enemies":"3 Sentries","floor":14.0,"turns":7.0},{"damage":57.0,"enemies":"Fading Forest","floor":16.0,"turns":4.0},{"damage":0.0,"enemies":"Spheric Guardian","floor":18.0,"turns":3.0},{"damage":13.0,"enemies":"2 Thieves","floor":19.0,"turns":3.0},{"damage":0.0,"enemies":"Centurion and Healer","floor":22.0,"turns":3.0},{"damage":0.0,"enemies":"Slavers","floor":23.0,"turns":2.0},{"damage":0.0,"enemies":"Replay:Snechameleon","floor":24.0,"turns":1.0},{"damage":0.0,"enemies":"Slavers","floor":25.0,"turns":2.0},{"damage":0.0,"enemies":"Replay:Snechameleon","floor":27.0,"turns":1.0},{"damage":0.0,"enemies":"Book of Stabbing","floor":29.0,"turns":1.0},{"damage":0.0,"enemies":"Cultist and Chosen","floor":30.0,"turns":3.0},{"damage":0.0,"enemies":"Snake Plant","floor":31.0,"turns":1.0},{"damage":0.0,"enemies":"Champ","floor":33.0,"turns":1.0},{"damage":0.0,"enemies":"3 Shapes","floor":35.0,"turns":3.0},{"damage":0.0,"enemies":"3 Darklings","floor":36.0,"turns":1.0},{"damage":0.0,"enemies":"Writhing Mass","floor":37.0,"turns":2.0},{"damage":0.0,"enemies":"Sphere and 2 Shapes","floor":38.0,"turns":2.0},{"damage":0.0,"enemies":"R_Hoarder","floor":40.0,"turns":1.0},{"damage":0.0,"enemies":"Jaw Worm Horde","floor":41.0,"turns":2.0},{"damage":0.0,"enemies":"Nemesis","floor":42.0,"turns":1.0},{"damage":0.0,"enemies":"R_Hoarder","floor":45.0,"turns":1.0},{"damage":0,"enemies":"Giant Head","floor":47,"turns":2},{"damage":0,"enemies":"Writhing Mass","floor":48,"turns":2},{"damage":0,"enemies":"Time Eater","floor":50,"turns":2},{"damage":0,"enemies":"Donu and Deca","floor":51,"turns":1},{"damage":0,"enemies":"Shield and Spear","floor":55,"turns":3},{"damage":0,"enemies":"The Heart","floor":56,"turns":1}],"seed_played":"-369484674417196050","potions_obtained":[{"floor":1.0,"key":"SteroidPotion"},{"floor":2.0,"key":"Elixir"},{"floor":2.0,"key":"REME_GoldPotion"},{"floor":2.0,"key":"GamblersBrew"},{"floor":3.0,"key":"LiquidMemories"},{"floor":8.0,"key":"Elixir"},{"floor":8.0,"key":"ZuzhouPotion:ReiMu"},{"floor":11.0,"key":"Dexterity Potion"},{"floor":12.0,"key":"DistilledChaos"},{"floor":14.0,"key":"SteroidPotion"},{"floor":23.0,"key":"GamblersBrew"},{"floor":23.0,"key":"MagicPotion:ReiMu"},{"floor":25.0,"key":"GrandPatriotsElixir:ReiMu"},{"floor":25.0,"key":"ColorlessPotion"},{"floor":29.0,"key":"PowerPotion"},{"floor":30.0,"key":"Energy Potion"},{"floor":41.0,"key":"Fruit Juice"},{"floor":41.0,"key":"Fruit Juice"},{"floor":41.0,"key":"Fire Potion"},{"floor":45.0,"key":"Energy Potion"},{"floor":48,"key":"Fruit Juice"},{"floor":48,"key":"LiquidMemories"},{"floor":53,"key":"FairyPotion"}],"is_trial":true,"path_per_floor":["M","M","M","M","M","E","E","E","T","E","E","M","E","E","R","B",null,"M","M","$","$","M","E","E","E","T","E","$","E","M","M","R","B",null,"M","M","M","M","$","E","M","E","T","$","E","$","E","M","R","B","B",null,"R","$","E","B",null],"character_chosen":"REMILIA","items_purchased":["FairyMaid","Sling","Divine Protection","SatanicBible","ClockworkSouvenir","Mastiff:ReiMu","Dodecahedron","Fruit Juice","Strawberry","TheAbacus","Centennial Puzzle","PreservedInsect","Thread and Needle","BrkXgEgg","Vajra","AT_ChloranthyRing","AT_MibuBalloonWealth"],"campfire_rested":0,"item_purchase_floors":[20,20,20,21,21,28,28,28,39,44,46,46,54,54,54,54,54],"current_hp_per_floor":[66,70,70,70,66,70,70,70,70,70,70,70,70,70,70,70,70,70,64,64,64,70,70,70,70,61,67,79,84,84,84,70,81,83,84,84,84,84,91,91,105,105,105,105,105,105,105,112,112,112,112,112,112,112,112,112],"gold":463,"neow_bonus":"","is_daily":false,"chose_seed":false,"campfire_upgraded":0,"win_rate":0.0,"timestamp":1614096289,"path_taken":["M","M","M","M","M","E","E","E","T","E","E","M","E","E","R","BOSS","M","M","$","$","M","E","E","E","T","E","$","E","M","M","R","BOSS","M","M","M","M","$","E","M","E","T","$","E","$","E","M","R","BOSS","BOSS","R","$","E","BOSS"],"items_purchased_type":["Relic","Relic","Relic","Relic","Relic","Relic","Relic","Potion","Relic","Relic","Relic","Relic","Relic","Relic","Relic","Relic","Relic"],"build_version":"2020-12-22","purchased_purges":1,"victory":true,"max_hp_per_floor":[70,70,70,70,70,70,70,70,70,70,70,70,70,70,70,70,70,70,70,70,70,70,70,70,70,77,77,84,84,84,84,84,84,84,84,84,84,84,91,91,105,105,105,105,105,105,105,112,112,112,112,112,112,112,112,112],"card_choices":[{"not_picked":["BloodyHallows","CeilingFear"],"picked":"SKIP","floor":6.0},{"not_picked":["ChaoticDestiny","BloodyCatastrophe"],"picked":"SKIP","floor":7.0},{"not_picked":["HellCatastrophe","ScarletMeister"],"picked":"SKIP","floor":8.0},{"not_picked":["DemonKingCradle","KillingBlow"],"picked":"SKIP","floor":10.0},{"not_picked":["CurseOfVladTepes","ScarletMeister"],"picked":"SKIP","floor":11.0},{"not_picked":["CurseOfVladTepes","ScarletMeister"],"picked":"SKIP","floor":11.0},{"not_picked":["EquivalentExchange","ChaoticDestiny"],"picked":"SKIP","floor":13.0},{"not_picked":["CeilingFear","DemonKingCradle"],"picked":"SKIP","floor":14.0},{"not_picked":["BloodySeventeenLaser","QueenOfMidnight"],"picked":"SKIP","floor":23.0},{"not_picked":["TransientEternity","ChaoticDestiny"],"picked":"SKIP","floor":24.0},{"not_picked":["ChaoticDestiny","DemonKingCradle"],"picked":"SKIP","floor":25.0},{"not_picked":["ChaoticDestiny","DemonKingCradle"],"picked":"SKIP","floor":25.0},{"not_picked":["CurseOfVladTepes","BloodRain"],"picked":"SKIP","floor":27.0},{"not_picked":["ScarletMeister","BloodyCatastrophe"],"picked":"SKIP","floor":29.0},{"not_picked":["ChaoticDestiny","TransientEternity"],"picked":"SKIP","floor":40.0},{"not_picked":["BloodRain","BloodySeventeenLaser"],"picked":"SKIP","floor":42.0},{"not_picked":["ScarletMeister","CeilingFear","HeartBreak"],"picked":"SKIP","floor":45.0},{"not_picked":["HellCatastrophe","TricksterDevil","QueenOfMidnight"],"picked":"SKIP","floor":47},{"not_picked":["QueenOfMidnight+1","ChaoticDestiny+1","EquivalentExchange+1"],"picked":"SKIP","floor":55}],"player_experience":598053,"relics_obtained":[{"floor":1.0,"key":"War Paint"},{"floor":1.0,"key":"HornCleat"},{"floor":1.0,"key":"SynthV:TestCard"},{"floor":2.0,"key":"ReplayTheSpireMod:Lightbulb"},{"floor":2.0,"key":"ScarletDevilRocket"},{"floor":2.0,"key":"StoneCalendar"},{"floor":3.0,"key":"Snack Pack"},{"floor":3.0,"key":"Replay:Rubber Ducky"},{"floor":4.0,"key":"Peace Pipe"},{"floor":4.0,"key":"Pen Nib"},{"floor":5.0,"key":"TungstenRod"},{"floor":5.0,"key":"Incense Burner"},{"floor":6.0,"key":"Letter Opener"},{"floor":6.0,"key":"Pet Ghost"},{"floor":7.0,"key":"Unceasing Top"},{"floor":7.0,"key":"AT_SpeedBoots"},{"floor":8.0,"key":"HowToJump"},{"floor":8.0,"key":"Toy Ornithopter"},{"floor":8.0,"key":"Turnip"},{"floor":10.0,"key":"Ccalipers"},{"floor":10.0,"key":"TheBean"},{"floor":11.0,"key":"Replay:Baseball"},{"floor":11.0,"key":"Replay:Accelerometer"},{"floor":12.0,"key":"Chameleon Ring"},{"floor":12.0,"key":"Akabeko"},{"floor":14.0,"key":"MagicDraw3"},{"floor":14.0,"key":"Mercury Hourglass"},{"floor":14.0,"key":"Blood Vial"},{"floor":18.0,"key":"Sundial"},{"floor":18.0,"key":"BelialBook"},{"floor":19.0,"key":"DianPoetry"},{"floor":19.0,"key":"MawBank"},{"floor":22.0,"key":"Oddly Smooth Stone"},{"floor":22.0,"key":"Regal Pillow"},{"floor":22.0,"key":"ReplayTheSpireMod:TigerMarble"},{"floor":23.0,"key":"Matryoshka"},{"floor":23.0,"key":"Pondfish Scales"},{"floor":23.0,"key":"PokeGo"},{"floor":24.0,"key":"REME_HandOfSuture"},{"floor":25.0,"key":"Replay:Wax Seal"},{"floor":25.0,"key":"REME_LimitBreaker"},{"floor":25.0,"key":"GnawedLeaf"},{"floor":25.0,"key":"SSSystem"},{"floor":26.0,"key":"AT_TimeSand"},{"floor":26.0,"key":"BloodDonationMachine"},{"floor":27.0,"key":"SharpPlug"},{"floor":29.0,"key":"ReplayTheSpireMod:Shallot"},{"floor":29.0,"key":"AT_ArchangelStaff"},{"floor":30.0,"key":"Orichalcum"},{"floor":30.0,"key":"Onion Ring"},{"floor":31.0,"key":"MealTicket"},{"floor":31.0,"key":"Gungnir"},{"floor":35.0,"key":"CeramicFish"},{"floor":35.0,"key":"AT_SunfireAegis"},{"floor":35.0,"key":"ChaoDraw"},{"floor":36.0,"key":"Ice Cream"},{"floor":36.0,"key":"Bronze Scales"},{"floor":37.0,"key":"MagicDraw2"},{"floor":37.0,"key":"Anchor"},{"floor":38.0,"key":"Replay:Towering Pillar of Hats"},{"floor":38.0,"key":"Bag of Marbles"},{"floor":38.0,"key":"Whetstone"},{"floor":38.0,"key":"RuthlessExorcism:ReiMu"},{"floor":40.0,"key":"Golden Egg"},{"floor":40.0,"key":"REME_IWantAll"},{"floor":41.0,"key":"Boot"},{"floor":41.0,"key":"FossilizedHelix"},{"floor":41.0,"key":"SalivaCoin"},{"floor":41.0,"key":"Blue Doll"},{"floor":42.0,"key":"Question Card"},{"floor":42.0,"key":"Nunchaku"},{"floor":43.0,"key":"Ancient Tea Set"},{"floor":43.0,"key":"DeathBook"},{"floor":45.0,"key":"Lantern"},{"floor":45.0,"key":"PillsDrop"},{"floor":47,"key":"Replay:Mystery Machine"},{"floor":47,"key":"Happy Flower"},{"floor":48,"key":"Replay:Bandana"},{"floor":48,"key":"ZombieArmy"},{"floor":55,"key":"BookOfRevelations"},{"floor":55,"key":"GodSword6"},{"floor":55,"key":"Iron Hammer"}],"event_choices":[],"is_beta":false,"boss_relics":[{"not_picked":["Coffee Dripper","REME_DuelDisc"],"picked":"RhineSuit"},{"not_picked":[]},{"not_picked":["Runic Pyramid","Velvet Choker"],"picked":"Snecko Heart"},{"not_picked":[]}],"items_purged_floors":[20],"is_endless":false,"potions_floor_spawned":[2,6,7,8,13,16,23,25,29,35,41,45,47,48,55],"ascension_level":20}}