{"host":"8z0h4areh8sio1k0","time":1614048851,"event":{"mods":["10 clothes from DAL","Act Like it!","Aspiration","BaseMod","Colored Map","Conspire","Crowbot","Hubris","Library of Ruina Extra","Mimic Mod","Minty Spire (QoL Compilation)","Replay The Spire","Ring Of Destiny","StSLib","TestMod","The Blue Laboratory","The Fake Hero","The Hierophant","[Fun]BeWhatYouAte","【功能Mod】精心准备","【遗物Mod】死灵法师NEW"],"gold_per_floor":[115,115,115,3,3,31,31,31,31,31,47,47,62,72,72,172,172,189,189,199,3,3,3,38,38,38,55,65,100,120,140,140,240,240,251,303,317,169,0,0,19,19,19,19,35,35,35,64,64,64,64],"floor_reached":50,"language":"ZHS","playtime":3084,"items_purged":["RingOfDestiny:Strike_SF","RingOfDestiny:Strike_SF","RingOfDestiny:NinjutsuMudra"],"score":533,"play_id":"23acf04c-ea63-4083-8b46-59ea8d4e4220","local_time":"20210223105411","is_ascension_mode":false,"campfire_choices":[{"data":"RingOfDestiny:PoisonedShiv","floor":8.0,"key":"SMITH"},{"data":"RingOfDestiny:DecaMudra","floor":10.0,"key":"SMITH"},{"data":"RingOfDestiny:ShadowRose","floor":12.0,"key":"SMITH"},{"data":"RingOfDestiny:FireRelease","floor":15.0,"key":"SMITH"},{"data":"RingOfDestiny:WorldOfFloweringTree","floor":23.0,"key":"SMITH"},{"data":"RingOfDestiny:ShadowBlossom","floor":25.0,"key":"SMITH"},{"floor":32.0,"key":"REST"},{"data":"RingOfDestiny:WoodRelease","floor":40.0,"key":"SMITH"},{"data":"RingOfDestiny:FlashOfSlash","floor":42.0,"key":"SMITH"},{"data":"RingOfDestiny:GasBomb","floor":44.0,"key":"SMITH"},{"data":"RingOfDestiny:RattanBeetle","floor":47.0,"key":"SMITH"},{"data":"RingOfDestiny:WoodRelease","floor":49.0,"key":"SMITH"}],"circlet_count":0,"master_deck":["RingOfDestiny:Defend_SF","RingOfDestiny:Defend_SF","RingOfDestiny:Defend_SF","RingOfDestiny:Strike_SF+1","RingOfDestiny:ShadowCard","RingOfDestiny:PoisonedShiv","RingOfDestiny:FallenFlower+1","RingOfDestiny:RattanBeetle+1","RingOfDestiny:PentMudra","RingOfDestiny:Spur","RingOfDestiny:DecaMudra+1","RingOfDestiny:PoisonedShiv+1","RingOfDestiny:ShadowRose+1","RingOfDestiny:ButaMudra","RingOfDestiny:FireRelease+1","RingOfDestiny:WorldOfFloweringTree+1","RingOfDestiny:ShadowBlossom+1","RingOfDestiny:FlashOfSlash+1","RingOfDestiny:GasBomb+1","RingOfDestiny:MetalRelease+1","RingOfDestiny:PoisonedShiv+1","RingOfDestiny:Ridicule+1","RingOfDestiny:WoodRelease+1","RingOfDestiny:WoodRelease+1"],"relics":["testmod-TestBox","testmod-ObsoleteBoomerang","aspiration:VileToxins","NeowsBlessing","testmod-BalancedPeriapt","CultistMask","Eternal Feather","RingOfChaos2","Happy Flower","hubris:ScarierMask","testmod-RealStoneCalender","Red Mask","conspire:DeflatedDodgeball","Kunai"],"acts_visited":["Exordium","TheCity","TheBeyond"],"potions_floor_usage":[50,50],"damage_taken":[{"damage":0.0,"enemies":"2 Louse","floor":1.0,"turns":1.0},{"damage":0.0,"enemies":"3 Sentries","floor":6.0,"turns":1.0},{"damage":0.0,"enemies":"Small Slimes","floor":11.0,"turns":1.0},{"damage":0.0,"enemies":"Jaw Worm","floor":13.0,"turns":1.0},{"damage":3.0,"enemies":"2 Fungi Beasts","floor":14.0,"turns":2.0},{"damage":22.0,"enemies":"The Guardian","floor":16.0,"turns":5.0},{"damage":0.0,"enemies":"Spheric Guardian","floor":18.0,"turns":1.0},{"damage":0.0,"enemies":"Chosen","floor":20.0,"turns":2.0},{"damage":18.0,"enemies":"Slavers","floor":24.0,"turns":2.0},{"damage":5.0,"enemies":"Centurion and Healer","floor":27.0,"turns":3.0},{"damage":7.0,"enemies":"Snecko","floor":28.0,"turns":4.0},{"damage":37.0,"enemies":"conspire:SneckoGhost","floor":29.0,"turns":5.0},{"damage":10.0,"enemies":"3 Cultists","floor":30.0,"turns":4.0},{"damage":6.0,"enemies":"Chosen and Byrds","floor":31.0,"turns":3.0},{"damage":20.0,"enemies":"hubris:MusketHawk","floor":33.0,"turns":6.0},{"damage":6.0,"enemies":"3 Darklings","floor":35.0,"turns":3.0},{"damage":0.0,"enemies":"2 Orb Walkers","floor":36.0,"turns":3.0},{"damage":0.0,"enemies":"3 Shapes","floor":37.0,"turns":2.0},{"damage":17.0,"enemies":"Maw","floor":41.0,"turns":5.0},{"damage":1.0,"enemies":"Jaw Worm Horde","floor":45.0,"turns":2.0},{"damage":6.0,"enemies":"Nemesis","floor":48.0,"turns":5.0},{"damage":92,"enemies":"conspire:OrnateMirror","floor":50,"turns":4}],"seed_played":"-2642887193415716062","potions_obtained":[{"floor":14.0,"key":"blueLaboratory:BubblePotion"},{"floor":18.0,"key":"Fruit Juice"},{"floor":20.0,"key":"Elixir"},{"floor":24.0,"key":"LifebloodPotion"},{"floor":36.0,"key":"Doom Potion"},{"floor":37.0,"key":"Weak Potion"},{"floor":41.0,"key":"FearPotion"},{"floor":45.0,"key":"blueLaboratory:PhilterOfMotion"}],"is_trial":false,"path_per_floor":["M","?","?","$","?","E","?","R","T","R","M","R","M","M","R","B",null,"M","?","M","$","?","R","E","R","T","M","M","E","M","M","R","B",null,"M","?","M","$","?","R","M","R","T","R","M","$","R","E","R","B"],"character_chosen":"ShadowFlower","items_purchased":["RingOfDestiny:DecaMudra","blueLaboratory:ImpenetrablePotion","RingOfDestiny:WoodRelease"],"campfire_rested":1,"item_purchase_floors":[4,21,38],"current_hp_per_floor":[86,86,69,69,69,69,69,69,69,75,75,81,81,78,86,64,86,86,86,86,86,86,86,68,77,77,72,65,28,18,15,52,35,86,80,80,83,83,83,86,69,81,81,86,85,85,86,80,86,0,0],"gold":64,"neow_bonus":"THREE_ENEMY_KILL","is_daily":false,"chose_seed":false,"campfire_upgraded":11,"win_rate":0.0,"timestamp":1614048851,"path_taken":["M","?","?","$","?","E","?","R","T","R","M","R","M","M","R","BOSS","M","?","M","$","?","R","E","R","T","M","?","E","M","M","R","BOSS","M","?","M","$","?","R","M","R","T","R","?","?","R","E","R","BOSS"],"items_purchased_type":["Card","Potion","Card"],"build_version":"2020-12-22","purchased_purges":3,"victory":false,"max_hp_per_floor":[86,86,86,86,86,86,86,86,86,86,86,86,86,86,86,86,86,86,86,86,86,86,86,86,86,86,86,86,86,86,86,86,86,86,86,86,86,86,86,86,86,86,86,86,86,86,86,86,86,86,86],"card_choices":[{"not_picked":["RingOfDestiny:StaminaBook","RingOfDestiny:HexaMudra"],"picked":"RingOfDestiny:PentMudra","floor":1.0},{"not_picked":["RingOfDestiny:NinjutsuMudra","RingOfDestiny:Conspiracy"],"picked":"RingOfDestiny:PoisonedShiv","floor":6.0},{"not_picked":["RingOfDestiny:DeadlyArts","RingOfDestiny:Servicing"],"picked":"RingOfDestiny:ShadowRose","floor":11.0},{"not_picked":["RingOfDestiny:RattanBeetle","RingOfDestiny:Premeditate"],"picked":"RingOfDestiny:ButaMudra","floor":13.0},{"not_picked":["RingOfDestiny:ShadowBlossom","RingOfDestiny:OctMudra"],"picked":"RingOfDestiny:FireRelease","floor":14.0},{"not_picked":["RingOfDestiny:ShadowMark","RingOfDestiny:Recollection"],"picked":"RingOfDestiny:WorldOfFloweringTree","floor":16.0},{"not_picked":["RingOfDestiny:HexaMudra","RingOfDestiny:Servicing"],"picked":"RingOfDestiny:ShadowBlossom","floor":18.0},{"not_picked":["RingOfDestiny:ShadowCutter","RingOfDestiny:Conspiracy","RingOfDestiny:StaminaBook"],"picked":"SKIP","floor":20.0},{"not_picked":["RingOfDestiny:PerfectExecution","RingOfDestiny:ButaMudra","RingOfDestiny:BeeZone+1"],"picked":"SKIP","floor":24.0},{"not_picked":["RingOfDestiny:ShadowRose","RingOfDestiny:OctMudra"],"picked":"RingOfDestiny:FlashOfSlash","floor":27.0},{"not_picked":["RingOfDestiny:ShadowRose","RingOfDestiny:DeadlyShadow"],"picked":"RingOfDestiny:GasBomb","floor":28.0},{"not_picked":["RingOfDestiny:FrozenDark","RingOfDestiny:DeadlyShadow"],"picked":"RingOfDestiny:MetalRelease+1","floor":29.0},{"not_picked":["RingOfDestiny:UndecMudra+1","RingOfDestiny:HeptMudra+1","RingOfDestiny:FallenFlower"],"picked":"SKIP","floor":30.0},{"not_picked":["RingOfDestiny:ShadowStab+1","RingOfDestiny:ShadowBlossom","RingOfDestiny:ShadowCutter"],"picked":"SKIP","floor":31.0},{"not_picked":["RingOfDestiny:RepeatOffender","RingOfDestiny:MethMudra"],"picked":"RingOfDestiny:NinjutsuMudra","floor":33.0},{"not_picked":["RingOfDestiny:EthMudra+1","RingOfDestiny:Agile","RingOfDestiny:StaminaBook"],"picked":"SKIP","floor":35.0},{"not_picked":["RingOfDestiny:ButaMudra+1","RingOfDestiny:Spur"],"picked":"RingOfDestiny:PoisonedShiv+1","floor":36.0},{"not_picked":["RingOfDestiny:HeptMudra+1","RingOfDestiny:NonMudra"],"picked":"RingOfDestiny:Ridicule+1","floor":37.0},{"not_picked":["RingOfDestiny:Agile","RingOfDestiny:BeeZone+1","RingOfDestiny:DeadlyShadow"],"picked":"SKIP","floor":41.0},{"not_picked":["RingOfDestiny:ShadowRose","RingOfDestiny:ButaMudra+1","RingOfDestiny:Agile+1"],"picked":"SKIP","floor":45.0},{"not_picked":["RingOfDestiny:FlashOfSlash","RingOfDestiny:FireRelease"],"picked":"RingOfDestiny:WoodRelease","floor":48.0}],"player_experience":618840,"relics_obtained":[{"floor":6.0,"key":"testmod-BalancedPeriapt"},{"floor":9.0,"key":"Eternal Feather"},{"floor":24.0,"key":"Happy Flower"},{"floor":36.0,"key":"testmod-RealStoneCalender"},{"floor":43.0,"key":"conspire:DeflatedDodgeball"},{"floor":48.0,"key":"Kunai"}],"event_choices":[{"damage_healed":0.0,"max_hp_gain":0.0,"max_hp_loss":0.0,"gold_gain":0.0,"event_name":"Shining Light","player_choice":"Entered Light","floor":3.0,"gold_loss":0.0,"damage_taken":17.0,"cards_upgraded":["RingOfDestiny:Strike_SF","RingOfDestiny:FallenFlower"]},{"damage_healed":0.0,"max_hp_gain":0.0,"max_hp_loss":0.0,"gold_gain":0.0,"event_name":"给自己的盒子","player_choice":"Ignored","floor":5.0,"gold_loss":0.0,"damage_taken":0.0},{"damage_healed":0.0,"max_hp_gain":0.0,"max_hp_loss":0.0,"gold_gain":0.0,"event_name":"FaceTrader","player_choice":"Trade","floor":7.0,"gold_loss":0.0,"damage_taken":0.0,"relics_obtained":["CultistMask"]},{"damage_healed":0.0,"max_hp_gain":0.0,"max_hp_loss":0.0,"gold_gain":0.0,"event_name":"Vampires","player_choice":"Ignored","floor":19.0,"gold_loss":0.0,"damage_taken":0.0},{"damage_healed":0.0,"max_hp_gain":0.0,"max_hp_loss":0.0,"gold_gain":0.0,"event_name":"Match and Keep!","player_choice":"0 cards matched","floor":22.0,"gold_loss":0.0,"damage_taken":0.0,"cards_obtained":[]},{"damage_healed":0.0,"max_hp_gain":0.0,"max_hp_loss":0.0,"gold_gain":0.0,"event_name":"Mysterious Sphere","player_choice":"Fight","floor":36.0,"gold_loss":0.0,"damage_taken":0.0},{"damage_healed":0.0,"max_hp_gain":0.0,"max_hp_loss":0.0,"gold_gain":0.0,"event_name":"Tomb of Lord Red Mask","player_choice":"Paid","floor":39.0,"gold_loss":169.0,"damage_taken":0.0,"relics_obtained":["Red Mask"]}],"is_beta":false,"boss_relics":[{"not_picked":["conspire:SlowCooker","hubris:VirtuousBlindfold"],"picked":"RingOfChaos2"},{"not_picked":["Astrolabe","aspiration:WatcherSkillbook"],"picked":"hubris:ScarierMask"}],"items_purged_floors":[4,21,38],"is_endless":false,"potions_floor_spawned":[1,14,18,20,24,30,36,37,41,45],"killed_by":"conspire:OrnateMirror","ascension_level":0}}