{"host":"42xf941fomyavgzy","time":1614087055,"event":{"mods":["Act Like it!","Astrologer","BaseMod","Colored Map","DeckTracker","Minty Spire (QoL Compilation)","Shop Mod","StSLib","SuperFastMode","The Cursed"],"gold_per_floor":[109,109,120,45,61,61,93,93,173,173,173,200,200,224,224,324,324,341,217,236,268,288,288,288,317,329,341,273,373,383,383,383,486,486,499,721,358,358,378,378,378,378,451,451,93,112,146,146,146,146,146],"floor_reached":50,"language":"JPN","playtime":2507,"items_purged":["Strike_R","Defend_R","Strike_R"],"score":833,"play_id":"dd6634c3-fc6e-48c9-a17b-25241cf39b5e","local_time":"20210223223055","is_ascension_mode":true,"campfire_choices":[{"data":"Bash","floor":6,"key":"SMITH"},{"data":"Immolate","floor":8,"key":"SMITH"},{"data":"Spot Weakness","floor":10,"key":"SMITH"},{"floor":15,"key":"REST"},{"floor":23,"key":"REST"},{"data":"Impervious","floor":27,"key":"SMITH"},{"data":"Battle Trance","floor":32,"key":"SMITH"},{"data":"Limit Break","floor":40,"key":"SMITH"},{"floor":42,"key":"RECALL"},{"data":"Shockwave","floor":44,"key":"SMITH"},{"data":"Power Through","floor":49,"key":"SMITH"}],"circlet_count":0,"master_deck":["Defend_R","Defend_R","Defend_R","Bash+1","Immolate+1","Headbutt","Shrug It Off","Spot Weakness+1","Exhume","Impervious+1","Limit Break+1","Battle Trance+1","Clothesline","Second Wind","Body Slam+1","Thunderclap","Heavy Blade+1","Shockwave+1","Sword Boomerang+1","Reaper","Power Through+1","Master of Strategy","Exhume","Jack Of All Trades","Evolve","Shrug It Off","Warcry+1"],"relics":["Burning Blood","Toy Ornithopter","Bottled Flame","Orichalcum","PreservedInsect","Mark of Pain","Red Mask","MawBank","Gremlin Horn","SlaversCollar","Torii","Lantern"],"acts_visited":["Exordium","TheCity","TheBeyond"],"potions_floor_usage":[16,16,33,33,46,50,50,50],"damage_taken":[{"damage":1,"enemies":"Cultist","floor":1,"turns":3},{"damage":0,"enemies":"2 Louse","floor":3,"turns":2},{"damage":7,"enemies":"Jaw Worm","floor":5,"turns":3},{"damage":10,"enemies":"3 Sentries","floor":7,"turns":2},{"damage":46,"enemies":"Lagavulin","floor":12,"turns":6},{"damage":50,"enemies":"The Guardian","floor":16,"turns":12},{"damage":6,"enemies":"Spheric Guardian","floor":18,"turns":3},{"damage":14,"enemies":"2 Thieves","floor":20,"turns":4},{"damage":17,"enemies":"Masked Bandits","floor":21,"turns":4},{"damage":18,"enemies":"Centurion and Healer","floor":22,"turns":3},{"damage":0,"enemies":"Gremlin Leader","floor":25,"turns":5},{"damage":0,"enemies":"Cultist and Chosen","floor":30,"turns":4},{"damage":35,"enemies":"Automaton","floor":33,"turns":9},{"damage":15,"enemies":"Orb Walker","floor":35,"turns":4},{"damage":0,"enemies":"3 Darklings","floor":39,"turns":3},{"damage":32,"enemies":"Writhing Mass","floor":46,"turns":5},{"damage":24,"enemies":"Nemesis","floor":47,"turns":5},{"damage":105,"enemies":"Time Eater","floor":50,"turns":10}],"seed_played":"-9156657211058360749","potions_obtained":[{"floor":7,"key":"PowerPotion"},{"floor":12,"key":"Weak Potion"},{"floor":18,"key":"HeartOfIron"},{"floor":21,"key":"Weak Potion"},{"floor":25,"key":"LiquidMemories"},{"floor":33,"key":"Explosive Potion"},{"floor":39,"key":"LiquidMemories"},{"floor":46,"key":"BlessingOfTheForge"}],"is_trial":false,"path_per_floor":["M","?","M","$","M","R","E","R","T","R","?","E","?","T","R","B",null,"M","$","M","?","M","R","?","E","T","R","$","?","M","?","R","B",null,"M","?","$","?","M","R","?","R","T","R","$","M","E","?","R","B"],"character_chosen":"IRONCLAD","items_purchased":["Clothesline","Shockwave","Master of Strategy","Exhume","Torii","Evolve"],"campfire_rested":2,"item_purchase_floors":[19,28,37,37,45,45],"current_hp_per_floor":[77,77,80,80,79,79,75,75,75,75,68,28,28,28,52,18,65,65,65,57,46,34,58,80,80,80,80,80,80,80,80,80,56,74,76,76,76,76,80,80,80,80,80,80,80,65,65,65,65,0,0],"gold":146,"neow_bonus":"ONE_RANDOM_RARE_CARD","is_daily":false,"chose_seed":false,"campfire_upgraded":8,"win_rate":0.0,"timestamp":1614087055,"path_taken":["M","?","M","$","?","R","E","R","T","R","?","E","?","?","R","BOSS","M","$","M","?","M","R","?","E","T","R","$","?","?","?","R","BOSS","M","?","$","?","M","R","?","R","T","R","?","?","E","?","R","BOSS"],"items_purchased_type":["Card","Card","Card","Card","Relic","Card"],"build_version":"2020-12-22","purchased_purges":3,"victory":false,"max_hp_per_floor":[80,80,80,80,80,80,80,80,80,80,80,80,80,80,80,80,80,80,80,80,80,80,80,80,80,80,80,80,80,80,80,80,80,80,80,80,80,80,80,80,80,80,80,80,80,80,80,80,80,80,80],"card_choices":[{"not_picked":["True Grit","Perfected Strike"],"picked":"Headbutt","floor":1},{"not_picked":["Reckless Charge","Clothesline"],"picked":"Spot Weakness","floor":3},{"not_picked":["Whirlwind","Perfected Strike","Clothesline"],"picked":"SKIP","floor":5},{"not_picked":["Carnage","Warcry"],"picked":"Exhume","floor":7},{"not_picked":["Pommel Strike","Twin Strike"],"picked":"Impervious","floor":12},{"not_picked":["Juggernaut","Impervious"],"picked":"Limit Break","floor":16},{"not_picked":["Flex","Twin Strike"],"picked":"Battle Trance","floor":18},{"not_picked":["True Grit","Havoc"],"picked":"Second Wind","floor":20},{"not_picked":["Wild Strike","Battle Trance"],"picked":"Body Slam+1","floor":21},{"not_picked":["Rupture","Second Wind"],"picked":"Thunderclap","floor":22},{"not_picked":["Headbutt+1","Body Slam"],"picked":"Heavy Blade+1","floor":25},{"not_picked":["Heavy Blade","Armaments"],"picked":"Sword Boomerang+1","floor":30},{"not_picked":["Demon Form","Immolate"],"picked":"Reaper","floor":33},{"not_picked":["Infernal Blade","Clothesline"],"picked":"Power Through","floor":35},{"not_picked":["Flash of Steel","Magnetism"],"picked":"Jack Of All Trades","floor":38},{"not_picked":["Rage+1","Twin Strike+1"],"picked":"Fire Breathing","floor":39},{"not_picked":["Twin Strike","Dual Wield+1"],"picked":"Shrug It Off","floor":46},{"not_picked":["Immolate","Clash"],"picked":"Warcry+1","floor":47}],"player_experience":511179,"relics_obtained":[{"floor":7,"key":"Toy Ornithopter"},{"floor":9,"key":"Bottled Flame"},{"floor":12,"key":"Orichalcum"},{"floor":14,"key":"PreservedInsect"},{"floor":21,"key":"Red Mask"},{"floor":25,"key":"MawBank"},{"floor":26,"key":"Gremlin Horn"},{"floor":47,"key":"Lantern"}],"event_choices":[{"damage_healed":0,"gold_gain":0,"cards_transformed":["Strike_R"],"player_choice":"Transformed","damage_taken":0,"max_hp_gain":0,"max_hp_loss":0,"event_name":"Transmorgrifier","floor":2,"gold_loss":0,"cards_obtained":["Shrug It Off"]},{"cards_removed":["Strike_R"],"damage_healed":0,"gold_gain":0,"player_choice":"Card Removal","damage_taken":7,"max_hp_gain":0,"max_hp_loss":0,"event_name":"Golden Wing","floor":11,"gold_loss":0},{"damage_healed":0,"gold_gain":0,"player_choice":"Fled","damage_taken":0,"max_hp_gain":0,"max_hp_loss":0,"event_name":"Scrap Ooze","floor":13,"gold_loss":0},{"damage_healed":0,"gold_gain":0,"player_choice":"Fought Bandits","damage_taken":0,"max_hp_gain":0,"max_hp_loss":0,"event_name":"Masked Bandits","floor":21,"gold_loss":0},{"damage_healed":26,"gold_gain":0,"player_choice":"Heal","damage_taken":0,"max_hp_gain":0,"max_hp_loss":0,"event_name":"The Library","floor":24,"gold_loss":0},{"damage_healed":0,"gold_gain":100,"player_choice":"Pray","damage_taken":0,"max_hp_gain":0,"max_hp_loss":0,"event_name":"Golden Shrine","floor":29,"gold_loss":0},{"damage_healed":0,"gold_gain":0,"player_choice":"Bought 0 Potions","damage_taken":0,"max_hp_gain":0,"max_hp_loss":0,"event_name":"The Woman in Blue","floor":31,"gold_loss":0},{"damage_healed":0,"gold_gain":222,"player_choice":"Wore Mask","damage_taken":0,"max_hp_gain":0,"max_hp_loss":0,"event_name":"Tomb of Lord Red Mask","floor":36,"gold_loss":0},{"damage_healed":0,"gold_gain":0,"player_choice":"Memory 1","damage_taken":0,"max_hp_gain":0,"max_hp_loss":0,"event_name":"SensoryStone","floor":38,"gold_loss":0},{"cards_removed":["Fire Breathing"],"damage_healed":0,"gold_gain":0,"player_choice":"Removed Power","damage_taken":0,"max_hp_gain":0,"max_hp_loss":0,"event_name":"Falling","floor":41,"gold_loss":0},{"cards_removed":["Strike_R"],"damage_healed":0,"gold_gain":0,"player_choice":"Purged","damage_taken":0,"max_hp_gain":0,"max_hp_loss":0,"event_name":"Purifier","floor":48,"gold_loss":0}],"is_beta":false,"boss_relics":[{"not_picked":["Snecko Eye","Runic Dome"],"picked":"Mark of Pain"},{"not_picked":["Runic Cube","SacredBark"],"picked":"SlaversCollar"}],"items_purged_floors":[4,19,37],"is_endless":false,"potions_floor_spawned":[7,12,18,21,25,33,39,46],"killed_by":"Time Eater","ascension_level":9}}