{"host":"Pascal","time":1614123831,"event":{"mods":["BaseMod","Googly Eyes","Minty Spire (QoL Compilation)","Permanent Neow","Relic Stats","StSLib"],"gold_per_floor":[119,134,147,163,173,204,75,86,113,125,142,42,60,80,80,181,181,194,211,229,29,43,43,84,84,84,104,104,104,104,143,143,243,243,253,268,283,80,80,80,118,168,195,195,225,241,37,53,53,156,156,168,168,179,179,198,228,140,177,177,211,211,238,188,206,218,331,343,368,295,307,334,355,392,404,449,495,526,538,569,581,619,631,746,758,787,831,860,872,686,718,718,751,781,781,793,818,852,867,867,969,969,988,1003,1003,805,817,843,843,874,909,909,560,616,616,616,616,711,711,731,748,444,464,464,464,491,491,526,379,406,419,419,419,419,523,573,591,591,641,641,641,641],"floor_reached":141,"language":"ENG","playtime":6029,"items_purged":["Rupture","Evolve","Carnage","Iron Wave","Evolve","True Grit+1","Corruption+1","Anger+1","Anger+1","Clash"],"score":6014,"play_id":"9543d5fe-dc09-41d3-b3d5-df0fc29f1300","local_time":"20210224004351","daily_mods":["Draft","Vintage"],"is_ascension_mode":true,"campfire_choices":[{"floor":15,"key":"REST"},{"data":"Corruption","floor":23,"key":"SMITH"},{"data":"Havoc","floor":25,"key":"SMITH"},{"data":"True Grit","floor":29,"key":"SMITH"},{"data":"Anger","floor":32,"key":"SMITH"},{"data":"Anger","floor":40,"key":"SMITH"},{"data":"Havoc","floor":44,"key":"SMITH"},{"data":"Headbutt","floor":49,"key":"PURGE"},{"data":"Ghostly Armor","floor":62,"key":"PURGE"},{"data":"Finesse","floor":66,"key":"PURGE"},{"data":"Havoc+1","floor":75,"key":"PURGE"},{"data":"Havoc+1","floor":83,"key":"PURGE"},{"data":"Anger+1","floor":95,"key":"PURGE"},{"data":"Panache","floor":100,"key":"PURGE"},{"data":"Anger+1","floor":109,"key":"PURGE"},{"data":"Anger+1","floor":112,"key":"PURGE"},{"data":"Clash","floor":115,"key":"PURGE"},{"floor":117,"key":"REST"},{"floor":125,"key":"REST"},{"floor":132,"key":"REST"},{"floor":134,"key":"REST"}],"circlet_count":0,"master_deck":[],"relics":["Unceasing Top","Potion Belt","Pocketwatch","Strawberry","Blood Vial","Ancient Tea Set","Mercury Hourglass","Paper Frog","Smiling Mask","InkBottle","Mango","Boot","Letter Opener","Philosopher\u0027s Stone","Kunai","Shuriken","CeramicFish","Blue Candle","Gremlin Horn","Self Forming Clay","White Beast Statue","Regal Pillow","SacredBark","Nunchaku","Oddly Smooth Stone","Prayer Wheel","Medical Kit","Toy Ornithopter","Peace Pipe","Omamori","Tiny Chest","Lantern","Bird Faced Urn","Busted Crown","Torii","MealTicket","Eternal Feather","PreservedInsect","Odd Mushroom","MawBank","Empty Cage","Akabeko","Happy Flower","Singing Bowl","Ice Cream","Anchor","Red Skull","Fusion Hammer","Whetstone","Brimstone","Bag of Marbles","Frozen Egg 2","Black Star","Bag of Preparation","Art of War","Pen Nib","Lizard Tail","Membership Card","Juzu Bracelet","Orichalcum","Meat on the Bone","HornCleat","SlaversCollar","Thread and Needle","Vajra","TheAbacus","Turnip","Centennial Puzzle","Darkstone Periapt","Nloth\u0027s Gift","Dream Catcher","ClockworkSouvenir","Bronze Scales","MutagenicStrength","Tiny House","Toxic Egg 2","WingedGreaves"],"acts_visited":["Exordium","TheCity","TheBeyond","Exordium","TheCity","TheBeyond","Exordium","TheCity","TheBeyond"],"potions_floor_usage":[4,20,20,101,141,141,141],"damage_taken":[{"damage":1,"enemies":"Cultist","floor":1,"turns":3},{"damage":17,"enemies":"Jaw Worm","floor":2,"turns":3},{"damage":19,"enemies":"Small Slimes","floor":3,"turns":3},{"damage":9,"enemies":"Gremlin Gang","floor":4,"turns":3},{"damage":0,"enemies":"Large Slime","floor":5,"turns":2},{"damage":20,"enemies":"3 Sentries","floor":6,"turns":3},{"damage":12,"enemies":"Looter","floor":8,"turns":3},{"damage":0,"enemies":"3 Louse","floor":10,"turns":1},{"damage":10,"enemies":"Lots of Slimes","floor":11,"turns":3},{"damage":0,"enemies":"2 Fungi Beasts","floor":13,"turns":2},{"damage":1,"enemies":"Blue Slaver","floor":14,"turns":2},{"damage":0,"enemies":"Slime Boss","floor":16,"turns":3},{"damage":12,"enemies":"Shell Parasite","floor":18,"turns":3},{"damage":7,"enemies":"Chosen","floor":19,"turns":2},{"damage":6,"enemies":"Snake Plant","floor":20,"turns":3},{"damage":0,"enemies":"Snecko","floor":22,"turns":3},{"damage":0,"enemies":"Book of Stabbing","floor":24,"turns":3},{"damage":0,"enemies":"Centurion and Healer","floor":27,"turns":2},{"damage":0,"enemies":"Gremlin Leader","floor":31,"turns":1},{"damage":0,"enemies":"Champ","floor":33,"turns":2},{"damage":0,"enemies":"Orb Walker","floor":35,"turns":2},{"damage":1,"enemies":"3 Shapes","floor":36,"turns":2},{"damage":2,"enemies":"Sphere and 2 Shapes","floor":37,"turns":2},{"damage":0,"enemies":"Nemesis","floor":41,"turns":1},{"damage":0,"enemies":"Mind Bloom Boss Battle","floor":42,"turns":1},{"damage":0,"enemies":"Reptomancer","floor":45,"turns":1},{"damage":0,"enemies":"4 Shapes","floor":46,"turns":1},{"damage":0,"enemies":"Spire Growth","floor":48,"turns":2},{"damage":0,"enemies":"Donu and Deca","floor":50,"turns":1},{"damage":0,"enemies":"Cultist","floor":52,"turns":1},{"damage":0,"enemies":"Jaw Worm","floor":54,"turns":1},{"damage":0,"enemies":"Small Slimes","floor":56,"turns":1},{"damage":0,"enemies":"3 Sentries","floor":57,"turns":1},{"damage":0,"enemies":"Gremlin Nob","floor":59,"turns":1},{"damage":0,"enemies":"Lagavulin","floor":61,"turns":1},{"damage":0,"enemies":"The Mushroom Lair","floor":63,"turns":1},{"damage":0,"enemies":"3 Louse","floor":65,"turns":1},{"damage":0,"enemies":"Slime Boss","floor":67,"turns":1},{"damage":0,"enemies":"Chosen","floor":69,"turns":1},{"damage":0,"enemies":"Spheric Guardian","floor":72,"turns":1},{"damage":0,"enemies":"Book of Stabbing","floor":74,"turns":1},{"damage":0,"enemies":"Gremlin Leader","floor":76,"turns":1},{"damage":0,"enemies":"Slavers","floor":77,"turns":1},{"damage":0,"enemies":"Cultist and Chosen","floor":78,"turns":1},{"damage":0,"enemies":"Chosen and Byrds","floor":80,"turns":1},{"damage":0,"enemies":"Gremlin Leader","floor":82,"turns":1},{"damage":0,"enemies":"Collector","floor":84,"turns":1},{"damage":0,"enemies":"Orb Walker","floor":86,"turns":1},{"damage":0,"enemies":"Reptomancer","floor":87,"turns":1},{"damage":6,"enemies":"3 Shapes","floor":88,"turns":1},{"damage":0,"enemies":"Giant Head","floor":91,"turns":1},{"damage":0,"enemies":"Reptomancer","floor":93,"turns":1},{"damage":0,"enemies":"Giant Head","floor":94,"turns":1},{"damage":0,"enemies":"Sphere and 2 Shapes","floor":96,"turns":1},{"damage":0,"enemies":"Reptomancer","floor":97,"turns":1},{"damage":0,"enemies":"Giant Head","floor":98,"turns":1},{"damage":0,"enemies":"Maw","floor":99,"turns":1},{"damage":64,"enemies":"Time Eater","floor":101,"turns":3},{"damage":0,"enemies":"Jaw Worm","floor":103,"turns":1},{"damage":0,"enemies":"2 Louse","floor":104,"turns":1},{"damage":0,"enemies":"Small Slimes","floor":107,"turns":1},{"damage":0,"enemies":"Gremlin Nob","floor":108,"turns":1},{"damage":0,"enemies":"Lagavulin","floor":110,"turns":1},{"damage":0,"enemies":"3 Sentries","floor":111,"turns":1},{"damage":0,"enemies":"Gremlin Nob","floor":114,"turns":1},{"damage":0,"enemies":"Hexaghost","floor":118,"turns":1},{"damage":0,"enemies":"2 Thieves","floor":120,"turns":1},{"damage":0,"enemies":"Spheric Guardian","floor":121,"turns":1},{"damage":0,"enemies":"Chosen and Byrds","floor":123,"turns":1},{"damage":0,"enemies":"Gremlin Leader","floor":126,"turns":1},{"damage":0,"enemies":"Book of Stabbing","floor":128,"turns":1},{"damage":0,"enemies":"Slavers","floor":130,"turns":1},{"damage":0,"enemies":"3 Cultists","floor":131,"turns":1},{"damage":0,"enemies":"Champ","floor":135,"turns":2},{"damage":0,"enemies":"3 Darklings","floor":137,"turns":1},{"damage":0,"enemies":"Mind Bloom Boss Battle","floor":139,"turns":1},{"damage":565,"enemies":"Orb Walker","floor":141,"turns":12}],"seed_played":"4663140373306571289","potions_obtained":[{"floor":1,"key":"Block Potion"},{"floor":3,"key":"Weak Potion"},{"floor":8,"key":"SteroidPotion"},{"floor":11,"key":"Explosive Potion"},{"floor":14,"key":"Swift Potion"},{"floor":18,"key":"Regen Potion"},{"floor":20,"key":"SteroidPotion"},{"floor":24,"key":"Fire Potion"},{"floor":36,"key":"BloodPotion"},{"floor":41,"key":"Block Potion"},{"floor":101,"key":"ElixirPotion"},{"floor":131,"key":"FairyPotion"}],"is_trial":true,"path_per_floor":["M","M","M","M","M","E","$","M","T","M","M","$","M","M","R","B",null,"M","M","M","$","M","R","E","R","T","M","?","R","?","E","R","B",null,"M","M","M","$","?","R","E","?","T","R","E","M","$","M","R","B",null,"M","?","M","?","M","E","$","E","T","E","R","?","$","M","R","B",null,"M","?","$","M","?","E","R","E","E","M","?","M","?","E","R","B",null,"M","E","M","$","$","E","?","E","E","R","M","E","E","M","R","B",null,"M","M","?","$","M","E","R","E","E","R","$","?","R","?","R","B",null,"M","M","$","M","?","R","E","?","E","$","E","M","R","?","R","B",null,"M","?","?","?","M"],"character_chosen":"IRONCLAD","items_purchased":["True Grit","Block Potion","Finesse","Ghostly Armor","Medical Kit","Panache","Clash","Brimstone","Pen Nib","Membership Card","Juzu Bracelet","Orichalcum","TheAbacus","Turnip","Centennial Puzzle","Dream Catcher","ClockworkSouvenir"],"campfire_rested":5,"item_purchase_floors":[7,12,21,21,38,47,58,90,106,113,113,113,122,122,122,129,129],"current_hp_per_floor":[71,54,42,33,35,17,17,7,7,9,15,15,17,18,48,50,88,78,73,69,69,71,71,73,73,73,75,59,59,59,61,61,63,92,94,95,95,95,95,95,96,96,96,96,96,96,96,96,96,96,96,96,96,96,96,96,96,96,96,96,96,96,96,96,96,96,96,96,96,96,96,96,96,98,98,100,102,102,81,87,87,95,101,109,111,111,113,117,123,123,125,119,121,123,123,123,125,127,127,127,65,113,117,121,114,129,129,131,131,133,135,135,135,137,137,137,137,139,139,139,139,139,139,139,139,141,141,143,143,145,145,147,147,149,151,158,158,158,160,160,0,0],"gold":641,"neow_bonus":"","is_daily":false,"chose_seed":false,"campfire_upgraded":6,"win_rate":0.0,"timestamp":1614123831,"path_taken":["M","M","M","M","?","E","$","M","T","M","M","$","M","M","R","BOSS","M","M","M","$","M","R","E","R","T","?","?","R","?","E","R","BOSS","M","?","M","$","?","R","E","?","T","R","E","M","$","M","R","BOSS","M","?","?","?","M","E","$","?","T","E","R","?","$","M","R","BOSS","M","?","$","M","?","E","R","?","E","?","?","M","?","E","R","BOSS","M","?","?","?","$","E","?","E","E","R","M","?","E","M","R","BOSS","M","?","?","?","M","E","R","?","E","R","$","?","R","?","R","BOSS","M","M","$","M","?","R","E","?","E","$","E","M","R","?","R","BOSS","M","?","?","?","M"],"items_purchased_type":["Card","Potion","Card","Card","Relic","Card","Card","Relic","Relic","Relic","Relic","Relic","Relic","Relic","Relic","Relic","Relic"],"build_version":"2020-12-18","purchased_purges":10,"victory":false,"max_hp_per_floor":[80,80,87,87,87,87,87,87,87,87,101,101,101,101,101,101,101,101,101,101,101,101,101,101,101,101,101,101,101,101,101,101,101,101,101,101,101,101,96,96,96,96,96,96,96,96,96,96,96,96,96,96,96,96,96,96,96,96,96,96,96,96,96,96,96,96,96,96,96,96,96,96,96,98,98,100,102,102,107,107,107,109,109,111,111,111,113,123,123,123,125,119,121,123,123,123,125,127,127,127,129,129,129,129,129,129,129,131,131,133,135,135,135,137,137,137,137,139,139,139,139,139,139,139,139,141,141,143,143,145,145,147,147,149,151,158,158,158,160,160,160,160],"relic_stats":{"Darkstone Periapt":0,"Regal Pillow":0,"Gremlin Horn":[48,48],"Torii":0,"Singing Bowl":50,"CeramicFish":81,"Bag of Preparation":[2],"Juzu Bracelet":3,"Whetstone":["Anger","Anger"],"Smiling Mask":1200,"Boot":[23],"Blood Vial":49,"Nunchaku":[60],"Lizard Tail":80,"Centennial Puzzle":[0],"Dream Catcher":2,"TheAbacus":[600],"Prayer Wheel":0,"Tiny Chest":7,"MealTicket":21,"Kunai":[209],"InkBottle":[88],"Happy Flower":[17],"counters":[77,125],"Self Forming Clay":[39],"Blue Candle":[0],"Eternal Feather":6,"PreservedInsect":1573,"Pen Nib":[13],"Letter Opener":[322],"Orichalcum":[6],"Medical Kit":[12],"MawBank":300,"Mercury Hourglass":[491],"Peace Pipe":10,"Busted Crown":60,"Shuriken":[207],"Bird Faced Urn":[16],"Bronze Scales":[36],"Turnip":[2],"Black Star":6,"Art of War":[11],"Nloth\u0027s Gift":0,"obtain_stats":[{"Ice Cream":78,"Tiny House":136,"Gremlin Horn":24,"CeramicFish":20,"Vajra":121,"Whetstone":86,"Boot":13,"Blood Vial":4,"Lizard Tail":107,"Centennial Puzzle":122,"HornCleat":116,"Strawberry":3,"Philosopher\u0027s Stone":17,"Prayer Wheel":37,"MealTicket":54,"Fusion Hammer":85,"Kunai":18,"Toxic Egg 2":137,"Pear":88,"Happy Flower":70,"Blue Candle":22,"Oddly Smooth Stone":36,"Eternal Feather":56,"Pen Nib":106,"Letter Opener":14,"Akabeko":69,"SlaversCollar":119,"Shuriken":19,"Brimstone":90,"Bird Faced Urn":48,"Bronze Scales":131,"MutagenicStrength":133,"Black Star":102,"Nloth\u0027s Gift":127,"Unceasing Top":0,"Pocketwatch":2,"Meat on the Bone":114,"Darkstone Periapt":123,"Regal Pillow":31,"Lantern":46,"Torii":52,"Singing Bowl":72,"SacredBark":34,"Mango":11,"Bag of Preparation":103,"Juzu Bracelet":113,"Ancient Tea Set":5,"Smiling Mask":9,"Empty Cage":68,"ClockworkSouvenir":129,"Nunchaku":35,"Dream Catcher":129,"TheAbacus":122,"Tiny Chest":45,"WingedGreaves":139,"InkBottle":10,"Red Skull":81,"Paper Frog":8,"Potion Belt":1,"Self Forming Clay":26,"Thread and Needle":120,"PreservedInsect":60,"Omamori":43,"Odd Mushroom":63,"Frozen Egg 2":99,"Orichalcum":113,"Medical Kit":38,"MawBank":65,"White Beast Statue":27,"Mercury Hourglass":6,"Peace Pipe":42,"Anchor":80,"Busted Crown":51,"Turnip":122,"Bag of Marbles":96,"Art of War":104,"Membership Card":113,"Toy Ornithopter":41},{"Ice Cream":44,"Tiny House":74,"Gremlin Horn":17,"CeramicFish":15,"Vajra":68,"Whetstone":48,"Boot":10,"Blood Vial":4,"Lizard Tail":61,"Centennial Puzzle":68,"HornCleat":65,"Strawberry":3,"Philosopher\u0027s Stone":12,"Prayer Wheel":23,"MealTicket":31,"Fusion Hammer":47,"Kunai":13,"Toxic Egg 2":75,"Pear":50,"Happy Flower":39,"Blue Candle":16,"Oddly Smooth Stone":22,"Eternal Feather":32,"Pen Nib":60,"Letter Opener":11,"Akabeko":39,"SlaversCollar":66,"Shuriken":14,"Brimstone":50,"Bird Faced Urn":28,"Bronze Scales":73,"MutagenicStrength":73,"Black Star":58,"Nloth\u0027s Gift":70,"Unceasing Top":0,"Pocketwatch":2,"Meat on the Bone":65,"Darkstone Periapt":69,"Regal Pillow":19,"Lantern":27,"Torii":30,"Singing Bowl":40,"SacredBark":20,"Mango":9,"Bag of Preparation":59,"Juzu Bracelet":64,"Ancient Tea Set":5,"Smiling Mask":7,"Empty Cage":38,"ClockworkSouvenir":71,"Nunchaku":21,"Dream Catcher":71,"TheAbacus":68,"Tiny Chest":26,"WingedGreaves":76,"InkBottle":8,"Red Skull":45,"Paper Frog":7,"Potion Belt":1,"Self Forming Clay":17,"Thread and Needle":67,"PreservedInsect":34,"Omamori":25,"Odd Mushroom":36,"Frozen Egg 2":57,"Orichalcum":64,"Medical Kit":23,"MawBank":37,"White Beast Statue":18,"Mercury Hourglass":6,"Peace Pipe":25,"Anchor":45,"Busted Crown":29,"Turnip":68,"Bag of Marbles":54,"Art of War":60,"Membership Card":64,"Toy Ornithopter":24},{"Ice Cream":78,"Tiny House":111,"Gremlin Horn":45,"CeramicFish":39,"Vajra":104,"Whetstone":82,"Boot":26,"Blood Vial":12,"Lizard Tail":97,"Centennial Puzzle":104,"HornCleat":101,"Strawberry":9,"Philosopher\u0027s Stone":31,"Prayer Wheel":56,"MealTicket":65,"Fusion Hammer":81,"Kunai":34,"Toxic Egg 2":112,"Pear":84,"Happy Flower":73,"Blue Candle":42,"Oddly Smooth Stone":54,"Eternal Feather":66,"Pen Nib":96,"Letter Opener":28,"Akabeko":73,"SlaversCollar":102,"Shuriken":36,"Brimstone":84,"Bird Faced Urn":62,"Bronze Scales":109,"MutagenicStrength":109,"Black Star":94,"Nloth\u0027s Gift":106,"Unceasing Top":0,"Pocketwatch":6,"Meat on the Bone":101,"Darkstone Periapt":105,"Regal Pillow":48,"Lantern":60,"Torii":64,"Singing Bowl":74,"SacredBark":50,"Mango":24,"Bag of Preparation":95,"Juzu Bracelet":100,"Ancient Tea Set":14,"Smiling Mask":20,"Empty Cage":72,"ClockworkSouvenir":107,"Nunchaku":52,"Dream Catcher":107,"TheAbacus":104,"Tiny Chest":59,"WingedGreaves":113,"InkBottle":21,"Red Skull":79,"Paper Frog":20,"Potion Belt":3,"Self Forming Clay":45,"Thread and Needle":103,"PreservedInsect":68,"Omamori":58,"Odd Mushroom":70,"Frozen Egg 2":91,"Orichalcum":100,"Medical Kit":56,"MawBank":71,"White Beast Statue":47,"Mercury Hourglass":17,"Peace Pipe":58,"Anchor":79,"Busted Crown":63,"Turnip":104,"Bag of Marbles":88,"Art of War":96,"Membership Card":100,"Toy Ornithopter":57}],"Unceasing Top":[502],"Toy Ornithopter":10,"Pocketwatch":[15],"Meat on the Bone":0},"card_choices":[{"not_picked":["Uppercut","Iron Wave"],"picked":"Headbutt","floor":0},{"not_picked":["Shockwave","Entrench"],"picked":"Evolve","floor":0},{"not_picked":["Carnage","Armaments"],"picked":"Iron Wave","floor":0},{"not_picked":["Warcry","Wild Strike"],"picked":"Rupture","floor":0},{"not_picked":["Clothesline","Evolve"],"picked":"Warcry","floor":0},{"not_picked":["Headbutt","Sword Boomerang"],"picked":"Warcry","floor":0},{"not_picked":["Dark Embrace","Flex"],"picked":"Anger","floor":0},{"not_picked":["Whirlwind","Spot Weakness"],"picked":"Havoc","floor":0},{"not_picked":["True Grit","Sever Soul"],"picked":"Shockwave","floor":0},{"not_picked":["Second Wind","Shrug It Off"],"picked":"Carnage","floor":0},{"not_picked":["Bloodletting","True Grit"],"picked":"Evolve","floor":0},{"not_picked":["Carnage","Hemokinesis"],"picked":"Anger","floor":0},{"not_picked":["Evolve","Battle Trance"],"picked":"Anger","floor":0},{"not_picked":["Heavy Blade","Bloodletting"],"picked":"Clash","floor":0},{"not_picked":["Armaments","Perfected Strike"],"picked":"Fire Breathing","floor":0},{"not_picked":["Perfected Strike","Flame Barrier","Carnage"],"picked":"SKIP","floor":6},{"not_picked":["Feed","Immolate"],"picked":"Corruption","floor":16},{"not_picked":["Intimidate","Evolve"],"picked":"Anger","floor":24},{"not_picked":["Infernal Blade+1","Warcry"],"picked":"Anger","floor":31},{"not_picked":["Thunderclap+1","Heavy Blade"],"picked":"Havoc","floor":41},{"not_picked":["Fire Breathing","Sentinel+1","Shrug It Off"],"picked":"SKIP","floor":45},{"not_picked":["Power Through"],"picked":"SKIP","floor":57},{"not_picked":[],"picked":"Clash","floor":59},{"not_picked":["True Grit"],"picked":"SKIP","floor":61},{"not_picked":["Anger"],"picked":"Singing Bowl","floor":74},{"not_picked":["Fiend Fire"],"picked":"Singing Bowl","floor":76},{"not_picked":["Headbutt"],"picked":"Singing Bowl","floor":77},{"not_picked":["Intimidate"],"picked":"Singing Bowl","floor":82},{"not_picked":["Fiend Fire"],"picked":"Singing Bowl","floor":84},{"not_picked":["Feel No Pain"],"picked":"Singing Bowl","floor":87},{"not_picked":["Sentinel"],"picked":"Singing Bowl","floor":91},{"not_picked":["Havoc"],"picked":"Singing Bowl","floor":93},{"not_picked":["Pummel+1"],"picked":"Singing Bowl","floor":94},{"not_picked":["Cleave+1"],"picked":"Singing Bowl","floor":97},{"not_picked":["Intimidate+1"],"picked":"Singing Bowl","floor":98},{"not_picked":["Juggernaut+1"],"picked":"Singing Bowl","floor":101},{"not_picked":["Ghostly Armor"],"picked":"Singing Bowl","floor":108},{"not_picked":["Carnage"],"picked":"Singing Bowl","floor":110},{"not_picked":["Rage"],"picked":"Singing Bowl","floor":111},{"not_picked":["Pummel"],"picked":"Singing Bowl","floor":114},{"not_picked":["Impervious"],"picked":"Singing Bowl","floor":118},{"not_picked":["Juggernaut+1"],"picked":"Singing Bowl","floor":126},{"not_picked":["Feel No Pain+1"],"picked":"Singing Bowl","floor":128},{"not_picked":["Immolate"],"picked":"Singing Bowl","floor":130},{"not_picked":["Sever Soul"],"picked":"Singing Bowl","floor":132},{"not_picked":["Infernal Blade+1"],"picked":"Singing Bowl","floor":134},{"not_picked":["Bludgeon"],"picked":"Singing Bowl","floor":135},{"not_picked":["Iron Wave"],"picked":"Singing Bowl","floor":136},{"not_picked":["Reckless Charge"],"picked":"Singing Bowl","floor":139}],"player_experience":199043,"relics_obtained":[{"floor":1,"key":"Potion Belt"},{"floor":2,"key":"Pocketwatch"},{"floor":3,"key":"Strawberry"},{"floor":4,"key":"Blood Vial"},{"floor":5,"key":"Ancient Tea Set"},{"floor":6,"key":"Mercury Hourglass"},{"floor":8,"key":"Paper Frog"},{"floor":9,"key":"Smiling Mask"},{"floor":10,"key":"InkBottle"},{"floor":11,"key":"Mango"},{"floor":13,"key":"Boot"},{"floor":14,"key":"Letter Opener"},{"floor":18,"key":"Kunai"},{"floor":19,"key":"Shuriken"},{"floor":20,"key":"CeramicFish"},{"floor":22,"key":"Blue Candle"},{"floor":24,"key":"Gremlin Horn"},{"floor":26,"key":"Self Forming Clay"},{"floor":27,"key":"White Beast Statue"},{"floor":31,"key":"Regal Pillow"},{"floor":35,"key":"Nunchaku"},{"floor":36,"key":"Oddly Smooth Stone"},{"floor":37,"key":"Prayer Wheel"},{"floor":41,"key":"Toy Ornithopter"},{"floor":42,"key":"Peace Pipe"},{"floor":43,"key":"Omamori"},{"floor":45,"key":"Tiny Chest"},{"floor":46,"key":"Lantern"},{"floor":48,"key":"Bird Faced Urn"},{"floor":52,"key":"Torii"},{"floor":54,"key":"MealTicket"},{"floor":56,"key":"Eternal Feather"},{"floor":60,"key":"PreservedInsect"},{"floor":63,"key":"Odd Mushroom"},{"floor":65,"key":"MawBank"},{"floor":69,"key":"Akabeko"},{"floor":72,"key":"Singing Bowl"},{"floor":78,"key":"Ice Cream"},{"floor":80,"key":"Anchor"},{"floor":86,"key":"Whetstone"},{"floor":88,"key":"Pear"},{"floor":96,"key":"Bag of Marbles"},{"floor":99,"key":"Frozen Egg 2"},{"floor":103,"key":"Bag of Preparation"},{"floor":104,"key":"Art of War"},{"floor":107,"key":"Lizard Tail"},{"floor":114,"key":"Meat on the Bone"},{"floor":120,"key":"Thread and Needle"},{"floor":121,"key":"Vajra"},{"floor":123,"key":"Darkstone Periapt"},{"floor":131,"key":"Bronze Scales"},{"floor":137,"key":"Toxic Egg 2"},{"floor":139,"key":"WingedGreaves"}],"event_choices":[{"damage_healed":0,"gold_gain":0,"player_choice":"Obtained Book","damage_taken":16,"max_hp_gain":0,"max_hp_loss":0,"event_name":"Cursed Tome","floor":28,"gold_loss":0},{"damage_healed":0,"gold_gain":0,"player_choice":"Upgraded","damage_taken":0,"max_hp_gain":0,"max_hp_loss":0,"event_name":"Upgrade Shrine","floor":30,"gold_loss":0,"cards_upgraded":["Anger"]},{"damage_healed":0,"gold_gain":0,"player_choice":"Max HP","damage_taken":0,"max_hp_gain":0,"max_hp_loss":5,"event_name":"Winding Halls","floor":39,"gold_loss":0},{"damage_healed":0,"gold_gain":0,"player_choice":"Fight","damage_taken":0,"max_hp_gain":0,"max_hp_loss":0,"event_name":"MindBloom","floor":42,"gold_loss":0},{"cards_removed":["Fire Breathing"],"damage_healed":0,"gold_gain":0,"player_choice":"Offered Uncommon","damage_taken":0,"max_hp_gain":0,"max_hp_loss":0,"event_name":"Bonfire Elementals","floor":53,"gold_loss":0},{"cards_removed":["Shockwave"],"damage_healed":0,"gold_gain":0,"player_choice":"Forget","damage_taken":0,"max_hp_gain":0,"max_hp_loss":0,"event_name":"Living Wall","floor":55,"gold_loss":0},{"damage_healed":0,"gold_gain":0,"player_choice":"Fought Mushrooms","damage_taken":0,"max_hp_gain":0,"max_hp_loss":0,"event_name":"Mushrooms","floor":63,"gold_loss":0},{"damage_healed":0,"gold_gain":0,"player_choice":"Obtained Relic","damage_taken":0,"relics_obtained":["Happy Flower"],"max_hp_gain":0,"max_hp_loss":0,"event_name":"Addict","floor":70,"gold_loss":85},{"damage_healed":0,"gold_gain":0,"player_choice":"Copied","damage_taken":0,"max_hp_gain":0,"max_hp_loss":0,"event_name":"Duplicator","floor":73,"gold_loss":0,"cards_obtained":["Panache"]},{"damage_healed":0,"gold_gain":0,"player_choice":"Shed Blood","damage_taken":26,"max_hp_gain":5,"max_hp_loss":0,"event_name":"Forgotten Altar","floor":79,"gold_loss":0},{"damage_healed":0,"gold_gain":0,"player_choice":"Opened","damage_taken":0,"relics_obtained":["Red Skull"],"max_hp_gain":0,"max_hp_loss":0,"event_name":"The Mausoleum","floor":81,"gold_loss":0,"cards_obtained":["Writhe"]},{"damage_healed":0,"gold_gain":0,"player_choice":"Max HP","damage_taken":0,"max_hp_gain":0,"max_hp_loss":6,"event_name":"Winding Halls","floor":92,"gold_loss":0},{"cards_removed":["Panache"],"damage_healed":0,"gold_gain":0,"player_choice":"Card Removal","damage_taken":7,"max_hp_gain":0,"max_hp_loss":0,"event_name":"Golden Wing","floor":105,"gold_loss":0},{"damage_healed":0,"gold_gain":0,"player_choice":"Searched \u00272\u0027 times","damage_taken":0,"max_hp_gain":0,"max_hp_loss":0,"event_name":"Dead Adventurer","floor":114,"gold_loss":0},{"damage_healed":0,"gold_gain":0,"player_choice":"Box","damage_taken":0,"relics_obtained":["HornCleat"],"max_hp_gain":0,"max_hp_loss":0,"event_name":"Big Fish","floor":116,"gold_loss":0,"cards_obtained":["Regret"]},{"damage_healed":0,"gold_gain":0,"player_choice":"Ignored","damage_taken":0,"max_hp_gain":0,"max_hp_loss":0,"event_name":"Ghosts","floor":124,"gold_loss":0},{"damage_healed":0,"gold_gain":0,"player_choice":"Traded Relic","damage_taken":0,"relics_obtained":["Nloth\u0027s Gift"],"max_hp_gain":0,"max_hp_loss":0,"event_name":"N\u0027loth","floor":127,"relics_lost":["Pear"],"gold_loss":0},{"damage_healed":0,"gold_gain":0,"player_choice":"Inject Mutagens","damage_taken":0,"relics_obtained":["MutagenicStrength"],"max_hp_gain":0,"max_hp_loss":0,"event_name":"Drug Dealer","floor":133,"gold_loss":0},{"damage_healed":0,"gold_gain":0,"player_choice":"Ignored","damage_taken":0,"max_hp_gain":0,"max_hp_loss":0,"event_name":"Duplicator","floor":138,"gold_loss":0},{"damage_healed":0,"gold_gain":0,"player_choice":"Fight","damage_taken":0,"max_hp_gain":0,"max_hp_loss":0,"event_name":"MindBloom","floor":139,"gold_loss":0},{"cards_removed":["Clash"],"damage_healed":0,"gold_gain":0,"player_choice":"Removed Attack","damage_taken":0,"max_hp_gain":0,"max_hp_loss":0,"event_name":"Falling","floor":140,"gold_loss":0}],"is_beta":true,"boss_relics":[{"not_picked":["Coffee Dripper","Ectoplasm"],"picked":"Philosopher\u0027s Stone"},{"not_picked":["Runic Dome","Sozu"],"picked":"SacredBark"},{"not_picked":["Calling Bell","Snecko Eye"],"picked":"Busted Crown"},{"not_picked":["Mark of Pain","Snecko Eye"],"picked":"Empty Cage"},{"not_picked":["Runic Pyramid","Astrolabe"],"picked":"Fusion Hammer"},{"not_picked":["Velvet Choker","Runic Dome"],"picked":"Black Star"},{"not_picked":["Sozu","Runic Pyramid"],"picked":"SlaversCollar"},{"not_picked":["Calling Bell","Cursed Key"],"picked":"Tiny House"}],"items_purged_floors":[7,12,21,38,47,58,64,90,106,113],"is_endless":true,"potions_floor_spawned":[1,3,8,11,14,16,18,20,24,31,33,35,36,37,41,42,45,46,48,50,52,54,56,57,59,61,63,65,67,69,72,74,76,77,78,80,82,84,86,87,88,91,93,94,96,97,98,99,101,103,104,107,108,110,111,114,118,120,121,123,126,128,130,131,135,137,139],"killed_by":"Orb Walker","ascension_level":7}}