{"host":"ty9fb48q9oru32qm","time":1614090916,"event":{"mods":["2.2 Compatiblity","AchievementEnabler","Act Like it!","Astrologer","BaseMod","Beaked The Cultist","Better Synergies","Block Reminder","Colored Powertips","Conspire","DeckTracker","Downfall","Ekko","Elementarium","Friendly Minions","GifTheSpireLib","Hermit","Hubris","Infinite Spire","Jorbs\u0027s Wanderer Trilogy","Marisa????????","Minty Spire (QoL Compilation)","Permanent Neow","Quick Restart","Random Character Button","Reliquary","Replay The Spire","Ruina","Somnambulant","StSLib","Stuff the Spire","The Cursed","The Marked","The Runesmith","TheVacant"],"gold_per_floor":[114,125,136,311,337,337,370,385,412,431,431,452,491,158,158,258,258,274,274,274,274,296,296,333,333,333,363,376,414,426,426,426,531,531,545,545,545,563,576,610,610,648,648,673,742,742,742,752,752,752,752,752,132,166,166],"floor_reached":56,"language":"ENG","playtime":5022,"items_purged":["hermit:Strike_Hermit","hermit:Brawl"],"score":1483,"play_id":"df5eab19-873f-4a91-b1a6-67312a8e13c4","local_time":"20210223153516","is_ascension_mode":false,"campfire_choices":[{"data":"hermit:CalledShot","floor":6,"key":"SMITH"},{"data":"Trip","floor":11,"key":"SMITH"},{"floor":23,"key":"REST"},{"floor":25,"key":"REST"},{"floor":32,"key":"REST"},{"floor":41,"key":"RECALL"},{"floor":46,"key":"REST"},{"floor":49,"key":"REST"},{"floor":52,"key":"REST"}],"circlet_count":0,"master_deck":["hermit:Strike_Hermit+1","hermit:Strike_Hermit","hermit:Strike_Hermit","hermit:Defend_Hermit","hermit:Defend_Hermit","hermit:Defend_Hermit","hermit:Defend_Hermit+1","hermit:Snapshot","hermit:Covet","Trip+1","hermit:CalledShot+1","hermit:GhostlyPresence","Doubt","hermit:LuckOfTheDraw","hermit:GhostlyPresence","hermit:CursedWeapon+1","hermit:CursedWeapon","hermit:Glare","hermit:HighNoon","hermit:Magnum","hermit:Desperado+1","hermit:HighCaliber+1","hermit:Quickdraw+1","StuffTheSpire:PlasmaPunch","hermit:Determination+1","hermit:Quickdraw","hermit:HighCaliber+1","hermit:Quickdraw"],"relics":["hermit:Momento","Happy Flower","conspire:TopHat","PreservedInsect","Matryoshka","Fusion Hammer","reliquary:Spinner","Onion Ring","StuffTheSpire:Mouthbags","conspire:Flyswatter","reliquary:PrincelyHelmet","infinitespire:Satchel","Frozen Egg 2","StuffTheSpire:OldFever","Elementarium:ElementariumTrophy","hubris:Backtick","ekkoTheBoyWhoShatteredTime:zDriveResonance","Mango","beaked:MawFillet","ReplayFunnel","infinitespire:Beetle Shell","StuffTheSpire:HeavyRock","Pen Nib","reliquary:Vitrine","hubris:Zylophone","StoneCalendar","Shuriken"],"acts_visited":["Exordium","Elementarium:Elementarium","TheBeyond","TheEnding"],"potions_floor_usage":[13,55,55],"damage_taken":[{"damage":1,"enemies":"Cultist","floor":1,"turns":4},{"damage":1,"enemies":"Jaw Worm","floor":2,"turns":3},{"damage":0,"enemies":"Small Slimes","floor":3,"turns":3},{"damage":12,"enemies":"Lagavulin","floor":7,"turns":7},{"damage":1,"enemies":"Blue Slaver","floor":8,"turns":3},{"damage":0,"enemies":"Looter","floor":10,"turns":3},{"damage":0,"enemies":"3 Louse","floor":12,"turns":3},{"damage":5,"enemies":"3 Sentries","floor":13,"turns":9},{"damage":3,"enemies":"Hexaghost","floor":16,"turns":9},{"damage":8,"enemies":"Elementarium:MUD_AND_TAR_GOLEMS","floor":18,"turns":5},{"damage":4,"enemies":"Elementarium:2_ELEMENTALS","floor":22,"turns":4},{"damage":27,"enemies":"Elementarium:FIRE_NOBILITY","floor":24,"turns":8},{"damage":40,"enemies":"Elementarium:ElementalPortal","floor":27,"turns":8},{"damage":2,"enemies":"Elementarium:RubyGolem","floor":28,"turns":2},{"damage":4,"enemies":"Elementarium:FIRE_NOBILITY","floor":29,"turns":4},{"damage":4,"enemies":"Elementarium:STONE_GOLEMS","floor":30,"turns":2},{"damage":6,"enemies":"Elementarium:GoldenDragon","floor":33,"turns":6},{"damage":4,"enemies":"3 Shapes","floor":35,"turns":3},{"damage":3,"enemies":"Orb Walker","floor":38,"turns":2},{"damage":7,"enemies":"Jaw Worm Horde","floor":39,"turns":3},{"damage":6,"enemies":"Reptomancer","floor":40,"turns":4},{"damage":4,"enemies":"Giant Head","floor":42,"turns":4},{"damage":4,"enemies":"Reptomancer","floor":44,"turns":2},{"damage":2,"enemies":"R_Hoarder","floor":45,"turns":5},{"damage":3,"enemies":"4 Shapes","floor":48,"turns":3},{"damage":25,"enemies":"Awakened One","floor":50,"turns":8},{"damage":2,"enemies":"Shield and Spear","floor":54,"turns":3},{"damage":40,"enemies":"The Heart","floor":55,"turns":4}],"seed_played":"-3911918383611181978","potions_obtained":[{"floor":2,"key":"Cursed Concoction"},{"floor":7,"key":"sneckomod:MuddlingPotion"},{"floor":8,"key":"Block Potion"},{"floor":12,"key":"DistilledChaos"},{"floor":13,"key":"Swift Potion"},{"floor":27,"key":"SkillPotion"}],"is_trial":false,"path_per_floor":["M","M","M","?","T","R","E","M","T","M","R","M","E","$","R","B",null,"M","?","?","?","M","R","E","R","T","E","M","E","M","T","R","B",null,"M","AVR","?","M","M","E","R","E","T","E","E","R","?","M","R","B",null,"R","$","E","B",null],"character_chosen":"HERMIT","items_purchased":["Matryoshka","hubris:Zylophone","StoneCalendar"],"campfire_rested":6,"item_purchase_floors":[14,53,53],"current_hp_per_floor":[74,73,73,73,73,73,61,60,60,60,60,60,55,55,40,37,75,67,67,52,52,48,70,43,65,65,25,23,19,15,15,37,31,75,71,85,85,82,75,69,69,65,65,61,59,85,85,82,89,64,89,89,89,87,47],"gold":166,"neow_bonus":"RANDOM_COLORLESS","is_daily":false,"chose_seed":false,"campfire_upgraded":2,"win_rate":0.0,"timestamp":1614090916,"path_taken":["M","M","?","?","?","R","E","M","T","M","R","M","E","$","R","BOSS","M","?","?","?","M","R","E","R","T","E","M","E","M","?","R","BOSS","M","AVR","?","M","M","E","R","E","T","E","E","R","?","M","R","BOSS","R","$","E","BOSS"],"items_purchased_type":["Relic","Relic","Relic"],"build_version":"2020-12-22","purchased_purges":2,"victory":true,"max_hp_per_floor":[75,75,75,75,75,75,75,75,75,75,75,75,75,75,75,75,75,75,75,75,75,75,75,75,75,75,75,75,75,75,75,75,75,75,75,89,89,89,89,89,89,89,89,89,89,89,89,89,89,89,89,89,89,89,89],"card_choices":[{"not_picked":["StuffTheSpire:FreeRealEstate","Survey Options"],"picked":"Trip","floor":0},{"not_picked":["hermit:Desperado","hermit:Misfire"],"picked":"hermit:CalledShot","floor":1},{"not_picked":["hermit:Feint","hermit:LuckOfTheDraw"],"picked":"hermit:Determination","floor":2},{"not_picked":["hermit:BodyArmor","hermit:WideOpen"],"picked":"hermit:GhostlyPresence","floor":3},{"not_picked":["hermit:ItchyTrigger","hermit:Purgatory"],"picked":"hermit:LuckOfTheDraw","floor":7},{"not_picked":["hermit:ItchyTrigger","hermit:HoleUp"],"picked":"hermit:GhostlyPresence","floor":8},{"not_picked":["hermit:Coalescence","hermit:Roulette"],"picked":"hermit:Scavenge","floor":10},{"not_picked":["hermit:Vantage","hermit:SprayPray","hermit:Grudge"],"picked":"SKIP","floor":12},{"not_picked":["hermit:Shortfuse","hermit:Desperado"],"picked":"hermit:CursedWeapon","floor":13},{"not_picked":["hermit:Gambit","hermit:FinalCanter"],"picked":"hermit:Magnum","floor":16},{"not_picked":["hermit:TrackingShot","hermit:Desperado","hermit:Misfire"],"picked":"SKIP","floor":18},{"not_picked":["hermit:Roulette","hermit:SprayPray"],"picked":"hermit:Glare","floor":22},{"not_picked":["hermit:SprayPray","hermit:Feint"],"picked":"hermit:HighNoon","floor":24},{"not_picked":["hermit:Snipe","hermit:WideOpen"],"picked":"hermit:Desperado+1","floor":27},{"not_picked":["hermit:LowProfile+1","hermit:TrackingShot"],"picked":"hermit:HighCaliber+1","floor":28},{"not_picked":["hermit:WideOpen","hermit:LowProfile"],"picked":"hermit:Brawl","floor":29},{"not_picked":["hermit:Combo","hermit:Scavenge","hermit:Shortfuse"],"picked":"SKIP","floor":30},{"not_picked":["hermit:Feint+1","hermit:HighCaliber"],"picked":"hermit:Quickdraw+1","floor":35},{"not_picked":["Finesse","PanicButton"],"picked":"StuffTheSpire:PlasmaPunch","floor":37},{"not_picked":["hermit:Shortfuse","hermit:RoundhouseKick","hermit:TrackingShot"],"picked":"SKIP","floor":38},{"not_picked":["hermit:TakeCover+1","hermit:Dive","hermit:Coalescence+1"],"picked":"SKIP","floor":39},{"not_picked":["hermit:CalledShot","hermit:BodyArmor","hermit:Headshot"],"picked":"SKIP","floor":40},{"not_picked":["hermit:Malice","hermit:DeadMansHand+1"],"picked":"hermit:Determination+1","floor":42},{"not_picked":["hermit:FullyLoaded","hermit:Reprieve"],"picked":"hermit:Quickdraw","floor":44},{"not_picked":["hermit:Ricochet","hermit:Coalescence","hermit:CursedWeapon+1"],"picked":"SKIP","floor":45},{"not_picked":["hermit:Combo+1","hermit:Desperado"],"picked":"hermit:HighCaliber+1","floor":48},{"not_picked":["hermit:Dive+1","hermit:TrackingShot+1"],"picked":"hermit:Quickdraw","floor":54}],"player_experience":331969,"relics_obtained":[{"floor":5,"key":"Happy Flower"},{"floor":7,"key":"conspire:TopHat"},{"floor":13,"key":"PreservedInsect"},{"floor":24,"key":"Onion Ring"},{"floor":26,"key":"StuffTheSpire:Mouthbags"},{"floor":26,"key":"conspire:Flyswatter"},{"floor":27,"key":"reliquary:PrincelyHelmet"},{"floor":29,"key":"infinitespire:Satchel"},{"floor":31,"key":"Frozen Egg 2"},{"floor":31,"key":"StuffTheSpire:OldFever"},{"floor":40,"key":"ReplayFunnel"},{"floor":42,"key":"infinitespire:Beetle Shell"},{"floor":43,"key":"StuffTheSpire:HeavyRock"},{"floor":44,"key":"Pen Nib"},{"floor":45,"key":"reliquary:Vitrine"},{"floor":54,"key":"Shuriken"}],"event_choices":[{"damage_healed":0,"gold_gain":175,"player_choice":"AGREE","damage_taken":0,"max_hp_gain":0,"max_hp_loss":0,"event_name":"Liars Game","floor":4,"gold_loss":0,"cards_obtained":["Doubt"]},{"damage_healed":0,"gold_gain":0,"player_choice":"Entered Light","damage_taken":15,"max_hp_gain":0,"max_hp_loss":0,"event_name":"Shining Light","floor":15,"gold_loss":0,"cards_upgraded":["hermit:Strike_Hermit","hermit:Defend_Hermit"]},{"damage_healed":0,"gold_gain":0,"player_choice":"Blood","damage_taken":15,"relics_obtained":["reliquary:Spinner"],"max_hp_gain":0,"max_hp_loss":0,"event_name":"Elementarium:ShatteredPortal","floor":20,"gold_loss":0},{"damage_healed":0,"gold_gain":0,"player_choice":"Read","damage_taken":0,"max_hp_gain":0,"max_hp_loss":0,"event_name":"Elementarium:LostScrolls","floor":21,"gold_loss":0,"cards_obtained":["hermit:CursedWeapon"]},{"damage_healed":0,"gold_gain":0,"player_choice":"Memory 1","damage_taken":0,"max_hp_gain":0,"max_hp_loss":0,"event_name":"SensoryStone","floor":37,"gold_loss":0},{"cards_removed":["hermit:Scavenge"],"damage_healed":0,"gold_gain":0,"player_choice":"Purged","damage_taken":0,"max_hp_gain":0,"max_hp_loss":0,"event_name":"Purifier","floor":47,"gold_loss":0}],"is_beta":false,"boss_relics":[{"not_picked":["Cursed Key","hubris:HollowSoul"],"picked":"Fusion Hammer"},{"not_picked":["Replay:Ancient Bell","hubris:VirtuousBlindfold"],"picked":"hubris:Backtick"}],"items_purged_floors":[14,36],"is_endless":false,"potions_floor_spawned":[2,7,8,12,13,27,29,30,33,39,40,44],"ascension_level":0}}