{"host":"1lxw72ckkilnkgp7","time":1614093454,"event":{"mods":["ATMod(阿瑾Mod)","BaseMod","BetterRewards","Custom Start","Marisa（F雨　魔理沙）","Minty Spire (QoL Compilation)","Quick Restart","Replay The Spire","Shop Mod","StSLib","The Servant 0.9.4","[IsaacMod]以撒尖塔","[功能]功能增强和修复MOD"],"gold_per_floor":[151,197,194,232,264,355,355,404,404,489,541,541,592,752,752,1163,1163,1197,1216,1216,1256,1181,1181,1181,1240,1266,1322,1322,1319,1422,1479,1479,1926,1926,1968,1968,2014,2011,2045,2045,2101,2101,2127,2127,2200,2247,2273,2328,2328,2348,2388,3405,3401,3440,3496,3576,3576,3576,3583,3644,3641,3641,3689,3689,3703,3703,3703,3703,3757,3799],"floor_reached":56,"language":"ZHS","playtime":3709,"items_purged":["Strike_R","Strike_R","Defend_R","Strike_R","Strike_R","Strike_R","Defend_R","Bash","Defend_R","Defend_R","HandOfGreedExtend","Massacre+1","Whirlwind","Feel No Pain","Feel No Pain","Intimidate","Normality","Normality","ReplayTheSpireMod:Private Reserves+1","Armaments+1","Reaper"],"score":3307,"play_id":"7d8666b7-9b32-4226-af42-acda769e6d70","local_time":"20210223231734","is_ascension_mode":true,"campfire_choices":[{"data":"Armaments","floor":7.0,"key":"SMITH"},{"data":"Rupture","floor":12.0,"key":"SMITH"},{"data":"AT_FamilyPortrait","floor":15.0,"key":"SMITH"},{"data":"Offering","floor":23.0,"key":"SMITH"},{"data":"Bloodletting","floor":28.0,"key":"SMITH"},{"data":"Pommel Strike","floor":32.0,"key":"SMITH"},{"data":"Limit Break","floor":40.0,"key":"SMITH"},{"data":"Thinking Ahead","floor":42.0,"key":"SMITH"},{"floor":44.0,"key":"RECALL"},{"data":"Entrench","floor":49.0,"key":"SMITH"},{"data":"Berserk","floor":42,"key":"SMITH"},{"floor":49,"key":"DIG"},{"data":"Second Wind","floor":52,"key":"SMITH"}],"circlet_count":0,"master_deck":["AscendersBane","Rupture+1","Inflame+1","Dark Embrace+1","AT_ShrugMaster","Rampage+1","Pommel Strike+1","Brutality","Burning Pact+1","AT_FamilyPortrait+1","Second Wind+1","Evolve+1","Body Slam+1","Offering+1","Bloodletting+1","Feel No Pain+1","AT_CaressingTears+1","Thinking Ahead+1","Feel No Pain+1","Entrench+1","Brutality+1","Limit Break+1","Offering+1","Sentinel+1","AT_IchimonjiDouble+1","Reaper+1","Offering+1","AT_ShrugMaster","Berserk+1","AT_ManFootWork"],"relics":["Burning Blood","AT_ATBox","HushsDoor","TheBible","YumHeart","SteamSale","BargainBundle","Happy Flower","DeathBook","Replay:Rubber Ducky","AT_ImmortalShieldbow","NineVolt","Juzu Bracelet","AT_ForceNature","ReplayTheSpireMod:TigerMarble","BelialBook","Black Star","Shuriken","Void","Potion Belt","Blue Doll","Lantern","SalivaCoin","ClockworkSouvenir","GuppysPaw","Philosopher\u0027s Stone","GuppysHairball","Sling","CeramicFish","Bottled Tornado","Peace Pipe","Molten Egg 2","ReplayTheSpireMod:Spearhead","PunchingBag","AT_SilvercatRing","ReplayTheSpireMod:Ninjato","Bag of Marbles","Darkstone Periapt","Pen Nib","AT_BellowingDragoncrestRing","Question Card","Toolbox","Singing Bowl","AT_TimeSand","CatCart","Bottled Flame","King of Hearts","FossilizedHelix","TheAbacus","Self Forming Clay","Nunchaku","Bottled Lightning","UnicornStump","Membership Card","Replay:Baseball","Chameleon Ring","Akabeko"],"acts_visited":["Exordium","TheCity","TheBeyond","TheEnding"],"potions_floor_usage":[55,55,55],"damage_taken":[{"damage":0.0,"enemies":"2 Louse","floor":1.0,"turns":4.0},{"damage":2.0,"enemies":"Cultist","floor":2.0,"turns":3.0},{"damage":9.0,"enemies":"Jaw Worm","floor":4.0,"turns":2.0},{"damage":12.0,"enemies":"Blue Slaver","floor":5.0,"turns":6.0},{"damage":11.0,"enemies":"3 Sentries","floor":6.0,"turns":6.0},{"damage":6.0,"enemies":"Red Slaver","floor":8.0,"turns":4.0},{"damage":0.0,"enemies":"Gremlin Nob","floor":13.0,"turns":2.0},{"damage":24.0,"enemies":"Lots of Slimes","floor":14.0,"turns":10.0},{"damage":6.0,"enemies":"Hexaghost","floor":16.0,"turns":4.0},{"damage":14.0,"enemies":"2 Thieves","floor":18.0,"turns":4.0},{"damage":3.0,"enemies":"Shell Parasite","floor":19.0,"turns":1.0},{"damage":4.0,"enemies":"Cultist and Chosen","floor":21.0,"turns":4.0},{"damage":5.0,"enemies":"Gremlin Leader","floor":25.0,"turns":7.0},{"damage":18.0,"enemies":"Book of Stabbing","floor":27.0,"turns":4.0},{"damage":4.0,"enemies":"Snecko","floor":31.0,"turns":1.0},{"damage":6.0,"enemies":"Automaton","floor":33.0,"turns":4.0},{"damage":3.0,"enemies":"Orb Walker","floor":35.0,"turns":1.0},{"damage":6.0,"enemies":"3 Shapes","floor":37.0,"turns":3.0},{"damage":1.0,"enemies":"3 Darklings","floor":39.0,"turns":3.0},{"damage":8.0,"enemies":"R_Hoarder","floor":41.0,"turns":4.0},{"damage":6.0,"enemies":"Mind Bloom Boss Battle","floor":45.0,"turns":3.0},{"damage":7.0,"enemies":"Reptomancer","floor":46.0,"turns":3.0},{"damage":8.0,"enemies":"R_Hoarder","floor":48.0,"turns":2.0},{"damage":0.0,"enemies":"Orb Walker","floor":35.0,"turns":1.0},{"damage":0.0,"enemies":"3 Darklings","floor":36.0,"turns":2.0},{"damage":10.0,"enemies":"Jaw Worm Horde","floor":39.0,"turns":1.0},{"damage":6,"enemies":"R_Hoarder","floor":40,"turns":3},{"damage":12,"enemies":"Orin","floor":41,"turns":2},{"damage":10,"enemies":"Reptomancer","floor":45,"turns":1},{"damage":4,"enemies":"Giant Head","floor":48,"turns":4},{"damage":6,"enemies":"Donu and Deca","floor":50,"turns":1},{"damage":4,"enemies":"Shield and Spear","floor":54,"turns":1},{"damage":17,"enemies":"LittleHush","floor":55,"turns":4}],"seed_played":"-5864345518247669635","potions_obtained":[{"floor":2.0,"key":"Swift Potion"},{"floor":13.0,"key":"EntropicBrew"},{"floor":24.0,"key":"GamblersBrew"},{"floor":31.0,"key":"AttackPotion"},{"floor":37.0,"key":"Dexterity Potion"},{"floor":37.0,"key":"SneckoOil"},{"floor":46.0,"key":"Milkshake"},{"floor":54,"key":"Reflective Coating"}],"is_trial":false,"path_per_floor":["M","M","$","M","M","E","R","M","T","?","?","R","E","M","R","B",null,"M","M","$","M","?","R","?","E","T","E","R","$","?","M","R","B",null,"M","?","M","$","M","R","E","R","T","R","?","E","$","E","R","M","M","?","$","M","E","?","R","T","?","E","$","?","E","R","B",null,"R","$","E","B",null],"character_chosen":"IRONCLAD","items_purchased":["Oddly Smooth Stone","Rupture","Armaments","TheBible","Reaper","HandOfGreedExtend","HeartOfIron","Strength Potion","ReplayTheSpireMod:ShopPack","Inflame+1","SteamSale","Dark Embrace","BargainBundle","Happy Flower","Pommel Strike","Orrery","Replay:Rubber Ducky","AT_ImmortalShieldbow","NineVolt","AT_FamilyPortrait","AT_CaressingTears","Shuriken","Thinking Ahead","ClockworkSouvenir","GuppysHairball","FairyPotion","Sling","CeramicFish","Bottled Tornado","ReplayTheSpireMod:Ninjato","Bag of Marbles","Massacre+1","Reaper+1","Offering","Intimidate","Feel No Pain","AT_BellowingDragoncrestRing","Question Card","Toolbox","ReplayTheSpireMod:Private Reserves+1","TheAbacus","Self Forming Clay","Membership Card","Replay:Baseball"],"campfire_rested":0,"item_purchase_floors":[0,0,0,0,0,0,0,0,0,0,0,0,0,0,0,0,3,3,3,3,17,20,20,29,34,34,38,38,38,47,47,47,47,47,47,47,38,38,38,38,46,46,53,53],"current_hp_per_floor":[78,80,80,77,80,75,75,75,75,60,40,40,46,80,80,80,77,69,72,72,77,77,77,77,77,77,68,68,68,61,63,63,77,63,63,60,60,60,60,60,63,63,63,63,63,62,62,60,62,63,63,75,75,75,75,77,77,77,78,85,85,85,87,87,87,87,87,87,87,76],"gold":3799,"neow_bonus":"","is_daily":false,"chose_seed":false,"campfire_upgraded":11,"win_rate":0.0,"timestamp":1614093454,"path_taken":["M","M","$","M","M","E","R","M","T","?","?","R","E","M","R","BOSS","BOSS","M","M","$","M","?","R","?","E","T","E","R","$","?","M","R","BOSS","M","?","M","$","M","R","E","R","T","R","?","E","$","E","R","M","M","?","$","M","E","?","R","T","?","E","$","?","E","R","BOSS","R","$","E","BOSS"],"items_purchased_type":["Relic","Card","Card","Relic","Card","Card","Potion","Potion","Relic","Card","Relic","Card","Relic","Relic","Card","Relic","Relic","Relic","Relic","Card","Card","Relic","Card","Relic","Relic","Potion","Relic","Relic","Relic","Relic","Relic","Card","Card","Card","Card","Card","Relic","Relic","Relic","Card","Relic","Relic","Relic","Relic"],"build_version":"2020-12-22","purchased_purges":21,"victory":true,"max_hp_per_floor":[80,80,80,80,80,80,80,80,80,80,80,80,80,80,80,80,77,77,77,77,77,77,77,77,77,77,77,77,77,77,77,77,77,63,63,60,60,60,60,60,63,63,63,63,63,63,63,63,63,63,63,75,75,75,75,77,77,77,83,85,85,85,87,87,87,87,87,87,87,87],"card_choices":[{"not_picked":["Carnage","Thunderclap"],"picked":"AT_ShrugMaster","floor":0.0},{"not_picked":["Thunderclap","Dark Embrace"],"picked":"Whirlwind","floor":0.0},{"not_picked":["Disarm","Intimidate"],"picked":"Rampage","floor":0.0},{"not_picked":["Cleave","Reaper"],"picked":"Pommel Strike","floor":0.0},{"not_picked":["True Grit","Hemokinesis"],"picked":"Brutality","floor":1.0},{"not_picked":["Metallicize","Pommel Strike","Armaments"],"picked":"SKIP","floor":1.0},{"not_picked":["Pommel Strike","Cleave"],"picked":"Burning Pact","floor":2.0},{"not_picked":["True Grit","Iron Wave","Whirlwind"],"picked":"SKIP","floor":2.0},{"not_picked":["AT_IchimonjiDouble","AT_DiedThrough"],"picked":"Second Wind","floor":4.0},{"not_picked":["Iron Wave","Perfected Strike","Shrug It Off"],"picked":"SKIP","floor":4.0},{"not_picked":["Cleave","Flex"],"picked":"Evolve","floor":5.0},{"not_picked":["Cleave","Replay:Many Hands","Seeing Red"],"picked":"SKIP","floor":5.0},{"not_picked":["Anger","Heavy Blade"],"picked":"Body Slam","floor":6.0},{"not_picked":["Burning Pact","Body Slam"],"picked":"Offering","floor":8.0},{"not_picked":["Clash","Replay:Undeath\u0027s Touch","Abandon"],"picked":"SKIP","floor":8.0},{"not_picked":["ReplayTheSpireMod:LeadingStrike","Anger"],"picked":"Bloodletting","floor":11.0},{"not_picked":["Shrug It Off","Rupture","Whirlwind"],"picked":"SKIP","floor":13.0},{"not_picked":["Replay:Undeath\u0027s Touch","Warcry"],"picked":"Feel No Pain","floor":14.0},{"not_picked":["ReplayTheSpireMod:Strike From Hell","Havoc","Bloodletting"],"picked":"SKIP","floor":14.0},{"not_picked":["Flex","Shrug It Off","Heavy Blade"],"picked":"SKIP","floor":18.0},{"not_picked":["Armaments","Burning Pact","Perfected Strike"],"picked":"SKIP","floor":18.0},{"not_picked":["Flex","Warcry","AT_BodySlamDance"],"picked":"SKIP","floor":19.0},{"not_picked":["AT_ManFootWork","Flex","Headbutt"],"picked":"SKIP","floor":19.0},{"not_picked":["Shrug It Off+1","Rampage","Ghostly Armor"],"picked":"SKIP","floor":21.0},{"not_picked":["Blood for Blood","True Grit","Ghostly Armor+1"],"picked":"SKIP","floor":21.0},{"not_picked":["Twin Strike","Impervious"],"picked":"Feel No Pain+1","floor":25.0},{"not_picked":["Dropkick+1","Pummel"],"picked":"Entrench","floor":27.0},{"not_picked":["Shrug It Off","Headbutt","Fire Breathing"],"picked":"SKIP","floor":31.0},{"not_picked":["Pummel","Burning Pact","AT_ManFootWork"],"picked":"SKIP","floor":31.0},{"not_picked":["Immolate","Offering"],"picked":"Brutality","floor":33.0},{"not_picked":["Juggernaut","Reaper"],"picked":"Limit Break","floor":33.0},{"not_picked":["Double Tap","Brutality"],"picked":"Offering","floor":33.0},{"not_picked":["Replay:Undeath\u0027s Touch","Bloodletting+1"],"picked":"Sentinel+1","floor":35.0},{"not_picked":["Iron Wave+1","Evolve+1","Whirlwind+1"],"picked":"SKIP","floor":35.0},{"not_picked":["Clash","Sword Boomerang","Run Through+1"],"picked":"SKIP","floor":37.0},{"not_picked":["Run Through+1","AT_BodySlamDance","Disarm+1"],"picked":"SKIP","floor":37.0},{"not_picked":["Warcry","Twin Strike"],"picked":"AT_IchimonjiDouble","floor":39.0},{"not_picked":["Shrug It Off","Reaper","Replay:Undeath\u0027s Touch"],"picked":"SKIP","floor":39.0},{"not_picked":["Disarm","Entrench+1","AT_DrawKnifeCut+1"],"picked":"SKIP","floor":41.0},{"not_picked":["Havoc","Spot Weakness","Clash+1"],"picked":"SKIP","floor":46.0},{"not_picked":["Brutality","ReplayTheSpireMod:Strike From Hell+1","Clash+1"],"picked":"SKIP","floor":48.0},{"not_picked":["Wild Strike+1","Flame Barrier","Uppercut+1"],"picked":"SKIP","floor":35.0},{"not_picked":["Bloodletting","Iron Wave+1","Demon Form"],"picked":"SKIP","floor":35.0},{"not_picked":["Headbutt+1","ReplayTheSpireMod:Muscle Training"],"picked":"AT_ShrugMaster","floor":36.0},{"not_picked":["Perfected Strike+1","AT_IchimonjiDouble+1","Blood for Blood+1"],"picked":"SKIP","floor":36.0},{"not_picked":["AT_IchimonjiDouble+1","AT_CaressingTears","Havoc","Run Through+1"],"picked":"SKIP","floor":39},{"not_picked":["AT_IchimonjiDouble+1","Searing Blow+1","AT_BodySlamDance"],"picked":"Berserk","floor":40},{"not_picked":["Inflame","Shrug It Off","Dropkick+1","Dual Wield+1"],"picked":"Singing Bowl","floor":41},{"not_picked":["Finesse","AT_CelerityRune","The Bomb","Swift Strike+1"],"picked":"Singing Bowl","floor":44},{"not_picked":["DoctorFetus","Purity","AT_Homeward","Finesse"],"picked":"Singing Bowl","floor":44},{"not_picked":["HandOfGreed+1","AT_CelerityRune","Jack Of All Trades","Battery"],"picked":"Singing Bowl","floor":44},{"not_picked":["Sever Soul+1","Immolate+1","Uppercut+1","Clash+1"],"picked":"Singing Bowl","floor":45},{"not_picked":["Pummel+1","Rupture+1","Flex+1","Warcry"],"picked":"Singing Bowl","floor":48},{"not_picked":["Armaments","Limit Break","Anger+1"],"picked":"AT_ManFootWork","floor":54}],"player_experience":166272,"relics_obtained":[{"floor":6.0,"key":"Juzu Bracelet"},{"floor":13.0,"key":"AT_ForceNature"},{"floor":16.0,"key":"ReplayTheSpireMod:TigerMarble"},{"floor":16.0,"key":"BelialBook"},{"floor":25.0,"key":"Void"},{"floor":25.0,"key":"Potion Belt"},{"floor":26.0,"key":"Blue Doll"},{"floor":27.0,"key":"Lantern"},{"floor":27.0,"key":"SalivaCoin"},{"floor":33.0,"key":"GuppysPaw"},{"floor":41.0,"key":"Peace Pipe"},{"floor":41.0,"key":"Molten Egg 2"},{"floor":43.0,"key":"ReplayTheSpireMod:Spearhead"},{"floor":45.0,"key":"PunchingBag"},{"floor":46.0,"key":"ForgetMeNow"},{"floor":46.0,"key":"AT_SilvercatRing"},{"floor":48.0,"key":"Darkstone Periapt"},{"floor":48.0,"key":"Pen Nib"},{"floor":40,"key":"Singing Bowl"},{"floor":40,"key":"AT_TimeSand"},{"floor":41,"key":"CatCart"},{"floor":43,"key":"Bottled Flame"},{"floor":45,"key":"King of Hearts"},{"floor":45,"key":"FossilizedHelix"},{"floor":48,"key":"Nunchaku"},{"floor":48,"key":"Bottled Lightning"},{"floor":49,"key":"UnicornStump"},{"floor":54,"key":"Chameleon Ring"},{"floor":54,"key":"Akabeko"}],"event_choices":[{"cards_removed":["Pommel Strike"],"damage_healed":0.0,"max_hp_gain":0.0,"max_hp_loss":0.0,"gold_gain":0.0,"event_name":"Beggar","player_choice":"Gave Gold","floor":22.0,"gold_loss":75.0,"damage_taken":0.0},{"damage_healed":0.0,"max_hp_gain":0.0,"max_hp_loss":0.0,"gold_gain":0.0,"event_name":"Lab","player_choice":"Got Potions","floor":24.0,"gold_loss":0.0,"damage_taken":0.0},{"damage_healed":0.0,"max_hp_gain":0.0,"max_hp_loss":3.0,"gold_gain":0.0,"event_name":"Winding Halls","player_choice":"Max HP","floor":36.0,"gold_loss":0.0,"damage_taken":0.0},{"damage_healed":0.0,"max_hp_gain":0.0,"max_hp_loss":0.0,"gold_gain":0.0,"event_name":"MindBloom","player_choice":"Fight","floor":45.0,"gold_loss":0.0,"damage_taken":0.0},{"damage_healed":0.0,"max_hp_gain":0.0,"max_hp_loss":0.0,"gold_gain":999.0,"event_name":"MindBloom","player_choice":"Gold","floor":37.0,"gold_loss":0.0,"damage_taken":0.0,"cards_obtained":["Normality","Normality"]},{"damage_healed":0,"gold_gain":0,"player_choice":"Fight","damage_taken":0,"max_hp_gain":0,"max_hp_loss":0,"event_name":"OrinTheCat","floor":41,"gold_loss":0},{"damage_healed":0,"gold_gain":0,"player_choice":"Memory 3","damage_taken":10,"max_hp_gain":0,"max_hp_loss":0,"event_name":"SensoryStone","floor":44,"gold_loss":0},{"damage_healed":0,"gold_gain":0,"player_choice":"Ignored","damage_taken":0,"max_hp_gain":0,"max_hp_loss":0,"event_name":"Tomb of Lord Red Mask","floor":47,"gold_loss":0}],"is_beta":false,"boss_relics":[{"not_picked":["Astrolabe","Runic Dome"],"picked":"Black Star"},{"not_picked":[]},{"not_picked":["Cursed Key","SlaversCollar"],"picked":"Philosopher\u0027s Stone"},{"not_picked":[]}],"items_purged_floors":[0,0,0,0,0,0,0,3,29,38,47,47,47,47,47,47,38,38,38,46,53],"is_endless":false,"potions_floor_spawned":[2,2,4,8,8,13,14,16,18,18,19,19,21,31,35,37,37,39,41,46,48,35,39,40,41,45,45,48,54],"ascension_level":13}}