{"host":"5yoj846f700ld8qy","time":1614113531,"event":{"mods":["AchievementEnabler","BaseMod","Better Altar","Better Match","Better Note","Better Sensory Stone","Better Skull","Better Third Choice","Colored Map","Colored Powertips","Minty Spire (QoL Compilation)","StSLib","UnlockEverythingMod"],"gold_per_floor":[164,4,19,19,38,38,51,51,51,77,77,106,106,106,106,184,184,204,3,3,3,3,3,37,37,37,37,37,372,14,25,25,99,99,114,2,2,12,12,47,47,60,85,117,117,117,117],"floor_reached":46,"language":"ENG","playtime":1784,"items_purged":["Strike_G"],"score":1036,"play_id":"59d30d15-0dd9-4b61-b580-a04fbf3e7beb","local_time":"20210223225211","is_ascension_mode":true,"campfire_choices":[{"data":"Poisoned Stab","floor":6,"key":"SMITH"},{"floor":11,"key":"REST"},{"floor":13,"key":"REST"},{"data":"A Thousand Cuts","floor":15,"key":"SMITH"},{"data":"Envenom","floor":23,"key":"SMITH"},{"floor":25,"key":"REST"},{"data":"Eviscerate","floor":27,"key":"SMITH"},{"floor":32,"key":"REST"},{"floor":41,"key":"REST"},{"floor":45,"key":"REST"}],"circlet_count":0,"master_deck":["AscendersBane","Strike_G","Strike_G","Strike_G","Defend_G","Defend_G","Defend_G","Defend_G","Defend_G","Survivor+1","Neutralize","Slice","Eviscerate+1","A Thousand Cuts+1","Poisoned Stab+1","Cloak And Dagger","Well Laid Plans","Cloak And Dagger","Envenom+1","Dash","Sadistic Nature","Necronomicurse","Survivor+1","Phantasmal Killer","Blur","Adrenaline","Well Laid Plans+1","Writhe","Caltrops+1","Escape Plan+1","Writhe"],"relics":["Tiny House","OrangePellets","Pantograph","Mercury Hourglass","Ginger","Bronze Scales","SlaversCollar","Necronomicon","Ornamental Fan","Akabeko","Old Coin","Frozen Egg 2","Cursed Key","Vajra","PreservedInsect","Dead Branch"],"acts_visited":["Exordium","TheCity","TheBeyond"],"potions_floor_usage":[10,24,29,31,40],"damage_taken":[{"damage":7,"enemies":"Cultist","floor":1,"turns":5},{"damage":7,"enemies":"2 Louse","floor":3,"turns":3},{"damage":1,"enemies":"Small Slimes","floor":5,"turns":3},{"damage":19,"enemies":"Blue Slaver","floor":7,"turns":3},{"damage":13,"enemies":"3 Sentries","floor":10,"turns":5},{"damage":37,"enemies":"Lagavulin","floor":12,"turns":8},{"damage":28,"enemies":"The Guardian","floor":16,"turns":11},{"damage":2,"enemies":"3 Byrds","floor":18,"turns":3},{"damage":32,"enemies":"Slavers","floor":24,"turns":5},{"damage":18,"enemies":"Book of Stabbing","floor":29,"turns":5},{"damage":0,"enemies":"Spheric Guardian","floor":31,"turns":3},{"damage":42,"enemies":"Collector","floor":33,"turns":7},{"damage":20,"enemies":"3 Shapes","floor":35,"turns":4},{"damage":36,"enemies":"3 Darklings","floor":38,"turns":6},{"damage":45,"enemies":"Reptomancer","floor":40,"turns":4},{"damage":13,"enemies":"Sphere and 2 Shapes","floor":42,"turns":8},{"damage":35,"enemies":"Nemesis","floor":44,"turns":4},{"damage":35,"enemies":"Transient","floor":46,"turns":3}],"seed_played":"2784669960031303323","potions_obtained":[{"floor":0,"key":"FairyPotion"},{"floor":7,"key":"Dexterity Potion"},{"floor":16,"key":"Block Potion"},{"floor":24,"key":"EssenceOfSteel"},{"floor":38,"key":"GamblersBrew"}],"is_trial":false,"path_per_floor":["M","$","M","$","M","R","M","T","T","E","R","E","R","?","R","B",null,"M","$","?","?","?","R","E","R","T","R","?","E","$","M","R","B",null,"M","$","T","M","?","E","R","M","T","E","R","M"],"character_chosen":"THE_SILENT","items_purchased":["OrangePellets","Sadistic Nature","Frozen Egg 2","DuplicationPotion","Well Laid Plans+1"],"campfire_rested":6,"item_purchase_floors":[2,19,30,30,36],"current_hp_per_floor":[57,57,50,50,49,49,30,30,30,17,38,1,22,15,15,12,56,54,54,68,68,47,47,15,36,36,36,36,18,18,18,39,22,59,39,39,39,3,58,13,30,17,17,17,34,0,0],"gold":117,"neow_bonus":"BOSS_RELIC","is_daily":false,"chose_seed":false,"campfire_upgraded":4,"win_rate":0.0,"timestamp":1614113531,"path_taken":["M","?","?","$","M","R","M","?","T","E","R","E","R","?","R","BOSS","M","$","?","?","?","R","E","R","T","R","?","E","$","M","R","BOSS","M","$","?","M","?","E","R","M","T","E","R","M"],"items_purchased_type":["Relic","Card","Relic","Potion","Card"],"build_version":"2020-12-22","purchased_purges":1,"victory":false,"max_hp_per_floor":[71,71,71,71,71,71,71,71,71,71,71,71,71,71,71,71,71,71,71,71,71,71,71,71,71,71,71,71,71,71,71,71,71,71,71,71,71,71,58,58,58,58,58,58,58,58,58],"card_choices":[{"not_picked":["Prepared","Flying Knee"],"picked":"Slice","floor":0},{"not_picked":["Bane","Prepared"],"picked":"Eviscerate","floor":1},{"not_picked":["Underhanded Strike","Poisoned Stab"],"picked":"A Thousand Cuts","floor":3},{"not_picked":["Sucker Punch","Flechettes"],"picked":"Poisoned Stab","floor":5},{"not_picked":["Deflect","Quick Slash"],"picked":"Cloak And Dagger","floor":7},{"not_picked":["Deadly Poison","Glass Knife"],"picked":"Well Laid Plans","floor":10},{"not_picked":["Sucker Punch","Heel Hook"],"picked":"Cloak And Dagger","floor":12},{"not_picked":["Unload","Malaise"],"picked":"Envenom","floor":16},{"not_picked":["Underhanded Strike","Setup"],"picked":"Dash","floor":18},{"not_picked":["Reflex","Well Laid Plans","Sucker Punch"],"picked":"SKIP","floor":24},{"not_picked":["Dodge and Roll","Flechettes"],"picked":"Phantasmal Killer","floor":29},{"not_picked":["Acrobatics","Cloak And Dagger"],"picked":"Blur","floor":31},{"not_picked":["Venomology","Die Die Die"],"picked":"Adrenaline","floor":33},{"not_picked":["Deadly Poison","Quick Slash+1","Blur"],"picked":"SKIP","floor":35},{"not_picked":["Flechettes","Outmaneuver","Poisoned Stab+1"],"picked":"SKIP","floor":38},{"not_picked":["Bane","Underhanded Strike"],"picked":"Caltrops+1","floor":40},{"not_picked":["Flying Knee+1","Prepared"],"picked":"Escape Plan+1","floor":42},{"not_picked":["Deadly Poison","Prepared","Poisoned Stab"],"picked":"SKIP","floor":44}],"player_experience":452669,"relics_obtained":[{"floor":8,"key":"Pantograph"},{"floor":9,"key":"Mercury Hourglass"},{"floor":10,"key":"Ginger"},{"floor":12,"key":"Bronze Scales"},{"floor":22,"key":"Necronomicon"},{"floor":24,"key":"Ornamental Fan"},{"floor":26,"key":"Akabeko"},{"floor":29,"key":"Old Coin"},{"floor":40,"key":"Vajra"},{"floor":43,"key":"PreservedInsect"},{"floor":44,"key":"Dead Branch"}],"event_choices":[{"cards_removed":["Strike_G"],"damage_healed":0,"gold_gain":0,"player_choice":"Card Removal","damage_taken":7,"max_hp_gain":0,"max_hp_loss":0,"event_name":"Golden Wing","floor":14,"gold_loss":0},{"damage_healed":14,"gold_gain":0,"player_choice":"Heal","damage_taken":0,"max_hp_gain":0,"max_hp_loss":0,"event_name":"The Library","floor":20,"gold_loss":0},{"damage_healed":0,"gold_gain":0,"player_choice":"Ignored","damage_taken":0,"max_hp_gain":0,"max_hp_loss":0,"event_name":"The Mausoleum","floor":21,"gold_loss":0},{"damage_healed":0,"gold_gain":0,"player_choice":"Obtained Book","damage_taken":21,"max_hp_gain":0,"max_hp_loss":0,"event_name":"Cursed Tome","floor":22,"gold_loss":0},{"damage_healed":0,"gold_gain":0,"player_choice":"Copied","damage_taken":0,"max_hp_gain":0,"max_hp_loss":0,"event_name":"Duplicator","floor":28,"gold_loss":0,"cards_obtained":["Survivor"]},{"damage_healed":58,"gold_gain":0,"player_choice":"Heal","damage_taken":0,"max_hp_gain":0,"max_hp_loss":13,"event_name":"The Moai Head","floor":39,"gold_loss":0}],"is_beta":false,"boss_relics":[{"not_picked":["Runic Pyramid","WristBlade"],"picked":"SlaversCollar"},{"not_picked":["Runic Dome","Black Star"],"picked":"Cursed Key"}],"items_purged_floors":[36],"is_endless":false,"potions_floor_spawned":[7,16,24,38],"killed_by":"Transient","ascension_level":20}}