{"host":"aycnbidq9d24owrh","time":1614078931,"event":{"mods":["Bard","BaseMod","BetterRewards","Colored Map","Downfall","Infinite Spire","Minty Spire (QoL Compilation)","Replay The Spire","Shop Mod","Spire Arcade","StSLib","The Cursed","The Disciple","The Hierophant","The Jungle","The Runesmith","TheBandit"],"gold_per_floor":[112,112,123,137,153,153,187,187,213,47,64,64,1,16,16,113,163,180,27,27,126,126,138,138,155,179,179,179,222,222,269,269,293,293],"floor_reached":33,"language":"ENG","playtime":1050,"items_purged":["downfall:Aged"],"score":247,"play_id":"6b97bc94-4f89-411e-a364-e2a7d47eac17","local_time":"20210223031531","is_ascension_mode":false,"campfire_choices":[{"data":"Twin Strike","floor":6,"key":"SMITH"},{"floor":24,"key":"REST"},{"data":"ReplayTheSpireMod:??????????????????????","floor":27,"key":"SMITH"},{"data":"Flex","floor":30,"key":"SMITH"},{"data":"Pummel","floor":32,"key":"SMITH"}],"circlet_count":0,"master_deck":["Strike_R","Strike_R","Strike_R","Strike_R","Strike_R","Defend_R","Defend_R","Defend_R","Defend_R","Bash","Intimidate+1","Thunderclap","Clash","Twin Strike+1","Uppercut","Clash","Shrug It Off","ReplayTheSpireMod:??????????????????????+1","Cleave+1","Flash of Steel+1","Pummel+1","Impervious","Twin Strike","Rampage","Dropkick","Flex+1","Second Wind","Massacre"],"relics":["Burning Blood","NeowsBlessing","Replay:Rubber Ducky","Centennial Puzzle","ReplayTheSpireMod:TigerMarble","Nunchaku","ReplayTheSpireMod:CursedCoin","Tiny House","Chemical X","Gremlin Horn","Replay:Bandana"],"acts_visited":["Exordium","TheCity"],"potions_floor_usage":[7,7,16,16,25,31,33],"damage_taken":[{"damage":0,"enemies":"2 Louse","floor":1,"turns":1},{"damage":0,"enemies":"Cultist","floor":3,"turns":1},{"damage":0,"enemies":"Small Slimes","floor":4,"turns":1},{"damage":11,"enemies":"Blue Slaver","floor":5,"turns":4},{"damage":24,"enemies":"Lagavulin","floor":7,"turns":5},{"damage":0,"enemies":"Looter","floor":11,"turns":1},{"damage":1,"enemies":"Large Slime","floor":14,"turns":2},{"damage":36,"enemies":"The Guardian","floor":16,"turns":9},{"damage":5,"enemies":"Shell Parasite","floor":18,"turns":5},{"damage":15,"enemies":"Chosen","floor":23,"turns":5},{"damage":15,"enemies":"Snake Plant","floor":25,"turns":5},{"damage":6,"enemies":"Cultist and Chosen","floor":29,"turns":3},{"damage":11,"enemies":"Centurion and Healer","floor":31,"turns":4},{"damage":75,"enemies":"Pondfish","floor":33,"turns":10}],"seed_played":"-1187619015483460045","potions_obtained":[{"floor":1,"key":"Venom Potion"},{"floor":3,"key":"sneckomod:MuddlingPotion"},{"floor":5,"key":"Dexterity Potion"},{"floor":7,"key":"Weak Potion"},{"floor":17,"key":"Guardian:BlockOnCardUsePotion"},{"floor":18,"key":"Elixir"},{"floor":29,"key":"SkillPotion"}],"is_trial":false,"path_per_floor":["M","?","M","M","M","R","E","T","T","$","M","?","$","M","R_BF","B",null,"M","$","?","?","?","M","R","M","T","R","?","M","R","M","R","B"],"character_chosen":"IRONCLAD","items_purchased":["Nunchaku","Clash","ReplayTheSpireMod:CursedCoin","Cleave","Flash of Steel","Chemical X"],"campfire_rested":1,"item_purchase_floors":[10,10,13,13,13,19],"current_hp_per_floor":[80,80,80,80,75,75,57,57,57,57,63,43,43,48,72,42,85,85,85,85,85,69,60,87,78,78,78,78,78,78,73,73,0,0],"gold":293,"neow_bonus":"THREE_ENEMY_KILL","is_daily":false,"chose_seed":false,"campfire_upgraded":4,"win_rate":0.0,"timestamp":1614078931,"path_taken":["M","?","?","M","M","R","E","?","T","$","M","?","$","M","R_BF","BOSS","M","$","?","?","?","M","R","M","T","R","?","M","R","M","R","BOSS"],"items_purchased_type":["Relic","Card","Relic","Card","Card","Relic"],"build_version":"2020-12-22","purchased_purges":1,"victory":false,"max_hp_per_floor":[80,80,80,80,80,80,80,80,80,80,80,80,80,80,80,80,85,85,85,85,85,90,90,90,90,90,90,90,90,90,90,90,90,90],"card_choices":[{"not_picked":["Searing Blow","ReplayTheSpireMod:Strike From Hell"],"picked":"Intimidate","floor":1},{"not_picked":["Intimidate","Shockwave"],"picked":"Thunderclap","floor":3},{"not_picked":["Armaments","Body Slam"],"picked":"Clash","floor":4},{"not_picked":["Armaments","Thunderclap"],"picked":"Twin Strike","floor":5},{"not_picked":["Battle Trance","Offering"],"picked":"Uppercut","floor":7},{"not_picked":["Heavy Blade","Anger"],"picked":"Shrug It Off","floor":11},{"not_picked":["infinitespire:NeuralNetwork","infinitespire:Execution"],"picked":"ReplayTheSpireMod:??????????????????????","floor":12},{"not_picked":["Perfected Strike","Seeing Red"],"picked":"Pummel","floor":14},{"not_picked":["Corruption","Offering"],"picked":"Impervious","floor":16},{"not_picked":["Spot Weakness","Defy Death"],"picked":"Twin Strike","floor":17},{"not_picked":["Shrug It Off","True Grit+1"],"picked":"Rampage","floor":18},{"not_picked":["Shrug It Off+1","ReplayTheSpireMod:LeadingStrike"],"picked":"Dropkick","floor":23},{"not_picked":["Ghostly Armor","Warcry+1"],"picked":"Flex","floor":25},{"not_picked":["ReplayTheSpireMod:Corrosion Curse","Clash+1"],"picked":"Second Wind","floor":29},{"not_picked":["Heavy Blade","Clothesline"],"picked":"Massacre","floor":31}],"player_experience":3865,"relics_obtained":[{"floor":7,"key":"Replay:Rubber Ducky"},{"floor":8,"key":"Centennial Puzzle"},{"floor":9,"key":"ReplayTheSpireMod:TigerMarble"},{"floor":26,"key":"Replay:Bandana"}],"event_choices":[{"damage_healed":0,"gold_gain":0,"player_choice":"Forge","damage_taken":0,"max_hp_gain":0,"max_hp_loss":0,"event_name":"Accursed Blacksmith","floor":2,"gold_loss":0,"cards_upgraded":["Intimidate"]},{"damage_healed":0,"gold_gain":99,"player_choice":"Stole From Cult","damage_taken":0,"max_hp_gain":0,"max_hp_loss":0,"event_name":"Nest","floor":21,"gold_loss":0},{"damage_healed":0,"gold_gain":0,"player_choice":"Shed Blood","damage_taken":21,"max_hp_gain":5,"max_hp_loss":0,"event_name":"Forgotten Altar","floor":22,"gold_loss":0},{"damage_healed":0,"gold_gain":0,"player_choice":"Ignored","damage_taken":0,"max_hp_gain":0,"max_hp_loss":0,"event_name":"Cursed Tome","floor":28,"gold_loss":0}],"is_beta":false,"boss_relics":[{"not_picked":["bronze:MakeshiftBattery","Busted Crown"],"picked":"Tiny House"}],"items_purged_floors":[13],"is_endless":false,"potions_floor_spawned":[1,3,5,7,18,29],"killed_by":"Pondfish","ascension_level":0}}