{"host":"2sct7qpnpunnnd84","time":1614056810,"event":{"mods":["BaseMod","Googly Eyes","Minty Spire (QoL Compilation)","Quick Restart","Shop Mod","StSLib","The IronCluck"],"gold_per_floor":[13,24,24,44,14,14,14,33,58,58,72,85,61,61,61,166,216,232,232,247,267,267,267,283,283,359,372,372,405,141,161,161,263,263,282,282,139,139,152,152,162,162,235,253,266,266,266,278,278,278],"floor_reached":51,"language":"ENG","playtime":4409,"items_purged":[],"score":686,"play_id":"5409a412-daed-4246-a488-25941791ae95","local_time":"20210222210650","is_ascension_mode":false,"campfire_choices":[{"data":"Accuracy","floor":6.0,"key":"SMITH"},{"floor":10.0,"key":"REST"},{"floor":15.0,"key":"REST"},{"data":"Blade Dance","floor":23.0,"key":"SMITH"},{"floor":25.0,"key":"REST"},{"data":"Blade Dance","floor":28.0,"key":"SMITH"},{"floor":32.0,"key":"REST"},{"data":"After Image","floor":40.0,"key":"SMITH"},{"floor":47.0,"key":"REST"},{"floor":49.0,"key":"REST"}],"circlet_count":0,"master_deck":["Strike_G","Strike_G","Strike_G","Strike_G","Strike_G","Defend_G","Defend_G","Defend_G","Defend_G","Survivor+1","Neutralize","Leg Sweep","Accuracy+1","Crippling Poison","Blade Dance+1","Dagger Spray","Flying Knee","Blade Dance+1","Blade Dance","A Thousand Cuts","Poisoned Stab","Blade Dance+1","Infinite Blades","Deflect","Noxious Fumes","Slice","A Thousand Cuts","Cloak And Dagger+1","After Image+1","Madness","Terror+1","Blade Dance","Deflect","Writhe","Blade Dance"],"relics":["Ring of the Serpent","Oddly Smooth Stone","Orichalcum","Tiny House","Question Card","Anchor","Vajra","Ninja Scroll"],"acts_visited":["Exordium","TheCity","TheBeyond"],"potions_floor_usage":[50,50],"damage_taken":[{"damage":2.0,"enemies":"Small Slimes","floor":1.0,"turns":5.0},{"damage":1.0,"enemies":"Cultist","floor":2.0,"turns":5.0},{"damage":0.0,"enemies":"Jaw Worm","floor":4.0,"turns":7.0},{"damage":1.0,"enemies":"Looter","floor":5.0,"turns":4.0},{"damage":12.0,"enemies":"Gremlin Gang","floor":8.0,"turns":4.0},{"damage":0.0,"enemies":"Blue Slaver","floor":11.0,"turns":4.0},{"damage":2.0,"enemies":"Large Slime","floor":12.0,"turns":4.0},{"damage":24.0,"enemies":"The Guardian","floor":16.0,"turns":8.0},{"damage":0.0,"enemies":"Chosen","floor":18.0,"turns":3.0},{"damage":6.0,"enemies":"Shell Parasite","floor":20.0,"turns":3.0},{"damage":7.0,"enemies":"Centurion and Healer","floor":21.0,"turns":5.0},{"damage":15.0,"enemies":"Snake Plant","floor":24.0,"turns":4.0},{"damage":5.0,"enemies":"Snecko","floor":27.0,"turns":4.0},{"damage":32.0,"enemies":"Slavers","floor":29.0,"turns":5.0},{"damage":3.0,"enemies":"Centurion and Healer","floor":31.0,"turns":4.0},{"damage":59.0,"enemies":"Champ","floor":33.0,"turns":10.0},{"damage":1.0,"enemies":"3 Shapes","floor":35.0,"turns":5.0},{"damage":0.0,"enemies":"3 Darklings","floor":39.0,"turns":3.0},{"damage":36.0,"enemies":"Jaw Worm Horde","floor":41.0,"turns":4.0},{"damage":24.0,"enemies":"Sphere and 2 Shapes","floor":44.0,"turns":6.0},{"damage":14.0,"enemies":"Maw","floor":45.0,"turns":7.0},{"damage":16.0,"enemies":"3 Darklings","floor":48.0,"turns":4.0},{"damage":43,"enemies":"Donu and Deca","floor":50,"turns":8}],"seed_played":"6448539205524396766","potions_obtained":[{"floor":1.0,"key":"Ancient Potion"},{"floor":2.0,"key":"Block Potion"},{"floor":11.0,"key":"PowerPotion"},{"floor":17.0,"key":"DuplicationPotion"},{"floor":24.0,"key":"DuplicationPotion"},{"floor":41.0,"key":"PowerPotion"}],"is_trial":false,"path_per_floor":["M","M","?","M","M","R","$","M","T","R","M","M","$","?","R","B",null,"M","$","M","M","?","R","M","R","T","M","R","E","$","M","R","B",null,"M","?","$","?","M","R","M","?","T","M","M","?","R","M","R","B",null],"character_chosen":"THE_SILENT","items_purchased":["Blade Dance","Noxious Fumes","Vajra","CunningPotion","After Image"],"campfire_rested":6,"item_purchase_floors":[13,30,30,30,37],"current_hp_per_floor":[82,81,81,81,80,80,80,68,68,84,84,82,82,65,84,60,89,89,89,83,76,76,76,61,87,87,82,82,50,50,47,73,14,89,88,88,88,88,88,88,52,52,52,28,14,36,62,46,72,29],"gold":278,"neow_bonus":"TWENTY_PERCENT_HP_BONUS","is_daily":false,"chose_seed":false,"campfire_upgraded":4,"win_rate":0.0,"timestamp":1614056810,"path_taken":["M","M","?","?","M","R","$","M","T","R","M","M","?","?","R","BOSS","M","$","M","M","?","R","M","R","T","M","R","E","$","?","R","BOSS","M","?","$","?","M","R","M","?","T","M","?","?","R","M","R","BOSS"],"items_purchased_type":["Card","Card","Relic","Potion","Card"],"build_version":"2020-12-22","purchased_purges":0,"victory":true,"max_hp_per_floor":[84,84,84,84,84,84,84,84,84,84,84,84,84,84,84,84,89,89,89,89,89,89,89,89,89,89,89,89,89,89,89,89,89,89,89,89,89,89,89,89,89,89,89,89,89,89,89,89,89,89],"card_choices":[{"not_picked":["Reflex","Eviscerate"],"picked":"Leg Sweep","floor":1.0},{"not_picked":["Acrobatics","Sucker Punch"],"picked":"Accuracy","floor":2.0},{"not_picked":["Deflect","Acrobatics"],"picked":"Crippling Poison","floor":4.0},{"not_picked":["Die Die Die","Underhanded Strike"],"picked":"Blade Dance","floor":5.0},{"not_picked":["Expertise","Skewer"],"picked":"Dagger Spray","floor":8.0},{"not_picked":["PiercingWail","Endless Agony"],"picked":"Flying Knee","floor":11.0},{"not_picked":["Eviscerate","Underhanded Strike"],"picked":"Blade Dance","floor":12.0},{"not_picked":["Glass Knife","Doppelganger"],"picked":"A Thousand Cuts","floor":16.0},{"not_picked":["Acrobatics","Prepared"],"picked":"Poisoned Stab","floor":17.0},{"not_picked":["After Image","Well Laid Plans"],"picked":"Blade Dance","floor":18.0},{"not_picked":["Backflip","Choke"],"picked":"Infinite Blades","floor":20.0},{"not_picked":["Acrobatics","Predator","PiercingWail"],"picked":"SKIP","floor":21.0},{"not_picked":["Dagger Throw+1","All Out Attack","Quick Slash"],"picked":"SKIP","floor":24.0},{"not_picked":["Dagger Spray","Predator","Sucker Punch+1"],"picked":"Deflect","floor":27.0},{"not_picked":["Dagger Spray","Dodge and Roll","Night Terror","Acrobatics"],"picked":"SKIP","floor":29.0},{"not_picked":["Underhanded Strike","Endless Agony","Escape Plan+1"],"picked":"Slice","floor":31.0},{"not_picked":["Glass Knife","Malaise","Adrenaline"],"picked":"A Thousand Cuts","floor":33.0},{"not_picked":["Deflect+1","Deadly Poison+1","Crippling Poison"],"picked":"Cloak And Dagger+1","floor":35.0},{"not_picked":["Trip","Panacea","Dramatic Entrance"],"picked":"Madness","floor":38.0},{"not_picked":["Bane","Outmaneuver+1","Crippling Poison"],"picked":"Terror+1","floor":39.0},{"not_picked":["Outmaneuver+1","Tactician+1","Poisoned Stab"],"picked":"Blade Dance","floor":41.0},{"not_picked":["Expertise+1","Quick Slash+1","Outmaneuver","Distraction"],"picked":"SKIP","floor":44.0},{"not_picked":["Escape Plan","Skewer","Calculated Gamble+1"],"picked":"Deflect","floor":45.0},{"not_picked":["Prepared","Quick Slash+1","Wraith Form v2"],"picked":"Blade Dance","floor":48.0}],"player_experience":3454482,"relics_obtained":[{"floor":3.0,"key":"Oddly Smooth Stone"},{"floor":9.0,"key":"Orichalcum"},{"floor":26.0,"key":"Question Card"},{"floor":29.0,"key":"Anchor"},{"floor":43.0,"key":"Ninja Scroll"}],"event_choices":[{"damage_healed":0.0,"max_hp_gain":0.0,"max_hp_loss":0.0,"gold_gain":0.0,"event_name":"Wheel of Change","player_choice":"Relic","floor":3.0,"gold_loss":0.0,"damage_taken":0.0},{"damage_healed":0.0,"max_hp_gain":0.0,"max_hp_loss":0.0,"gold_gain":0.0,"event_name":"Shining Light","player_choice":"Entered Light","floor":14.0,"gold_loss":0.0,"damage_taken":17.0,"cards_upgraded":["Survivor","Blade Dance"]},{"damage_healed":0.0,"max_hp_gain":0.0,"max_hp_loss":0.0,"gold_gain":0.0,"event_name":"The Woman in Blue","player_choice":"Bought 0 Potions","floor":22.0,"gold_loss":0.0,"damage_taken":0.0},{"cards_removed":["Defend_G"],"damage_healed":0.0,"max_hp_gain":0.0,"max_hp_loss":0.0,"gold_gain":0.0,"event_name":"Falling","player_choice":"Removed Skill","floor":36.0,"gold_loss":0.0,"damage_taken":0.0},{"damage_healed":0.0,"max_hp_gain":0.0,"max_hp_loss":0.0,"gold_gain":0.0,"event_name":"SensoryStone","player_choice":"Memory 1","floor":38.0,"gold_loss":0.0,"damage_taken":0.0},{"damage_healed":0.0,"max_hp_gain":0.0,"max_hp_loss":0.0,"gold_gain":0.0,"event_name":"Mysterious Sphere","player_choice":"Ignored","floor":42.0,"gold_loss":0.0,"damage_taken":0.0},{"damage_healed":22.0,"max_hp_gain":0.0,"max_hp_loss":0.0,"gold_gain":0.0,"event_name":"Winding Halls","player_choice":"Writhe","floor":46.0,"gold_loss":0.0,"damage_taken":0.0,"cards_obtained":["Writhe"]}],"is_beta":false,"boss_relics":[{"not_picked":["Runic Dome","Philosopher\u0027s Stone"],"picked":"Tiny House"},{"not_picked":["Snecko Eye","Coffee Dripper"],"picked":"Ring of the Serpent"}],"items_purged_floors":[],"is_endless":false,"potions_floor_spawned":[1,2,11,12,21,24,27,31,41],"ascension_level":0}}