{"host":"0ntunplbxyg40l63","time":1614105784,"event":{"mods":["BaseMod","Colored Powertips","Minty Spire (QoL Compilation)","StSLib"],"gold_per_floor":[20,39,39,314,329,329,348,379,379,112,130,143,162,262,262,359,359,379,38,113,77,96,96,96,96],"floor_reached":24,"language":"ENG","playtime":2266,"items_purged":[],"score":198,"play_id":"3f877af5-f737-4b53-aa6e-23c33c3f2452","local_time":"20210223184304","is_ascension_mode":false,"campfire_choices":[{"data":"Dagger Throw","floor":6,"key":"SMITH"},{"floor":15,"key":"REST"},{"data":"Neutralize","floor":23,"key":"SMITH"}],"circlet_count":0,"master_deck":["Strike_G","Strike_G","Strike_G","Strike_G","Strike_G","Defend_G","Defend_G","Defend_G","Defend_G","Defend_G","Survivor","Neutralize+1","Secret Weapon","Dagger Throw+1","PiercingWail","Regret","Quick Slash","Dagger Throw","Poisoned Stab","Poisoned Stab","Bane","Acrobatics","Terror","Corpse Explosion","Poisoned Stab","Corpse Explosion","CurseOfTheBell","Bane","Blade Dance","Deadly Poison","Crippling Poison","Backflip"],"relics":["Ring of the Snake","Strawberry","MawBank","Oddly Smooth Stone","Calling Bell","Bag of Preparation","Mummified Hand","Prayer Wheel","Snake Skull","HandDrill"],"acts_visited":["Exordium","TheCity"],"potions_floor_usage":[16,24,24],"damage_taken":[{"damage":5,"enemies":"2 Louse","floor":1,"turns":2},{"damage":0,"enemies":"Cultist","floor":2,"turns":5},{"damage":4,"enemies":"Small Slimes","floor":5,"turns":3},{"damage":0,"enemies":"Exordium Thugs","floor":7,"turns":4},{"damage":28,"enemies":"3 Sentries","floor":8,"turns":10},{"damage":14,"enemies":"Gremlin Gang","floor":11,"turns":6},{"damage":15,"enemies":"Lots of Slimes","floor":12,"turns":3},{"damage":0,"enemies":"2 Fungi Beasts","floor":13,"turns":2},{"damage":12,"enemies":"Hexaghost","floor":16,"turns":10},{"damage":40,"enemies":"Spheric Guardian","floor":18,"turns":6},{"damage":10,"enemies":"3 Byrds","floor":22,"turns":2},{"damage":30,"enemies":"Gremlin Leader","floor":24,"turns":2}],"seed_played":"-8277114802905125038","potions_obtained":[{"floor":1,"key":"Ancient Potion"},{"floor":2,"key":"AttackPotion"},{"floor":8,"key":"FearPotion"},{"floor":16,"key":"Regen Potion"}],"is_trial":false,"path_per_floor":["M","M","$","?","M","R","M","E","T","$","M","M","M","?","R","B",null,"M","$","?","$","M","R","E"],"character_chosen":"THE_SILENT","items_purchased":["Poisoned Stab","Bane","Acrobatics","Oddly Smooth Stone","Deadly Poison","Snake Skull","HandDrill","Crippling Poison"],"campfire_rested":1,"item_purchase_floors":[10,10,10,10,19,19,19,21],"current_hp_per_floor":[65,65,65,65,61,61,61,40,40,40,26,11,11,11,34,22,77,37,37,30,30,20,20,0,0],"gold":96,"neow_bonus":"RANDOM_COLORLESS_2","is_daily":false,"chose_seed":false,"campfire_upgraded":2,"win_rate":0.0,"timestamp":1614105784,"path_taken":["M","M","$","?","?","R","M","E","T","$","M","M","M","?","R","BOSS","M","$","?","$","?","R","E"],"items_purchased_type":["Card","Card","Card","Relic","Card","Relic","Relic","Card"],"build_version":"2020-12-22","purchased_purges":0,"victory":false,"max_hp_per_floor":[70,70,70,70,70,70,70,77,77,77,77,77,77,77,77,77,77,77,77,77,77,77,77,77,77],"card_choices":[{"not_picked":["Secret Technique","Violence"],"picked":"Secret Weapon","floor":0},{"not_picked":["Deflect","Tactician"],"picked":"Dagger Throw","floor":1},{"not_picked":["Flying Knee","Prepared"],"picked":"PiercingWail","floor":2},{"not_picked":["Acrobatics","Tactician"],"picked":"Quick Slash","floor":5},{"not_picked":["Backflip","Blur"],"picked":"Dagger Throw","floor":7},{"not_picked":["Quick Slash","Bane"],"picked":"Poisoned Stab","floor":8},{"not_picked":["Heel Hook","Slice"],"picked":"Terror","floor":11},{"not_picked":["Blade Dance","Flying Knee"],"picked":"Corpse Explosion","floor":12},{"not_picked":["Quick Slash","Underhanded Strike"],"picked":"Poisoned Stab","floor":13},{"not_picked":["Unload","Wraith Form v2"],"picked":"Corpse Explosion","floor":16},{"not_picked":["Endless Agony","Dodge and Roll"],"picked":"Bane","floor":18},{"not_picked":["Endless Agony+1","Dodge and Roll"],"picked":"Blade Dance","floor":18},{"not_picked":["Prepared","Outmaneuver+1"],"picked":"Backflip","floor":22},{"not_picked":["Leg Sweep","Dodge and Roll","Predator"],"picked":"SKIP","floor":22}],"player_experience":16758,"relics_obtained":[{"floor":8,"key":"Strawberry"},{"floor":9,"key":"MawBank"},{"floor":17,"key":"Bag of Preparation"},{"floor":17,"key":"Mummified Hand"},{"floor":17,"key":"Prayer Wheel"}],"event_choices":[{"damage_healed":0,"gold_gain":275,"player_choice":"Desecrate","damage_taken":0,"max_hp_gain":0,"max_hp_loss":0,"event_name":"Golden Shrine","floor":4,"gold_loss":0,"cards_obtained":["Regret"]},{"damage_healed":0,"gold_gain":100,"player_choice":"Gold","damage_taken":0,"max_hp_gain":0,"max_hp_loss":0,"event_name":"Wheel of Change","floor":14,"gold_loss":0},{"damage_healed":0,"gold_gain":75,"player_choice":"Touch","damage_taken":7,"max_hp_gain":0,"max_hp_loss":0,"event_name":"FaceTrader","floor":20,"gold_loss":0}],"is_beta":false,"boss_relics":[{"not_picked":["SlaversCollar","WristBlade"],"picked":"Calling Bell"}],"items_purged_floors":[],"is_endless":false,"potions_floor_spawned":[1,2,8,13,16,18,22],"killed_by":"Gremlin Leader","ascension_level":0}}