{"host":"yy1cu9q9bsxhflzi","time":1614085264,"event":{"mods":["BaseMod","DeckTracker","Minty Spire (QoL Compilation)","Quick Restart","StSLib","SuperFastMode","everything is the same but u backflip on backflip"],"gold_per_floor":[109,109,120,140,151,151,185,185,185,213,223,223,223,258,258,340,340,350,350,359,372,392,434,434,473,497,525,252,252,283,299,299,387,387,397,415,13,35,35,68,93,110,110,151,151,184,197,211,211,211,211,211,211,59,90,90],"floor_reached":57,"language":"KOR","playtime":1409,"items_purged":["Coolheaded"],"score":3565,"play_id":"276f0fff-4fdb-4b20-9a12-9053344f7d63","local_time":"20210223220104","is_ascension_mode":true,"campfire_choices":[{"data":"Juggernaut","floor":6,"key":"SMITH"},{"data":"Defragment","floor":12,"key":"SMITH"},{"data":"Dualcast","floor":15,"key":"SMITH"},{"data":"Amplify","floor":24,"key":"SMITH"},{"data":"Capacitor","floor":29,"key":"SMITH"},{"data":"White Noise","floor":32,"key":"SMITH"},{"floor":49,"key":"RECALL"},{"data":"Defragment","floor":53,"key":"SMITH"}],"circlet_count":0,"master_deck":["AscendersBane","Dualcast+1","Glacier","Glacier","Glacier","Coolheaded","Coolheaded+1","Coolheaded+1","Juggernaut+1","Turbo","BootSequence","Chill","Defragment+1","Amplify+1","Juggernaut+1","Recycle+1","Force Field","White Noise+1","Capacitor+1","Buffer","Madness","Madness","Defragment+1","Fusion","Heatsinks","Loop"],"relics":["FrozenCore","Symbiotic Virus","Gambling Chip","Bird Faced Urn","Omamori","CeramicFish","Philosopher\u0027s Stone","MutagenicStrength","Shuriken","Pocketwatch","Singing Bowl","Dream Catcher","Sozu","OrangePellets","PreservedInsect","FossilizedHelix","StoneCalendar","Ancient Tea Set","Torii","Shovel","Boot"],"acts_visited":["Exordium","TheCity","TheBeyond","TheEnding"],"potions_floor_usage":[16,44,56],"damage_taken":[{"damage":0,"enemies":"Cultist","floor":1,"turns":4},{"damage":0,"enemies":"Small Slimes","floor":3,"turns":3},{"damage":0,"enemies":"Jaw Worm","floor":4,"turns":3},{"damage":0,"enemies":"Looter","floor":5,"turns":3},{"damage":0,"enemies":"Gremlin Nob","floor":7,"turns":3},{"damage":0,"enemies":"3 Sentries","floor":10,"turns":4},{"damage":6,"enemies":"Exordium Wildlife","floor":11,"turns":2},{"damage":8,"enemies":"Lagavulin","floor":14,"turns":4},{"damage":0,"enemies":"Slime Boss","floor":16,"turns":7},{"damage":2,"enemies":"2 Thieves","floor":18,"turns":2},{"damage":0,"enemies":"Spheric Guardian","floor":21,"turns":2},{"damage":0,"enemies":"Snake Plant","floor":22,"turns":2},{"damage":0,"enemies":"Gremlin Leader","floor":23,"turns":3},{"damage":0,"enemies":"Book of Stabbing","floor":25,"turns":3},{"damage":0,"enemies":"Sentry and Sphere","floor":27,"turns":2},{"damage":4,"enemies":"Gremlin Leader","floor":30,"turns":4},{"damage":2,"enemies":"Centurion and Healer","floor":31,"turns":4},{"damage":0,"enemies":"Champ","floor":33,"turns":4},{"damage":0,"enemies":"Orb Walker","floor":35,"turns":2},{"damage":13,"enemies":"3 Darklings","floor":38,"turns":5},{"damage":0,"enemies":"Giant Head","floor":40,"turns":5},{"damage":0,"enemies":"Mind Bloom Boss Battle","floor":41,"turns":5},{"damage":0,"enemies":"4 Shapes","floor":42,"turns":5},{"damage":36,"enemies":"Reptomancer","floor":44,"turns":4},{"damage":0,"enemies":"Giant Head","floor":46,"turns":4},{"damage":0,"enemies":"Sphere and 2 Shapes","floor":47,"turns":3},{"damage":0,"enemies":"Spire Growth","floor":48,"turns":3},{"damage":0,"enemies":"Donu and Deca","floor":50,"turns":7},{"damage":78,"enemies":"Awakened One","floor":51,"turns":8},{"damage":0,"enemies":"Shield and Spear","floor":55,"turns":2},{"damage":46,"enemies":"The Heart","floor":56,"turns":9}],"seed_played":"-1293719608908965911","potions_obtained":[{"floor":3,"key":"Energy Potion"},{"floor":4,"key":"FearPotion"},{"floor":7,"key":"FocusPotion"},{"floor":16,"key":"PowerPotion"}],"is_trial":true,"path_per_floor":["M","$","M","M","M","R","E","?","T","E","M","R","?","E","R","B",null,"M","?","?","M","M","E","R","E","T","M","$","R","E","M","R","B",null,"M","?","$","M","?","E","?","M","T","E","?","E","M","M","R","B","B",null,"R","$","E","B",null],"character_chosen":"DEFECT","items_purchased":["Singing Bowl","Defragment","OrangePellets","PreservedInsect","Loop"],"campfire_rested":0,"item_purchase_floors":[28,37,37,37,54],"current_hp_per_floor":[64,64,64,64,64,64,64,53,53,55,51,51,30,26,26,30,61,63,63,63,69,71,71,71,71,71,71,71,71,73,75,75,75,75,77,63,63,66,66,79,81,83,83,53,53,73,87,89,89,89,22,72,72,72,82,54],"gold":90,"neow_bonus":"","is_daily":false,"chose_seed":false,"campfire_upgraded":7,"win_rate":0.0,"timestamp":1614085264,"path_taken":["M","?","M","M","?","R","E","?","T","E","M","R","?","E","R","BOSS","M","?","?","M","M","E","R","E","T","?","$","R","E","M","R","BOSS","M","?","$","M","?","E","?","M","T","E","?","E","M","M","R","BOSS","BOSS","R","$","E","BOSS"],"items_purchased_type":["Relic","Card","Relic","Relic","Card"],"build_version":"2020-12-22","purchased_purges":1,"victory":true,"max_hp_per_floor":[71,71,71,71,71,71,71,71,71,71,71,71,71,71,71,71,71,71,71,71,71,71,71,71,71,71,71,71,71,73,75,75,75,75,77,77,77,77,77,79,81,83,83,83,83,85,87,89,89,89,89,89,89,89,91,91],"card_choices":[{"not_picked":["Cold Snap","Hologram"],"picked":"Turbo","floor":1},{"not_picked":["Sunder","Go for the Eyes","Compile Driver"],"picked":"SKIP","floor":3},{"not_picked":["Storm","Ball Lightning"],"picked":"BootSequence","floor":4},{"not_picked":["Sweeping Beam","Go for the Eyes","Melter"],"picked":"SKIP","floor":5},{"not_picked":["Static Discharge","Meteor Strike","Streamline"],"picked":"SKIP","floor":7},{"not_picked":["Redo","Barrage"],"picked":"Chill","floor":10},{"not_picked":["Reinforced Body","Streamline"],"picked":"Defragment","floor":11},{"not_picked":["Coolheaded","Turbo","Rebound"],"picked":"SKIP","floor":14},{"not_picked":["Machine Learning","All For One"],"picked":"Amplify","floor":16},{"not_picked":["Leap","Barrage+1","Storm"],"picked":"SKIP","floor":18},{"not_picked":["Redo","Leap","Beam Cell"],"picked":"SKIP","floor":21},{"not_picked":["BootSequence","Static Discharge"],"picked":"Recycle+1","floor":22},{"not_picked":["Streamline","All For One"],"picked":"Force Field","floor":23},{"not_picked":["Glacier","Coolheaded"],"picked":"White Noise","floor":25},{"not_picked":["Rebound","Steam Power"],"picked":"Capacitor","floor":27},{"not_picked":["Skim","Reprogram","Conserve Battery"],"picked":"Singing Bowl","floor":30},{"not_picked":["Lockon","Scrape","Rebound"],"picked":"Singing Bowl","floor":31},{"not_picked":["Multi-Cast","Meteor Strike"],"picked":"Buffer","floor":33},{"not_picked":["Ball Lightning","Streamline+1","Beam Cell+1"],"picked":"Singing Bowl","floor":35},{"not_picked":["Barrage","Turbo"],"picked":"Fusion","floor":38},{"not_picked":["Barrage","Rebound+1","Steam"],"picked":"Singing Bowl","floor":40},{"not_picked":["Ball Lightning+1","Scrape","Double Energy"],"picked":"Singing Bowl","floor":41},{"not_picked":["Tempest+1","Redo+1","Blizzard"],"picked":"Singing Bowl","floor":42},{"not_picked":["Consume","Barrage"],"picked":"Heatsinks","floor":44},{"not_picked":["Sunder","Stack+1","Compile Driver"],"picked":"Singing Bowl","floor":46},{"not_picked":["Go for the Eyes","Recycle","Streamline+1"],"picked":"Singing Bowl","floor":47},{"not_picked":["Meteor Strike","Conserve Battery","Beam Cell"],"picked":"Singing Bowl","floor":48},{"not_picked":["White Noise","Sweeping Beam","FTL"],"picked":"Singing Bowl","floor":55}],"player_experience":3939642,"relics_obtained":[{"floor":7,"key":"Symbiotic Virus"},{"floor":9,"key":"Bird Faced Urn"},{"floor":10,"key":"Omamori"},{"floor":14,"key":"CeramicFish"},{"floor":23,"key":"Shuriken"},{"floor":25,"key":"Pocketwatch"},{"floor":30,"key":"Dream Catcher"},{"floor":40,"key":"FossilizedHelix"},{"floor":41,"key":"StoneCalendar"},{"floor":43,"key":"Ancient Tea Set"},{"floor":44,"key":"Torii"},{"floor":46,"key":"Shovel"},{"floor":55,"key":"Boot"}],"event_choices":[{"damage_healed":0,"gold_gain":0,"player_choice":"Success","damage_taken":11,"relics_obtained":["Gambling Chip"],"max_hp_gain":0,"max_hp_loss":0,"event_name":"Scrap Ooze","floor":8,"gold_loss":0},{"damage_healed":0,"gold_gain":0,"player_choice":"Entered Light","damage_taken":21,"max_hp_gain":0,"max_hp_loss":0,"event_name":"Shining Light","floor":13,"gold_loss":0,"cards_upgraded":["Coolheaded","Coolheaded"]},{"damage_healed":0,"gold_gain":0,"player_choice":"Inject Mutagens","damage_taken":0,"relics_obtained":["MutagenicStrength"],"max_hp_gain":0,"max_hp_loss":0,"event_name":"Drug Dealer","floor":19,"gold_loss":0},{"damage_healed":0,"gold_gain":0,"player_choice":"Copied","damage_taken":0,"max_hp_gain":0,"max_hp_loss":0,"event_name":"Duplicator","floor":20,"gold_loss":0,"cards_obtained":["Juggernaut"]},{"damage_healed":0,"gold_gain":0,"player_choice":"Embrace Madness","damage_taken":14,"max_hp_gain":0,"max_hp_loss":0,"event_name":"Winding Halls","floor":36,"gold_loss":0,"cards_obtained":["Madness","Madness"]},{"cards_removed":["Glacier"],"damage_healed":0,"gold_gain":0,"player_choice":"Removed Skill","damage_taken":0,"max_hp_gain":0,"max_hp_loss":0,"event_name":"Falling","floor":39,"gold_loss":0},{"damage_healed":0,"gold_gain":0,"player_choice":"Fight","damage_taken":0,"max_hp_gain":0,"max_hp_loss":0,"event_name":"MindBloom","floor":41,"gold_loss":0},{"damage_healed":0,"gold_gain":0,"player_choice":"Got Potions","damage_taken":0,"max_hp_gain":0,"max_hp_loss":0,"event_name":"Lab","floor":45,"gold_loss":0}],"is_beta":false,"boss_relics":[{"not_picked":["Astrolabe","Tiny House"],"picked":"Philosopher\u0027s Stone"},{"not_picked":["Snecko Eye","Inserter"],"picked":"Sozu"}],"items_purged_floors":[54],"is_endless":false,"potions_floor_spawned":[3,4,7,10,16,18,22,27,30,31,33,42,47,48,55],"ascension_level":20}}