{"host":"hszimsrtxxc2k25w","time":1614120041,"event":{"mods":["AchievementEnabler","BaseMod","Colored Map","DeckTracker","Minty Spire (QoL Compilation)","Rare Cards Sparkle","SuperFastMode"],"gold_per_floor":[117,292,292,35,85,85,115,150,226,126,206,280,280,335,335,462,489,513,557,575,639,113,147,147,206,229,241,253,280,3,3,3,3,3],"floor_reached":33,"language":"KOR","playtime":1079,"items_purged":["Strike_P","Defend_P","LessonLearned"],"score":621,"play_id":"2037a55c-0bc7-42f7-9237-527bc0a774d3","local_time":"20210224074041","is_ascension_mode":true,"campfire_choices":[{"data":"Eruption","floor":6.0,"key":"SMITH"},{"data":"HandOfGreed","floor":15.0,"key":"SMITH"},{"data":"Ragnarok","floor":24.0,"key":"SMITH"},{"data":"Scrawl","floor":27,"key":"SMITH"},{"data":"MentalFortress","floor":32,"key":"SMITH"}],"circlet_count":0,"master_deck":["AscendersBane","Eruption+1","Vigilance","DeusExMachina","SpiritShield","HandOfGreed+1","FlurryOfBlows","EmptyFist","Ragnarok+1","Scrawl+1","Study+1","Scrawl+1","MentalFortress+1"],"relics":["PureWater","Spirit Poop","CeramicFish","Matryoshka","Smiling Mask","Golden Idol","TungstenRod","Astrolabe","OrangePellets","Oddly Smooth Stone","Anchor","Orichalcum","Omamori","MawBank","Mummified Hand","Dead Branch"],"acts_visited":["Exordium","TheCity"],"potions_floor_usage":[],"damage_taken":[{"damage":0.0,"enemies":"Jaw Worm","floor":1.0,"turns":4.0},{"damage":0.0,"enemies":"Small Slimes","floor":5.0,"turns":4.0},{"damage":0.0,"enemies":"Cultist","floor":7.0,"turns":2.0},{"damage":0.0,"enemies":"Lagavulin","floor":8.0,"turns":3.0},{"damage":1.0,"enemies":"3 Louse","floor":11.0,"turns":5.0},{"damage":17.0,"enemies":"3 Sentries","floor":12.0,"turns":5.0},{"damage":2.0,"enemies":"Lagavulin","floor":14.0,"turns":4.0},{"damage":6.0,"enemies":"Hexaghost","floor":16.0,"turns":7.0},{"damage":0.0,"enemies":"Chosen","floor":18.0,"turns":2.0},{"damage":0.0,"enemies":"3 Byrds","floor":19.0,"turns":2.0},{"damage":4.0,"enemies":"Shelled Parasite and Fungi","floor":21.0,"turns":3.0},{"damage":0.0,"enemies":"Gremlin Leader","floor":23.0,"turns":3.0},{"damage":4,"enemies":"Slavers","floor":25,"turns":4},{"damage":0,"enemies":"Snake Plant","floor":29,"turns":1},{"damage":45,"enemies":"Automaton","floor":33,"turns":7}],"seed_played":"-3120854166342005971","potions_obtained":[{"floor":7.0,"key":"Swift Potion"},{"floor":11.0,"key":"DistilledChaos"},{"floor":12.0,"key":"DuplicationPotion"},{"floor":18.0,"key":"CultistPotion"},{"floor":19.0,"key":"FearPotion"}],"is_trial":false,"path_per_floor":["M","?","?","$","M","R","M","E","T","$","M","E","?","E","R","B",null,"M","M","?","M","$","E","R","E","T","R","?","M","$","?","R","B"],"character_chosen":"WATCHER","items_purchased":["HandOfGreed","MentalFortress","OrangePellets","Oddly Smooth Stone","Anchor","Dead Branch"],"campfire_rested":0,"item_purchase_floors":[4,22,22,22,22,30],"current_hp_per_floor":[43,43,43,43,43,43,43,43,43,43,42,25,25,23,23,17,52,52,52,52,48,48,48,48,44,44,44,44,44,44,44,44,0,0],"gold":3,"neow_bonus":"TRANSFORM_TWO_CARDS","is_daily":false,"chose_seed":false,"campfire_upgraded":5,"win_rate":0.0,"timestamp":1614120041,"path_taken":["M","?","?","$","M","R","?","E","T","$","M","E","?","E","R","BOSS","M","M","?","M","$","E","R","E","T","R","?","M","$","?","R","BOSS"],"items_purchased_type":["Card","Card","Relic","Relic","Relic","Relic"],"build_version":"2020-12-22","purchased_purges":3,"victory":false,"max_hp_per_floor":[68,68,68,68,68,68,68,68,68,68,68,68,63,63,63,63,63,63,63,63,63,63,63,63,63,63,63,63,63,63,63,63,63,63],"card_choices":[{"not_picked":["FollowUp","ThirdEye","Evaluate"],"picked":"SKIP","floor":1.0},{"not_picked":["Halt","ForeignInfluence"],"picked":"FlurryOfBlows","floor":5.0},{"not_picked":["Sanctity","Consecrate","EmptyBody"],"picked":"SKIP","floor":7.0},{"not_picked":["SignatureMove","Protect"],"picked":"FlurryOfBlows","floor":8.0},{"not_picked":["FollowUp","EmptyBody"],"picked":"EmptyFist","floor":11.0},{"not_picked":["SignatureMove","CarveReality","Wireheading"],"picked":"SKIP","floor":12.0},{"not_picked":["Prostrate","Crescendo","Swivel"],"picked":"SKIP","floor":14.0},{"not_picked":["Blasphemy","Alpha"],"picked":"Ragnarok","floor":16.0},{"not_picked":["CrushJoints","Wireheading","EmptyFist"],"picked":"SKIP","floor":18.0},{"not_picked":["Protect","SignatureMove","CutThroughFate"],"picked":"SKIP","floor":19.0},{"not_picked":["FollowUp","Evaluate","Consecrate"],"picked":"SKIP","floor":21.0},{"not_picked":["InnerPeace","Vengeance","EmptyFist"],"picked":"SKIP","floor":23.0},{"not_picked":["InnerPeace","Vengeance","EmptyFist"],"picked":"SKIP","floor":23.0},{"not_picked":["Brilliance","JustLucky","Devotion"],"picked":"SKIP","floor":25},{"not_picked":["Consecrate","ThirdEye","ClearTheMind+1"],"picked":"SKIP","floor":29}],"player_experience":700099,"relics_obtained":[{"floor":8.0,"key":"CeramicFish"},{"floor":9.0,"key":"Matryoshka"},{"floor":12.0,"key":"Smiling Mask"},{"floor":14.0,"key":"TungstenRod"},{"floor":23.0,"key":"Orichalcum"},{"floor":25,"key":"Omamori"},{"floor":26,"key":"MawBank"}],"event_choices":[{"damage_healed":0.0,"max_hp_gain":0.0,"max_hp_loss":0.0,"gold_gain":175.0,"event_name":"Liars Game","player_choice":"AGREE","floor":2.0,"gold_loss":0.0,"damage_taken":0.0,"cards_obtained":["Doubt"]},{"cards_removed":["Doubt"],"damage_healed":0.0,"max_hp_gain":0.0,"max_hp_loss":0.0,"gold_gain":0.0,"event_name":"Bonfire Elementals","player_choice":"Offered Curse","floor":3.0,"gold_loss":0.0,"damage_taken":0.0,"relics_obtained":["Spirit Poop"]},{"damage_healed":0.0,"max_hp_gain":0.0,"max_hp_loss":5.0,"gold_gain":0.0,"event_name":"Golden Idol","player_choice":"Lose Max HP","floor":13.0,"gold_loss":0.0,"damage_taken":0.0,"relics_obtained":["Golden Idol"]},{"damage_healed":0.0,"max_hp_gain":0.0,"max_hp_loss":0.0,"gold_gain":0.0,"cards_transformed":["Defend_P","BowlingBash"],"event_name":"Drug Dealer","player_choice":"Became Test Subject","floor":20.0,"gold_loss":0.0,"damage_taken":0.0,"cards_obtained":["Scrawl","LessonLearned"]},{"damage_healed":0,"gold_gain":0,"player_choice":"Opened","damage_taken":0,"relics_obtained":["Mummified Hand"],"max_hp_gain":0,"max_hp_loss":0,"event_name":"The Mausoleum","floor":28,"gold_loss":0,"cards_obtained":["Writhe"]},{"cards_removed":["FlurryOfBlows"],"damage_healed":0,"gold_gain":0,"player_choice":"Elegance","damage_taken":0,"max_hp_gain":0,"max_hp_loss":0,"event_name":"Back to Basics","floor":31,"gold_loss":0}],"is_beta":false,"boss_relics":[{"not_picked":["SlaversCollar","Calling Bell"],"picked":"Astrolabe"}],"items_purged_floors":[4,10,22],"is_endless":false,"potions_floor_spawned":[7,11,12,18,19,23],"killed_by":"Automaton","ascension_level":14}}