{"host":"3a5itcmwo6ddh3id","time":1614096156,"event":{"mods":["BaseMod","Colored Map","Colored Powertips","Minty Spire (QoL Compilation)","Relic Stats"],"gold_per_floor":[110,128,146,166,181,181,31,44,44,73,73,73,73,98,98,200,200,212,212,212,222,147,147,174,174,198,198,217,55,73,99,99,199,199,215,215,215,235,3,28,28,40,40,90,103,67,67,84,84,84,84,84,7,40,40],"floor_reached":56,"language":"ENG","playtime":3725,"items_purged":["Strike_R"],"score":1350,"play_id":"7407aedd-8b23-475d-b131-7113ff2eb6ce","local_time":"20210223100236","is_ascension_mode":false,"campfire_choices":[{"data":"Clothesline","floor":6.0,"key":"SMITH"},{"data":"Disarm","floor":11.0,"key":"SMITH"},{"data":"Metallicize","floor":13.0,"key":"SMITH"},{"data":"Bash","floor":15.0,"key":"SMITH"},{"data":"Feed","floor":23.0,"key":"SMITH"},{"data":"Armaments","floor":27.0,"key":"SMITH"},{"data":"Barricade","floor":32.0,"key":"SMITH"},{"data":"Uppercut","floor":41,"key":"SMITH"},{"floor":47,"key":"RECALL"},{"data":"Shockwave","floor":49,"key":"SMITH"},{"data":"Disarm","floor":52,"key":"SMITH"}],"circlet_count":0,"master_deck":["Strike_R","Strike_R","Defend_R","Defend_R","Defend_R","Defend_R","Bash+1","Battle Trance","Armaments+1","Sword Boomerang","Clothesline+1","Disarm+1","Shrug It Off","Metallicize+1","Feed+1","Shrug It Off+1","Battle Trance","Headbutt","Burning Pact","Barricade+1","Exhume+1","Uppercut+1","Corruption","Shockwave+1","Disarm+1","Shrug It Off+1","Shockwave","Flame Barrier"],"relics":["Burning Blood","Lantern","Juzu Bracelet","Incense Burner","WarpedTongs","PreservedInsect","Runic Dome","InkBottle","Omamori","Red Skull","Runic Pyramid","Sling","Bottled Flame","Champion Belt","Orichalcum"],"acts_visited":["Exordium","TheCity","TheBeyond","TheEnding"],"potions_floor_usage":[50,55,55,55],"damage_taken":[{"damage":10.0,"enemies":"Cultist","floor":1.0,"turns":4.0},{"damage":12.0,"enemies":"2 Louse","floor":2.0,"turns":3.0},{"damage":6.0,"enemies":"Jaw Worm","floor":3.0,"turns":3.0},{"damage":14.0,"enemies":"Exordium Wildlife","floor":4.0,"turns":9.0},{"damage":0.0,"enemies":"Blue Slaver","floor":5.0,"turns":5.0},{"damage":3.0,"enemies":"Red Slaver","floor":8.0,"turns":6.0},{"damage":33.0,"enemies":"Lagavulin","floor":10.0,"turns":7.0},{"damage":17.0,"enemies":"3 Sentries","floor":14.0,"turns":9.0},{"damage":10.0,"enemies":"Slime Boss","floor":16.0,"turns":7.0},{"damage":17.0,"enemies":"2 Thieves","floor":18.0,"turns":5.0},{"damage":7.0,"enemies":"Shell Parasite","floor":21.0,"turns":7.0},{"damage":29.0,"enemies":"Gremlin Leader","floor":24.0,"turns":9.0},{"damage":5.0,"enemies":"Snake Plant","floor":28.0,"turns":5.0},{"damage":1.0,"enemies":"Sentry and Sphere","floor":30.0,"turns":11.0},{"damage":0.0,"enemies":"Book of Stabbing","floor":31.0,"turns":7.0},{"damage":0.0,"enemies":"Champ","floor":33.0,"turns":25.0},{"damage":0.0,"enemies":"Orb Walker","floor":35.0,"turns":4.0},{"damage":0,"enemies":"3 Shapes","floor":38,"turns":6},{"damage":0,"enemies":"Nemesis","floor":40,"turns":9},{"damage":10,"enemies":"Spire Growth","floor":42,"turns":8},{"damage":0,"enemies":"Mind Bloom Boss Battle","floor":44,"turns":11},{"damage":1,"enemies":"Sphere and 2 Shapes","floor":45,"turns":9},{"damage":0,"enemies":"Maw","floor":48,"turns":10},{"damage":91,"enemies":"Donu and Deca","floor":50,"turns":18},{"damage":47,"enemies":"Shield and Spear","floor":54,"turns":12},{"damage":79,"enemies":"The Heart","floor":55,"turns":15}],"seed_played":"9156774986646426931","potions_obtained":[{"floor":0.0,"key":"AttackPotion"},{"floor":0.0,"key":"FairyPotion"},{"floor":0.0,"key":"FairyPotion"},{"floor":2.0,"key":"HeartOfIron"},{"floor":5.0,"key":"LiquidBronze"},{"floor":24.0,"key":"Strength Potion"},{"floor":38,"key":"DistilledChaos"},{"floor":44,"key":"SteroidPotion"}],"is_trial":false,"path_per_floor":["M","M","M","M","M","R","$","M","T","E","R","?","R","E","R","B",null,"M","?","?","M","$","R","E","?","T","R","M","$","M","E","R","B",null,"M","?","?","M","$","E","R","M","T","?","M","$","R","M","R","B",null,"R","$","E","B",null],"character_chosen":"IRONCLAD","items_purchased":["Lantern","Barricade","Corruption","Sling","Shockwave","EssenceOfSteel"],"campfire_rested":0,"item_purchase_floors":[7,29,39,39,46,53],"current_hp_per_floor":[76,70,70,62,68,68,68,71,71,44,44,44,44,33,33,29,80,72,72,72,75,75,75,56,56,56,56,61,61,70,80,80,90,107,111,111,111,119,119,123,123,123,123,131,139,139,139,143,143,66,151,151,151,118,49],"gold":40,"neow_bonus":"THREE_SMALL_POTIONS","is_daily":false,"chose_seed":false,"campfire_upgraded":10,"win_rate":0.0,"timestamp":1614096156,"path_taken":["M","?","M","M","M","R","$","M","T","E","R","?","R","E","R","BOSS","M","?","?","M","?","R","E","?","T","R","M","$","M","E","R","BOSS","M","?","?","M","$","E","R","M","T","?","M","$","R","M","R","BOSS","R","$","E","BOSS"],"items_purchased_type":["Relic","Card","Card","Relic","Card","Potion"],"build_version":"2020-12-22","purchased_purges":1,"victory":true,"max_hp_per_floor":[80,80,80,80,80,80,80,80,80,80,80,80,80,80,80,80,80,83,83,83,87,87,87,91,91,91,91,95,95,99,103,103,107,107,111,111,111,119,119,123,123,127,127,131,139,139,139,143,143,151,151,151,151,159,163],"relic_stats":{"counters":[26,224],"PreservedInsect":209,"Juzu Bracelet":2,"Champion Belt":[43],"Orichalcum":[18],"obtain_stats":[{"Lantern":7,"PreservedInsect":14,"Juzu Bracelet":9,"Incense Burner":10,"Omamori":26,"Orichalcum":54,"Sling":39,"Burning Blood":0,"WarpedTongs":12,"Runic Dome":17,"Bottled Flame":40,"Champion Belt":44,"InkBottle":24,"Red Skull":31,"Runic Pyramid":34},{"Lantern":5,"PreservedInsect":8,"Juzu Bracelet":6,"Incense Burner":7,"Omamori":12,"Orichalcum":25,"Sling":18,"Burning Blood":0,"WarpedTongs":7,"Runic Dome":9,"Bottled Flame":19,"Champion Belt":21,"InkBottle":12,"Red Skull":15,"Runic Pyramid":16},{"Lantern":24,"PreservedInsect":46,"Juzu Bracelet":30,"Incense Burner":37,"Omamori":74,"Orichalcum":209,"Sling":132,"Burning Blood":0,"WarpedTongs":37,"Runic Dome":53,"Bottled Flame":141,"Champion Belt":160,"InkBottle":74,"Red Skull":97,"Runic Pyramid":122}],"Burning Blood":125,"InkBottle":[40],"WarpedTongs":[139]},"card_choices":[{"not_picked":["True Grit","Flex"],"picked":"Battle Trance","floor":1.0},{"not_picked":["Battle Trance","Havoc"],"picked":"Armaments","floor":2.0},{"not_picked":["Disarm","Feel No Pain"],"picked":"Sword Boomerang","floor":3.0},{"not_picked":["Whirlwind","Headbutt"],"picked":"Clothesline","floor":4.0},{"not_picked":["Rage","Dark Embrace"],"picked":"Disarm","floor":5.0},{"not_picked":["Wild Strike","True Grit"],"picked":"Shrug It Off","floor":8.0},{"not_picked":["Pummel","Armaments"],"picked":"Metallicize","floor":10.0},{"not_picked":["Iron Wave","Cleave","Anger"],"picked":"SKIP","floor":14.0},{"not_picked":["Berserk","Impervious"],"picked":"Feed","floor":16.0},{"not_picked":["True Grit","Iron Wave"],"picked":"Shrug It Off+1","floor":18.0},{"not_picked":["Clothesline","Twin Strike","Anger"],"picked":"SKIP","floor":21.0},{"not_picked":["Bloodletting","Limit Break","Infernal Blade+1"],"picked":"SKIP","floor":24.0},{"not_picked":["Fire Breathing+1","Iron Wave"],"picked":"Burning Pact","floor":28.0},{"not_picked":["Headbutt+1","Second Wind","Battle Trance"],"picked":"SKIP","floor":30.0},{"not_picked":["Havoc+1","Cleave","Anger"],"picked":"SKIP","floor":31.0},{"not_picked":["Immolate","Corruption"],"picked":"Exhume","floor":33.0},{"not_picked":["Burning Pact","Anger+1"],"picked":"Uppercut","floor":35.0},{"not_picked":["Cleave+1","Havoc+1","Heavy Blade+1"],"picked":"SKIP","floor":38},{"not_picked":["Anger","Flame Barrier+1"],"picked":"Shockwave","floor":40},{"not_picked":["Warcry+1","Feed"],"picked":"Disarm","floor":42},{"not_picked":["Cleave+1","Thunderclap"],"picked":"Shrug It Off+1","floor":44},{"not_picked":["Wild Strike","Body Slam+1","Combust+1"],"picked":"SKIP","floor":45},{"not_picked":["Armaments","Second Wind+1","Pommel Strike"],"picked":"SKIP","floor":48},{"not_picked":["Thunderclap+1","True Grit"],"picked":"Flame Barrier","floor":54}],"player_experience":1135893,"relics_obtained":[{"floor":9.0,"key":"Juzu Bracelet"},{"floor":10.0,"key":"Incense Burner"},{"floor":14.0,"key":"PreservedInsect"},{"floor":24.0,"key":"InkBottle"},{"floor":26.0,"key":"Omamori"},{"floor":31.0,"key":"Red Skull"},{"floor":40,"key":"Bottled Flame"},{"floor":44,"key":"Champion Belt"},{"floor":54,"key":"Orichalcum"}],"event_choices":[{"damage_healed":0.0,"max_hp_gain":0.0,"max_hp_loss":0.0,"gold_gain":0.0,"event_name":"Accursed Blacksmith","player_choice":"Rummage","floor":12.0,"gold_loss":0.0,"damage_taken":0.0,"relics_obtained":["WarpedTongs"],"cards_obtained":["Pain"]},{"cards_removed":["Pain"],"damage_healed":0.0,"max_hp_gain":0.0,"max_hp_loss":0.0,"gold_gain":0.0,"event_name":"Back to Basics","player_choice":"Elegance","floor":19.0,"gold_loss":0.0,"damage_taken":0.0},{"damage_healed":0.0,"max_hp_gain":0.0,"max_hp_loss":0.0,"gold_gain":0.0,"cards_transformed":["Strike_R","Strike_R"],"event_name":"Drug Dealer","player_choice":"Became Test Subject","floor":20.0,"gold_loss":0.0,"damage_taken":0.0,"cards_obtained":["Battle Trance","Headbutt"]},{"damage_healed":0.0,"max_hp_gain":0.0,"max_hp_loss":0.0,"gold_gain":0.0,"event_name":"N\u0027loth","player_choice":"Ignored","floor":25.0,"gold_loss":0.0,"damage_taken":0.0},{"damage_healed":0.0,"max_hp_gain":0.0,"max_hp_loss":0.0,"gold_gain":0.0,"event_name":"Upgrade Shrine","player_choice":"Upgraded","floor":36.0,"gold_loss":0.0,"damage_taken":0.0,"cards_upgraded":["Exhume"]},{"damage_healed":0,"gold_gain":0,"player_choice":"Ignored","damage_taken":0,"max_hp_gain":0,"max_hp_loss":0,"event_name":"Tomb of Lord Red Mask","floor":37,"gold_loss":0},{"damage_healed":0,"gold_gain":0,"player_choice":"Fight","damage_taken":0,"max_hp_gain":0,"max_hp_loss":0,"event_name":"MindBloom","floor":44,"gold_loss":0}],"is_beta":false,"boss_relics":[{"not_picked":["Coffee Dripper","Sozu"],"picked":"Runic Dome"},{"not_picked":["Velvet Choker","Snecko Eye"],"picked":"Runic Pyramid"}],"items_purged_floors":[22],"is_endless":false,"potions_floor_spawned":[2,3,5,8,10,24,30,38,44,45,48],"ascension_level":0}}