{"host":"7wi4qgm5yw4j7oz0","time":1614085669,"event":{"mods":["AchievementEnabler","BaseMod","Block Reminder","Colored Map","Colored Powertips","Highlight Path","Minty Spire (QoL Compilation)","Permanent Neow","Random Character Button","StSLib","SuperFastMode","everything is the same but u backflip on backflip"],"gold_per_floor":[117,136,155,80,96,96,96,21,44,44,69,69,97,114,114,187,187,200,214,214,228,239,239,273,273,273,282,317,328,328,328,328,415,424,440,498,532,31,67,103,103,133,159,168,202,231,231,271,271,271],"floor_reached":51,"language":"KOR","playtime":2369,"items_purged":["Regret","Decay"],"score":1414,"play_id":"f84e93f3-5514-4b38-a846-4f55038631d0","local_time":"20210223220749","is_ascension_mode":true,"campfire_choices":[{"data":"Whirlwind","floor":6.0,"key":"SMITH"},{"data":"Anger","floor":10.0,"key":"SMITH"},{"data":"Pommel Strike","floor":12.0,"key":"SMITH"},{"data":"Bludgeon","floor":15.0,"key":"SMITH"},{"data":"Body Slam","floor":23.0,"key":"SMITH"},{"data":"Shockwave","floor":25.0,"key":"SMITH"},{"data":"Corruption","floor":30.0,"key":"SMITH"},{"floor":32.0,"key":"REST"},{"data":"Double Tap","floor":41.0,"key":"SMITH"},{"data":"Dual Wield","floor":47,"key":"SMITH"},{"floor":49,"key":"REST"}],"circlet_count":0,"master_deck":["AscendersBane","Strike_R+1","Strike_R+1","Strike_R+1","Strike_R+1","Defend_R+1","Defend_R+1","Defend_R+1","Defend_R+1","Bash","Pommel Strike+1","Whirlwind+1","Anger+1","Shrug It Off","Bludgeon+1","Corruption+1","Body Slam+1","Dual Wield+1","Shockwave+1","Shrug It Off","Flame Barrier","Double Tap+1","CurseOfTheBell","Battle Trance","Battle Trance+1","Shrug It Off","Dark Embrace+1","Demon Form+1","Disarm+1","Shrug It Off","Good Instincts","Battle Trance+1","Heavy Blade+1","Burning Pact","Parasite","Intimidate+1","Rage"],"relics":["Burning Blood","Turnip","MealTicket","Ancient Tea Set","Vajra","Philosopher\u0027s Stone","CeramicFish","Girya","Frozen Egg 2","Happy Flower","Calling Bell","Bag of Marbles","Question Card","Torii","Prayer Wheel","PreservedInsect","HandDrill","Lantern","Pen Nib","Bronze Scales","Incense Burner"],"acts_visited":["Exordium","TheCity","TheBeyond"],"potions_floor_usage":[48],"damage_taken":[{"damage":13.0,"enemies":"Cultist","floor":1.0,"turns":4.0},{"damage":7.0,"enemies":"Jaw Worm","floor":2.0,"turns":3.0},{"damage":10.0,"enemies":"2 Louse","floor":3.0,"turns":2.0},{"damage":10.0,"enemies":"Exordium Wildlife","floor":5.0,"turns":5.0},{"damage":10.0,"enemies":"3 Sentries","floor":11.0,"turns":2.0},{"damage":22.0,"enemies":"Lagavulin","floor":13.0,"turns":5.0},{"damage":11.0,"enemies":"Looter","floor":14.0,"turns":2.0},{"damage":7.0,"enemies":"Slime Boss","floor":16.0,"turns":6.0},{"damage":16.0,"enemies":"2 Thieves","floor":18.0,"turns":3.0},{"damage":14.0,"enemies":"3 Byrds","floor":19.0,"turns":4.0},{"damage":14.0,"enemies":"Cultist and Chosen","floor":21.0,"turns":6.0},{"damage":21.0,"enemies":"Snake Plant","floor":22.0,"turns":2.0},{"damage":4.0,"enemies":"Slavers","floor":24.0,"turns":4.0},{"damage":26.0,"enemies":"Gremlin Leader","floor":28.0,"turns":4.0},{"damage":11.0,"enemies":"Centurion and Healer","floor":29.0,"turns":3.0},{"damage":58.0,"enemies":"Champ","floor":33.0,"turns":10.0},{"damage":8.0,"enemies":"3 Shapes","floor":35.0,"turns":3.0},{"damage":40.0,"enemies":"2 Orb Walkers","floor":36.0,"turns":5.0},{"damage":6.0,"enemies":"Orb Walker","floor":37.0,"turns":2.0},{"damage":0.0,"enemies":"Sphere and 2 Shapes","floor":39.0,"turns":2.0},{"damage":6.0,"enemies":"Giant Head","floor":40.0,"turns":5.0},{"damage":36.0,"enemies":"Reptomancer","floor":42.0,"turns":3.0},{"damage":0.0,"enemies":"Mind Bloom Boss Battle","floor":45.0,"turns":4.0},{"damage":3,"enemies":"Maw","floor":46,"turns":6},{"damage":15,"enemies":"Writhing Mass","floor":48,"turns":5},{"damage":48,"enemies":"Awakened One","floor":50,"turns":10}],"seed_played":"7560482167201806615","potions_obtained":[{"floor":1.0,"key":"Fruit Juice"},{"floor":2.0,"key":"FearPotion"},{"floor":3.0,"key":"LiquidMemories"},{"floor":13.0,"key":"BloodPotion"},{"floor":16.0,"key":"Weak Potion"},{"floor":18.0,"key":"Energy Potion"},{"floor":19.0,"key":"HeartOfIron"},{"floor":24.0,"key":"BloodPotion"},{"floor":28.0,"key":"BlessingOfTheForge"},{"floor":33.0,"key":"BloodPotion"},{"floor":37.0,"key":"ColorlessPotion"},{"floor":39.0,"key":"SpeedPotion"},{"floor":46,"key":"Fire Potion"},{"floor":48,"key":"BloodPotion"}],"is_trial":false,"path_per_floor":["M","M","M","$","M","R","?","?","T","R","E","R","E","M","R","B",null,"M","M","?","M","M","R","E","R","T","?","E","M","R","?","R","B",null,"M","?","M","$","M","E","R","E","T","?","?","M","R","M","R","B",null],"character_chosen":"IRONCLAD","items_purchased":["Dark Embrace+1","PreservedInsect","HandDrill"],"campfire_rested":2,"item_purchase_floors":[38,38,38],"current_hp_per_floor":[66,65,61,61,57,57,57,57,57,57,53,53,37,32,32,31,68,74,66,66,58,43,43,45,45,45,45,41,36,36,36,60,8,62,60,42,42,57,63,63,63,33,33,33,39,42,42,49,73,31],"gold":271,"neow_bonus":"ONE_RARE_RELIC","is_daily":false,"chose_seed":false,"campfire_upgraded":9,"win_rate":0.0,"timestamp":1614085669,"path_taken":["M","M","M","$","?","R","?","?","T","R","E","R","E","M","R","BOSS","M","M","?","M","M","R","E","R","T","?","E","M","R","?","R","BOSS","M","?","M","$","M","E","R","E","T","?","?","M","R","M","R","BOSS"],"items_purchased_type":["Card","Relic","Relic"],"build_version":"2020-12-22","purchased_purges":2,"victory":true,"max_hp_per_floor":[80,80,80,80,80,80,80,80,80,80,80,80,80,80,80,80,80,80,80,80,80,80,80,80,80,80,80,80,80,80,80,80,80,80,80,80,80,80,80,80,80,80,80,80,80,80,80,80,80,80],"card_choices":[{"not_picked":["Dropkick","Bloodletting"],"picked":"Pommel Strike","floor":1.0},{"not_picked":["Armaments","Sword Boomerang"],"picked":"Whirlwind","floor":2.0},{"not_picked":["Pummel","Seeing Red"],"picked":"Anger","floor":3.0},{"not_picked":["Twin Strike","Clash","Flex"],"picked":"SKIP","floor":5.0},{"not_picked":["Heavy Blade","Rage"],"picked":"Shrug It Off","floor":11.0},{"not_picked":["Anger","Whirlwind"],"picked":"Bludgeon","floor":13.0},{"not_picked":["Pummel","Clothesline","Carnage"],"picked":"SKIP","floor":14.0},{"not_picked":["Immolate","Bludgeon"],"picked":"Corruption","floor":16.0},{"not_picked":["Perfected Strike","Pommel Strike"],"picked":"Body Slam","floor":18.0},{"not_picked":["Cleave","Thunderclap+1"],"picked":"Dual Wield","floor":19.0},{"not_picked":["Rage","Heavy Blade"],"picked":"Shockwave","floor":21.0},{"not_picked":["Bloodletting","Flex","Dual Wield"],"picked":"SKIP","floor":22.0},{"not_picked":["Disarm","Thunderclap"],"picked":"Shrug It Off","floor":24.0},{"not_picked":["Cleave","Power Through"],"picked":"Flame Barrier","floor":28.0},{"not_picked":["Reckless Charge","Perfected Strike","Thunderclap+1"],"picked":"SKIP","floor":29.0},{"not_picked":["Limit Break","Reaper"],"picked":"Double Tap","floor":33.0},{"not_picked":["Heavy Blade+1","Clothesline","Havoc","Cleave"],"picked":"SKIP","floor":35.0},{"not_picked":["Body Slam","Combust+1","Pummel"],"picked":"Battle Trance","floor":36.0},{"not_picked":["True Grit","Perfected Strike","Ghostly Armor"],"picked":"Battle Trance+1","floor":37.0},{"not_picked":["Wild Strike","Battle Trance","Inflame+1"],"picked":"Shrug It Off","floor":37.0},{"not_picked":["Blood for Blood","Iron Wave","Sword Boomerang+1"],"picked":"Demon Form+1","floor":39.0},{"not_picked":["Power Through","Armaments+1","Clothesline"],"picked":"Disarm+1","floor":39.0},{"not_picked":["Headbutt+1","Evolve+1","Flex+1"],"picked":"Shrug It Off","floor":40.0},{"not_picked":["Armaments","Heavy Blade","Evolve+1","Dual Wield"],"picked":"SKIP","floor":42.0},{"not_picked":["Jack Of All Trades","Panacea","HandOfGreed"],"picked":"Good Instincts","floor":44.0},{"not_picked":["Twin Strike","Clothesline","Anger"],"picked":"Battle Trance+1","floor":45.0},{"not_picked":["Headbutt","Brutality+1","Carnage"],"picked":"Heavy Blade+1","floor":46},{"not_picked":["Heavy Blade+1","Dropkick","Havoc"],"picked":"Burning Pact","floor":46},{"not_picked":["Clothesline","Perfected Strike","Dual Wield"],"picked":"Intimidate+1","floor":48},{"not_picked":["Twin Strike","Dark Embrace+1","Dropkick"],"picked":"Rage","floor":48}],"player_experience":356199,"relics_obtained":[{"floor":9.0,"key":"MealTicket"},{"floor":11.0,"key":"Ancient Tea Set"},{"floor":13.0,"key":"Vajra"},{"floor":24.0,"key":"CeramicFish"},{"floor":26.0,"key":"Girya"},{"floor":28.0,"key":"Frozen Egg 2"},{"floor":31.0,"key":"Happy Flower"},{"floor":34.0,"key":"Bag of Marbles"},{"floor":34.0,"key":"Question Card"},{"floor":34.0,"key":"Torii"},{"floor":36.0,"key":"Prayer Wheel"},{"floor":40.0,"key":"Lantern"},{"floor":42.0,"key":"Pen Nib"},{"floor":43.0,"key":"Bronze Scales"},{"floor":45.0,"key":"Incense Burner"}],"event_choices":[{"damage_healed":0.0,"max_hp_gain":0.0,"max_hp_loss":0.0,"gold_gain":0.0,"event_name":"Liars Game","player_choice":"Ignored","floor":7.0,"gold_loss":0.0,"damage_taken":0.0},{"cards_removed":["Strike_R"],"damage_healed":0.0,"max_hp_gain":0.0,"max_hp_loss":0.0,"gold_gain":0.0,"event_name":"The Cleric","player_choice":"Card Removal","floor":8.0,"gold_loss":75.0,"damage_taken":0.0},{"damage_healed":0.0,"max_hp_gain":0.0,"max_hp_loss":0.0,"gold_gain":0.0,"event_name":"Back to Basics","player_choice":"Simplicity","floor":20.0,"gold_loss":0.0,"damage_taken":0.0,"cards_upgraded":["Strike_R","Strike_R","Strike_R","Strike_R","Defend_R","Defend_R","Defend_R","Defend_R"]},{"damage_healed":0.0,"max_hp_gain":0.0,"max_hp_loss":0.0,"gold_gain":0.0,"event_name":"Forgotten Altar","player_choice":"Smashed Altar","floor":27.0,"gold_loss":0.0,"damage_taken":0.0,"cards_obtained":["Decay"]},{"damage_healed":0.0,"max_hp_gain":0.0,"max_hp_loss":0.0,"gold_gain":0.0,"event_name":"Wheel of Change","player_choice":"Relic","floor":31.0,"gold_loss":0.0,"damage_taken":0.0},{"damage_healed":0.0,"max_hp_gain":0.0,"max_hp_loss":0.0,"gold_gain":0.0,"event_name":"Mysterious Sphere","player_choice":"Fight","floor":36.0,"gold_loss":0.0,"damage_taken":0.0},{"damage_healed":0.0,"max_hp_gain":0.0,"max_hp_loss":0.0,"gold_gain":0.0,"event_name":"SensoryStone","player_choice":"Memory 1","floor":44.0,"gold_loss":0.0,"damage_taken":0.0},{"damage_healed":0.0,"max_hp_gain":0.0,"max_hp_loss":0.0,"gold_gain":0.0,"event_name":"MindBloom","player_choice":"Fight","floor":45.0,"gold_loss":0.0,"damage_taken":0.0}],"is_beta":false,"boss_relics":[{"not_picked":["Runic Pyramid","Mark of Pain"],"picked":"Philosopher\u0027s Stone"},{"not_picked":["Pandora\u0027s Box","Black Star"],"picked":"Calling Bell"}],"items_purged_floors":[4,38],"is_endless":false,"potions_floor_spawned":[1,2,3,13,16,18,19,24,28,33,37,39,46,48],"ascension_level":16}}