{"host":"ut3qe46kys7sl3ey","time":1614047351,"event":{"mods":["2.2 Compatiblity","AchievementEnabler","Bard","BaseMod","Bestiary","Better Altar","Better Match","Better Note","Better Sensory Stone","Better Skull","Better Third Choice","BetterRewards","Block Reminder","Colored Map","Colored Powertips","Curses Come First","DeckTracker","Downfall","Energized Spire","Friendly Minions","Highlight Path","Hubris","Infinite Spire","Minty Spire (QoL Compilation)","Permanent Neow","Quick Restart","Random Character Button","Relic Sorter","Relic Stats","Reliquary","Replay The Spire","StSLib","The Blue Laboratory","The Bug Knight","The Construct","The Cursed","The Jungle","The Mystic","The Spell Scribe","Unceasing Turn Reminder","Unknown Chances","Wandering Minibosses"],"gold_per_floor":[109,124,141,154,166,166,194,194,194,226,245,245,13,27,27,122,122,134,134,134,154,54,54,81,94,94,94,121,137,137,137,137,241,241,252,269,269,316,332,332,344,344,304,336,355,355,375,375,471,471,480,480,480,8,12,27,21,21,44,35,43,43,47,65,65,139,139,148,58,58,56,56,56,54,52,75,66,108,29,29,29,29,98,98,100,92,92,92,89,89,78,78],"floor_reached":92,"language":"ENG","playtime":6938,"items_purged":["Strike_B","Strike_B","Strike_B","Pain","Sunder","Defend_B","Defend_B"],"score":1700,"play_id":"5c11e9e5-c7ca-4fe3-bb42-39b96e6e11ed","local_time":"20210223042911","is_ascension_mode":false,"campfire_choices":[{"data":"infinitespire:Oblivion","floor":6.0,"key":"SMITH"},{"data":"Rainbow","floor":8.0,"key":"SMITH"},{"data":"Loop","floor":12.0,"key":"SMITH"},{"data":"Consume","floor":15.0,"key":"SMITH"},{"data":"infinitespire:Oblivion","floor":23.0,"key":"SMITH"},{"floor":30.0,"key":"REST"},{"floor":40.0,"key":"REST"},{"floor":47.0,"key":"REST"},{"floor":49.0,"key":"REST"},{"data":"Redo","floor":63.0,"key":"SMITH"},{"floor":66,"key":"REST"},{"data":"Crystallizer","floor":74,"key":"SMITH"},{"data":"Defragment","floor":81,"key":"SMITH"},{"data":"infinitespire:Punishment","floor":83,"key":"SMITH"},{"data":"infinitespire:Punishment","floor":91,"key":"SMITH"}],"circlet_count":0,"master_deck":["infinitespire:Oblivion+1","Defend_B","Defend_B","Zap+1","Dualcast","Rainbow+1","Loop+1","Go for the Eyes","Conserve Battery","Consume+1","BasicCrystalCard","Cold Snap","BootSequence+1","Core Surge","CurseOfTheBell","Capacitor+1","infinitespire:Oblivion+1","Apotheosis+1","Turbo+1","Tempest","Consume","Mirror Shield+1","Redo+1","Crystallizer+1","Leap","ReplayRNGCard+1","Blizzard+1","Stack+1","Burst+1","Time Bomb+1","Mirror Shield+1","Leap+1","infinitespire:SealOfDarkness+","White Noise+1","White Noise+1","Thunder Strike","Fission+1","BootSequence+1","Chill+1","ReplayTheSpireMod:Private Reserves+1","wanderingMiniBosses:FinaleOfPromise+1","White Noise+1","ReplayTheSpireMod:Calculation Training+1","Defragment+1","infinitespire:Punishment+1","infinitespire:Punishment+1"],"relics":["Cracked Core","Bottled Flame","Blood Vial","reliquary:Sod","Strange Spoon","Calling Bell","infinitespire:Satchel","infinitespire:Eraser","Calipers","reliquary:OuijaBoard","hubris:DeckOfHolding","Sundial","WarpedTongs","infinitespire:Golems Mask","Inserter","reliquary:GummyVitamins","hubris:Teleporter","Toxic Egg 2","Ring of Chaos","infinitespire:Beetle Shell","Blue Candle","hubris:FunFungus","ReplayFunnel","Prayer Wheel","Lee\u0027s Waffle","reliquary:Stiletto","Anchor","Nuclear Battery","hubris:Icosahedron","wanderingMiniBosses:Blackblade","hubris:BottledHeart","Replay:Mystery Machine","reliquary:PartyBalloon","Prayer Wheel","Darkstone Periapt","Ice Cream","construct:ClawGrip"],"acts_visited":["Exordium","TheCity","TheBeyond","Exordium","TheCity","TheBeyond"],"potions_floor_usage":[65,79],"damage_taken":[{"damage":1.0,"enemies":"Jaw Worm","floor":1.0,"turns":3.0},{"damage":1.0,"enemies":"Cultist","floor":2.0,"turns":3.0},{"damage":11.0,"enemies":"Small Slimes","floor":3.0,"turns":7.0},{"damage":12.0,"enemies":"Gremlin Gang","floor":4.0,"turns":5.0},{"damage":0.0,"enemies":"3 Louse","floor":5.0,"turns":2.0},{"damage":0.0,"enemies":"HollowMod:MossKnight","floor":7.0,"turns":3.0},{"damage":1.0,"enemies":"Replay:BlueRogue","floor":10.0,"turns":5.0},{"damage":0.0,"enemies":"Red Slaver","floor":11.0,"turns":2.0},{"damage":7.0,"enemies":"Blue Slaver","floor":14.0,"turns":2.0},{"damage":17.0,"enemies":"The Guardian","floor":16.0,"turns":9.0},{"damage":36.0,"enemies":"3 Byrds","floor":18.0,"turns":7.0},{"damage":6.0,"enemies":"Snake Plant","floor":21.0,"turns":2.0},{"damage":37.0,"enemies":"Slavers","floor":24.0,"turns":5.0},{"damage":0.0,"enemies":"Sentry and Sphere","floor":25.0,"turns":4.0},{"damage":3.0,"enemies":"Nightmare","floor":28.0,"turns":7.0},{"damage":5.0,"enemies":"Centurion and Healer","floor":29.0,"turns":5.0},{"damage":1.0,"enemies":"Champ","floor":33.0,"turns":6.0},{"damage":30.0,"enemies":"3 Shapes","floor":35.0,"turns":5.0},{"damage":7.0,"enemies":"3 Darklings","floor":36.0,"turns":5.0},{"damage":45.0,"enemies":"2 Orb Walkers","floor":38.0,"turns":5.0},{"damage":3.0,"enemies":"Maw","floor":39.0,"turns":6.0},{"damage":13.0,"enemies":"Jaw Worm Horde","floor":41.0,"turns":4.0},{"damage":6.0,"enemies":"Nemesis","floor":45.0,"turns":3.0},{"damage":3.0,"enemies":"Spire Growth","floor":46.0,"turns":5.0},{"damage":0.0,"enemies":"Maw","floor":48.0,"turns":10.0},{"damage":12.0,"enemies":"Donu and Deca","floor":50.0,"turns":8.0},{"damage":0.0,"enemies":"2 Louse","floor":52.0,"turns":2.0},{"damage":0.0,"enemies":"infinitespire:Voidling","floor":56.0,"turns":2.0},{"damage":18.0,"enemies":"Lagavulin","floor":57.0,"turns":5.0},{"damage":27.0,"enemies":"Jaw Worm","floor":58.0,"turns":4.0},{"damage":0.0,"enemies":"Large Slime","floor":61.0,"turns":5.0},{"damage":0.0,"enemies":"3 Louse","floor":62.0,"turns":2.0},{"damage":31.0,"enemies":"Gremlin Gang","floor":64.0,"turns":3.0},{"damage":11,"enemies":"Gremlin Nob","floor":65,"turns":3},{"damage":27,"enemies":"Slime Boss","floor":67,"turns":7},{"damage":0,"enemies":"Spheric Guardian","floor":69,"turns":2},{"damage":9,"enemies":"Shell Parasite","floor":72,"turns":4},{"damage":0,"enemies":"Gremlin Leader","floor":75,"turns":5},{"damage":0,"enemies":"Centurion and Healer","floor":76,"turns":4},{"damage":0,"enemies":"3 Cultists","floor":78,"turns":5},{"damage":0,"enemies":"Colosseum Slavers","floor":79,"turns":4},{"damage":0,"enemies":"Colosseum Nobs","floor":79,"turns":5},{"damage":0,"enemies":"hubris:MusketHawk","floor":84,"turns":5},{"damage":0,"enemies":"Orb Walker","floor":86,"turns":2},{"damage":0,"enemies":"3 Darklings","floor":87,"turns":4},{"damage":0,"enemies":"Maw","floor":90,"turns":4},{"damage":15,"enemies":"Reptomancer","floor":92,"turns":2}],"seed_played":"-618040894179659497","potions_obtained":[{"floor":2.0,"key":"blueLaboratory:StoneskinPotion"},{"floor":5.0,"key":"construct:ShiftPotion"},{"floor":11.0,"key":"blueLaboratory:BubblePotion"},{"floor":16.0,"key":"blueLaboratory:CreativityPotion"},{"floor":18.0,"key":"Fruit Juice"},{"floor":29.0,"key":"Guardian:BlockOnCardUsePotion"},{"floor":46.0,"key":"Strength Potion"},{"floor":57.0,"key":"blueLaboratory:SystemWipe"},{"floor":61.0,"key":"blueLaboratory:LouseDecoction"},{"floor":69,"key":"Explosive Potion"},{"floor":78,"key":"PowerPotion"}],"is_trial":false,"path_per_floor":["M","M","M","M","M","R","E","R","T","E","M","R","$","M","R","B",null,"M","AVR","?","M","$","R","E","M","T","?","NM","M","R","?","R_BF","B",null,"M","M","AVR","?","M","R","M","T","?","E","M","R","M","R","B",null,"M","?","?","$","M","E","M","AVR","T","M","M","R","M","E","R","B",null,"M","$","?","M","?","R","E","M","T","M","?","$","R","AVR","R","B",null,"M","M","?","?","M","R","E"],"character_chosen":"DEFECT","items_purchased":["Strange Spoon","hubris:FunFungus","Time Bomb+1","ReplayTheSpireMod:Private Reserves+1","Defragment"],"campfire_rested":5,"item_purchase_floors":[13,55,55,70,80],"current_hp_per_floor":[74,73,62,50,50,50,50,50,50,51,53,53,53,48,48,33,75,44,44,44,40,40,40,5,7,7,7,6,3,27,27,27,28,80,50,45,45,2,1,25,14,14,14,10,9,33,35,59,49,80,80,80,55,55,57,41,16,87,87,87,87,87,58,53,79,60,87,87,87,87,78,1,1,1,1,1,1,1,1,1,1,1,1,1,1,1,1,1,1,1,0,0],"gold":78,"neow_bonus":"ONE_RANDOM_RARE_CARD","is_daily":false,"chose_seed":false,"campfire_upgraded":10,"win_rate":0.0,"timestamp":1614047351,"path_taken":["M","M","M","M","M","R","E","R","T","E","M","R","$","M","R","BOSS","M","AVR","?","M","$","R","E","M","T","?","NM","?","R","?","R_BF","BOSS","M","M","AVR","?","M","R","M","T","?","E","M","R","M","R","BOSS","M","?","?","$","M","E","M","AVR","T","M","M","R","M","E","R","BOSS","M","$","?","M","?","R","E","M","T","M","?","?","R","AVR","R","BOSS","M","M","?","?","M","R","E"],"items_purchased_type":["Relic","Relic","Card","Card","Card"],"build_version":"2020-12-22","purchased_purges":7,"victory":false,"max_hp_per_floor":[75,75,75,75,75,75,75,75,75,75,75,75,75,75,75,75,75,80,80,80,80,80,80,80,80,80,80,80,80,80,80,80,80,80,80,80,80,80,80,80,80,80,80,80,80,80,80,80,80,80,80,80,80,80,80,80,80,87,87,87,87,87,87,87,87,87,87,87,87,87,87,1,1,1,1,1,1,1,1,1,1,1,1,1,1,1,1,1,1,1,1,1],"relic_stats":{"Blood Vial":46,"Darkstone Periapt":0,"Strange Spoon":[79],"Lee\u0027s Waffle":71,"Inserter":[62],"counters":[47,206],"Sundial":[4],"Blue Candle":[2],"Prayer Wheel":11,"obtain_stats":[{"reliquary:OuijaBoard":19,"ReplayFunnel":57,"Darkstone Periapt":79,"Ice Cream":82,"Calipers":17,"reliquary:PartyBalloon":77,"Replay:Mystery Machine":75,"Blood Vial":9,"hubris:Icosahedron":71,"Sundial":26,"hubris:DeckOfHolding":24,"infinitespire:Golems Mask":28,"Prayer Wheel":58,"hubris:FunFungus":55,"infinitespire:Eraser":17,"Toxic Egg 2":43,"Cracked Core":0,"Lee\u0027s Waffle":59,"construct:ClawGrip":85,"Inserter":34,"hubris:Teleporter":38,"Blue Candle":54,"Ring of Chaos":51,"infinitespire:Beetle Shell":54,"WarpedTongs":27,"Nuclear Battery":68,"reliquary:Sod":10,"Calling Bell":17,"Strange Spoon":13,"Bottled Flame":7,"Anchor":65,"wanderingMiniBosses:Blackblade":72,"hubris:BottledHeart":73,"infinitespire:Satchel":17,"reliquary:GummyVitamins":37,"reliquary:Stiletto":60},{"reliquary:OuijaBoard":11,"ReplayFunnel":29,"Darkstone Periapt":42,"Ice Cream":42,"Calipers":10,"reliquary:PartyBalloon":39,"Replay:Mystery Machine":38,"Blood Vial":6,"hubris:Icosahedron":36,"Sundial":14,"hubris:DeckOfHolding":13,"infinitespire:Golems Mask":15,"Prayer Wheel":30,"hubris:FunFungus":27,"infinitespire:Eraser":10,"Toxic Egg 2":22,"Cracked Core":0,"Lee\u0027s Waffle":30,"construct:ClawGrip":43,"Inserter":17,"hubris:Teleporter":20,"Blue Candle":27,"Ring of Chaos":26,"infinitespire:Beetle Shell":27,"WarpedTongs":14,"Nuclear Battery":35,"reliquary:Sod":7,"Calling Bell":10,"Strange Spoon":8,"Bottled Flame":6,"Anchor":34,"wanderingMiniBosses:Blackblade":37,"hubris:BottledHeart":37,"infinitespire:Satchel":10,"reliquary:GummyVitamins":19,"reliquary:Stiletto":30},{"reliquary:OuijaBoard":48,"ReplayFunnel":136,"Darkstone Periapt":189,"Ice Cream":189,"Calipers":41,"reliquary:PartyBalloon":175,"Replay:Mystery Machine":171,"Blood Vial":23,"hubris:Icosahedron":162,"Sundial":59,"hubris:DeckOfHolding":55,"infinitespire:Golems Mask":66,"Prayer Wheel":139,"hubris:FunFungus":130,"infinitespire:Eraser":41,"Toxic Egg 2":102,"Cracked Core":0,"Lee\u0027s Waffle":140,"construct:ClawGrip":194,"Inserter":77,"hubris:Teleporter":92,"Blue Candle":130,"Ring of Chaos":128,"infinitespire:Beetle Shell":130,"WarpedTongs":59,"Nuclear Battery":160,"reliquary:Sod":28,"Calling Bell":41,"Strange Spoon":30,"Bottled Flame":23,"Anchor":153,"wanderingMiniBosses:Blackblade":166,"hubris:BottledHeart":166,"infinitespire:Satchel":41,"reliquary:GummyVitamins":87,"reliquary:Stiletto":140}],"WarpedTongs":[95]},"card_choices":[{"not_picked":["Stack","Auto Shields"],"picked":"Loop","floor":1.0},{"not_picked":["Sweeping Beam","Coolheaded"],"picked":"Go for the Eyes","floor":2.0},{"not_picked":["ReplayTheSpireMod:GoodbyeWorld","Coolheaded"],"picked":"Conserve Battery","floor":3.0},{"not_picked":["Blizzard","Barrage"],"picked":"Sunder","floor":4.0},{"not_picked":["Hologram","Stack","Gash"],"picked":"SKIP","floor":5.0},{"not_picked":["hubris:Ukulele","Chill"],"picked":"Consume","floor":7.0},{"not_picked":["Streamline","Cold Snap"],"picked":"BasicCrystalCard","floor":10.0},{"not_picked":["Compile Driver","Reprogram"],"picked":"Cold Snap","floor":11.0},{"not_picked":["Fission","Auto Shields"],"picked":"BootSequence","floor":14.0},{"not_picked":["hubris:Prefetch","All For One"],"picked":"Core Surge","floor":16.0},{"not_picked":["Hologram","Rebound"],"picked":"Capacitor+1","floor":18.0},{"not_picked":["Reprogram","Steam"],"picked":"Turbo","floor":21.0},{"not_picked":["Consume","ReplayTheSpireMod:Reroute Power+1","BasicCrystalCard+1"],"picked":"SKIP","floor":24.0},{"not_picked":["Blizzard","ReplaySort"],"picked":"Tempest","floor":25.0},{"not_picked":["Chaos+1","Streamline"],"picked":"Lockon","floor":28.0},{"not_picked":["Ball Lightning","Hologram","Coolheaded"],"picked":"SKIP","floor":29.0},{"not_picked":["Reboot","hubris:SpecializedCircuitry"],"picked":"Mirror Shield","floor":33.0},{"not_picked":["Turbo","Capacitor+1","Cold Snap"],"picked":"SKIP","floor":35.0},{"not_picked":["Sweeping Beam","Compile Driver"],"picked":"Redo","floor":36.0},{"not_picked":["Go for the Eyes","Streamline+1"],"picked":"Crystallizer","floor":38.0},{"not_picked":["Compile Driver","ReplayTheSpireMod:Repulse+1","Aggregate+1"],"picked":"SKIP","floor":39.0},{"not_picked":["ReplaySolidLightProjector+1","Tempest+1"],"picked":"Leap","floor":41.0},{"not_picked":["Glacier+1","Self Repair"],"picked":"ReplayRNGCard+1","floor":45.0},{"not_picked":["Beam Cell","Turbo+1"],"picked":"Blizzard+1","floor":46.0},{"not_picked":["Capacitor","Consume+1","Coolheaded+1"],"picked":"SKIP","floor":48.0},{"not_picked":["hubris:Prefetch+1","Meteor Strike"],"picked":"ReplayTheSpireMod:Fabricate Wheel+1","floor":50.0},{"not_picked":["Panic Button+1","Crystallizer"],"picked":"Stack+1","floor":52.0},{"not_picked":["ReplaySolidLightProjector+1","Glacier+1","Sweeping Beam"],"picked":"SKIP","floor":56.0},{"not_picked":["All For One","Recycle+1","Steam+1"],"picked":"SKIP","floor":57.0},{"not_picked":["Barrage","Cold Snap"],"picked":"Leap+1","floor":58.0},{"not_picked":["Streamline","Chaos+1","Auto Shields+1"],"picked":"SKIP","floor":58.0},{"not_picked":["Gash","Hologram+1"],"picked":"White Noise+1","floor":61.0},{"not_picked":["Sweeping Beam","Conserve Battery+1","Stack+1"],"picked":"SKIP","floor":61.0},{"not_picked":["Time Bomb+1","Hologram+1"],"picked":"White Noise+1","floor":62.0},{"not_picked":["Ball Lightning","Gash","Rebound"],"picked":"SKIP","floor":62.0},{"not_picked":["Panic Button+1","Cold Snap"],"picked":"Thunder Strike","floor":64.0},{"not_picked":["Turbo+1","Conserve Battery+1","Hologram+1"],"picked":"SKIP","floor":64.0},{"not_picked":["ReplayGash","Time Bomb+1","Biased Cognition"],"picked":"SKIP","floor":65},{"not_picked":["ReplayGash","Time Bomb+1","Biased Cognition"],"picked":"SKIP","floor":65},{"not_picked":["hubris:SpecializedCircuitry","Creative AI"],"picked":"Fission+1","floor":67},{"not_picked":["ReplaySort+1","Blizzard+1"],"picked":"BootSequence+1","floor":69},{"not_picked":["Sweeping Beam+1","Redo+1"],"picked":"Chill+1","floor":69},{"not_picked":[],"picked":"wanderingMiniBosses:FinaleOfPromise","floor":72},{"not_picked":["ReplayTheSpireMod:System Scan+1","Conserve Battery+1"],"picked":"White Noise+1","floor":72},{"not_picked":["ReplayTheSpireMod:Repulse+1","BootSequence+1","Consume+1"],"picked":"SKIP","floor":72},{"not_picked":["Turbo+1","Go for the Eyes","Tempest+1"],"picked":"SKIP","floor":75},{"not_picked":["Barrage","Mirror Shield+1"],"picked":"ReplayTheSpireMod:Calculation Training+1","floor":76},{"not_picked":["Tempest+1","Ball Lightning+1","Rip and Tear"],"picked":"SKIP","floor":76},{"not_picked":["Gash","Turbo+1","Hologram+1"],"picked":"SKIP","floor":78},{"not_picked":["Time Bomb+1","ReplayTheSpireMod:System Scan+1","Redo+1"],"picked":"SKIP","floor":78},{"not_picked":["infinitespire:Gouge","infinitespire:DeathsTouch"],"picked":"infinitespire:Punishment","floor":84},{"not_picked":["Skim+1","Compile Driver+1","Turbo+1"],"picked":"SKIP","floor":86},{"not_picked":["Blizzard","Hologram+1","Compile Driver+1"],"picked":"SKIP","floor":86},{"not_picked":["Sweeping Beam+1","BootSequence+1","Redo+1"],"picked":"SKIP","floor":86},{"not_picked":["Sweeping Beam","Coolheaded+1","Sunder"],"picked":"SKIP","floor":87},{"not_picked":["Leap+1","Heatsinks+1","BootSequence+1"],"picked":"SKIP","floor":87},{"not_picked":["Cold Snap+1","Stack+1","ReplayTheSpireMod:Calculation Training+1"],"picked":"SKIP","floor":87},{"not_picked":["Ball Lightning+1","ReplayTheSpireMod:Omega Cannon","Stack+1"],"picked":"SKIP","floor":90},{"not_picked":["Genetic Algorithm+1","hubris:Ukulele+1","ReplayTheSpireMod:Calculation Training+1"],"picked":"SKIP","floor":90},{"not_picked":["Rip and Tear","Conserve Battery+1","Sweeping Beam"],"picked":"SKIP","floor":90}],"player_experience":222544,"relics_obtained":[{"floor":7.0,"key":"Bottled Flame"},{"floor":9.0,"key":"Blood Vial"},{"floor":10.0,"key":"reliquary:Sod"},{"floor":17.0,"key":"infinitespire:Satchel"},{"floor":17.0,"key":"infinitespire:Eraser"},{"floor":17.0,"key":"Calipers"},{"floor":24.0,"key":"hubris:DeckOfHolding"},{"floor":26.0,"key":"Sundial"},{"floor":28.0,"key":"infinitespire:Golems Mask"},{"floor":38.0,"key":"hubris:Teleporter"},{"floor":43.0,"key":"Toxic Egg 2"},{"floor":57.0,"key":"ReplayFunnel"},{"floor":60.0,"key":"reliquary:Stiletto"},{"floor":65,"key":"Anchor"},{"floor":72,"key":"wanderingMiniBosses:Blackblade"},{"floor":75,"key":"Replay:Mystery Machine"},{"floor":77,"key":"reliquary:PartyBalloon"},{"floor":79,"key":"Prayer Wheel"},{"floor":79,"key":"Darkstone Periapt"}],"event_choices":[{"cards_removed":["infinitespire:Oblivion"],"damage_healed":0.0,"max_hp_gain":0.0,"max_hp_loss":0.0,"gold_gain":0.0,"event_name":"betterNote:BetterNote","player_choice":"Take \u0026 Give","floor":20.0,"gold_loss":0.0,"damage_taken":0.0,"cards_obtained":["Apotheosis"]},{"damage_healed":0.0,"max_hp_gain":0.0,"max_hp_loss":0.0,"gold_gain":0.0,"event_name":"Accursed Blacksmith","player_choice":"Rummage","floor":27.0,"gold_loss":0.0,"damage_taken":0.0,"relics_obtained":["WarpedTongs"],"cards_obtained":["Pain"]},{"damage_healed":0.0,"max_hp_gain":0.0,"max_hp_loss":0.0,"gold_gain":0.0,"event_name":"Upgrade Shrine","player_choice":"Upgraded","floor":31.0,"gold_loss":0.0,"damage_taken":0.0,"cards_upgraded":["Zap"]},{"damage_healed":0.0,"max_hp_gain":0.0,"max_hp_loss":0.0,"gold_gain":0.0,"event_name":"Mysterious Sphere","player_choice":"Fight","floor":38.0,"gold_loss":0.0,"damage_taken":0.0},{"damage_healed":0.0,"max_hp_gain":0.0,"max_hp_loss":0.0,"gold_gain":0.0,"event_name":"Designer","player_choice":"Upgraded Two","floor":44.0,"gold_loss":40.0,"damage_taken":0.0,"cards_upgraded":["Mirror Shield","BootSequence"]},{"damage_healed":0.0,"max_hp_gain":0.0,"max_hp_loss":0.0,"gold_gain":1.0,"event_name":"betterThird:BetterScrap","player_choice":"Relic Relic Card ","floor":54.0,"gold_loss":0.0,"damage_taken":25.0,"cards_obtained":["Burst","Wraith Form v2"]},{"damage_healed":0,"gold_gain":0,"player_choice":"Fight","damage_taken":0,"max_hp_gain":0,"max_hp_loss":0,"event_name":"Colosseum","floor":79,"gold_loss":0},{"damage_healed":0,"gold_gain":0,"player_choice":"Fought Nobs","damage_taken":0,"max_hp_gain":0,"max_hp_loss":0,"event_name":"Colosseum","floor":79,"gold_loss":0},{"cards_removed":["Lockon"],"damage_healed":0,"gold_gain":0,"player_choice":"Removed Attack","damage_taken":0,"max_hp_gain":0,"max_hp_loss":0,"event_name":"Falling","floor":88,"gold_loss":0}],"is_beta":false,"boss_relics":[{"not_picked":["energizedSpire:RedRose","hubris:TerracottaHorce"],"picked":"Calling Bell"},{"not_picked":["energizedSpire:MagnifyingGlass","energizedSpire:OldTV"],"picked":"Inserter"},{"not_picked":["hubris:ScarierMask","Replay:Ancient Bell"],"picked":"Ring of Chaos"},{"not_picked":["Velvet Choker","energizedSpire:SpiderWeb"],"picked":"Nuclear Battery"},{"not_picked":["Replay:Drink Me","Philosopher\u0027s Stone"],"picked":"construct:ClawGrip"}],"items_purged_floors":[13,19,22,37,55,59,82],"is_endless":true,"potions_floor_spawned":[2,5,11,16,18,29,33,36,39,41,46,52,57,61,69,78,79,79,87],"killed_by":"Reptomancer","ascension_level":0}}