{"host":"2l5k2wp87eek7qja","time":1614103164,"event":{"mods":["BaseMod","Colored Map","Minty Spire (QoL Compilation)","Relic Stats"],"gold_per_floor":[115,40,115,128,128,154,134,134,134,145,45,45,60,89,89,164,164,174,189,209,226,101,131,131,131,131,160,171,3,3,3,3,78,78,95,95,95,111,121,121,156,156,209,122,137,170,181,181,181,181,181],"floor_reached":50,"language":"ENG","playtime":1804,"items_purged":["Strike_G","Strike_G","Strike_G"],"score":1271,"play_id":"597017ec-e54d-4fed-b510-11122eeeb66c","local_time":"20210223195924","is_ascension_mode":true,"campfire_choices":[{"data":"Predator","floor":8,"key":"SMITH"},{"data":"Crippling Poison","floor":12,"key":"SMITH"},{"data":"Blade Dance","floor":15,"key":"SMITH"},{"data":"Accuracy","floor":24,"key":"SMITH"},{"data":"Blade Dance","floor":30,"key":"SMITH"},{"data":"Burst","floor":32,"key":"SMITH"},{"data":"Blade Dance","floor":40,"key":"SMITH"},{"data":"Cloak And Dagger","floor":42,"key":"SMITH"},{"floor":49,"key":"RECALL"}],"circlet_count":0,"master_deck":["AscendersBane","Defend_G","Defend_G","Defend_G","Defend_G","Survivor","Neutralize","Predator+1","Dagger Spray","Crippling Poison+1","Blade Dance+1","Burst+1","Accuracy+1","Backflip","Cloak And Dagger+1","Blade Dance+1","Doppelganger","CurseOfTheBell","PiercingWail","Well Laid Plans","Blade Dance+1","Malaise","Blur","Catalyst","Finisher+1","Blade Dance+1"],"relics":["Ring of the Snake","NeowsBlessing","Akabeko","Lantern","Bag of Preparation","Pantograph","Black Star","Mango","Boot","MutagenicStrength","Anchor","The Specimen","Orichalcum","Oddly Smooth Stone","Calling Bell","MealTicket","Meat on the Bone","Du-Vu Doll","Unceasing Top","Toy Ornithopter","FossilizedHelix","Smiling Mask"],"acts_visited":["Exordium","TheCity","TheBeyond"],"potions_floor_usage":[14,21,23,23,27,41,45,50],"damage_taken":[{"damage":0,"enemies":"Cultist","floor":1,"turns":1},{"damage":0,"enemies":"Jaw Worm","floor":4,"turns":1},{"damage":0,"enemies":"3 Sentries","floor":6,"turns":1},{"damage":0,"enemies":"Small Slimes","floor":10,"turns":1},{"damage":0,"enemies":"Gremlin Gang","floor":13,"turns":1},{"damage":0,"enemies":"Gremlin Nob","floor":14,"turns":2},{"damage":50,"enemies":"Hexaghost","floor":16,"turns":12},{"damage":4,"enemies":"3 Byrds","floor":18,"turns":5},{"damage":0,"enemies":"Chosen","floor":19,"turns":2},{"damage":0,"enemies":"3 Cultists","floor":20,"turns":2},{"damage":15,"enemies":"Snake Plant","floor":21,"turns":4},{"damage":5,"enemies":"Gremlin Leader","floor":23,"turns":4},{"damage":10,"enemies":"Book of Stabbing","floor":27,"turns":3},{"damage":16,"enemies":"Sentry and Sphere","floor":28,"turns":6},{"damage":38,"enemies":"Champ","floor":33,"turns":9},{"damage":0,"enemies":"3 Shapes","floor":35,"turns":5},{"damage":3,"enemies":"Orb Walker","floor":38,"turns":3},{"damage":0,"enemies":"4 Shapes","floor":39,"turns":4},{"damage":33,"enemies":"Giant Head","floor":41,"turns":7},{"damage":3,"enemies":"Writhing Mass","floor":45,"turns":6},{"damage":54,"enemies":"Nemesis","floor":46,"turns":9},{"damage":0,"enemies":"Jaw Worm Horde","floor":47,"turns":3},{"damage":73,"enemies":"Time Eater","floor":50,"turns":12}],"seed_played":"5775946104293582003","potions_obtained":[{"floor":6,"key":"Explosive Potion"},{"floor":7,"key":"ColorlessPotion"},{"floor":20,"key":"LiquidBronze"},{"floor":21,"key":"SkillPotion"},{"floor":23,"key":"SteroidPotion"},{"floor":33,"key":"AttackPotion"},{"floor":38,"key":"LiquidMemories"},{"floor":47,"key":"CunningPotion"}],"is_trial":false,"path_per_floor":["M","$","?","M","T","E","?","R","T","M","$","R","M","E","R","B",null,"M","M","M","M","$","E","R","?","T","E","M","$","R","?","R","B",null,"M","$","?","M","M","R","E","R","T","$","M","E","M","?","R","B"],"character_chosen":"THE_SILENT","items_purchased":["Oddly Smooth Stone","Catalyst"],"campfire_rested":0,"item_purchase_floors":[29,44],"current_hp_per_floor":[59,59,48,48,48,48,48,48,48,48,48,48,48,48,48,16,54,50,50,50,35,35,44,44,44,44,34,18,18,18,18,18,5,61,61,76,76,73,73,73,52,52,52,67,69,27,39,39,39,0,0],"gold":181,"neow_bonus":"THREE_ENEMY_KILL","is_daily":false,"chose_seed":false,"campfire_upgraded":8,"win_rate":0.0,"timestamp":1614103164,"path_taken":["M","$","?","M","?","E","?","R","T","M","$","R","M","E","R","BOSS","M","M","?","M","$","E","R","?","T","E","M","$","R","?","R","BOSS","M","?","?","M","M","R","E","R","T","$","M","E","?","?","R","BOSS"],"items_purchased_type":["Relic","Card"],"build_version":"2020-12-22","purchased_purges":3,"victory":false,"max_hp_per_floor":[66,66,66,66,66,66,66,66,66,66,66,66,66,66,66,66,66,66,66,66,66,66,80,80,80,80,80,80,80,80,80,80,80,80,80,80,80,80,80,80,80,80,80,80,80,80,80,80,80,80,80],"relic_stats":{"counters":[23,103],"Bag of Preparation":[40],"Orichalcum":[84],"Boot":[78],"Smiling Mask":0,"Pantograph":68,"MealTicket":30,"Black Star":4,"obtain_stats":[{"Lantern":6,"NeowsBlessing":0,"The Specimen":27,"Oddly Smooth Stone":29,"Mango":23,"Bag of Preparation":9,"Orichalcum":27,"Boot":23,"Smiling Mask":46,"Akabeko":5,"Calling Bell":34,"Du-Vu Doll":34,"Anchor":26,"Pantograph":14,"MutagenicStrength":25,"MealTicket":34,"Black Star":17,"Unceasing Top":41,"Toy Ornithopter":41,"FossilizedHelix":46,"Ring of the Snake":0,"Meat on the Bone":34},{"Lantern":3,"NeowsBlessing":0,"The Specimen":13,"Oddly Smooth Stone":14,"Mango":12,"Bag of Preparation":3,"Orichalcum":13,"Boot":12,"Smiling Mask":21,"Akabeko":2,"Calling Bell":15,"Du-Vu Doll":15,"Anchor":12,"Pantograph":6,"MutagenicStrength":12,"MealTicket":15,"Black Star":7,"Unceasing Top":19,"Toy Ornithopter":19,"FossilizedHelix":21,"Ring of the Snake":0,"Meat on the Bone":15},{"Lantern":3,"NeowsBlessing":0,"The Specimen":39,"Oddly Smooth Stone":45,"Mango":36,"Bag of Preparation":3,"Orichalcum":39,"Boot":36,"Smiling Mask":88,"Akabeko":2,"Calling Bell":54,"Du-Vu Doll":54,"Anchor":36,"Pantograph":7,"MutagenicStrength":36,"MealTicket":54,"Black Star":19,"Unceasing Top":73,"Toy Ornithopter":73,"FossilizedHelix":88,"Ring of the Snake":0,"Meat on the Bone":54}],"Unceasing Top":[0],"Toy Ornithopter":10,"Ring of the Snake":[46],"Meat on the Bone":36},"card_choices":[{"not_picked":["Dodge and Roll","Dagger Throw"],"picked":"Predator","floor":1},{"not_picked":["Dodge and Roll","Slice"],"picked":"Dagger Spray","floor":4},{"not_picked":["Dodge and Roll","Escape Plan"],"picked":"Crippling Poison","floor":6},{"not_picked":["Escape Plan","Slice","Acrobatics"],"picked":"SKIP","floor":10},{"not_picked":["Dash","PiercingWail"],"picked":"Blade Dance","floor":13},{"not_picked":["Dodge and Roll","Blade Dance"],"picked":"Burst","floor":14},{"not_picked":["Bane","Masterful Stab"],"picked":"Accuracy","floor":18},{"not_picked":["Underhanded Strike","Dagger Spray+1"],"picked":"Backflip","floor":19},{"not_picked":["Leg Sweep","Outmaneuver"],"picked":"Cloak And Dagger","floor":20},{"not_picked":["Eviscerate","Crippling Poison","Dodge and Roll"],"picked":"SKIP","floor":21},{"not_picked":["Dagger Spray","Envenom","Noxious Fumes"],"picked":"SKIP","floor":23},{"not_picked":["Bane","Riddle With Holes","Quick Slash"],"picked":"SKIP","floor":27},{"not_picked":["Quick Slash","Cloak And Dagger"],"picked":"Blade Dance","floor":28},{"not_picked":["Envenom","Glass Knife"],"picked":"Doppelganger","floor":33},{"not_picked":["Dash","Sucker Punch"],"picked":"PiercingWail","floor":35},{"not_picked":["Flying Knee","Deflect"],"picked":"Blade Dance","floor":38},{"not_picked":["Quick Slash","Dagger Spray+1"],"picked":"Malaise","floor":39},{"not_picked":["Poisoned Stab","Acrobatics"],"picked":"Blur","floor":41},{"not_picked":["Setup+1","Dagger Throw+1","Escape Plan"],"picked":"SKIP","floor":45},{"not_picked":["Phantasmal Killer","Eviscerate"],"picked":"Finisher+1","floor":46},{"not_picked":["Crippling Poison+1","Underhanded Strike+1"],"picked":"Blade Dance+1","floor":47}],"player_experience":863981,"relics_obtained":[{"floor":5,"key":"Akabeko"},{"floor":6,"key":"Lantern"},{"floor":9,"key":"Bag of Preparation"},{"floor":14,"key":"Pantograph"},{"floor":23,"key":"Mango"},{"floor":23,"key":"Boot"},{"floor":26,"key":"Anchor"},{"floor":27,"key":"The Specimen"},{"floor":27,"key":"Orichalcum"},{"floor":34,"key":"MealTicket"},{"floor":34,"key":"Meat on the Bone"},{"floor":34,"key":"Du-Vu Doll"},{"floor":41,"key":"Unceasing Top"},{"floor":41,"key":"Toy Ornithopter"},{"floor":46,"key":"FossilizedHelix"},{"floor":46,"key":"Smiling Mask"}],"event_choices":[{"damage_healed":0,"gold_gain":75,"player_choice":"Gather Gold","damage_taken":11,"max_hp_gain":0,"max_hp_loss":0,"event_name":"World of Goop","floor":3,"gold_loss":0},{"damage_healed":0,"gold_gain":0,"player_choice":"Bought 1 Potion","damage_taken":0,"max_hp_gain":0,"max_hp_loss":0,"event_name":"The Woman in Blue","floor":7,"gold_loss":0},{"damage_healed":0,"gold_gain":0,"player_choice":"Inject Mutagens","damage_taken":0,"relics_obtained":["MutagenicStrength"],"max_hp_gain":0,"max_hp_loss":0,"event_name":"Drug Dealer","floor":25,"gold_loss":0},{"cards_removed":["Strike_G"],"damage_healed":0,"gold_gain":0,"player_choice":"Offered Basic","damage_taken":0,"max_hp_gain":0,"max_hp_loss":0,"event_name":"Bonfire Elementals","floor":31,"gold_loss":0},{"damage_healed":0,"gold_gain":0,"cards_transformed":["Strike_G"],"player_choice":"Transformed","damage_taken":0,"max_hp_gain":0,"max_hp_loss":0,"event_name":"Transmorgrifier","floor":37,"gold_loss":0,"cards_obtained":["Well Laid Plans"]},{"cards_removed":["Defend_G"],"damage_healed":0,"gold_gain":0,"player_choice":"Removed Skill","damage_taken":0,"max_hp_gain":0,"max_hp_loss":0,"event_name":"Falling","floor":48,"gold_loss":0}],"is_beta":false,"boss_relics":[{"not_picked":["SacredBark","Empty Cage"],"picked":"Black Star"},{"not_picked":["SlaversCollar","Snecko Eye"],"picked":"Calling Bell"}],"items_purged_floors":[2,11,22],"is_endless":false,"potions_floor_spawned":[6,10,20,21,23,33,38,47],"killed_by":"Time Eater","ascension_level":20}}