{"host":"hszimsrtxxc2k25w","time":1614085627,"event":{"mods":["AchievementEnabler","BaseMod","Colored Map","DeckTracker","Minty Spire (QoL Compilation)","Rare Cards Sparkle","SuperFastMode"],"gold_per_floor":[115,130,280,355,403,403,434,449,449,484,497,524,474,507,507,507,507],"floor_reached":16,"language":"KOR","playtime":318,"items_purged":["Doubt"],"score":306,"play_id":"dcaa8ded-4ae3-4a55-9f6d-c49534a72207","local_time":"20210223220707","is_ascension_mode":true,"campfire_choices":[{"data":"Armaments","floor":6.0,"key":"SMITH"},{"data":"Carnage","floor":15.0,"key":"SMITH"}],"circlet_count":0,"master_deck":["AscendersBane","Strike_R","Strike_R","Strike_R","Strike_R","Strike_R","Defend_R","Defend_R","Defend_R","Defend_R","Bash","Armaments+1","Inflame","Carnage+1","Anger","Pommel Strike"],"relics":["Burning Blood","NeowsBlessing","Smiling Mask","Paper Frog","Meat on the Bone","Centennial Puzzle","Bronze Scales","StoneCalendar"],"acts_visited":["Exordium"],"potions_floor_usage":[],"damage_taken":[{"damage":0.0,"enemies":"2 Louse","floor":1.0,"turns":1.0},{"damage":0.0,"enemies":"Small Slimes","floor":2.0,"turns":1.0},{"damage":0.0,"enemies":"Gremlin Nob","floor":7.0,"turns":1.0},{"damage":7.0,"enemies":"Jaw Worm","floor":8.0,"turns":2.0},{"damage":30.0,"enemies":"Lagavulin","floor":10.0,"turns":6.0},{"damage":16.0,"enemies":"2 Fungi Beasts","floor":11.0,"turns":3.0},{"damage":32.0,"enemies":"Gremlin Nob","floor":12.0,"turns":4.0},{"damage":10.0,"enemies":"3 Sentries","floor":14.0,"turns":5.0},{"damage":39,"enemies":"Slime Boss","floor":16,"turns":6}],"seed_played":"-9046483674382505407","potions_obtained":[{"floor":2.0,"key":"ColorlessPotion"},{"floor":10.0,"key":"Weak Potion"},{"floor":11.0,"key":"ElixirPotion"},{"floor":12.0,"key":"DistilledChaos"}],"is_trial":false,"path_per_floor":["M","M","?","?","T","R","E","M","T","E","M","E","$","E","R","B"],"character_chosen":"IRONCLAD","items_purchased":[],"campfire_rested":0,"item_purchase_floors":[],"current_hp_per_floor":[74,75,75,64,64,64,70,69,69,45,47,33,33,41,41,2,2],"gold":507,"neow_bonus":"THREE_ENEMY_KILL","is_daily":false,"chose_seed":false,"campfire_upgraded":2,"win_rate":0.0,"timestamp":1614085627,"path_taken":["M","M","?","?","?","R","E","M","T","E","M","E","$","E","R","BOSS"],"items_purchased_type":[],"build_version":"2020-12-22","purchased_purges":1,"victory":false,"max_hp_per_floor":[75,75,75,75,75,75,75,75,75,75,75,75,75,75,75,75,75],"card_choices":[{"not_picked":["Clash","Anger"],"picked":"Armaments","floor":1.0},{"not_picked":["Sword Boomerang","Twin Strike"],"picked":"Inflame","floor":2.0},{"not_picked":["Clothesline","Body Slam"],"picked":"Carnage","floor":7.0},{"not_picked":["Armaments","Sword Boomerang"],"picked":"Anger","floor":8.0},{"not_picked":["Heavy Blade","Perfected Strike","Dual Wield"],"picked":"SKIP","floor":10.0},{"not_picked":["Rampage","Flex","Bloodletting"],"picked":"SKIP","floor":11.0},{"not_picked":["Rampage","Flex","Bloodletting"],"picked":"SKIP","floor":11.0},{"not_picked":["Body Slam","Dual Wield"],"picked":"Pommel Strike","floor":12.0},{"not_picked":["Exhume","Sever Soul","Disarm"],"picked":"SKIP","floor":14.0}],"player_experience":692728,"relics_obtained":[{"floor":5.0,"key":"Smiling Mask"},{"floor":7.0,"key":"Paper Frog"},{"floor":9.0,"key":"Meat on the Bone"},{"floor":10.0,"key":"Centennial Puzzle"},{"floor":12.0,"key":"Bronze Scales"},{"floor":14.0,"key":"StoneCalendar"}],"event_choices":[{"damage_healed":0.0,"max_hp_gain":0.0,"max_hp_loss":0.0,"gold_gain":150.0,"event_name":"Liars Game","player_choice":"AGREE","floor":3.0,"gold_loss":0.0,"damage_taken":0.0,"cards_obtained":["Doubt"]},{"damage_healed":0.0,"max_hp_gain":0.0,"max_hp_loss":0.0,"gold_gain":75.0,"event_name":"World of Goop","player_choice":"Gather Gold","floor":4.0,"gold_loss":0.0,"damage_taken":11.0}],"is_beta":false,"boss_relics":[],"items_purged_floors":[13],"is_endless":false,"potions_floor_spawned":[2,10,11,12],"killed_by":"Slime Boss","ascension_level":20}}