{"host":"2c84cb4cp1emursg","time":1614067057,"event":{"mods":["Act Like it!","BaseMod","Better Third Choice","Bossed Relics","Hallownest","Hermit","Minty Spire (QoL Compilation)","Permanent Neow","Shapeshifter Mod","StSLib"],"gold_per_floor":[112,129,145,164,79,111,111,121,146,178,178,103,65,81,81,95,95],"floor_reached":16,"language":"ENG","playtime":1106,"items_purged":[],"score":117,"play_id":"08107122-dd2f-4b01-ba9f-fd92617d32df","local_time":"20210223005737","is_ascension_mode":true,"campfire_choices":[{"data":"StSShapeShifter:HydraForm","floor":7,"key":"SMITH"},{"data":"Finesse","floor":11,"key":"SMITH"},{"data":"Finesse","floor":15,"key":"SMITH"}],"circlet_count":0,"master_deck":["StSShapeShifter:ShapeShifter_Strike","StSShapeShifter:ShapeShifter_Strike","StSShapeShifter:ShapeShifter_Strike","StSShapeShifter:ShapeShifter_Strike+1","StSShapeShifter:ShapeShifter_Strike","StSShapeShifter:ShapeShifter_Defend","StSShapeShifter:ShapeShifter_Defend","StSShapeShifter:ShapeShifter_Defend","StSShapeShifter:ShapeShifter_Defend","StSShapeShifter:ShapeShifter_Defend","StSShapeShifter:Tortoise_Form","StSShapeShifter:Lynx_Form","Finesse+1","StSShapeShifter:OakBlade+1","StSShapeShifter:MonkeyForm","StSShapeShifter:HydraForm+1","StSShapeShifter:LeapingSlash","Finesse+1","StSShapeShifter:Roar","StSShapeShifter:ClimbTree","Hallownest:skillGreenpathMap","StSShapeShifter:FoxForm","StSShapeShifter:OakBlade"],"relics":["StSShapeShifter:AnimalHeart","StSShapeShifter:TheShapeShiftersMagnolia","Sundial","Orichalcum","Whetstone"],"acts_visited":["Hallownest:Greenpath"],"potions_floor_usage":[10,10,16],"damage_taken":[{"damage":3,"enemies":"Hallownest:2_Tiktiks_and_1_Crawlid","floor":1,"turns":2},{"damage":3,"enemies":"Hallownest:2_MossCreeps","floor":2,"turns":5},{"damage":0,"enemies":"Hallownest:2_Baldur","floor":3,"turns":3},{"damage":1,"enemies":"Hallownest:monsterMossCharger","floor":4,"turns":4},{"damage":2,"enemies":"Hallownest:eliteVengeflyKing","floor":6,"turns":5},{"damage":3,"enemies":"Hallownest:Wandering_and_Horned","floor":8,"turns":4},{"damage":15,"enemies":"Hallownest:eliteMossKnight","floor":10,"turns":7},{"damage":0,"enemies":"Hallownest:2_Tiktiks_1_Baldur_1_Crawlid","floor":14,"turns":2},{"damage":51,"enemies":"Hallownest:BossBrokenVessel","floor":16,"turns":12}],"seed_played":"-6738057450800156847","potions_obtained":[{"floor":2,"key":"AttackPotion"},{"floor":3,"key":"Block Potion"},{"floor":4,"key":"DistilledChaos"}],"is_trial":false,"path_per_floor":["M","M","M","M","$","E","R","M","T","E","R","?","$","M","R","B"],"character_chosen":"SHAPESHIFTER","items_purchased":["Finesse","StSShapeShifter:FoxForm"],"campfire_rested":0,"item_purchase_floors":[5,13],"current_hp_per_floor":[75,72,72,71,71,69,69,66,66,51,51,51,51,51,51,0,0],"gold":95,"neow_bonus":"RANDOM_COLORLESS","is_daily":false,"chose_seed":false,"campfire_upgraded":3,"win_rate":0.0,"timestamp":1614067057,"path_taken":["M","M","M","M","?","E","R","M","T","E","R","?","$","M","R","BOSS"],"items_purchased_type":["Card","Card"],"build_version":"2020-12-22","purchased_purges":0,"victory":false,"max_hp_per_floor":[78,78,78,78,78,78,78,78,78,76,76,76,76,76,76,76,76],"card_choices":[{"not_picked":["Forethought","PanicButton"],"picked":"Finesse","floor":0},{"not_picked":["StSShapeShifter:Mystical_Branch","StSShapeShifter:ShiftingStrike"],"picked":"StSShapeShifter:OakBlade","floor":1},{"not_picked":["StSShapeShifter:VineHandcuffs","StSShapeShifter:FlowerShield"],"picked":"StSShapeShifter:MonkeyForm","floor":2},{"not_picked":["StSShapeShifter:ShiftingStrike","StSShapeShifter:DeepWound"],"picked":"StSShapeShifter:HydraForm","floor":3},{"not_picked":["StSShapeShifter:Ensconce","StSShapeShifter:Sapling"],"picked":"StSShapeShifter:LeapingSlash","floor":4},{"not_picked":["StSShapeShifter:Ensconce","StSShapeShifter:FallingLeaves"],"picked":"StSShapeShifter:Roar","floor":6},{"not_picked":["StSShapeShifter:TopazSkin","StSShapeShifter:EmbraceTheCycle","StSShapeShifter:ThornToss"],"picked":"SKIP","floor":8},{"not_picked":["StSShapeShifter:Guard","StSShapeShifter:Sapling"],"picked":"StSShapeShifter:ClimbTree","floor":10},{"not_picked":["StSShapeShifter:FallingLeaves","StSShapeShifter:WiltingWrath"],"picked":"StSShapeShifter:OakBlade","floor":14}],"player_experience":598566,"relics_obtained":[{"floor":6,"key":"Sundial"},{"floor":9,"key":"Orichalcum"},{"floor":10,"key":"Whetstone"}],"event_choices":[],"is_beta":false,"boss_relics":[],"items_purged_floors":[],"is_endless":false,"potions_floor_spawned":[2,3,4,6],"killed_by":"Hallownest:BossBrokenVessel","ascension_level":1}}