{"host":"4gkev1dtxxhiue3x","time":1614068011,"event":{"mods":["AchievementEnabler","BaseMod","Better Altar","Better Match","Better Note","Better Sensory Stone","Better Skull","Better Third Choice","Colored Powertips","Friendly Minions","Hermit","Minty Spire (QoL Compilation)","Relic Stats","Robot Space Explorer","Shop Mod","StSLib","The Disciple","The Hierophant"],"gold_per_floor":[112,123,136,36,15,15,15],"floor_reached":6,"language":"ENG","playtime":341,"items_purged":["Strike_B"],"score":45,"play_id":"a5dfe1a9-df24-4fee-81d6-4edc50fa3877","local_time":"20210223091331","is_ascension_mode":true,"campfire_choices":[],"circlet_count":0,"master_deck":["Strike_B","Strike_B","Strike_B","Defend_B","Defend_B","Defend_B","Defend_B","Zap","Dualcast","Hologram","Leap","Capacitor","Conserve Battery"],"relics":["Velvet Choker","betterThird:SlimedRelic"],"acts_visited":["Exordium"],"potions_floor_usage":[],"damage_taken":[{"damage":4,"enemies":"Jaw Worm","floor":1,"turns":4},{"damage":6,"enemies":"2 Louse","floor":2,"turns":2},{"damage":7,"enemies":"Small Slimes","floor":3,"turns":4},{"damage":36,"enemies":"Gremlin Nob","floor":6,"turns":5}],"seed_played":"6749446788228092512","potions_obtained":[{"floor":1,"key":"DuplicationPotion"},{"floor":2,"key":"Fire Potion"}],"is_trial":false,"path_per_floor":["M","M","M","$","?","E"],"character_chosen":"DEFECT","items_purchased":["Conserve Battery"],"campfire_rested":0,"item_purchase_floors":[4],"current_hp_per_floor":[71,65,58,58,47,11,11],"gold":15,"neow_bonus":"BOSS_RELIC","is_daily":false,"chose_seed":false,"campfire_upgraded":0,"win_rate":0.0,"timestamp":1614068011,"path_taken":["M","M","M","$","?","E"],"items_purchased_type":["Card"],"build_version":"2020-12-22","purchased_purges":1,"victory":false,"max_hp_per_floor":[75,75,75,75,75,75,75],"relic_stats":{"counters":[4,15],"obtain_stats":[{"betterThird:SlimedRelic":5,"Velvet Choker":0,"Cracked Core":0},{"betterThird:SlimedRelic":3,"Velvet Choker":0,"Cracked Core":0},{"betterThird:SlimedRelic":10,"Velvet Choker":0,"Cracked Core":0}]},"card_choices":[{"not_picked":["Hello World","Melter"],"picked":"Hologram","floor":1},{"not_picked":["Turbo","Compile Driver"],"picked":"Leap","floor":2},{"not_picked":["Go for the Eyes","Cold Snap"],"picked":"Capacitor","floor":3}],"player_experience":254694,"relics_obtained":[],"event_choices":[{"damage_healed":0,"gold_gain":0,"player_choice":"Slimed","damage_taken":11,"max_hp_gain":0,"max_hp_loss":0,"event_name":"betterThird:BetterGoop","floor":5,"gold_loss":21}],"is_beta":false,"boss_relics":[],"items_purged_floors":[4],"is_endless":false,"potions_floor_spawned":[1,2],"killed_by":"Gremlin Nob","ascension_level":5}}