{"host":"vjt3l4e4gk5t90rp","time":1614103279,"event":{"mods":["BaseMod","Colored Map","Highlight Path","Minty Spire (QoL Compilation)","StSLib"],"gold_per_floor":[214,226,226,241,259,259,288,288,288,321,178,197,197,217,217,312,312,295,308,323,343,88,113,113,113,113,113,123,156,156,173,173,269,269,283,263,282,282,302,302,331,331,331,180,200,60,60,93,93,93,93,93,1,30,30],"floor_reached":56,"language":"KOR","playtime":3996,"items_purged":["Strike_B","Strike_B"],"score":1330,"play_id":"4ee157a7-e26a-491e-a7fc-aefb3a9a43c8","local_time":"20210224030119","is_ascension_mode":true,"campfire_choices":[{"data":"Storm","floor":6.0,"key":"SMITH"},{"floor":8.0,"key":"REST"},{"floor":15.0,"key":"REST"},{"floor":27.0,"key":"REST"},{"data":"Loop","floor":30.0,"key":"SMITH"},{"floor":32.0,"key":"RECALL"},{"data":"Zap","floor":40.0,"key":"SMITH"},{"floor":47.0,"key":"REST"},{"floor":49.0,"key":"REST"},{"data":"Creative AI","floor":52.0,"key":"SMITH"}],"circlet_count":0,"master_deck":["Defend_B","Defend_B","Defend_B","Defend_B","Zap+1","Dualcast","Leap","Storm+1","Loop+1","Genetic Algorithm","Static Discharge","Go for the Eyes","Conserve Battery","Heatsinks","Coolheaded","Heatsinks","Electrodynamics","Go for the Eyes+1","Beam Cell","Reboot","Defragment","Amplify+1","Stack+1","Parasite","Tempest+1","Barrage","Creative AI+1","Double Energy+1","Storm","Steam+1","Jack Of All Trades+1","Capacitor+1"],"relics":["Cracked Core","CaptainsWheel","Pantograph","Sundial","PreservedInsect","Empty Cage","Mummified Hand","Lantern","Toxic Egg 2","Runic Pyramid","Bag of Marbles","Bottled Flame","Darkstone Periapt","Ornamental Fan"],"acts_visited":["Exordium","TheCity","TheBeyond","TheEnding"],"potions_floor_usage":[55],"damage_taken":[{"damage":1.0,"enemies":"Cultist","floor":1.0,"turns":3.0},{"damage":0.0,"enemies":"2 Louse","floor":2.0,"turns":4.0},{"damage":0.0,"enemies":"Small Slimes","floor":4.0,"turns":3.0},{"damage":11.0,"enemies":"Looter","floor":5.0,"turns":4.0},{"damage":23.0,"enemies":"3 Sentries","floor":7.0,"turns":5.0},{"damage":3.0,"enemies":"Gremlin Nob","floor":10.0,"turns":4.0},{"damage":31.0,"enemies":"Gremlin Gang","floor":12.0,"turns":4.0},{"damage":1.0,"enemies":"Exordium Thugs","floor":14.0,"turns":4.0},{"damage":10.0,"enemies":"The Guardian","floor":16.0,"turns":13.0},{"damage":9.0,"enemies":"2 Thieves","floor":18.0,"turns":5.0},{"damage":11.0,"enemies":"Spheric Guardian","floor":19.0,"turns":5.0},{"damage":9.0,"enemies":"Shelled Parasite and Fungi","floor":20.0,"turns":7.0},{"damage":4.0,"enemies":"Centurion and Healer","floor":21.0,"turns":7.0},{"damage":1.0,"enemies":"Book of Stabbing","floor":23.0,"turns":5.0},{"damage":1.0,"enemies":"Snecko","floor":28.0,"turns":4.0},{"damage":0.0,"enemies":"Gremlin Leader","floor":29.0,"turns":5.0},{"damage":0.0,"enemies":"Sentry and Sphere","floor":31.0,"turns":3.0},{"damage":11.0,"enemies":"Automaton","floor":33.0,"turns":12.0},{"damage":4.0,"enemies":"3 Shapes","floor":35.0,"turns":5.0},{"damage":18.0,"enemies":"3 Darklings","floor":37.0,"turns":3.0},{"damage":8.0,"enemies":"Writhing Mass","floor":39.0,"turns":6.0},{"damage":10.0,"enemies":"Reptomancer","floor":41.0,"turns":4.0},{"damage":27.0,"enemies":"4 Shapes","floor":45.0,"turns":4.0},{"damage":0.0,"enemies":"Giant Head","floor":48.0,"turns":5.0},{"damage":32.0,"enemies":"Awakened One","floor":50.0,"turns":9.0},{"damage":7.0,"enemies":"Shield and Spear","floor":54.0,"turns":4.0},{"damage":63,"enemies":"The Heart","floor":55,"turns":8}],"seed_played":"3219389765218014592","potions_obtained":[{"floor":1.0,"key":"Energy Potion"},{"floor":7.0,"key":"Swift Potion"},{"floor":12.0,"key":"LiquidMemories"},{"floor":16.0,"key":"FearPotion"},{"floor":20.0,"key":"Weak Potion"},{"floor":29.0,"key":"Ancient Potion"},{"floor":35.0,"key":"BlessingOfTheForge"},{"floor":36.0,"key":"SpeedPotion"},{"floor":45.0,"key":"ColorlessPotion"}],"is_trial":false,"path_per_floor":["M","M","?","M","M","R","E","R","T","E","$","M","T","M","R","B",null,"M","M","M","M","$","E","$","?","T","R","M","E","R","M","R","B",null,"M","?","M","$","M","R","E","?","T","$","M","$","R","E","R","B",null,"R","$","E","B",null],"character_chosen":"DEFECT","items_purchased":["Heatsinks","Mummified Hand","Creative AI","Storm","Jack Of All Trades+1"],"campfire_rested":5,"item_purchase_floors":[11,22,44,46,53],"current_hp_per_floor":[74,74,74,74,63,63,40,62,62,59,59,28,28,27,49,64,75,66,55,46,42,42,41,41,41,41,63,62,62,62,62,62,64,75,71,71,53,53,45,45,35,35,35,35,8,8,30,30,52,43,75,75,75,68,12],"gold":30,"neow_bonus":"HUNDRED_GOLD","is_daily":false,"chose_seed":false,"campfire_upgraded":4,"win_rate":0.0,"timestamp":1614103279,"path_taken":["M","?","?","?","M","R","E","R","T","E","$","M","?","M","R","BOSS","M","?","M","M","$","E","$","?","T","R","M","E","R","M","R","BOSS","M","?","M","$","?","R","E","?","T","$","M","?","R","E","R","BOSS","R","$","E","BOSS"],"items_purchased_type":["Card","Relic","Card","Card","Card"],"build_version":"2020-12-22","purchased_purges":2,"victory":true,"max_hp_per_floor":[75,75,75,75,75,75,75,75,75,75,75,75,75,75,75,75,75,75,75,75,75,75,75,75,75,75,75,75,75,75,75,75,75,75,75,75,75,75,75,75,75,75,75,75,75,75,75,75,75,75,75,75,75,75,75],"card_choices":[{"not_picked":["Undo","Stack"],"picked":"Leap","floor":1.0},{"not_picked":["Steam","Beam Cell"],"picked":"Storm","floor":2.0},{"not_picked":["Lockon","Turbo"],"picked":"Genetic Algorithm","floor":4.0},{"not_picked":["Scrape","Streamline"],"picked":"Static Discharge","floor":5.0},{"not_picked":["Sweeping Beam","Turbo"],"picked":"Go for the Eyes","floor":7.0},{"not_picked":["Leap","Gash"],"picked":"Conserve Battery","floor":10.0},{"not_picked":["Gash","Compile Driver"],"picked":"Coolheaded","floor":12.0},{"not_picked":["Rebound","Gash"],"picked":"Heatsinks","floor":14.0},{"not_picked":["Amplify","Meteor Strike"],"picked":"Electrodynamics","floor":16.0},{"not_picked":["Rebound","Reinforced Body"],"picked":"Go for the Eyes+1","floor":18.0},{"not_picked":["Reinforced Body","Go for the Eyes","Scrape"],"picked":"SKIP","floor":19.0},{"not_picked":["Scrape+1","Go for the Eyes"],"picked":"Beam Cell","floor":20.0},{"not_picked":["Doom and Gloom+1","Streamline","Redo"],"picked":"SKIP","floor":21.0},{"not_picked":["Sweeping Beam","Conserve Battery"],"picked":"Reboot","floor":23.0},{"not_picked":["Doom and Gloom","Ball Lightning+1","Gash+1"],"picked":"SKIP","floor":28.0},{"not_picked":["Beam Cell","Leap+1"],"picked":"Defragment","floor":29.0},{"not_picked":["Sunder","Rebound","Barrage+1"],"picked":"SKIP","floor":31.0},{"not_picked":["Fission+1","Rainbow+1"],"picked":"Amplify+1","floor":33.0},{"not_picked":["Undo+1","Redo+1"],"picked":"Stack+1","floor":35.0},{"not_picked":["Coolheaded+1","Sweeping Beam","Darkness+1"],"picked":"SKIP","floor":37.0},{"not_picked":["Steam+1","Leap+1"],"picked":"Tempest+1","floor":39.0},{"not_picked":["Stack+1","Hyperbeam"],"picked":"Barrage","floor":41.0},{"not_picked":["FTL+1","Leap+1"],"picked":"Double Energy+1","floor":45.0},{"not_picked":["Leap+1","Turbo+1"],"picked":"Steam+1","floor":48.0},{"not_picked":["Electrodynamics","Cold Snap+1"],"picked":"Capacitor+1","floor":54.0}],"player_experience":147986,"relics_obtained":[{"floor":7.0,"key":"CaptainsWheel"},{"floor":9.0,"key":"Pantograph"},{"floor":10.0,"key":"Sundial"},{"floor":13.0,"key":"PreservedInsect"},{"floor":23.0,"key":"Lantern"},{"floor":29.0,"key":"Toxic Egg 2"},{"floor":41.0,"key":"Bag of Marbles"},{"floor":43.0,"key":"Bottled Flame"},{"floor":48.0,"key":"Darkstone Periapt"},{"floor":54.0,"key":"Ornamental Fan"}],"event_choices":[{"damage_healed":0.0,"max_hp_gain":0.0,"max_hp_loss":0.0,"gold_gain":0.0,"event_name":"Match and Keep!","player_choice":"1 cards matched","floor":3.0,"gold_loss":0.0,"damage_taken":0.0,"cards_obtained":["Loop"]},{"damage_healed":0.0,"max_hp_gain":0.0,"max_hp_loss":0.0,"gold_gain":0.0,"event_name":"Ghosts","player_choice":"Ignored","floor":25.0,"gold_loss":0.0,"damage_taken":0.0},{"damage_healed":0.0,"max_hp_gain":0.0,"max_hp_loss":0.0,"gold_gain":0.0,"event_name":"The Woman in Blue","player_choice":"Bought 1 Potion","floor":36.0,"gold_loss":0.0,"damage_taken":0.0},{"damage_healed":0.0,"max_hp_gain":0.0,"max_hp_loss":0.0,"gold_gain":0.0,"event_name":"SecretPortal","player_choice":"Ignored","floor":42.0,"gold_loss":0.0,"damage_taken":0.0}],"is_beta":false,"boss_relics":[{"not_picked":["Tiny House","Snecko Eye"],"picked":"Empty Cage"},{"not_picked":["Coffee Dripper","Philosopher\u0027s Stone"],"picked":"Runic Pyramid"}],"items_purged_floors":[11,46],"is_endless":false,"potions_floor_spawned":[1,7,12,16,20,23,29,35,45],"ascension_level":2}}