{"host":"qovh3ibwg9jae218","time":1614074082,"event":{"mods":["BaseMod","Bestiary","DeckTracker","Minty Spire (QoL Compilation)"],"gold_per_floor":[111,122,122,122,122,149,161,173,173,173,188,207,235,249,249,345,345,364,397,411,430,430,459,459,459,512,523,557,557,584,595,595,595,595],"floor_reached":33,"language":"ENG","playtime":1678,"items_purged":[],"score":344,"play_id":"1b697df9-c3da-4eef-95cf-1dc5367e73c6","local_time":"20210223045442","is_ascension_mode":false,"campfire_choices":[{"data":"Pommel Strike","floor":15,"key":"SMITH"},{"data":"Barricade","floor":24,"key":"SMITH"},{"data":"Uppercut","floor":29,"key":"SMITH"},{"data":"Pommel Strike","floor":32,"key":"SMITH"}],"circlet_count":0,"master_deck":["Strike_R","Strike_R","Strike_R","Strike_R","Defend_R","Defend_R","Defend_R","Defend_R","Bash","Cleave","Pommel Strike+1","Iron Wave","Blood for Blood","Fiend Fire","Iron Wave","Pommel Strike+1","Dual Wield","Dark Embrace","Shockwave","Barricade+1","CurseOfTheBell","Feel No Pain+1","Combust+1","Uppercut+1","Necronomicurse","Bloodletting","Twin Strike+1","Hemokinesis","Entrench+1"],"relics":["Burning Blood","NeowsBlessing","Toy Ornithopter","Question Card","Oddly Smooth Stone","Pen Nib","Orichalcum","Calling Bell","Centennial Puzzle","HornCleat","TungstenRod","Red Mask","Necronomicon","WingedGreaves","Omamori","PreservedInsect","Regal Pillow"],"acts_visited":["Exordium","TheCity"],"potions_floor_usage":[8,8,16,19,20,23,28,28,33],"damage_taken":[{"damage":0,"enemies":"Jaw Worm","floor":1,"turns":1},{"damage":0,"enemies":"Small Slimes","floor":2,"turns":2},{"damage":0,"enemies":"3 Sentries","floor":6,"turns":1},{"damage":7,"enemies":"2 Louse","floor":7,"turns":3},{"damage":15,"enemies":"Gremlin Gang","floor":8,"turns":3},{"damage":4,"enemies":"Looter","floor":11,"turns":3},{"damage":1,"enemies":"Red Slaver","floor":12,"turns":2},{"damage":22,"enemies":"Gremlin Nob","floor":13,"turns":5},{"damage":1,"enemies":"3 Louse","floor":14,"turns":3},{"damage":51,"enemies":"The Guardian","floor":16,"turns":11},{"damage":2,"enemies":"3 Byrds","floor":18,"turns":7},{"damage":11,"enemies":"Masked Bandits","floor":19,"turns":5},{"damage":13,"enemies":"Spheric Guardian","floor":20,"turns":6},{"damage":0,"enemies":"Snecko","floor":21,"turns":4},{"damage":8,"enemies":"Book of Stabbing","floor":23,"turns":3},{"damage":4,"enemies":"Centurion and Healer","floor":27,"turns":8},{"damage":15,"enemies":"Gremlin Leader","floor":28,"turns":5},{"damage":14,"enemies":"Book of Stabbing","floor":30,"turns":4},{"damage":14,"enemies":"Sentry and Sphere","floor":31,"turns":4},{"damage":67,"enemies":"Automaton","floor":33,"turns":6}],"seed_played":"5501509712364041102","potions_obtained":[{"floor":6,"key":"FearPotion"},{"floor":7,"key":"PowerPotion"},{"floor":11,"key":"Fruit Juice"},{"floor":14,"key":"SpeedPotion"},{"floor":16,"key":"Strength Potion"},{"floor":19,"key":"LiquidMemories"},{"floor":21,"key":"SteroidPotion"},{"floor":23,"key":"ColorlessPotion"},{"floor":31,"key":"SpeedPotion"}],"is_trial":false,"path_per_floor":["M","M","?","?","?","E","M","M","T","?","M","M","E","M","R","B",null,"M","?","M","M","?","E","R","?","T","M","E","R","E","M","R","B"],"character_chosen":"IRONCLAD","items_purchased":[],"campfire_rested":0,"item_purchase_floors":[],"current_hp_per_floor":[80,80,80,68,68,74,73,74,74,74,76,80,64,69,69,34,85,85,80,78,84,72,75,75,75,75,77,78,78,70,62,62,0,0],"gold":595,"neow_bonus":"THREE_ENEMY_KILL","is_daily":false,"chose_seed":false,"campfire_upgraded":4,"win_rate":0.0,"timestamp":1614074082,"path_taken":["M","M","?","?","?","E","M","?","T","?","?","M","E","M","R","BOSS","M","?","M","M","?","E","R","?","T","?","E","R","E","M","R","BOSS"],"items_purchased_type":[],"build_version":"2020-12-22","purchased_purges":0,"victory":false,"max_hp_per_floor":[80,80,80,80,80,80,80,80,80,80,80,80,80,80,80,85,85,85,85,85,85,85,85,85,85,85,85,85,85,85,85,85,85,85],"card_choices":[{"not_picked":["True Grit","Warcry"],"picked":"Cleave","floor":1},{"not_picked":["Cleave","Warcry"],"picked":"Pommel Strike","floor":2},{"not_picked":["Warcry","Sentinel","Headbutt"],"picked":"Iron Wave","floor":6},{"not_picked":["Perfected Strike","Entrench","Heavy Blade","Second Wind"],"picked":"SKIP","floor":7},{"not_picked":["Pummel","Blood for Blood","Havoc"],"picked":"Pommel Strike","floor":8},{"not_picked":["Armaments","Wild Strike","Headbutt"],"picked":"Dual Wield","floor":11},{"not_picked":["Anger","Pommel Strike","Sword Boomerang"],"picked":"Dark Embrace","floor":12},{"not_picked":["Perfected Strike","Fire Breathing","Reckless Charge"],"picked":"Shockwave","floor":13},{"not_picked":["Anger","Limit Break","Perfected Strike","Wild Strike"],"picked":"SKIP","floor":14},{"not_picked":["Berserk","Bludgeon","Double Tap"],"picked":"Barricade","floor":16},{"not_picked":["Flame Barrier+1","Pummel","Cleave"],"picked":"Feel No Pain+1","floor":18},{"not_picked":["Clash","Sentinel","Wild Strike"],"picked":"Combust+1","floor":19},{"not_picked":["Sword Boomerang","Clothesline","Thunderclap","Anger"],"picked":"SKIP","floor":20},{"not_picked":["Offering","Flex","Twin Strike"],"picked":"Uppercut","floor":21},{"not_picked":["Wild Strike","Clash","Searing Blow"],"picked":"Bloodletting","floor":23},{"not_picked":["Sever Soul+1","Feel No Pain","Heavy Blade"],"picked":"Twin Strike+1","floor":27},{"not_picked":["Whirlwind+1","Searing Blow+1","Dual Wield","Headbutt"],"picked":"SKIP","floor":28},{"not_picked":["Offering","Sword Boomerang","Dual Wield"],"picked":"Hemokinesis","floor":30},{"not_picked":["Pommel Strike","Blood for Blood","Headbutt"],"picked":"Entrench+1","floor":31}],"player_experience":67122,"relics_obtained":[{"floor":6,"key":"Oddly Smooth Stone"},{"floor":9,"key":"Pen Nib"},{"floor":13,"key":"Orichalcum"},{"floor":17,"key":"Centennial Puzzle"},{"floor":17,"key":"HornCleat"},{"floor":17,"key":"TungstenRod"},{"floor":19,"key":"Red Mask"},{"floor":22,"key":"Necronomicon"},{"floor":23,"key":"WingedGreaves"},{"floor":26,"key":"Omamori"},{"floor":28,"key":"PreservedInsect"},{"floor":30,"key":"Regal Pillow"}],"event_choices":[{"damage_healed":0,"gold_gain":0,"player_choice":"Box","damage_taken":0,"relics_obtained":["Toy Ornithopter"],"max_hp_gain":0,"max_hp_loss":0,"event_name":"Big Fish","floor":3,"gold_loss":0,"cards_obtained":["Regret"]},{"damage_healed":0,"gold_gain":0,"player_choice":"Success","damage_taken":12,"relics_obtained":["Question Card"],"max_hp_gain":0,"max_hp_loss":0,"event_name":"Scrap Ooze","floor":4,"gold_loss":0},{"damage_healed":0,"gold_gain":0,"player_choice":"3 cards matched","damage_taken":0,"max_hp_gain":0,"max_hp_loss":0,"event_name":"Match and Keep!","floor":5,"gold_loss":0,"cards_obtained":["Iron Wave","Blood for Blood","Fiend Fire"]},{"cards_removed":["Regret"],"damage_healed":0,"gold_gain":0,"player_choice":"Removed Curses","damage_taken":0,"max_hp_gain":0,"max_hp_loss":0,"event_name":"Fountain of Cleansing","floor":10,"gold_loss":0},{"damage_healed":0,"gold_gain":0,"player_choice":"Fought Bandits","damage_taken":0,"max_hp_gain":0,"max_hp_loss":0,"event_name":"Masked Bandits","floor":19,"gold_loss":0},{"damage_healed":0,"gold_gain":0,"player_choice":"Obtained Book","damage_taken":16,"max_hp_gain":0,"max_hp_loss":0,"event_name":"Cursed Tome","floor":22,"gold_loss":0},{"cards_removed":["Strike_R"],"damage_healed":0,"gold_gain":0,"player_choice":"Elegance","damage_taken":0,"max_hp_gain":0,"max_hp_loss":0,"event_name":"Back to Basics","floor":25,"gold_loss":0}],"is_beta":false,"boss_relics":[{"not_picked":["Ectoplasm","Runic Cube"],"picked":"Calling Bell"}],"items_purged_floors":[],"is_endless":false,"potions_floor_spawned":[6,7,11,14,16,19,21,23,31],"killed_by":"Automaton","ascension_level":0}}