{"host":"xt8a2gaayqxupton","time":1614064275,"event":{"mods":["2.2 Compatiblity","Abigail Mod","AchievementEnabler","Act Like it!","Arknights","BaseMod","CapriCore","Chen","Colored Map","Dota2Spire","Gensokyo","GungeonMod","Hallownest","Koishi","KomeijiMod","Lobotomy","Marisa£¨Ùöéë¡¡Øª×âÞÞ£©","Minty Spire (QoL Compilation)","Reimu£¨ÚÏ???£©","StSLib","The Administrix","The Animator","The Bug Knight","The Immortal","Yakumo Yukari mod","Yuyuko"],"gold_per_floor":[111,131,142,142,154,154,168,168,168,182,197,128,155,172,172,269,269,288,57,72,85,95,107,107,107,107,107,36,47,9,9,9,115,115,168,108,41,61,61,92,92,92],"floor_reached":41,"language":"KOR","playtime":1833,"items_purged":["DemoMod:Strike_Huntress"],"score":452,"play_id":"24491878-5a06-47fd-9ce6-678d6615d6eb","local_time":"20210223161115","is_ascension_mode":false,"campfire_choices":[{"data":"DemoMod:ManualReload","floor":6,"key":"SMITH"},{"data":"DemoMod:HighKaliber","floor":8,"key":"SMITH"},{"floor":15,"key":"REST"},{"data":"DemoMod:SniperShot","floor":24,"key":"SMITH"},{"data":"DemoMod:HighKaliber","floor":27,"key":"SMITH"},{"data":"DemoMod:ShadowBullets","floor":32,"key":"SMITH"}],"circlet_count":0,"master_deck":["DemoMod:Strike_Huntress","DemoMod:Strike_Huntress","DemoMod:Defend_Huntress","DemoMod:Defend_Huntress","DemoMod:Defend_Huntress","DemoMod:Defend_Huntress","DemoMod:Roll","DemoMod:ManualReload+1","DemoMod:RustySidearm","DemoMod:CrossBow","DemoMod:HardPowerCard","DemoMod:TeaPot","DemoMod:HungryBullets","DemoMod:HighKaliber+1","DemoMod:ThirdPartyController","DemoMod:SniperShot","DemoMod:HardPowerCard+1","DemoMod:HighKaliber+1","DemoMod:BulletBore","DemoMod:SniperShot+1","DemoMod:MachoBrace","DemoMod:PracticeMakesPerfect","Doubt","DemoMod:ShadowBullets+1","DemoMod:BlankBullets+1","DemoMod:GunslingerForm","Gensokyo:CustomPotion","DemoMod:Eureka","DemoMod:Polaris+1"],"relics":["DemoMod:Dog","DemoMod:Antibody","Gensokyo:OccultBall","DemoMod:WhiteGuonStone","Eternal Feather","Akabeko","Cursed Key","HollowMod:JonisBlessing","Gensokyo:ChorusOfJoy","Sozu","Lantern","TungstenRod"],"acts_visited":["Gensokyo:Gensokyo","Gensokyo:Gensokyoer","Gensokyo:Gensokyoest"],"potions_floor_usage":[7,29,33,41],"damage_taken":[{"damage":0,"enemies":"Gensokyo:3_Fairies","floor":1,"turns":4},{"damage":6,"enemies":"Gensokyo:Gryphon","floor":2,"turns":6},{"damage":8,"enemies":"Gensokyo:Python","floor":3,"turns":5},{"damage":10,"enemies":"Gensokyo:3_Kodama","floor":5,"turns":5},{"damage":10,"enemies":"Gensokyo:2_Rabbits","floor":7,"turns":5},{"damage":2,"enemies":"Gensokyo:Gryphon_and_Rabbit","floor":10,"turns":4},{"damage":1,"enemies":"Gensokyo:Kitsune","floor":11,"turns":3},{"damage":4,"enemies":"Gensokyo:Aya","floor":13,"turns":5},{"damage":9,"enemies":"Gensokyo:2_Rabbits","floor":14,"turns":4},{"damage":18,"enemies":"Gensokyo:Kokoro","floor":16,"turns":9},{"damage":0,"enemies":"Gensokyo:2_Gloops","floor":18,"turns":4},{"damage":0,"enemies":"Gensokyo:AngelMirror","floor":20,"turns":2},{"damage":0,"enemies":"Gensokyo:Chomper_and_Gloop","floor":21,"turns":3},{"damage":0,"enemies":"Gensokyo:3_Gloops","floor":22,"turns":5},{"damage":6,"enemies":"Gensokyo:Wraith","floor":23,"turns":4},{"damage":0,"enemies":"Gensokyo:Chomper_and_Gloop","floor":29,"turns":3},{"damage":18,"enemies":"Gensokyo:Kaguya","floor":33,"turns":12},{"damage":0,"enemies":"Gensokyo:3_Boulders","floor":35,"turns":2},{"damage":0,"enemies":"Gensokyo:3_Bats","floor":38,"turns":4},{"damage":0,"enemies":"Gensokyo:Doremy","floor":40,"turns":5},{"damage":67,"enemies":"Gensokyo:Doremy","floor":41,"turns":4}],"seed_played":"-8826680740925213669","potions_obtained":[{"floor":1,"key":"Weak Potion"},{"floor":2,"key":"RedTea"},{"floor":11,"key":"SpeedPotion"},{"floor":16,"key":"GrandPatriotsElixir:ReiMu"},{"floor":29,"key":"Strength Potion"}],"is_trial":false,"path_per_floor":["M","M","M","?","M","R","M","R","T","M","M","COS","E","M","R","B",null,"M","$","M","M","M","M","R","?","T","R","$","M","COS","?","R","B",null,"M","?","$","M","$","E","R"],"character_chosen":"HUNTRESS","items_purchased":["HollowMod:JonisBlessing","DemoMod:ShadowBullets","DemoMod:Eureka"],"campfire_rested":1,"item_purchase_floors":[19,28,37],"current_hp_per_floor":[63,57,49,49,39,39,29,29,29,27,26,26,22,13,31,13,63,63,63,63,63,63,57,57,57,57,57,57,57,57,57,57,39,63,63,63,63,63,63,63,0,0],"gold":92,"neow_bonus":"ONE_RARE_RELIC","is_daily":false,"chose_seed":false,"campfire_upgraded":5,"win_rate":0.0,"timestamp":1614064275,"path_taken":["M","M","?","?","M","R","M","R","T","M","M","COS","E","M","R","BOSS","M","$","M","M","M","?","R","?","T","R","$","M","COS","?","R","BOSS","M","?","$","?","$","E","R"],"items_purchased_type":["Relic","Card","Card"],"build_version":"2020-12-22","purchased_purges":1,"victory":false,"max_hp_per_floor":[63,63,63,63,63,63,63,63,63,63,63,63,63,63,63,63,63,63,63,63,63,63,63,63,63,63,63,63,63,63,63,63,63,63,63,63,63,63,63,63,63,63],"card_choices":[{"not_picked":["DemoMod:JK47","DemoMod:Unity"],"picked":"DemoMod:HardPowerCard","floor":1},{"not_picked":["DemoMod:HungryBullets","DemoMod:LifeOrb","DemoMod:AC15"],"picked":"SKIP","floor":2},{"not_picked":["DemoMod:LifeOrb","DemoMod:AC15"],"picked":"DemoMod:HungryBullets","floor":2},{"not_picked":["DemoMod:SAA","DemoMod:PotionOfGunFriendShip"],"picked":"DemoMod:TeaPot","floor":3},{"not_picked":["DemoMod:FortunesFavor","DemoMod:FastSwitch"],"picked":"DemoMod:HungryBullets","floor":5},{"not_picked":["DemoMod:AWP","DemoMod:FastSwitch"],"picked":"DemoMod:HighKaliber","floor":7},{"not_picked":["DemoMod:ConditionalReflex","DemoMod:BattleInHaste"],"picked":"DemoMod:ThirdPartyController","floor":10},{"not_picked":["DemoMod:MachoBrace","DemoMod:BattleInHaste"],"picked":"DemoMod:SniperShot","floor":11},{"not_picked":["DemoMod:BoxingGlove+1","DemoMod:DirectionalPad+1"],"picked":"DemoMod:HardPowerCard+1","floor":13},{"not_picked":["DemoMod:BoxingGlove","DemoMod:ChanceBullets","DemoMod:FortunesFavor"],"picked":"SKIP","floor":13},{"not_picked":["DemoMod:TableSutra","DemoMod:AC15"],"picked":"DemoMod:HighKaliber","floor":14},{"not_picked":["DemoMod:Gungine","DemoMod:Elimentaler"],"picked":"DemoMod:BulletBore","floor":16},{"not_picked":["DemoMod:StickyCrossBow+1","DemoMod:BattleInHaste"],"picked":"DemoMod:SniperShot","floor":18},{"not_picked":["DemoMod:JK47+1","DemoMod:SAA+1"],"picked":"DemoMod:MachoBrace","floor":20},{"not_picked":["DemoMod:GunstockTap","DemoMod:LifeOrb","DemoMod:StickyCrossBow"],"picked":"SKIP","floor":21},{"not_picked":["DemoMod:PotionOfGunFriendShip","DemoMod:StickyCrossBow"],"picked":"DemoMod:PracticeMakesPerfect","floor":22},{"not_picked":["DemoMod:HighKaliber","DemoMod:AbyssalTentacle","DemoMod:MachoBrace"],"picked":"SKIP","floor":23},{"not_picked":["DemoMod:AC15","DemoMod:BalloonGun","DemoMod:BoxingGlove"],"picked":"SKIP","floor":29},{"not_picked":["DemoMod:BulletBore+1","DemoMod:DoubleVision+1"],"picked":"DemoMod:BlankBullets+1","floor":33},{"not_picked":["DemoMod:Behold!","DemoMod:FightSabre"],"picked":"DemoMod:GunslingerForm","floor":33},{"not_picked":["DemoMod:EasyReloadBullets+1","DemoMod:ZorGun","DemoMod:PotionOfGunFriendShip"],"picked":"SKIP","floor":35},{"not_picked":["DemoMod:HardPowerCard+1","DemoMod:Ejector+1"],"picked":"DemoMod:Polaris+1","floor":38},{"not_picked":["DemoMod:ChanceBullets","DemoMod:DirectionalPad","DemoMod:EasyReloadBullets"],"picked":"SKIP","floor":38},{"not_picked":["DemoMod:Camera","DemoMod:ProbeStrike","DemoMod:BattleInHaste+1"],"picked":"SKIP","floor":40}],"player_experience":590507,"relics_obtained":[{"floor":9,"key":"DemoMod:WhiteGuonStone"},{"floor":10,"key":"Gensokyo:OccultBall"},{"floor":11,"key":"Gensokyo:OccultBall"},{"floor":13,"key":"DemoMod:WeirdEgg"},{"floor":16,"key":"Gensokyo:OccultBall"},{"floor":20,"key":"Gensokyo:OccultBall"},{"floor":23,"key":"Gensokyo:OccultBall"},{"floor":33,"key":"Gensokyo:OccultBall"},{"floor":40,"key":"Lantern"},{"floor":40,"key":"TungstenRod"}],"event_choices":[],"is_beta":false,"boss_relics":[{"not_picked":["Dota2Spire:RefresherOrb","Busted Crown"],"picked":"Cursed Key"},{"not_picked":["Pandora\u0027s Box","SacredBark"],"picked":"Sozu"}],"items_purged_floors":[19],"is_endless":false,"potions_floor_spawned":[1,2,11,14,16,20,21,29,40],"killed_by":"Gensokyo:Doremy","ascension_level":0}}