{"host":"xnjcin1g6gswdgtt","time":1614095103,"event":{"mods":["2.2 Compatiblity","Act Like it!","Arknights","Aspiration","Astrologer","BaseMod","Beaked The Cultist","Better Altar","Better Match","Better Note","Better Sensory Stone","Better Skull","Better Third Choice","Better Vampires","BetterRewards","Bossed Relics","Card Forge","CatGirl Mod","ChefMod","Colored Map","Colored Powertips","Conspire","Dota2Spire","Downfall","Duelist Mod","Elementarium","Energized Spire","Friendly Minions","Gold Saver","Gremlin Mod","GungeonMod","Hero for Fun","Highlight Path","Hubris","Jedi Mod","JesterMod","Marisa????????","Marked Mod","Menagerie","Minty Spire (QoL Compilation)","Pale of the Ancients","QueenMod","Quick Restart","Rare Cards Sparkle","Relic Stats","Reliquary","Replay The Spire","Robot Space Explorer","Ruina","Shade Mod","Shapeshifter Mod","Shop Mod","Small Relic Pack","Smile Girya","Spicy Shops","StSLib","The Alterego","The Animator","The Blue Laboratory","The Clintock","The Construct","The Cursed","The Death Knight","The Disciple","The Dragon Tamer","The Forsaken","The Hierophant","The Marked","The Mystic","The Necromancer","The Poker Player","The Runesmith","The Saiyan","The Servant 0.9.4","The Showman","The Wild Card","TheBandit","TheSwordswoman","TheVacant","Trackpad","Yuri Mod","??????REMEMod"],"gold_per_floor":[1577,1577,1592,1592,1602,1602,1636,1636,1636,1636,1636,1648,1084,1098,1098,1201,1201,1220,559,559,484,484,514,323,339,364,376,376,376,376],"floor_reached":29,"language":"ENG","playtime":3261,"items_purged":[],"score":241,"play_id":"87d5fa4a-2b39-42b1-97fa-4a1ee6480a14","local_time":"20210223094503","is_ascension_mode":false,"campfire_choices":[{"floor":6.0,"key":"RECALL"},{"floor":8.0,"key":"REST"},{"floor":11.0,"key":"REST"}],"circlet_count":0,"master_deck":["Strike_W+1","Strike_W+1","Strike_W+1","Negative_Energy_Arrows+1","Bone_Wall+1","theForsaken:BlightOfFamine+1","Summon_Vampire_Lady+1","Death_March_Dance+1","Doubt","Menagerie:DarkRitual+1","Menagerie:LightningHelix+1","Menagerie:LightningHelix+1","Death_March_Dance+1","Uncharnel+1","Summon_Lich+1","Bones_to_Steel+1","Skeleton_Dragon+1","Spectral_Armor+1","Bone_Bullets+1","Blood_Magic+1","Bone_Armor+1","Summon_Undead+1","Negative_Energy_Shield+1"],"relics":["Vampire_Amulet","Hammer of Thor","Seething Fire","Anvil of the Gods","REME_ComplimentaryCards","Dota2Spire:PhaseBoots","Nunchaku","Replay:Kaleidoscope","Strange Spoon","Bag of Marbles","DemoMod:GnawedKey","Dota2Spire:OctarineCore","construct:ClawGrip","Dota2Spire:MonkeyKingBar","aspiration:HiddenCompartment","conspire:DecoderRing","relicPack:AllForOne","hubris:Towel","theForsaken:Lifeblossom","reliquary:Knoch","jedi:crownofsimplicity","DemoMod:GlassGuonStoneRelic"],"acts_visited":["Menagerie:Menagerie","ruina:Briah"],"potions_floor_usage":[],"damage_taken":[{"damage":0.0,"enemies":"Menagerie:2_RABBITS","floor":1.0,"turns":3.0},{"damage":0.0,"enemies":"Menagerie:WhisperingWraith","floor":3.0,"turns":3.0},{"damage":0.0,"enemies":"Menagerie:StygianBoar","floor":5.0,"turns":5.0},{"damage":22.0,"enemies":"Menagerie:MaskedSummoner","floor":7.0,"turns":8.0},{"damage":0.0,"enemies":"Menagerie:KEEPER_AND_YOUNG_SUNEATER","floor":12.0,"turns":4.0},{"damage":7.0,"enemies":"Menagerie:DREAD_MOTH_AND_GRAFTED_WORMS","floor":14.0,"turns":4.0},{"damage":25.0,"enemies":"Menagerie:Suneater","floor":16.0,"turns":6.0},{"damage":5.0,"enemies":"ruina:2_Scarecrows","floor":18.0,"turns":4.0},{"damage":42.0,"enemies":"ruina:Mountain","floor":23.0,"turns":4.0},{"damage":0.0,"enemies":"ruina:Nosferatu","floor":25.0,"turns":2.0},{"damage":19.0,"enemies":"ruina:3_Scarecrows","floor":27.0,"turns":3.0}],"seed_played":"4824306530407796966","potions_obtained":[{"floor":3.0,"key":"blueLaboratory:FruitPunch"},{"floor":5.0,"key":"hexamod:SoulburnPotion"},{"floor":23.0,"key":"DeathKnight:RimePotion"}],"is_trial":false,"path_per_floor":["M","?","M","?","M","R","E","R","T","?","R","M","$","M","R_BF","B",null,"M","$","?","?","?","E","$","M","T","M","PTL"],"character_chosen":"NECROMANCER","items_purchased":["Strange Spoon","Bag of Marbles","DemoMod:GnawedKey","Dota2Spire:OctarineCore","Dota2Spire:MonkeyKingBar","aspiration:HiddenCompartment","Spectral_Armor","conspire:DecoderRing","Bone_Armor","reliquary:Knoch"],"campfire_rested":2,"item_purchase_floors":[13,13,13,13,19,19,19,19,24,24],"current_hp_per_floor":[82,47,55,55,67,67,66,74,74,79,79,79,79,79,79,73,79,79,79,79,79,79,58,58,70,70,78,78,78,78],"gold":376,"neow_bonus":"TEN_PERCENT_HP_BONUS","is_daily":false,"chose_seed":false,"campfire_upgraded":0,"win_rate":0.0,"timestamp":1614095103,"path_taken":["M","?","?","?","M","R","E","R","T","?","R","?","$","M","R_BF","BOSS","M","?","?","?","?","E","?","M","T","M","PTL","PTL"],"items_purchased_type":["Relic","Relic","Relic","Relic","Relic","Relic","Card","Relic","Card","Relic"],"build_version":"2020-12-22","purchased_purges":0,"victory":false,"max_hp_per_floor":[82,82,82,74,74,74,74,74,74,79,79,79,79,79,79,79,79,79,79,79,79,79,79,79,79,79,79,79,79,79],"relic_stats":{"Strange Spoon":[23],"Nunchaku":[8],"counters":[11,46],"obtain_stats":[{"construct:ClawGrip":17,"theForsaken:Lifeblossom":23,"Hammer of Thor":0,"DemoMod:GlassGuonStoneRelic":3,"Seething Fire":0,"Replay:Kaleidoscope":7,"jedi:crownofsimplicity":26,"hubris:Towel":22,"aspiration:HiddenCompartment":19,"Strange Spoon":13,"Frozen Eye":18,"Nunchaku":2,"Anvil of the Gods":0,"conspire:DecoderRing":19,"Vampire_Amulet":0,"Bag of Marbles":13,"DemoMod:GnawedKey":13,"Dota2Spire:OctarineCore":13,"relicPack:AllForOne":20,"reliquary:Knoch":24,"Dota2Spire:MonkeyKingBar":19,"REME_ComplimentaryCards":0,"Dota2Spire:PhaseBoots":2},{"construct:ClawGrip":7,"theForsaken:Lifeblossom":9,"Hammer of Thor":0,"DemoMod:GlassGuonStoneRelic":2,"Seething Fire":0,"Replay:Kaleidoscope":4,"jedi:crownofsimplicity":10,"hubris:Towel":8,"aspiration:HiddenCompartment":8,"Strange Spoon":5,"Frozen Eye":7,"Nunchaku":1,"Anvil of the Gods":0,"conspire:DecoderRing":8,"Vampire_Amulet":0,"Bag of Marbles":5,"DemoMod:GnawedKey":5,"Dota2Spire:OctarineCore":5,"relicPack:AllForOne":8,"reliquary:Knoch":9,"Dota2Spire:MonkeyKingBar":8,"REME_ComplimentaryCards":0,"Dota2Spire:PhaseBoots":1},{"construct:ClawGrip":33,"theForsaken:Lifeblossom":41,"Hammer of Thor":0,"DemoMod:GlassGuonStoneRelic":6,"Seething Fire":0,"Replay:Kaleidoscope":19,"jedi:crownofsimplicity":43,"hubris:Towel":37,"aspiration:HiddenCompartment":37,"Strange Spoon":23,"Frozen Eye":33,"Nunchaku":3,"Anvil of the Gods":0,"conspire:DecoderRing":37,"Vampire_Amulet":0,"Bag of Marbles":23,"DemoMod:GnawedKey":23,"Dota2Spire:OctarineCore":23,"relicPack:AllForOne":37,"reliquary:Knoch":41,"Dota2Spire:MonkeyKingBar":37,"REME_ComplimentaryCards":0,"Dota2Spire:PhaseBoots":3}]},"card_choices":[{"not_picked":["Bone_Bullets","Life_Tap"],"picked":"Summon_Vampire_Lady","floor":1.0},{"not_picked":["Negative_Energy_Shield","Siphon_Strength"],"picked":"Death_March_Dance","floor":3.0},{"not_picked":["Menagerie:SuddenReclamation","Menagerie:QuirionDryad"],"picked":"Menagerie:DarkRitual","floor":4.0},{"not_picked":["Menagerie:WallOfBlossoms","Menagerie:MirarisWake"],"picked":"Menagerie:LightningHelix","floor":4.0},{"not_picked":["Menagerie:SteelWall","Menagerie:DarkRitual"],"picked":"Menagerie:LightningHelix","floor":4.0},{"not_picked":["Toxic_Smoke_Screen","Death_Coil"],"picked":"Death_March_Dance","floor":5.0},{"not_picked":["Negative_Energy_Sphere","Blood_Whip"],"picked":"Uncharnel","floor":7.0},{"not_picked":["Deaths_Shadow","Spectral_Walk"],"picked":"Summon_Lich","floor":12.0},{"not_picked":["Whirlwind_of_Bones","Death_March_Dance"],"picked":"Bones_to_Steel","floor":14.0},{"not_picked":["Grasp_Heart","Reap_The_Weak"],"picked":"Skeleton_Dragon","floor":16.0},{"not_picked":["Deaths_Shadow","Negative_Energy_Mist","Chill_Blood"],"picked":"SKIP","floor":18.0},{"not_picked":["Bones_to_Steel","Negative_Energy_Shield"],"picked":"Bone_Bullets","floor":21.0},{"not_picked":["Grasp_Heart","Negative_Energy_Bomb"],"picked":"Blood_Magic","floor":21.0},{"not_picked":["Plague_Bolt+1","Shackles_Of_Pain","Bones_to_Steel"],"picked":"SKIP","floor":23.0},{"not_picked":["Negative_Energy_Shield","Bone_Spikes"],"picked":"Summon_Undead","floor":25.0},{"not_picked":["Summon_Undead","Bone_Spikes"],"picked":"Negative_Energy_Shield","floor":27.0}],"player_experience":224492,"relics_obtained":[{"floor":7.0,"key":"Replay:Kaleidoscope"},{"floor":23.0,"key":"theForsaken:Lifeblossom"},{"floor":26.0,"key":"jedi:crownofsimplicity"}],"event_choices":[{"damage_healed":0.0,"max_hp_gain":0.0,"max_hp_loss":0.0,"gold_gain":0.0,"event_name":"betterSkull:BetterSkull","player_choice":"RE RE ","floor":2.0,"gold_loss":0.0,"damage_taken":39.0,"cards_upgraded":[],"relics_obtained":["Dota2Spire:PhaseBoots","Nunchaku"]},{"damage_healed":0.0,"max_hp_gain":0.0,"max_hp_loss":8.0,"gold_gain":0.0,"event_name":"Menagerie:OvergrownLibrary","player_choice":"Read","floor":4.0,"gold_loss":0.0,"damage_taken":0.0,"cards_obtained":["Doubt"]},{"damage_healed":0.0,"max_hp_gain":5.0,"max_hp_loss":0.0,"gold_gain":0.0,"event_name":"Menagerie:HarrowingRitual","player_choice":"Shield","floor":10.0,"gold_loss":0.0,"damage_taken":0.0},{"damage_healed":0.0,"max_hp_gain":0.0,"max_hp_loss":0.0,"gold_gain":0.0,"event_name":"betterMatch:BetterMatch","player_choice":"1","floor":21.0,"gold_loss":0.0,"damage_taken":0.0,"cards_obtained":["betterMatch:CommonCard","betterMatch:ColorlessUncommonCard","betterMatch:RareCard"]}],"is_beta":false,"boss_relics":[{"not_picked":["jedi:battlestandard","relicPack:ShieldShield"],"picked":"construct:ClawGrip"}],"items_purged_floors":[],"is_endless":false,"potions_floor_spawned":[3,5,23,25,27],"ascension_level":0}}