{"host":"ow66nzv2xecjoor3","time":1614065622,"event":{"mods":["BaseMod","Bestiary","Block Reminder","Colored Powertips","Curses Come First","Highlight Path","Keyboard Shortcuts","Minty Spire (QoL Compilation)","Permanent Neow","Relic Stats","StSLib","UnlockEverythingMod"],"gold_per_floor":[117,128,142,157,168,168,193,204,227,227,302,302,336,15,15,15,15],"floor_reached":16,"language":"ENG","playtime":474,"items_purged":["Strike_B"],"score":224,"play_id":"b12cc6cb-80f8-448e-915c-af1718f0fbf7","local_time":"20210223013342","is_ascension_mode":true,"campfire_choices":[{"floor":6,"key":"REST"},{"floor":10,"key":"REST"},{"floor":12,"key":"REST"},{"data":"Sunder","floor":15,"key":"SMITH"}],"circlet_count":0,"master_deck":["AscendersBane","Strike_B","Strike_B","Strike_B","Defend_B","Defend_B+1","Defend_B","Defend_B","Zap+1","Dualcast","Compile Driver","Cold Snap","Rebound","Multi-Cast","Ball Lightning","Ball Lightning","Cold Snap","Sunder+1","Self Repair","Steam"],"relics":["Cracked Core","Cables","War Paint","Smiling Mask","Happy Flower"],"acts_visited":["Exordium"],"potions_floor_usage":[1,7,8],"damage_taken":[{"damage":1,"enemies":"Cultist","floor":1,"turns":3},{"damage":20,"enemies":"Small Slimes","floor":2,"turns":4},{"damage":12,"enemies":"Jaw Worm","floor":3,"turns":4},{"damage":8,"enemies":"Exordium Wildlife","floor":4,"turns":2},{"damage":11,"enemies":"2 Fungi Beasts","floor":5,"turns":3},{"damage":29,"enemies":"Lagavulin","floor":7,"turns":7},{"damage":4,"enemies":"Lots of Slimes","floor":8,"turns":4},{"damage":6,"enemies":"Gremlin Nob","floor":13,"turns":3},{"damage":37,"enemies":"Slime Boss","floor":16,"turns":6}],"seed_played":"-6082702985751630798","potions_obtained":[{"floor":0,"key":"Strength Potion"},{"floor":0,"key":"Dexterity Potion"},{"floor":1,"key":"Fruit Juice"},{"floor":2,"key":"SteroidPotion"},{"floor":4,"key":"FearPotion"}],"is_trial":false,"path_per_floor":["M","M","M","M","M","R","E","M","T","R","?","R","E","$","R","B"],"character_chosen":"DEFECT","items_purchased":["Happy Flower","Self Repair","Steam"],"campfire_rested":3,"item_purchase_floors":[14,14,14],"current_hp_per_floor":[68,48,36,28,17,39,10,6,6,28,17,39,33,33,33,0,0],"gold":15,"neow_bonus":"THREE_SMALL_POTIONS","is_daily":false,"chose_seed":false,"campfire_upgraded":1,"win_rate":0.0,"timestamp":1614065622,"path_taken":["M","M","M","M","M","R","E","?","T","R","?","R","E","$","R","BOSS"],"items_purchased_type":["Relic","Card","Card"],"build_version":"2020-12-22","purchased_purges":1,"victory":false,"max_hp_per_floor":[76,76,76,76,76,76,76,76,76,76,76,76,76,76,76,76,76],"relic_stats":{"Happy Flower":[2],"counters":[9,36],"War Paint":["Zap","Defend_B"],"Smiling Mask":25,"obtain_stats":[{"Happy Flower":14,"War Paint":9,"Cracked Core":0,"Smiling Mask":13,"Cables":7},{"Happy Flower":8,"War Paint":7,"Cracked Core":0,"Smiling Mask":8,"Cables":6},{"Happy Flower":30,"War Paint":27,"Cracked Core":0,"Smiling Mask":30,"Cables":23}],"Cables":[12,6,6,0,0]},"card_choices":[{"not_picked":["Tempest","Leap"],"picked":"Compile Driver","floor":1},{"not_picked":["Heatsinks","Conserve Battery"],"picked":"Cold Snap","floor":2},{"not_picked":["Streamline","Turbo"],"picked":"Rebound","floor":3},{"not_picked":["Capacitor","Streamline"],"picked":"Multi-Cast","floor":4},{"not_picked":["BootSequence","Double Energy"],"picked":"Ball Lightning","floor":5},{"not_picked":["Chaos","Storm"],"picked":"Ball Lightning","floor":7},{"not_picked":["Coolheaded","Compile Driver"],"picked":"Cold Snap","floor":8},{"not_picked":["Streamline","Buffer"],"picked":"Sunder","floor":13}],"player_experience":2954506,"relics_obtained":[{"floor":7,"key":"Cables"},{"floor":9,"key":"War Paint"},{"floor":13,"key":"Smiling Mask"}],"event_choices":[{"damage_healed":0,"gold_gain":75,"player_choice":"Gather Gold","damage_taken":11,"max_hp_gain":0,"max_hp_loss":0,"event_name":"World of Goop","floor":11,"gold_loss":0}],"is_beta":false,"boss_relics":[],"items_purged_floors":[14],"is_endless":false,"potions_floor_spawned":[1,2,4],"killed_by":"Slime Boss","ascension_level":20}}