{"host":"00f1p9ihhzi7hxfk","time":1614087679,"event":{"mods":["AchievementEnabler","BaseMod","Colored Map","Colored Powertips","Minty Spire (QoL Compilation)","Rare Cards Sparkle","Relic Stats"],"gold_per_floor":[112,127,127,127,127,127,77,77,77,77,100,118,135,135,135],"floor_reached":14,"language":"DEU","playtime":283,"items_purged":[],"score":78,"play_id":"b25029b9-0ed1-4e2c-a76a-f9ac1dbfc3c0","local_time":"20210223144119","is_ascension_mode":false,"campfire_choices":[{"data":"Infernal Blade","floor":6,"key":"SMITH"},{"floor":8,"key":"REST"},{"data":"Bash","floor":10,"key":"SMITH"}],"circlet_count":0,"master_deck":["Strike_R","Strike_R","Strike_R","Strike_R","Defend_R","Defend_R","Defend_R","Defend_R","Bash+1","Infernal Blade+1","Sword Boomerang"],"relics":["Burning Blood","NeowsBlessing","Gremlin Horn","Lantern"],"acts_visited":["Exordium"],"potions_floor_usage":[],"damage_taken":[{"damage":0,"enemies":"2 Louse","floor":1,"turns":1},{"damage":0,"enemies":"Jaw Worm","floor":2,"turns":1},{"damage":0,"enemies":"Cultist","floor":12,"turns":1},{"damage":18,"enemies":"Gremlin Gang","floor":13,"turns":5},{"damage":69,"enemies":"Gremlin Nob","floor":14,"turns":5}],"seed_played":"-814205614041591687","potions_obtained":[{"floor":2,"key":"Regen Potion"},{"floor":13,"key":"DuplicationPotion"}],"is_trial":false,"path_per_floor":["M","M","?","?","$","R","?","R","T","R","T","M","M","E"],"character_chosen":"IRONCLAD","items_purchased":[],"campfire_rested":1,"item_purchase_floors":[],"current_hp_per_floor":[80,80,73,73,73,73,73,80,80,80,80,80,68,0,0],"gold":135,"neow_bonus":"THREE_ENEMY_KILL","is_daily":false,"chose_seed":false,"campfire_upgraded":2,"win_rate":0.0,"timestamp":1614087679,"path_taken":["M","M","?","?","?","R","?","R","T","R","?","?","M","E"],"items_purchased_type":[],"build_version":"2020-12-22","purchased_purges":0,"victory":false,"max_hp_per_floor":[80,80,80,80,80,80,80,80,80,80,80,80,80,80,80],"relic_stats":{"Gremlin Horn":[3,3],"counters":[5,13],"obtain_stats":[{"Lantern":11,"NeowsBlessing":0,"Gremlin Horn":9,"Burning Blood":0},{"Lantern":2,"NeowsBlessing":0,"Gremlin Horn":2,"Burning Blood":0},{"Lantern":2,"NeowsBlessing":0,"Gremlin Horn":2,"Burning Blood":0}],"Burning Blood":6},"card_choices":[{"not_picked":["Perfected Strike","Seeing Red"],"picked":"Sword Boomerang","floor":1},{"not_picked":["Seeing Red","Rupture"],"picked":"Infernal Blade","floor":2},{"not_picked":["Intimidate","Evolve","True Grit"],"picked":"SKIP","floor":12},{"not_picked":["Twin Strike","Offering"],"picked":"Sword Boomerang","floor":13}],"player_experience":122516,"relics_obtained":[{"floor":9,"key":"Gremlin Horn"},{"floor":11,"key":"Lantern"}],"event_choices":[{"cards_removed":["Sword Boomerang"],"damage_healed":0,"gold_gain":0,"player_choice":"Card Removal","damage_taken":7,"max_hp_gain":0,"max_hp_loss":0,"event_name":"Golden Wing","floor":3,"gold_loss":0},{"damage_healed":0,"gold_gain":0,"player_choice":"Ignored","damage_taken":0,"max_hp_gain":0,"max_hp_loss":0,"event_name":"Shining Light","floor":4,"gold_loss":0},{"cards_removed":["Strike_R"],"damage_healed":0,"gold_gain":0,"player_choice":"Card Removal","damage_taken":0,"max_hp_gain":0,"max_hp_loss":0,"event_name":"The Cleric","floor":7,"gold_loss":50}],"is_beta":false,"boss_relics":[],"items_purged_floors":[],"is_endless":false,"potions_floor_spawned":[2,13],"killed_by":"Gremlin Nob","ascension_level":0}}