{"host":"dg9ago0zd82drrsw","time":1614076842,"event":{"mods":["BaseMod","Bestiary","Colored Powertips","Downfall","GifTheSpireLib","Minty Spire (QoL Compilation)","Relic Stats","StSLib"],"gold_per_floor":[99,99,99,99,99,111,136,153,153,164,52,52,382,393,408,503,503,503,513,204,204,204,232,256,271,271,14,14,14,14],"floor_reached":28,"language":"ENG","playtime":1246,"items_purged":["hexamod:Defend"],"score":234,"play_id":"e0788073-13b2-49b5-8c13-4dfabbe4805d","local_time":"20210223134042","is_ascension_mode":false,"campfire_choices":[{"data":"hexamod:Float","floor":1.0,"key":"SMITH"},{"data":"hexamod:ExtraCrispy","floor":9.0,"key":"SMITH"},{"data":"hexamod:GhostOfSpirePresent","floor":18,"key":"SMITH"},{"floor":26,"key":"REST"}],"circlet_count":0,"master_deck":["hexamod:Strike","hexamod:Strike","hexamod:Strike","hexamod:Strike","hexamod:Defend","hexamod:Defend","hexamod:Defend+1","hexamod:Sear","hexamod:Float+1","hexamod:UnlimitedPower+1","hexamod:NightmareGuise","hexamod:ChargedBarrage","hexamod:ExtraCrispy+1","hexamod:FastForward","hexamod:EmpoweredFlame","hexamod:FastForward","hexamod:FirstSeal","hexamod:PhantomCloak+1","hexamod:GhostOfSpirePresent+1","hexamod:ThermalTransfer","hexamod:RadiantFlame+1","hexamod:InspiringFlames","hexamod:WildfireWeapon","hexamod:GhostOfSpireFuture","hexamod:FastForward"],"relics":["hexamod:SpiritBrand","downfall:HeartsMalice","Old Coin","hexamod:IceCube","Sling","Juzu Bracelet","downfall:RedIOU","Slimebound:StickyStick","War Paint","Toy Ornithopter"],"acts_visited":["Exordium","TheCity"],"potions_floor_usage":[23,25,28,28],"damage_taken":[{"damage":0.0,"enemies":"2 Louse","floor":2.0,"turns":1.0},{"damage":0.0,"enemies":"Cultist","floor":4.0,"turns":1.0},{"damage":0.0,"enemies":"Jaw Worm","floor":5.0,"turns":1.0},{"damage":6.0,"enemies":"Gremlin Gang","floor":6.0,"turns":7.0},{"damage":0.0,"enemies":"Large Slime","floor":8.0,"turns":6.0},{"damage":5.0,"enemies":"3 Louse","floor":10.0,"turns":4.0},{"damage":0.0,"enemies":"downfall:FleeingMerchant","floor":11.0,"turns":4.0},{"damage":28.0,"enemies":"3 Sentries","floor":13.0,"turns":10.0},{"damage":3.0,"enemies":"Red Slaver","floor":14.0,"turns":3.0},{"damage":24.0,"enemies":"Exordium Wildlife","floor":15.0,"turns":6.0},{"damage":9,"enemies":"IC_STATUS_ARCHETYPE","floor":16,"turns":8},{"damage":10,"enemies":"Chosen","floor":19,"turns":6},{"damage":0,"enemies":"downfall:FleeingMerchant","floor":20,"turns":4},{"damage":99,"enemies":"Gremlin Leader","floor":23,"turns":11},{"damage":8,"enemies":"Shell Parasite","floor":25,"turns":8},{"damage":0,"enemies":"downfall:FleeingMerchant","floor":27,"turns":4},{"damage":51,"enemies":"Slavers","floor":28,"turns":3}],"seed_played":"-7011127630265365032","potions_obtained":[{"floor":6.0,"key":"GamblersBrew"},{"floor":8.0,"key":"FairyPotion"},{"floor":10.0,"key":"sneckomod:MuddlingPotion"},{"floor":14.0,"key":"champ:CounterPotion"},{"floor":23,"key":"LiquidMemories"},{"floor":25,"key":"Swift Potion"}],"is_trial":false,"path_per_floor":["R","M","?","M","M","M","T","M","R","M","$","?","E","M","M","B",null,"R","M","$","?","?","E","T","M","R","$","E"],"character_chosen":"THE_SPIRIT","items_purchased":["hexamod:FastForward","Sling","Juzu Bracelet","hexamod:GhostOfSpireFuture","hexamod:FastForward","Toy Ornithopter"],"campfire_rested":1,"item_purchase_floors":[11,20,20,27,27,27],"current_hp_per_floor":[70,70,70,70,70,64,64,64,64,59,59,64,36,33,16,7,75,75,72,75,75,75,12,12,11,33,40,0,0,0],"gold":14,"neow_bonus":"THREE_ENEMY_KILL","is_daily":false,"chose_seed":false,"campfire_upgraded":3,"win_rate":0.0,"timestamp":1614076842,"path_taken":["R","M","?","M","M","?","T","M","R","M","$","?","E","M","M","BOSS","R","M","$","?","?","E","T","M","R","$","E"],"items_purchased_type":["Card","Relic","Relic","Card","Card","Relic"],"build_version":"2020-12-22","purchased_purges":1,"victory":false,"max_hp_per_floor":[70,70,70,70,70,70,70,70,70,70,70,75,75,75,75,75,75,75,75,75,75,75,75,75,75,75,75,75,75,75],"relic_stats":{"counters":[17,84],"Juzu Bracelet":1,"War Paint":["hexamod:Defend","hexamod:UnlimitedPower"],"obtain_stats":[{"Slimebound:StickyStick":23,"downfall:HeartsMalice":0,"downfall:RedIOU":22,"Juzu Bracelet":20,"War Paint":24,"Ancient Tea Set":7,"Sling":20,"hexamod:SpiritBrand":0,"hexamod:IceCube":17,"Toy Ornithopter":27,"Old Coin":13},{"Slimebound:StickyStick":14,"downfall:HeartsMalice":0,"downfall:RedIOU":13,"Juzu Bracelet":13,"War Paint":14,"Ancient Tea Set":4,"Sling":13,"hexamod:SpiritBrand":0,"hexamod:IceCube":11,"Toy Ornithopter":16,"Old Coin":8},{"Slimebound:StickyStick":69,"downfall:HeartsMalice":0,"downfall:RedIOU":58,"Juzu Bracelet":58,"War Paint":69,"Ancient Tea Set":7,"Sling":58,"hexamod:SpiritBrand":0,"hexamod:IceCube":48,"Toy Ornithopter":81,"Old Coin":31}],"Toy Ornithopter":10},"card_choices":[{"not_picked":["hexamod:Firestarter","hexamod:Haunt"],"picked":"hexamod:ShieldOfDarkness","floor":2.0},{"not_picked":["hexamod:AdvancingGuard","hexamod:ThirdSeal"],"picked":"hexamod:UnlimitedPower","floor":4.0},{"not_picked":["hexamod:GhostLash","hexamod:HeatMetal"],"picked":"hexamod:NightmareGuise","floor":5.0},{"not_picked":["hexamod:HeatCrush","hexamod:NightmareGuise"],"picked":"hexamod:ChargedBarrage","floor":6.0},{"not_picked":["hexamod:HeatMetal","hexamod:SpectralAdrenaline"],"picked":"hexamod:ExtraCrispy","floor":8.0},{"not_picked":["hexamod:ShieldOfDarkness","hexamod:RetreatToShadows"],"picked":"hexamod:FastForward","floor":10.0},{"not_picked":["hexamod:Hexaguard","hexamod:RecurringNightmare"],"picked":"hexamod:EmpoweredFlame","floor":11.0},{"not_picked":["hexamod:HauntingEcho","hexamod:FourthSeal"],"picked":"hexamod:FirstSeal","floor":13.0},{"not_picked":["hexamod:GhostLash","hexamod:BacktrackSmack"],"picked":"hexamod:PhantomCloak","floor":14.0},{"not_picked":["hexamod:HeatCrush","hexamod:FourthSeal","hexamod:GhostShield"],"picked":"SKIP","floor":15.0},{"not_picked":["hexamod:ParanormalForm","hexamod:GiftsFromTheDead"],"picked":"hexamod:GhostOfSpirePresent","floor":16},{"not_picked":["hexamod:FirstSeal","hexamod:RetreatToShadows"],"picked":"hexamod:ThermalTransfer","floor":19},{"not_picked":["hexamod:HeatShield","hexamod:SpectralAdrenaline","hexamod:Incineration+1"],"picked":"SKIP","floor":20},{"not_picked":["hexamod:Again","hexamod:ThirdSeal"],"picked":"hexamod:RadiantFlame+1","floor":23},{"not_picked":["hexamod:FlamesFromBeyond","hexamod:GhostLash"],"picked":"hexamod:InspiringFlames","floor":25},{"not_picked":["hexamod:SpectersWail+1","hexamod:DynamicBlow"],"picked":"hexamod:WildfireWeapon","floor":27}],"player_experience":774155,"relics_obtained":[{"floor":7.0,"key":"Ancient Tea Set"},{"floor":13.0,"key":"Old Coin"},{"floor":23,"key":"Slimebound:StickyStick"},{"floor":24,"key":"War Paint"}],"event_choices":[{"cards_removed":["hexamod:ShieldOfDarkness"],"damage_healed":5.0,"max_hp_gain":0.0,"max_hp_loss":0.0,"gold_gain":0.0,"event_name":"Bonfire Elementals","player_choice":"Offered Common","floor":3.0,"gold_loss":0.0,"damage_taken":0.0},{"cards_removed":["hexamod:ShieldOfDarkness"],"damage_healed":5.0,"max_hp_gain":0.0,"max_hp_loss":0.0,"gold_gain":0.0,"event_name":"Bonfire Elementals","player_choice":"Offered Special","floor":3.0,"gold_loss":0.0,"damage_taken":0.0},{"damage_healed":0.0,"max_hp_gain":5.0,"max_hp_loss":0.0,"gold_gain":0.0,"event_name":"Big Fish","player_choice":"Donut","floor":12.0,"gold_loss":0.0,"damage_taken":0.0}],"is_beta":false,"boss_relics":[{"not_picked":["SlaversCollar","Empty Cage"],"picked":"hexamod:IceCube"}],"items_purged_floors":[11],"is_endless":false,"potions_floor_spawned":[6,8,10,14,15,16,23,25],"killed_by":"Slavers","ascension_level":0}}