{"host":"lehbxtjrpalkmwwj","time":1614098345,"event":{"mods":["ATMod(°¢èªMod)","Aspiration","BaseMod","Challenge The Spire","Colored Map","Colored Powertips","Conspire","Dota2Spire","Energized Spire","Hunter ÁÔÈË","Minty Spire (QoL Compilation)","Quick Restart","Relic Stats","Reliquary","Replay The Spire","Spicy Shops","StSLib","TestMod","The Cursed","The IronCluck","The Poker Player","Waifu the Spire","Wide Potions","[IsaacMod]ÒÔÈö¼âËþ","¡¾ÒÅÎï¿¨ÅÆ¡¿REMEMod","É³µñ²ÄÖÊ°ümod","óô»ðÖ¸ÄÏ"],"gold_per_floor":[111,123,223,239,255,255,255,255],"floor_reached":7,"language":"ZHS","playtime":177,"items_purged":[],"score":65,"play_id":"0bc8f8ec-7626-4dde-aa19-35c2b2cfee0e","local_time":"20210224003905","is_ascension_mode":true,"campfire_choices":[{"floor":6,"key":"RECALL"}],"circlet_count":0,"master_deck":["AscendersBane","Strike_G","Strike_G","Strike_G","Strike_G","Strike_G","Defend_G","Defend_G","Defend_G","Defend_G","Defend_G","Survivor","Neutralize","EpicFetus","AT_FamilyPortrait","Barricade","Bouncing Flask","ReplayTheSpireMod:Necrosis","Slice","Slice"],"relics":["Ring of the Snake","HushsDoor","AT_ATBox","testmod-TestBox","REME_ComplimentaryCards","Leech","testmod-BatchProcessingSystem","NeowsBlessing"],"acts_visited":["Exordium"],"potions_floor_usage":[],"damage_taken":[{"damage":0,"enemies":"Jaw Worm","floor":1,"turns":1},{"damage":0,"enemies":"Cultist","floor":2,"turns":1},{"damage":0,"enemies":"2 Louse","floor":4,"turns":1},{"damage":0,"enemies":"2 Fungi Beasts","floor":5,"turns":2},{"damage":12,"enemies":"3 Sentries","floor":7,"turns":4}],"seed_played":"-6155947080466396801","potions_obtained":[{"floor":4,"key":"Reflective Coating"}],"is_trial":false,"path_per_floor":["M","M","?","M","M","R","E"],"character_chosen":"THE_SILENT","items_purchased":[],"campfire_rested":0,"item_purchase_floors":[],"current_hp_per_floor":[63,63,63,63,64,64,55,55],"gold":255,"neow_bonus":"THREE_ENEMY_KILL","is_daily":false,"chose_seed":false,"campfire_upgraded":0,"win_rate":0.0,"timestamp":1614098345,"path_taken":["M","M","?","M","M","R","E"],"items_purchased_type":[],"build_version":"2020-12-22","purchased_purges":0,"victory":false,"max_hp_per_floor":[70,70,70,70,70,70,70,70],"relic_stats":{"counters":[5,9],"obtain_stats":[{"KeepersGift":0,"AT_ATBox":0,"testmod-TestBox":0,"NeowsBlessing":0,"testmod-BatchProcessingSystem":0,"HushsDoor":0,"Ring of the Snake":0,"REME_ComplimentaryCards":0,"Leech":0},{"KeepersGift":0,"AT_ATBox":0,"testmod-TestBox":0,"NeowsBlessing":0,"testmod-BatchProcessingSystem":0,"HushsDoor":0,"Ring of the Snake":0,"REME_ComplimentaryCards":0,"Leech":0},{"KeepersGift":0,"AT_ATBox":0,"testmod-TestBox":0,"NeowsBlessing":0,"testmod-BatchProcessingSystem":0,"HushsDoor":0,"Ring of the Snake":0,"REME_ComplimentaryCards":0,"Leech":0}],"Ring of the Snake":[10]},"card_choices":[{"not_picked":[],"picked":"EpicFetus","floor":0},{"not_picked":["ReplayTheSpireMod:Scrap Shanks","Dodge and Roll"],"picked":"Bouncing Flask","floor":1},{"not_picked":["AT_WomanClash","Cloak And Dagger"],"picked":"Bomb","floor":2},{"not_picked":["Distraction","Dagger Spray"],"picked":"ReplayTheSpireMod:Necrosis","floor":3},{"not_picked":["Dodge and Roll","AT_KneejerkReflex"],"picked":"Slice","floor":4},{"not_picked":["Escape Plan","Deadly Poison"],"picked":"Slice","floor":5}],"player_experience":214962,"relics_obtained":[],"event_choices":[],"is_beta":false,"boss_relics":[],"items_purged_floors":[],"is_endless":false,"potions_floor_spawned":[4],"killed_by":"3 Sentries","ascension_level":10}}