{"host":"p15wz9ezm2y4vyo6","time":1614067923,"event":{"mods":["BaseMod","Better Third Choice","Colored Map","Colored Powertips","Custom Start","Defuse TimeMaze Blight","Disable Question Mark Monsters","Displayed Cursed Tome","Downfall","Friendly Minions","Hermit","Hubris","Infinite Spire","Minty Spire (QoL Compilation)","Quick Restart","Rare Cards Sparkle","Replay The Spire","StSLib","SuperFastMode","The Construct","The Servant 0.9.4"],"gold_per_floor":[116,116,116,134,134,134,147,159,159,159,179,213,213,213,213,213,213],"floor_reached":16,"language":"ENG","playtime":615,"items_purged":[],"score":105,"play_id":"d1562c62-9d72-464d-8654-fb2e02b50a60","local_time":"20210223081203","is_ascension_mode":true,"campfire_choices":[{"data":"hermit:Snapshot","floor":6,"key":"SMITH"},{"data":"hermit:Glare","floor":10,"key":"SMITH"},{"floor":13,"key":"REST"},{"data":"hermit:Gestalt","floor":15,"key":"SMITH"}],"circlet_count":0,"master_deck":["hermit:Strike_Hermit","hermit:Strike_Hermit","hermit:Strike_Hermit","hermit:Defend_Hermit","hermit:Defend_Hermit","hermit:Defend_Hermit","hermit:Defend_Hermit","hermit:Snapshot+1","hermit:Covet","hermit:FatalDesire","hermit:Dive","hermit:Glare+1","hermit:Feint","hermit:Gestalt+1","hermit:TakeAim+1"],"relics":["hermit:Momento","NeowsBlessing","Bronze Scales","TungstenRod","ReplayTheSpireMod:Ninjato"],"acts_visited":["Exordium"],"potions_floor_usage":[12],"damage_taken":[{"damage":0,"enemies":"Cultist","floor":1,"turns":1},{"damage":0,"enemies":"Jaw Worm","floor":4,"turns":1},{"damage":0,"enemies":"infinitespire:Voidling","floor":7,"turns":1},{"damage":7,"enemies":"Blue Slaver","floor":8,"turns":3},{"damage":11,"enemies":"Exordium Wildlife","floor":11,"turns":3},{"damage":43,"enemies":"Gremlin Nob","floor":12,"turns":6},{"damage":0,"enemies":"Slime Boss","floor":16,"turns":7}],"seed_played":"4158004477624442217","potions_obtained":[{"floor":1,"key":"BlessingOfTheForge"},{"floor":11,"key":"Milkshake"}],"is_trial":false,"path_per_floor":["M","?","$","M","?","R","M","M","T","R","M","E","R","?","R","B"],"character_chosen":"HERMIT","items_purchased":[],"campfire_rested":1,"item_purchase_floors":[],"current_hp_per_floor":[75,75,75,75,72,72,72,65,65,65,54,11,33,33,33,33,33],"gold":213,"neow_bonus":"THREE_ENEMY_KILL","is_daily":false,"chose_seed":false,"campfire_upgraded":3,"win_rate":0.0,"timestamp":1614067923,"path_taken":["M","?","$","M","?","R","M","M","T","R","M","E","R","?","R","BOSS"],"items_purchased_type":[],"build_version":"2020-12-22","purchased_purges":0,"victory":false,"max_hp_per_floor":[75,75,75,75,75,75,75,75,75,75,75,75,75,75,75,75,75],"card_choices":[{"not_picked":["hermit:Coalescence","hermit:Misfire","hermit:Roulette"],"picked":"SKIP","floor":1},{"not_picked":["hermit:Grudge","hermit:Midnight"],"picked":"hermit:Dive","floor":4},{"not_picked":["hermit:BodyArmor","hermit:Dive"],"picked":"hermit:Glare","floor":7},{"not_picked":["hermit:SprayPray","hermit:HighCaliber"],"picked":"hermit:Feint","floor":8},{"not_picked":["hermit:Magnum","hermit:Desperado"],"picked":"hermit:Gestalt","floor":11},{"not_picked":["hermit:Headshot","hermit:Desperado"],"picked":"hermit:TakeAim","floor":12}],"player_experience":1110535,"relics_obtained":[{"floor":9,"key":"TungstenRod"},{"floor":12,"key":"ReplayTheSpireMod:Ninjato"}],"event_choices":[{"damage_healed":0,"gold_gain":0,"cards_transformed":["hermit:Strike_Hermit"],"player_choice":"Transformed","damage_taken":0,"max_hp_gain":0,"max_hp_loss":0,"event_name":"Transmorgrifier","floor":2,"gold_loss":0,"cards_obtained":["hermit:FatalDesire"]},{"damage_healed":0,"gold_gain":0,"player_choice":"Relic ","damage_taken":3,"max_hp_gain":0,"max_hp_loss":0,"event_name":"betterThird:BetterScrap","floor":5,"gold_loss":0,"cards_obtained":["Amplify"]},{"damage_healed":0,"gold_gain":0,"player_choice":"Upgraded","damage_taken":0,"max_hp_gain":0,"max_hp_loss":0,"event_name":"Upgrade Shrine","floor":14,"gold_loss":0,"cards_upgraded":["hermit:TakeAim"]}],"is_beta":false,"boss_relics":[],"items_purged_floors":[],"is_endless":false,"potions_floor_spawned":[1,11],"killed_by":"Slime Boss","ascension_level":1}}