{"host":"8is2j71l4wmybkoi","time":1614091860,"event":{"mods":["AchievementEnabler","BaseMod","Colored Map","DeckTracker","Minty Spire (QoL Compilation)","Rare Cards Sparkle","Relic Stats","StSLib","SuperFastMode"],"gold_per_floor":[365,365,365,50,64,95,95,95,95,95,119,119,144,219,219,219,219],"floor_reached":16,"language":"KOR","playtime":485,"items_purged":["Strike_G"],"score":172,"play_id":"c21b636a-8e06-4937-821d-a83e37f89c51","local_time":"20210223235100","is_ascension_mode":true,"campfire_choices":[{"floor":7,"key":"REST"},{"data":"Neutralize","floor":10,"key":"SMITH"},{"floor":15,"key":"REST"}],"circlet_count":0,"master_deck":["AscendersBane","Strike_G","Strike_G","Strike_G","Strike_G","Defend_G","Defend_G","Defend_G","Defend_G","Defend_G","Survivor","Neutralize+1","Flechettes","Grand Finale","Backflip","Dash","Blur","Caltrops"],"relics":["Ring of the Snake","Bird Faced Urn","Lantern","Golden Idol","Mummified Hand","Happy Flower"],"acts_visited":["Exordium"],"potions_floor_usage":[6,16],"damage_taken":[{"damage":1,"enemies":"Small Slimes","floor":1,"turns":4},{"damage":5,"enemies":"Jaw Worm","floor":5,"turns":5},{"damage":14,"enemies":"3 Sentries","floor":6,"turns":11},{"damage":1,"enemies":"2 Louse","floor":11,"turns":2},{"damage":1,"enemies":"Blue Slaver","floor":13,"turns":4},{"damage":39,"enemies":"The Guardian","floor":16,"turns":19}],"seed_played":"-2943691605036319370","potions_obtained":[{"floor":1,"key":"Ancient Potion"},{"floor":13,"key":"FearPotion"}],"is_trial":false,"path_per_floor":["M","?","?","$","M","E","R","?","T","R","M","T","M","?","R","B"],"character_chosen":"THE_SILENT","items_purchased":["Grand Finale","Backflip","Explosive Potion"],"campfire_rested":2,"item_purchase_floors":[4,4,4],"current_hp_per_floor":[43,43,32,32,27,13,32,32,32,32,31,31,30,19,37,0,0],"gold":219,"neow_bonus":"TWO_FIFTY_GOLD","is_daily":false,"chose_seed":false,"campfire_upgraded":1,"win_rate":0.0,"timestamp":1614091860,"path_taken":["M","?","?","?","?","E","R","?","T","R","M","?","M","?","R","BOSS"],"items_purchased_type":["Card","Card","Potion"],"build_version":"2020-12-22","purchased_purges":1,"victory":false,"max_hp_per_floor":[66,66,66,66,66,66,66,60,60,60,60,60,60,60,60,60,60],"relic_stats":{"Happy Flower":[7],"counters":[6,45],"Golden Idol":10,"Mummified Hand":[1],"Bird Faced Urn":[2],"obtain_stats":[{"Lantern":6,"Happy Flower":12,"Golden Idol":8,"Mummified Hand":9,"Bird Faced Urn":3,"Ring of the Snake":0},{"Lantern":3,"Happy Flower":4,"Golden Idol":3,"Mummified Hand":3,"Bird Faced Urn":1,"Ring of the Snake":0},{"Lantern":20,"Happy Flower":22,"Golden Idol":20,"Mummified Hand":20,"Bird Faced Urn":4,"Ring of the Snake":0}],"Ring of the Snake":[12]},"card_choices":[{"not_picked":["Dodge and Roll","PiercingWail"],"picked":"Flechettes","floor":1},{"not_picked":["Dodge and Roll","Heel Hook"],"picked":"Dash","floor":5},{"not_picked":["Poisoned Stab","Terror"],"picked":"Blur","floor":6},{"not_picked":["Underhanded Strike","Eviscerate","Endless Agony"],"picked":"SKIP","floor":11},{"not_picked":["Eviscerate","Sucker Punch"],"picked":"Caltrops","floor":13}],"player_experience":1331457,"relics_obtained":[{"floor":6,"key":"Lantern"},{"floor":9,"key":"Mummified Hand"},{"floor":12,"key":"Happy Flower"}],"event_choices":[{"damage_healed":0,"gold_gain":0,"player_choice":"Ignored","damage_taken":0,"max_hp_gain":0,"max_hp_loss":0,"event_name":"Liars Game","floor":2,"gold_loss":0},{"damage_healed":0,"gold_gain":0,"player_choice":"Success","damage_taken":11,"relics_obtained":["Bird Faced Urn"],"max_hp_gain":0,"max_hp_loss":0,"event_name":"Scrap Ooze","floor":3,"gold_loss":0},{"damage_healed":0,"gold_gain":0,"player_choice":"Lose Max HP","damage_taken":0,"relics_obtained":["Golden Idol"],"max_hp_gain":0,"max_hp_loss":6,"event_name":"Golden Idol","floor":8,"gold_loss":0},{"damage_healed":0,"gold_gain":75,"player_choice":"Gather Gold","damage_taken":11,"max_hp_gain":0,"max_hp_loss":0,"event_name":"World of Goop","floor":14,"gold_loss":0}],"is_beta":false,"boss_relics":[],"items_purged_floors":[4],"is_endless":false,"potions_floor_spawned":[1,13],"killed_by":"The Guardian","ascension_level":15}}