{"host":"pivahb1bacxk2eup","time":1614078185,"event":{"mods":["AchievementEnabler","BaseMod","Colored Map","Colored Powertips","Downfall","Hermit","Hero for Fun","Hubris","Jedi Mod","Jorbs\u0027s Wanderer Trilogy","Lobotomy","LobotomyExtend","Marisa????????","Minty Spire (QoL Compilation)","Remilia??????","StSLib","The Animator","The Construct","The Hierophant","The Runesmith","The Servant 0.9.4","TheBandit","TheFirefly","Yuri Mod","thorton"],"gold_per_floor":[115,131,131,95,105,133,133,163,215,215,233,250,285,300,300,404,404,423,423,439,2,2,2,34,50,50,84,98,114,126,151,151,254,254,270,270,270,285,296,296,95,95,95,149,177,177,191,211,211,211,211,211,15,49,49,49],"floor_reached":55,"language":"ENG","playtime":4888,"items_purged":["downfall:Bewildered","jedi:BattleThirst","stsjorbsmod:Amnesia"],"score":946,"play_id":"4bf17bf0-ae53-4c80-acf9-d36fb68f74f3","local_time":"20210223060305","is_ascension_mode":true,"campfire_choices":[{"floor":7,"key":"REST"},{"floor":10,"key":"RECALL"},{"data":"yuri:BookGreen","floor":15,"key":"SMITH"},{"floor":23,"key":"REST"},{"floor":32,"key":"REST"},{"floor":40,"key":"REST"},{"data":"yuri:HoldBack","floor":49,"key":"SMITH"},{"data":"yuri:yuriQuickStrike","floor":52,"key":"SMITH"}],"circlet_count":0,"master_deck":["Apotheosis+1","yuri:yuriStrike","yuri:yuriStrike","yuri:yuriStrike","yuri:yuriStrike","yuri:yuriStrike","yuri:yuriDefend","yuri:yuriDefend","yuri:yuriDefend","yuri:yuriDefend","yuri:yuriDefend","yuri:Oolong","yuri:yuriStab","Dark Shackles","yuri:yuriQuickStrike","yuri:GrowingInsanity","yuri:BookBlue","yuri:GrowingInsanity","yuri:GreenTea","yuri:ThornRemove","yuri:BookGreen+1","yuri:GhostForm","yuri:HoldBack+1","yuri:BookPurple","yuri:BookRed","yuri:BookBlue","yuri:HoldBack+1","yuri:yuriQuickStrike+1","yuri:BookPurple","yuri:TeaSet+1","yuri:TeaSet+1","yuri:DragonForm","Parasite","yuri:BookPurple","yuri:GrowingInsanity","yuri:Skip","Parasite","yuri:WickedSlash+1","yuri:GrowingInsanity"],"relics":["yuri:yuriKnife","LetterFromLob","hubris:Towel","Blood Vial","hubris:OldNail","hubris:BottledRain","Cursed Key","sneckomod:BabySnecko","Strawberry","Toolbox","Matryoshka","Shuriken","Centennial Puzzle","The Courier","Slimebound:PreparedRelic","hubris:Backtick","Ice Cream","Slimebound:StickyStick","jedi:heavyjacket","Regal Pillow","hubris:Potato","Bag of Marbles","jedi:archwizardhat","hubris:SlimyHat"],"acts_visited":["Exordium","TheCity","TheBeyond","TheEnding"],"potions_floor_usage":[11,13,20,24,27,27,30,31,31,39,45,54,54,55],"damage_taken":[{"damage":0,"enemies":"Cultist","floor":1,"turns":3},{"damage":4,"enemies":"Jaw Worm","floor":2,"turns":5},{"damage":0,"enemies":"2 Louse","floor":5,"turns":3},{"damage":27,"enemies":"3 Sentries","floor":6,"turns":7},{"damage":15,"enemies":"Lagavulin","floor":8,"turns":6},{"damage":18,"enemies":"Exordium Thugs","floor":11,"turns":4},{"damage":8,"enemies":"Exordium Wildlife","floor":12,"turns":5},{"damage":7,"enemies":"3 Sentries","floor":13,"turns":4},{"damage":11,"enemies":"2 Fungi Beasts","floor":14,"turns":4},{"damage":25,"enemies":"Slime Boss","floor":16,"turns":6},{"damage":12,"enemies":"3 Byrds","floor":18,"turns":6},{"damage":22,"enemies":"Shell Parasite","floor":20,"turns":5},{"damage":2,"enemies":"Book of Stabbing","floor":24,"turns":4},{"damage":12,"enemies":"Shelled Parasite and Fungi","floor":25,"turns":6},{"damage":16,"enemies":"Gremlin Leader","floor":27,"turns":7},{"damage":26,"enemies":"Snake Plant","floor":28,"turns":4},{"damage":8,"enemies":"Centurion and Healer","floor":29,"turns":7},{"damage":22,"enemies":"Chosen and Byrds","floor":30,"turns":6},{"damage":43,"enemies":"Slavers","floor":31,"turns":6},{"damage":29,"enemies":"hubris:MusketHawk","floor":33,"turns":8},{"damage":8,"enemies":"3 Darklings","floor":35,"turns":4},{"damage":12,"enemies":"3 Shapes","floor":38,"turns":4},{"damage":18,"enemies":"Writhing Mass","floor":39,"turns":5},{"damage":9,"enemies":"2 Orb Walkers","floor":44,"turns":5},{"damage":24,"enemies":"Giant Head","floor":45,"turns":8},{"damage":2,"enemies":"Maw","floor":47,"turns":7},{"damage":0,"enemies":"4 Shapes","floor":48,"turns":1},{"damage":15,"enemies":"Awakened One","floor":50,"turns":11},{"damage":77,"enemies":"Shield and Spear","floor":54,"turns":8},{"damage":64,"enemies":"The Heart","floor":55,"turns":3}],"seed_played":"2057426945071454302","potions_obtained":[{"floor":8,"key":"SpeedPotion"},{"floor":11,"key":"jedi:StrikingPotion"},{"floor":12,"key":"bronze:BurnAndBuffPotion"},{"floor":14,"key":"DuplicationPotion"},{"floor":20,"key":"DistilledChaos"},{"floor":24,"key":"Energy Potion"},{"floor":25,"key":"Explosive Potion"},{"floor":28,"key":"SkillPotion"},{"floor":29,"key":"CultistPotion"},{"floor":38,"key":"SneckoOil"},{"floor":44,"key":"PowerPotion"},{"floor":47,"key":"GamblersBrew"},{"floor":54,"key":"Explosive Potion"}],"is_trial":false,"path_per_floor":["M","M","?","$","M","E","R","E","T","R","M","M","E","M","R","B",null,"M","?","M","$","?","R","E","M","T","E","M","M","M","E","R","B",null,"M","?","?","M","M","R","$","NS","T","?","E","T","M","M","R","B",null,"R","$","E","B"],"character_chosen":"YURI","items_purchased":["yuri:GrowingInsanity","yuri:BookPurple","Strawberry","Toolbox","Slimebound:StickyStick","yuri:GrowingInsanity","Swift Potion"],"campfire_rested":4,"item_purchase_floors":[4,21,21,21,41,53,53],"current_hp_per_floor":[80,76,76,76,80,57,80,66,66,66,54,61,69,73,73,60,80,68,68,58,65,65,87,85,74,74,67,56,66,59,33,57,43,81,81,81,81,75,69,81,81,81,81,79,64,64,79,81,81,70,79,79,79,15,0,0],"gold":49,"neow_bonus":"RANDOM_COLORLESS","is_daily":false,"chose_seed":false,"campfire_upgraded":3,"win_rate":0.0,"timestamp":1614078185,"path_taken":["M","M","?","$","M","E","R","E","T","R","M","M","E","M","R","BOSS","M","?","M","$","?","R","E","M","T","E","M","?","M","E","R","BOSS","M","?","?","M","M","R","$","NS","T","?","E","?","M","M","R","BOSS","R","$","E","BOSS"],"items_purchased_type":["Card","Card","Relic","Relic","Relic","Card","Potion"],"build_version":"2020-12-22","purchased_purges":3,"victory":false,"max_hp_per_floor":[80,80,80,80,80,80,80,80,80,80,80,80,80,80,80,80,80,80,80,80,87,87,87,85,85,85,83,83,81,81,81,81,81,81,81,81,81,81,81,81,81,81,81,81,81,81,81,81,81,79,79,79,79,79,79,79],"card_choices":[{"not_picked":["Impatience","jedi:forcepull"],"picked":"Dark Shackles","floor":0},{"not_picked":["yuri:ThrowBook","yuri:ThrowingKnives"],"picked":"yuri:yuriQuickStrike","floor":1},{"not_picked":["yuri:GlitchedStrike","yuri:yuriQuickStrike","yuri:DebugCard"],"picked":"SKIP","floor":2},{"not_picked":["yuri:Stalk","yuri:GlitchedStrike"],"picked":"yuri:BookBlue","floor":5},{"not_picked":["yuri:yuriQuickStrike","yuri:Stalk"],"picked":"yuri:GrowingInsanity","floor":6},{"not_picked":["yuri:BrokenCode","yuri:InduceGlitch"],"picked":"yuri:GreenTea","floor":8},{"not_picked":["yuri:Stare","yuri:ThrowingKnives"],"picked":"yuri:ThornRemove","floor":11},{"not_picked":["yuri:Spin","yuri:ThrowBook","yuri:Stalk"],"picked":"SKIP","floor":12},{"not_picked":["yuri:yuriHeavyStrike","yuri:MPose","yuri:ThrowBook"],"picked":"SKIP","floor":13},{"not_picked":["yuri:ReactiveMadness","yuri:RecklessStrike"],"picked":"yuri:BookGreen","floor":14},{"not_picked":["yuri:DisableStrike","yuri:JumpScare"],"picked":"yuri:GhostForm","floor":16},{"not_picked":["yuri:Stalk+1","yuri:MPose","yuri:TPose+1"],"picked":"SKIP","floor":18},{"not_picked":["yuri:Spin","yuri:Skip"],"picked":"yuri:HoldBack+1","floor":20},{"not_picked":["yuri:yuriHeavyStrike+1","yuri:RecklessStrike"],"picked":"yuri:BookBlue","floor":24},{"not_picked":["yuri:HeavierStrike","yuri:BookGreen"],"picked":"yuri:HoldBack","floor":25},{"not_picked":["yuri:MPose","yuri:GlitchedStrike"],"picked":"yuri:yuriQuickStrike","floor":27},{"not_picked":["yuri:StealPen+1","yuri:NerfBat"],"picked":"yuri:BookPurple","floor":28},{"not_picked":["yuri:ThrowBook","yuri:Stalk+1"],"picked":"yuri:TeaSet","floor":29},{"not_picked":["yuri:CalmingAura+1","yuri:Spin","yuri:WickedSlash+1"],"picked":"SKIP","floor":30},{"not_picked":["yuri:BrokenCode","yuri:MPose"],"picked":"yuri:TeaSet+1","floor":31},{"not_picked":["yuri:MagneticKnives","yuri:Torment"],"picked":"yuri:DragonForm","floor":33},{"not_picked":["yuri:SelfHarm","yuri:TPose","yuri:StealPen"],"picked":"SKIP","floor":35},{"not_picked":["yuri:ThrowingKnives+1","yuri:ThrowBook+1","yuri:Stare"],"picked":"SKIP","floor":38},{"not_picked":["yuri:RecklessStrike+1","yuri:ThrowingKnives+1"],"picked":"yuri:BookPurple","floor":39},{"not_picked":["yuri:HoldBack","yuri:NerfBat"],"picked":"yuri:GrowingInsanity","floor":44},{"not_picked":["yuri:MultiDip","yuri:TPose+1"],"picked":"yuri:Skip","floor":45},{"not_picked":["yuri:GlitchedStrike","yuri:Stalk+1"],"picked":"yuri:WickedSlash+1","floor":47},{"not_picked":["yuri:TPose+1","yuri:CorruptHitbox+1","yuri:GlitchedStrike"],"picked":"SKIP","floor":48},{"not_picked":["yuri:MagneticKnives","yuri:TPose+1","yuri:ReloadGame+1"],"picked":"SKIP","floor":54}],"player_experience":534674,"relics_obtained":[{"floor":1,"key":"LetterFromLob"},{"floor":6,"key":"Blood Vial"},{"floor":8,"key":"hubris:OldNail"},{"floor":13,"key":"hubris:BottledRain"},{"floor":24,"key":"Matryoshka"},{"floor":26,"key":"Shuriken"},{"floor":26,"key":"Centennial Puzzle"},{"floor":27,"key":"The Courier"},{"floor":31,"key":"Slimebound:PreparedRelic"},{"floor":43,"key":"jedi:heavyjacket"},{"floor":43,"key":"Regal Pillow"},{"floor":44,"key":"hubris:Potato"},{"floor":45,"key":"Bag of Marbles"},{"floor":46,"key":"jedi:archwizardhat"},{"floor":54,"key":"hubris:SlimyHat"}],"event_choices":[{"damage_healed":0,"gold_gain":0,"player_choice":"1 cards matched","damage_taken":0,"max_hp_gain":0,"max_hp_loss":0,"event_name":"Match and Keep!","floor":22,"gold_loss":0,"cards_obtained":["yuri:BookRed"]},{"damage_healed":0,"gold_gain":0,"player_choice":"Fight","damage_taken":0,"max_hp_gain":0,"max_hp_loss":0,"event_name":"Mysterious Sphere","floor":44,"gold_loss":0}],"is_beta":false,"boss_relics":[{"not_picked":["jedi:paperlyon","Ectoplasm"],"picked":"Cursed Key"},{"not_picked":["Coffee Dripper","Astrolabe"],"picked":"hubris:Backtick"}],"items_purged_floors":[21,41,53],"is_endless":false,"potions_floor_spawned":[8,11,12,14,20,24,25,28,29,38,44,47,54],"killed_by":"The Heart","ascension_level":3}}