{"host":"d2gh6suihlstufn7","time":1614107730,"event":{"mods":["AchievementEnabler","BaseMod","Colored Map","Colored Powertips","Minty Spire (QoL Compilation)","Permanent Neow","Quick Restart","StSLib","SuperFastMode"],"gold_per_floor":[110,121,221,152,162,162,180,195,195,211,223,187,187,217,217,312,312,280,205,233,10,28,54,66,66,92,106,106,125,137,137,137,233,233,252,252,109,119,135,135,135,150,173,227,227,250,265,284,284,284,284,284,107,132,132],"floor_reached":56,"language":"KOR","playtime":3303,"items_purged":["Defend_R","Strike_R"],"score":1198,"play_id":"bfd0ba68-31ae-454d-978e-b16f1b5a3537","local_time":"20210224041530","is_ascension_mode":false,"campfire_choices":[{"data":"Armaments","floor":6.0,"key":"SMITH"},{"data":"Evolve","floor":13.0,"key":"SMITH"},{"data":"Armaments","floor":15.0,"key":"SMITH"},{"floor":32.0,"key":"REST"},{"data":"Fire Breathing","floor":40.0,"key":"SMITH"},{"floor":45.0,"key":"RECALL"},{"data":"Offering","floor":49.0,"key":"SMITH"},{"data":"Shockwave","floor":52.0,"key":"SMITH"}],"circlet_count":0,"master_deck":["Strike_R","Strike_R+1","Strike_R","Defend_R","Defend_R","Defend_R","Immolate","Armaments+1","Armaments+1","Battle Trance","Feel No Pain","Impervious","Flame Barrier","Evolve+1","Disarm","Impervious","Feel No Pain+1","Power Through+1","Impervious","Sentinel","Shockwave+1","Exhume","Sever Soul","Fire Breathing+1","Fiend Fire","Reckless Charge+1","Offering+1","Immolate","Shrug It Off+1","Body Slam+1","Feel No Pain+1","Second Wind","Dark Embrace"],"relics":["Burning Blood","Whetstone","Omamori","Sozu","Red Mask","Orrery","Pantograph","Ginger","Necronomicon","Runic Cube","DollysMirror","Bronze Scales","StoneCalendar","Orichalcum","Happy Flower"],"acts_visited":["Exordium","TheCity","TheBeyond","TheEnding"],"potions_floor_usage":[],"damage_taken":[{"damage":6.0,"enemies":"Jaw Worm","floor":1.0,"turns":3.0},{"damage":6.0,"enemies":"Cultist","floor":2.0,"turns":3.0},{"damage":0.0,"enemies":"Small Slimes","floor":5.0,"turns":1.0},{"damage":5.0,"enemies":"Looter","floor":7.0,"turns":4.0},{"damage":1.0,"enemies":"2 Fungi Beasts","floor":8.0,"turns":2.0},{"damage":5.0,"enemies":"3 Louse","floor":10.0,"turns":2.0},{"damage":16.0,"enemies":"Blue Slaver","floor":11.0,"turns":5.0},{"damage":5.0,"enemies":"3 Sentries","floor":14.0,"turns":4.0},{"damage":55.0,"enemies":"The Guardian","floor":16.0,"turns":14.0},{"damage":6.0,"enemies":"2 Thieves","floor":18.0,"turns":5.0},{"damage":47.0,"enemies":"Masked Bandits","floor":20.0,"turns":7.0},{"damage":6.0,"enemies":"Spheric Guardian","floor":22.0,"turns":6.0},{"damage":3.0,"enemies":"Gremlin Leader","floor":23.0,"turns":11.0},{"damage":0.0,"enemies":"Snake Plant","floor":24.0,"turns":6.0},{"damage":2.0,"enemies":"Centurion and Healer","floor":27.0,"turns":8.0},{"damage":11.0,"enemies":"Chosen and Byrds","floor":29.0,"turns":5.0},{"damage":0.0,"enemies":"Snake Plant","floor":30.0,"turns":5.0},{"damage":40.0,"enemies":"Automaton","floor":33.0,"turns":10.0},{"damage":1.0,"enemies":"3 Darklings","floor":35.0,"turns":5.0},{"damage":7.0,"enemies":"Orb Walker","floor":38.0,"turns":5.0},{"damage":11.0,"enemies":"Spire Growth","floor":39.0,"turns":5.0},{"damage":6.0,"enemies":"3 Darklings","floor":42.0,"turns":6.0},{"damage":6.0,"enemies":"2 Orb Walkers","floor":44.0,"turns":5.0},{"damage":0.0,"enemies":"Jaw Worm Horde","floor":47.0,"turns":3.0},{"damage":2.0,"enemies":"Maw","floor":48.0,"turns":9.0},{"damage":49.0,"enemies":"Awakened One","floor":50.0,"turns":16.0},{"damage":6.0,"enemies":"Shield and Spear","floor":54.0,"turns":5.0},{"damage":59,"enemies":"The Heart","floor":55,"turns":8}],"seed_played":"1164827089325262684","potions_obtained":[{"floor":2.0,"key":"SpeedPotion"},{"floor":5.0,"key":"GamblersBrew"},{"floor":10.0,"key":"BloodPotion"}],"is_trial":false,"path_per_floor":["M","M","?","$","M","R","M","M","T","M","M","$","R","E","R","B",null,"M","?","?","$","M","E","M","?","T","M","?","M","M","?","R","B",null,"M","?","$","M","M","R","?","M","T","?","R","T","M","M","R","B",null,"R","$","E","B",null],"character_chosen":"IRONCLAD","items_purchased":["Battle Trance","Evolve","Orrery","DollysMirror","Dark Embrace"],"campfire_rested":1,"item_purchase_floors":[4,12,21,37,53],"current_hp_per_floor":[72,72,72,72,72,72,72,72,72,72,62,62,62,63,63,14,72,72,72,45,45,45,48,54,54,54,58,58,53,59,43,64,38,72,72,72,72,71,66,66,72,72,72,72,72,72,72,72,72,29,72,72,72,72,19],"gold":132,"neow_bonus":"THREE_RARE_CARDS","is_daily":false,"chose_seed":false,"campfire_upgraded":6,"win_rate":0.0,"timestamp":1614107730,"path_taken":["M","M","?","?","?","R","M","M","T","M","M","?","R","E","R","BOSS","M","?","?","$","M","E","M","?","T","M","?","M","?","?","R","BOSS","M","?","$","M","M","R","?","M","T","?","R","?","M","?","R","BOSS","R","$","E","BOSS"],"items_purchased_type":["Card","Card","Relic","Relic","Card"],"build_version":"2020-12-22","purchased_purges":2,"victory":true,"max_hp_per_floor":[72,72,72,72,72,72,72,72,72,72,72,72,72,72,72,72,72,72,72,72,72,72,72,72,72,72,72,72,72,72,72,72,72,72,72,72,72,72,72,72,72,72,72,72,72,72,72,72,72,72,72,72,72,72,72],"card_choices":[{"not_picked":["Corruption","Bludgeon"],"picked":"Immolate","floor":0.0},{"not_picked":["Thunderclap","Cleave"],"picked":"Armaments","floor":1.0},{"not_picked":["Rupture","Pommel Strike"],"picked":"Armaments","floor":2.0},{"not_picked":["Clothesline","Shrug It Off"],"picked":"Feel No Pain","floor":5.0},{"not_picked":["Thunderclap","Burning Pact","Twin Strike"],"picked":"SKIP","floor":7.0},{"not_picked":["Hemokinesis","Bloodletting"],"picked":"Impervious","floor":8.0},{"not_picked":["Headbutt","Shrug It Off"],"picked":"Flame Barrier","floor":10.0},{"not_picked":["Warcry","Body Slam","Twin Strike"],"picked":"SKIP","floor":11.0},{"not_picked":["Entrench","Anger"],"picked":"Disarm","floor":14.0},{"not_picked":["Berserk","Bludgeon"],"picked":"Impervious","floor":16.0},{"not_picked":["Combust","Clash+1"],"picked":"Feel No Pain+1","floor":18.0},{"not_picked":["Heavy Blade+1","Dual Wield+1"],"picked":"Power Through+1","floor":21.0},{"not_picked":["Flex","Anger"],"picked":"Impervious","floor":21.0},{"not_picked":["Blood for Blood+1","Headbutt"],"picked":"Sentinel","floor":21.0},{"not_picked":["Clothesline+1","Perfected Strike"],"picked":"Shockwave","floor":21.0},{"not_picked":["Twin Strike","Sword Boomerang"],"picked":"Exhume","floor":21.0},{"not_picked":["Havoc+1","Cleave"],"picked":"Sever Soul","floor":22.0},{"not_picked":["Flex+1","Power Through"],"picked":"Fire Breathing","floor":23.0},{"not_picked":["Havoc","Cleave","Hemokinesis"],"picked":"SKIP","floor":24.0},{"not_picked":["Hemokinesis","Flex+1","Iron Wave"],"picked":"SKIP","floor":27.0},{"not_picked":["Dual Wield+1","Hemokinesis+1","Battle Trance"],"picked":"SKIP","floor":29.0},{"not_picked":["Disarm","Iron Wave+1"],"picked":"Reckless Charge+1","floor":30.0},{"not_picked":["Bludgeon","Demon Form"],"picked":"Offering","floor":33.0},{"not_picked":["Clash+1","Warcry","Anger"],"picked":"SKIP","floor":35.0},{"not_picked":["Perfected Strike","Evolve"],"picked":"Shrug It Off+1","floor":38.0},{"not_picked":["Twin Strike+1","Ghostly Armor"],"picked":"Body Slam+1","floor":39.0},{"not_picked":["Perfected Strike+1","Seeing Red"],"picked":"Feel No Pain+1","floor":42.0},{"not_picked":["Havoc+1","Armaments"],"picked":"Second Wind","floor":44.0},{"not_picked":["Flex+1","Body Slam","Cleave+1"],"picked":"SKIP","floor":47.0},{"not_picked":["Inflame","Body Slam","Wild Strike"],"picked":"SKIP","floor":48.0},{"not_picked":["True Grit+1","Brutality","Perfected Strike"],"picked":"SKIP","floor":54.0}],"player_experience":167676,"relics_obtained":[{"floor":9.0,"key":"Whetstone"},{"floor":14.0,"key":"Omamori"},{"floor":20.0,"key":"Red Mask"},{"floor":23.0,"key":"Pantograph"},{"floor":31.0,"key":"Necronomicon"},{"floor":43.0,"key":"Bronze Scales"},{"floor":44.0,"key":"StoneCalendar"},{"floor":46.0,"key":"Orichalcum"},{"floor":54.0,"key":"Happy Flower"}],"event_choices":[{"damage_healed":0.0,"max_hp_gain":0.0,"max_hp_loss":0.0,"gold_gain":100.0,"event_name":"Wheel of Change","player_choice":"Gold","floor":3.0,"gold_loss":0.0,"damage_taken":0.0},{"cards_removed":["Strike_R"],"damage_healed":0.0,"max_hp_gain":0.0,"max_hp_loss":0.0,"gold_gain":0.0,"event_name":"Beggar","player_choice":"Gave Gold","floor":19.0,"gold_loss":75.0,"damage_taken":0.0},{"damage_healed":0.0,"max_hp_gain":0.0,"max_hp_loss":0.0,"gold_gain":0.0,"event_name":"Masked Bandits","player_choice":"Fought Bandits","floor":20.0,"gold_loss":0.0,"damage_taken":0.0},{"damage_healed":0.0,"max_hp_gain":0.0,"max_hp_loss":0.0,"gold_gain":0.0,"event_name":"The Mausoleum","player_choice":"Opened","floor":25.0,"gold_loss":0.0,"damage_taken":0.0,"relics_obtained":["Ginger"]},{"damage_healed":0.0,"max_hp_gain":0.0,"max_hp_loss":0.0,"gold_gain":0.0,"event_name":"The Library","player_choice":"Read","floor":28.0,"gold_loss":0.0,"damage_taken":0.0,"cards_obtained":["Fiend Fire"]},{"damage_healed":0.0,"max_hp_gain":0.0,"max_hp_loss":0.0,"gold_gain":0.0,"event_name":"Cursed Tome","player_choice":"Obtained Book","floor":31.0,"gold_loss":0.0,"damage_taken":16.0},{"cards_removed":["Bash"],"damage_healed":0.0,"max_hp_gain":0.0,"max_hp_loss":0.0,"gold_gain":0.0,"event_name":"Falling","player_choice":"Removed Attack","floor":36.0,"gold_loss":0.0,"damage_taken":0.0},{"damage_healed":18.0,"max_hp_gain":0.0,"max_hp_loss":0.0,"gold_gain":0.0,"event_name":"Winding Halls","player_choice":"Writhe","floor":41.0,"gold_loss":0.0,"damage_taken":0.0,"cards_obtained":["Writhe"]},{"damage_healed":0.0,"max_hp_gain":0.0,"max_hp_loss":0.0,"gold_gain":0.0,"event_name":"Mysterious Sphere","player_choice":"Fight","floor":44.0,"gold_loss":0.0,"damage_taken":0.0}],"is_beta":false,"boss_relics":[{"not_picked":["SacredBark","Velvet Choker"],"picked":"Sozu"},{"not_picked":["Runic Dome","Snecko Eye"],"picked":"Runic Cube"}],"items_purged_floors":[21,53],"is_endless":false,"potions_floor_spawned":[2,5,10,11,22,24,29,30,42,44,47],"ascension_level":0}}