{"host":"g7uq9uzahx9e0kti","time":1614078370,"event":{"mods":["100% Spire Juice","AchievementEnabler","Act Like it!","BaseMod","CapriCore","GungeonMod","Hermit","Koishi","Minty Spire (QoL Compilation)","Permanent Neow","Quick Restart","Replay The Spire","StSLib","SuperFastMode","The Bug Knight","The Cursed","Together in Spire","WarShipGirlsR/??á´Ò³R mod"],"gold_per_floor":[117,117,130,130,130,164,164,195,275,299,299,313,333,22,22,153,153,177,137,160,181,196,196,196],"floor_reached":23,"language":"KOR","playtime":4279,"items_purged":["Strike_G"],"score":291,"play_id":"1779df15-a4f8-4f3f-b727-b2f19fdfa29c","local_time":"20210223200610","is_ascension_mode":true,"campfire_choices":[{"data":"Infinite Blades","floor":7,"key":"SMITH"},{"data":"Unload","floor":11,"key":"SMITH"}],"circlet_count":0,"master_deck":["Strike_G","Strike_G","Strike_G","Strike_G","Defend_G","Defend_G","Defend_G","Defend_G","Defend_G","Survivor+1","Neutralize","Dagger Throw","Infinite Blades+1","Blade Dance+1","Neutralize","Unload+1","Hidden Blade+1","Masterful Stab+1","Blade Dance","Die Die Die+1","ReplayTheSpireMod:Shiv Toss","Blade Dance","Envenom","Blade Dance+1","PiercingWail","Prepared","Tactician+1"],"relics":["SlaversCollar","Golden Idol","DemoMod:BigBoy","War Paint","Molten Egg 2","DemoMod:GnawedKey","Busted Crown"],"acts_visited":["Exordium","TheCity"],"potions_floor_usage":[6,18,21,21],"damage_taken":[{"damage":5,"enemies":"Jaw Worm","floor":1,"turns":4},{"damage":0,"enemies":"Small Slimes","floor":3,"turns":4},{"damage":2,"enemies":"3 Sentries","floor":6,"turns":6},{"damage":7,"enemies":"Lagavulin","floor":8,"turns":3},{"damage":0,"enemies":"Cultist","floor":10,"turns":3},{"damage":4,"enemies":"Looter","floor":12,"turns":3},{"damage":2,"enemies":"Lots of Slimes","floor":13,"turns":3},{"damage":0,"enemies":"Slime Boss","floor":16,"turns":6},{"damage":5,"enemies":"Chosen","floor":18,"turns":3},{"damage":0,"enemies":"Spheric Guardian","floor":20,"turns":3},{"damage":10,"enemies":"Centurion and Healer","floor":21,"turns":3},{"damage":12,"enemies":"3 Cultists","floor":22,"turns":5},{"damage":49,"enemies":"Slavers","floor":23,"turns":4}],"seed_played":"5153840701876346079","potions_obtained":[{"floor":1,"key":"Explosive Potion"},{"floor":10,"key":"ColorlessPotion"},{"floor":18,"key":"SmokeBomb"},{"floor":19,"key":"SteroidPotion"},{"floor":19,"key":"Adrenaline Potion"},{"floor":19,"key":"ColorlessPotion"},{"floor":20,"key":"Adrenaline Potion"}],"is_trial":false,"path_per_floor":["M","?","M","T","?","E","R","E","T","M","R","M","M","$","R","B",null,"M","?","M","M","M","E"],"character_chosen":"THE_SILENT","items_purchased":["DemoMod:GnawedKey","ReplayTheSpireMod:Shiv Toss","Blade Dance"],"campfire_rested":0,"item_purchase_floors":[14,14,14],"current_hp_per_floor":[65,48,48,48,48,46,46,39,39,39,39,35,33,33,54,54,70,65,65,65,55,43,0,0],"gold":196,"neow_bonus":"BOSS_RELIC","is_daily":false,"chose_seed":false,"campfire_upgraded":2,"win_rate":0.0,"timestamp":1614078370,"path_taken":["M","?","M","?","?","E","R","E","T","?","R","M","M","$","R","BOSS","M","?","M","?","M","E"],"items_purchased_type":["Relic","Card","Card"],"build_version":"2020-12-22","purchased_purges":1,"victory":false,"max_hp_per_floor":[70,70,70,70,70,70,70,70,70,70,70,70,70,70,70,70,70,70,70,70,70,70,70,70],"card_choices":[{"not_picked":["Footwork","Prepared"],"picked":"Dagger Throw","floor":1},{"not_picked":["Poisoned Stab","Outmaneuver"],"picked":"Infinite Blades","floor":3},{"not_picked":["Poisoned Stab","Backflip"],"picked":"Unload","floor":6},{"not_picked":["Riddle With Holes","Acrobatics"],"picked":"Hidden Blade","floor":8},{"not_picked":["Deadly Poison","Distraction"],"picked":"Masterful Stab+1","floor":10},{"not_picked":["ReplayTheSpireMod:The Works","Well Laid Plans"],"picked":"Blade Dance","floor":12},{"not_picked":["Backflip","Toxin Wave"],"picked":"Die Die Die+1","floor":13},{"not_picked":["Tools of the Trade","Night Terror"],"picked":"Envenom","floor":16},{"not_picked":[],"picked":"Blade Dance+1","floor":18},{"not_picked":[],"picked":"PiercingWail","floor":20},{"not_picked":[],"picked":"Prepared","floor":21},{"not_picked":[],"picked":"Tactician+1","floor":22}],"player_experience":141447,"relics_obtained":[{"floor":6,"key":"DemoMod:BigBoy"},{"floor":8,"key":"War Paint"},{"floor":9,"key":"Molten Egg 2"}],"event_choices":[{"damage_healed":0,"gold_gain":0,"player_choice":"Take Damage","damage_taken":17,"relics_obtained":["Golden Idol"],"max_hp_gain":0,"max_hp_loss":0,"event_name":"Golden Idol","floor":2,"gold_loss":0},{"damage_healed":0,"gold_gain":0,"player_choice":"2 cards matched","damage_taken":0,"max_hp_gain":0,"max_hp_loss":0,"event_name":"Match and Keep!","floor":5,"gold_loss":0,"cards_obtained":["Blade Dance","Neutralize"]},{"damage_healed":0,"gold_gain":0,"player_choice":"Bought 3 Potions","damage_taken":0,"max_hp_gain":0,"max_hp_loss":0,"event_name":"The Woman in Blue","floor":19,"gold_loss":0}],"is_beta":false,"boss_relics":[{"not_picked":["Fusion Hammer","Runic Dome"],"picked":"Busted Crown"}],"items_purged_floors":[14],"is_endless":false,"potions_floor_spawned":[1,10,18,20],"killed_by":"Slavers","ascension_level":1}}