{"host":"og6lam4kt3nibbw0","time":1614097296,"event":{"mods":["AchievementEnabler","BaseMod","Colored Map","DeckTracker","Highlight Path","Keyboard Shortcuts","Minty Spire (QoL Compilation)","Permanent Neow","Quick Restart","StSLib","SuperFastMode"],"gold_per_floor":[119,130,147,44,44,44,59,86,112,112,124,74,91,117,117,192,192,207,207,207,225,36,36,36],"floor_reached":23,"language":"KOR","playtime":782,"items_purged":["Strike_R","Strike_R"],"score":382,"play_id":"f0f6b365-274d-4059-afbc-5554ee1d5c41","local_time":"20210224012136","is_ascension_mode":true,"campfire_choices":[{"data":"Combust","floor":6.0,"key":"SMITH"},{"data":"Armaments","floor":15.0,"key":"SMITH"}],"circlet_count":0,"master_deck":["AscendersBane","Bash","Combust+1","Shrug It Off+1","Wild Strike","Armaments+1","Fire Breathing","Inflame","Warcry","Limit Break","Reaper","Shrug It Off","Power Through","Havoc","Spot Weakness","Clothesline","Clash","Warcry","Sword Boomerang","Offering"],"relics":["Burning Blood","Smiling Mask","Red Skull","MealTicket","Odd Mushroom","Pandora\u0027s Box"],"acts_visited":["Exordium","TheCity"],"potions_floor_usage":[],"damage_taken":[{"damage":12.0,"enemies":"Small Slimes","floor":1.0,"turns":4.0},{"damage":14.0,"enemies":"Jaw Worm","floor":2.0,"turns":5.0},{"damage":3.0,"enemies":"2 Louse","floor":3.0,"turns":4.0},{"damage":3.0,"enemies":"2 Fungi Beasts","floor":7.0,"turns":3.0},{"damage":26.0,"enemies":"Lagavulin","floor":8.0,"turns":7.0},{"damage":3.0,"enemies":"Blue Slaver","floor":11.0,"turns":3.0},{"damage":12.0,"enemies":"Lots of Slimes","floor":13.0,"turns":3.0},{"damage":6.0,"enemies":"The Mushroom Lair","floor":14.0,"turns":3.0},{"damage":32.0,"enemies":"The Guardian","floor":16.0,"turns":13.0},{"damage":35.0,"enemies":"Chosen","floor":18.0,"turns":5.0},{"damage":41.0,"enemies":"Shell Parasite","floor":21.0,"turns":6.0},{"damage":34,"enemies":"Book of Stabbing","floor":23,"turns":4}],"seed_played":"-2368664778467161157","potions_obtained":[{"floor":1.0,"key":"SkillPotion"},{"floor":2.0,"key":"BlessingOfTheForge"},{"floor":8.0,"key":"Explosive Potion"},{"floor":16.0,"key":"FearPotion"}],"is_trial":false,"path_per_floor":["M","M","M","$","?","R","M","E","T","?","M","$","M","?","R","B",null,"M","?","?","M","$","E"],"character_chosen":"IRONCLAD","items_purchased":["Wild Strike","Sword Boomerang","Offering"],"campfire_rested":0,"item_purchase_floors":[4,22,22],"current_hp_per_floor":[62,54,57,57,34,34,37,17,17,22,25,40,34,34,34,8,62,37,37,31,12,27,4,4],"gold":36,"neow_bonus":"RANDOM_COMMON_RELIC","is_daily":false,"chose_seed":false,"campfire_upgraded":2,"win_rate":0.0,"timestamp":1614097296,"path_taken":["M","M","M","$","?","R","M","E","T","?","M","$","M","?","R","BOSS","M","?","?","M","$","E"],"items_purchased_type":["Card","Card","Card"],"build_version":"2020-12-22","purchased_purges":2,"victory":false,"max_hp_per_floor":[75,75,75,75,75,75,75,75,75,80,80,80,80,80,80,80,80,80,80,80,80,80,80,80],"card_choices":[{"not_picked":["Pummel","Thunderclap"],"picked":"Dark Embrace","floor":1.0},{"not_picked":["Second Wind","Evolve"],"picked":"Combust","floor":2.0},{"not_picked":["Reckless Charge","Clash"],"picked":"Shrug It Off","floor":3.0},{"not_picked":["Shrug It Off","Heavy Blade"],"picked":"Armaments","floor":7.0},{"not_picked":["Clothesline","Wild Strike","Bloodletting"],"picked":"SKIP","floor":8.0},{"not_picked":["Twin Strike","True Grit"],"picked":"Fire Breathing","floor":11.0},{"not_picked":["Sentinel","True Grit"],"picked":"Inflame","floor":13.0},{"not_picked":["Wild Strike","Armaments"],"picked":"Warcry","floor":14.0},{"not_picked":["Impervious","Berserk"],"picked":"Limit Break","floor":16.0},{"not_picked":["Fire Breathing","Body Slam"],"picked":"Warcry","floor":18.0},{"not_picked":["Infernal Blade","Rampage","Iron Wave"],"picked":"SKIP","floor":21.0}],"player_experience":996976,"relics_obtained":[{"floor":8.0,"key":"Red Skull"},{"floor":9.0,"key":"MealTicket"},{"floor":14.0,"key":"Odd Mushroom"}],"event_choices":[{"damage_healed":0.0,"max_hp_gain":0.0,"max_hp_loss":0.0,"gold_gain":0.0,"event_name":"Shining Light","player_choice":"Entered Light","floor":5.0,"gold_loss":0.0,"damage_taken":23.0,"cards_upgraded":["Defend_R","Shrug It Off"]},{"damage_healed":0.0,"max_hp_gain":5.0,"max_hp_loss":0.0,"gold_gain":0.0,"event_name":"Big Fish","player_choice":"Donut","floor":10.0,"gold_loss":0.0,"damage_taken":0.0},{"damage_healed":0.0,"max_hp_gain":0.0,"max_hp_loss":0.0,"gold_gain":0.0,"event_name":"Mushrooms","player_choice":"Fought Mushrooms","floor":14.0,"gold_loss":0.0,"damage_taken":0.0},{"cards_removed":["Dark Embrace"],"damage_healed":0.0,"max_hp_gain":0.0,"max_hp_loss":0.0,"gold_gain":0.0,"event_name":"Back to Basics","player_choice":"Elegance","floor":19.0,"gold_loss":0.0,"damage_taken":0.0},{"damage_healed":0.0,"max_hp_gain":0.0,"max_hp_loss":0.0,"gold_gain":0.0,"event_name":"Knowing Skull","player_choice":"","floor":20.0,"potions_obtained":[],"gold_loss":0.0,"damage_taken":6.0,"cards_obtained":[]}],"is_beta":false,"boss_relics":[{"not_picked":["Snecko Eye","Fusion Hammer"],"picked":"Pandora\u0027s Box"}],"items_purged_floors":[4,12],"is_endless":false,"potions_floor_spawned":[1,2,7,8,16],"killed_by":"Book of Stabbing","ascension_level":20}}