{"host":"2c84cb4cp1emursg","time":1614065921,"event":{"mods":["Act Like it!","BaseMod","Better Third Choice","Bossed Relics","Hallownest","Hermit","Minty Spire (QoL Compilation)","Permanent Neow","Shapeshifter Mod","StSLib"],"gold_per_floor":[115,133,143,155,155,181,191,218,294,294,329,329,329,123,123,224,224,235,235,250,290,290],"floor_reached":21,"language":"ENG","playtime":1634,"items_purged":["StSShapeShifter:ShapeShifter_Strike"],"score":207,"play_id":"c4c34c23-d243-48a0-b4cb-f23dcc3b6c62","local_time":"20210223003841","is_ascension_mode":true,"campfire_choices":[{"floor":10.0,"key":"REST"},{"data":"StSShapeShifter:MonkeyForm","floor":12.0,"key":"SMITH"},{"data":"StSShapeShifter:OwlForm","floor":15.0,"key":"SMITH"}],"circlet_count":0,"master_deck":["StSShapeShifter:ShapeShifter_Strike","StSShapeShifter:ShapeShifter_Strike","StSShapeShifter:ShapeShifter_Strike","StSShapeShifter:ShapeShifter_Strike","StSShapeShifter:ShapeShifter_Defend","StSShapeShifter:ShapeShifter_Defend","StSShapeShifter:ShapeShifter_Defend","StSShapeShifter:ShapeShifter_Defend","StSShapeShifter:ShapeShifter_Defend","StSShapeShifter:Tortoise_Form+1","StSShapeShifter:Lynx_Form+1","StSShapeShifter:RockSlide","StSShapeShifter:MonkeyForm+1","StSShapeShifter:SquirrelForm","StSShapeShifter:BurstingSpore","StSShapeShifter:PorcupineForm","StSShapeShifter:OwlForm+1","StSShapeShifter:UnicornForm","StSShapeShifter:Forgiveness","StSShapeShifter:Garden","Hallownest:curseDreamersLament"],"relics":["StSShapeShifter:AnimalHeart","StSShapeShifter:TheShapeShiftersMagnolia","StSShapeShifter:BeastkeepersGift","Hallownest:DreamNailRelic","Toy Ornithopter","Smiling Mask","Ice Cream","Strange Spoon","Astrolabe","Hallownest:WatcherSealRelic"],"acts_visited":["Hallownest:Greenpath","Hallownest:CityofTears"],"potions_floor_usage":[21],"damage_taken":[{"damage":5.0,"enemies":"Hallownest:2_Tiktiks_and_1_Crawlid","floor":1.0,"turns":3.0},{"damage":3.0,"enemies":"Hallownest:2_MossCreeps","floor":2.0,"turns":2.0},{"damage":0.0,"enemies":"Hallownest:2_Baldur","floor":3.0,"turns":3.0},{"damage":18.0,"enemies":"Hallownest:1_Ooma_and_2_Uuma","floor":4.0,"turns":5.0},{"damage":34.0,"enemies":"Hallownest:eliteMossKnight","floor":6.0,"turns":9.0},{"damage":5.0,"enemies":"Hallownest:Guard_and_Warrior","floor":7.0,"turns":6.0},{"damage":4.0,"enemies":"Hallownest:eliteCrystalGuardian","floor":8.0,"turns":5.0},{"damage":10.0,"enemies":"Hallownest:eliteVengeflyKing","floor":11.0,"turns":6.0},{"damage":17.0,"enemies":"Hallownest:BossBrokenVessel","floor":16.0,"turns":10.0},{"damage":16.0,"enemies":"Hallownest:Flukemon_and_Top","floor":18.0,"turns":4.0},{"damage":55.0,"enemies":"Hallownest:2_Mistakes","floor":20.0,"turns":12.0},{"damage":36,"enemies":"Hallownest:2_Mistakes","floor":21,"turns":4}],"seed_played":"5286490216641052307","potions_obtained":[{"floor":2.0,"key":"Fire Potion"},{"floor":6.0,"key":"SmokeBomb"},{"floor":7.0,"key":"Block Potion"},{"floor":16.0,"key":"Fire Potion"},{"floor":18.0,"key":"CultistPotion"},{"floor":20,"key":"AttackPotion"}],"is_trial":false,"path_per_floor":["M","M","M","M","?","E","M","E","T","R","E","R","?","$","R","B",null,"M","?","M","?"],"character_chosen":"SHAPESHIFTER","items_purchased":["Strange Spoon"],"campfire_rested":1,"item_purchase_floors":[14],"current_hp_per_floor":[73,70,70,52,52,18,13,14,14,37,27,27,27,27,27,10,78,62,62,18,0,0],"gold":290,"neow_bonus":"RANDOM_COMMON_RELIC","is_daily":false,"chose_seed":false,"campfire_upgraded":2,"win_rate":0.0,"timestamp":1614065921,"path_taken":["M","M","M","M","?","E","M","E","T","R","E","R","?","?","R","BOSS","M","?","M","?"],"items_purchased_type":["Relic"],"build_version":"2020-12-22","purchased_purges":1,"victory":false,"max_hp_per_floor":[78,78,78,78,78,78,78,78,78,78,78,78,78,78,78,78,78,78,78,78,78,78],"card_choices":[{"not_picked":["StSShapeShifter:BurstingSpore","StSShapeShifter:BloomingSlash"],"picked":"StSShapeShifter:RockSlide","floor":1.0},{"not_picked":["StSShapeShifter:ThornToss","StSShapeShifter:Evolution"],"picked":"StSShapeShifter:MonkeyForm","floor":2.0},{"not_picked":["StSShapeShifter:Sap_Burst","StSShapeShifter:ShiftingStrike"],"picked":"StSShapeShifter:SquirrelForm","floor":3.0},{"not_picked":["StSShapeShifter:Roar","StSShapeShifter:PoisonIvy"],"picked":"StSShapeShifter:BurstingSpore","floor":4.0},{"not_picked":["StSShapeShifter:Vengeance","StSShapeShifter:ForestFire","StSShapeShifter:MonkeyForm"],"picked":"SKIP","floor":6.0},{"not_picked":["StSShapeShifter:DeerForm","StSShapeShifter:DeepWound"],"picked":"StSShapeShifter:PorcupineForm","floor":7.0},{"not_picked":["StSShapeShifter:Roar","StSShapeShifter:MagicMushrooms"],"picked":"StSShapeShifter:OwlForm","floor":8.0},{"not_picked":["StSShapeShifter:VineHandcuffs","StSShapeShifter:PorcupineForm","StSShapeShifter:OwlForm"],"picked":"SKIP","floor":11.0},{"not_picked":["StSShapeShifter:RestoreBalance","StSShapeShifter:BurrBomb"],"picked":"StSShapeShifter:Forgiveness","floor":16.0},{"not_picked":["StSShapeShifter:DeepWound","StSShapeShifter:ShiftingStrike"],"picked":"StSShapeShifter:Garden","floor":18.0},{"not_picked":["StSShapeShifter:Bonk+1","StSShapeShifter:RatForm+1","StSShapeShifter:PorcupineForm"],"picked":"SKIP","floor":20}],"player_experience":596932,"relics_obtained":[{"floor":6.0,"key":"Toy Ornithopter"},{"floor":8.0,"key":"Smiling Mask"},{"floor":11.0,"key":"Ice Cream"}],"event_choices":[],"is_beta":false,"boss_relics":[{"not_picked":["Philosopher\u0027s Stone","SacredBark"],"picked":"Astrolabe"}],"items_purged_floors":[14],"is_endless":false,"potions_floor_spawned":[2,6,7,16,18,20],"killed_by":"Hallownest:2_Mistakes","ascension_level":1}}