{"host":"h3ogdo6no3ehk88q","time":1614122436,"event":{"mods":["AchievementEnabler","BaseMod","Minty Spire (QoL Compilation)","StSLib","SuperFastMode"],"gold_per_floor":[119,46,46,65,65,80,80,98,114,114,168,193,268,268,17,31,43,43,116,116,187,187,203,222,38,58,78,78,106,106,106,106,21,21,21],"floor_reached":34,"language":"ENG","playtime":1472,"items_purged":[],"score":651,"play_id":"90953f54-ec8d-4830-a421-21b7092f54e4","local_time":"20210223182036","is_ascension_mode":true,"campfire_choices":[{"data":"Barricade","floor":7,"key":"SMITH"},{"floor":14,"key":"REST"},{"data":"Uppercut","floor":18,"key":"SMITH"},{"floor":20,"key":"REST"},{"floor":28,"key":"REST"},{"data":"True Grit","floor":30,"key":"SMITH"}],"circlet_count":0,"master_deck":["AscendersBane","Strike_R","Strike_R","Defend_R","Defend_R","Defend_R","Defend_R","Bash","Barricade+1","Pommel Strike","Ghostly Armor","Uppercut+1","Metallicize","Reaper+1","Immolate+1","Impervious","Dropkick+1","Exhume+1","Iron Wave+1","Shockwave","Inflame","True Grit+1"],"relics":["Burning Blood","Sundial","Toy Ornithopter","Oddly Smooth Stone","Molten Egg 2","Astrolabe","Membership Card","Pantograph","Singing Bowl","Kunai","White Beast Statue"],"acts_visited":["Exordium","TheCity"],"potions_floor_usage":[12,17,17,24,26,29],"damage_taken":[{"damage":12,"enemies":"Jaw Worm","floor":1,"turns":8},{"damage":7,"enemies":"Small Slimes","floor":4,"turns":7},{"damage":6,"enemies":"Cultist","floor":6,"turns":3},{"damage":14,"enemies":"Large Slime","floor":8,"turns":9},{"damage":22,"enemies":"Looter","floor":9,"turns":3},{"damage":23,"enemies":"Gremlin Nob","floor":12,"turns":5},{"damage":11,"enemies":"3 Louse","floor":16,"turns":4},{"damage":7,"enemies":"Gremlin Gang","floor":17,"turns":7},{"damage":38,"enemies":"Slime Boss","floor":19,"turns":17},{"damage":42,"enemies":"Slime Boss","floor":21,"turns":16},{"damage":31,"enemies":"Spheric Guardian","floor":23,"turns":8},{"damage":37,"enemies":"2 Thieves","floor":24,"turns":4},{"damage":28,"enemies":"3 Cultists","floor":26,"turns":5},{"damage":5,"enemies":"Snecko","floor":27,"turns":5},{"damage":42,"enemies":"Slavers","floor":29,"turns":5},{"damage":71,"enemies":"Gremlin Leader","floor":34,"turns":5}],"seed_played":"4248283622602064306","potions_obtained":[{"floor":4,"key":"LiquidBronze"},{"floor":16,"key":"FearPotion"},{"floor":17,"key":"Ancient Potion"},{"floor":19,"key":"Strength Potion"},{"floor":24,"key":"DuplicationPotion"},{"floor":26,"key":"SkillPotion"}],"is_trial":false,"path_per_floor":["M","$","?","M","T","M","R","M","M","T","T","E","?","R","$","M","M","R","B","R","B",null,"M","M","$","M","M","R","E","R","T","T","?","E"],"character_chosen":"IRONCLAD","items_purchased":["DuplicationPotion","Molten Egg 2","Membership Card","Inflame"],"campfire_rested":3,"item_purchase_floors":[2,15,25,25],"current_hp_per_floor":[62,62,62,61,61,61,61,53,37,37,37,25,14,36,36,31,50,50,28,50,23,62,37,32,32,43,44,66,49,49,49,49,49,0,0],"gold":21,"neow_bonus":"ONE_RANDOM_RARE_CARD","is_daily":false,"chose_seed":false,"campfire_upgraded":3,"win_rate":0.0,"timestamp":1614122436,"path_taken":["M","$","?","M","?","M","R","M","M","T","T","E","?","R","?","?","M","R","BOSS","R","BOSS","M","M","$","M","M","R","E","R","T","T","?","E"],"items_purchased_type":["Potion","Relic","Relic","Card"],"build_version":"2020-12-22","purchased_purges":0,"victory":false,"max_hp_per_floor":[75,75,75,75,75,75,75,75,75,75,75,75,75,75,75,75,75,75,75,75,75,75,75,75,75,75,75,75,75,75,75,75,75,75,75],"card_choices":[{"not_picked":["Wild Strike","Havoc","Heavy Blade"],"picked":"SKIP","floor":1},{"not_picked":["Iron Wave","Havoc"],"picked":"Pommel Strike","floor":4},{"not_picked":["Anger","Heavy Blade"],"picked":"Ghostly Armor","floor":6},{"not_picked":["Wild Strike","Pommel Strike","Flex"],"picked":"SKIP","floor":8},{"not_picked":["Rage","Anger"],"picked":"Uppercut","floor":9},{"not_picked":["Perfected Strike","Iron Wave"],"picked":"Metallicize","floor":12},{"not_picked":["Thunderclap+1","Clothesline+1"],"picked":"Reaper+1","floor":16},{"not_picked":["Clothesline+1","Searing Blow+1","Blood for Blood+1"],"picked":"SKIP","floor":17},{"not_picked":["Clothesline+1","Searing Blow+1","Blood for Blood+1"],"picked":"SKIP","floor":17},{"not_picked":["Fiend Fire+1","Corruption"],"picked":"Immolate+1","floor":19},{"not_picked":["Exhume","Immolate+1"],"picked":"Impervious","floor":21},{"not_picked":["Warcry","Infernal Blade"],"picked":"Shockwave","floor":23},{"not_picked":["Perfected Strike+1","Clash+1","Thunderclap+1"],"picked":"SKIP","floor":24},{"not_picked":["Cleave+1","Clothesline+1","Headbutt+1"],"picked":"SKIP","floor":26},{"not_picked":["Clothesline+1","Inflame","Havoc"],"picked":"SKIP","floor":27},{"not_picked":["Sever Soul+1","Armaments"],"picked":"True Grit","floor":29}],"player_experience":883855,"relics_obtained":[{"floor":10,"key":"Sundial"},{"floor":11,"key":"Toy Ornithopter"},{"floor":12,"key":"Oddly Smooth Stone"},{"floor":29,"key":"Pantograph"},{"floor":31,"key":"Singing Bowl"},{"floor":32,"key":"Kunai"}],"event_choices":[{"damage_healed":0,"gold_gain":0,"player_choice":"Ignored","damage_taken":0,"max_hp_gain":0,"max_hp_loss":0,"event_name":"Liars Game","floor":3,"gold_loss":0},{"damage_healed":0,"gold_gain":75,"player_choice":"Gather Gold","damage_taken":11,"max_hp_gain":0,"max_hp_loss":0,"event_name":"World of Goop","floor":13,"gold_loss":0},{"damage_healed":0,"gold_gain":0,"player_choice":"Obtained Relic","damage_taken":0,"relics_obtained":["White Beast Statue"],"max_hp_gain":0,"max_hp_loss":0,"event_name":"Addict","floor":33,"gold_loss":85}],"is_beta":false,"boss_relics":[{"not_picked":["Philosopher\u0027s Stone","Tiny House"],"picked":"Astrolabe"}],"items_purged_floors":[],"is_endless":false,"potions_floor_spawned":[4,8,16,17,19,21,24,26],"killed_by":"Gremlin Leader","ascension_level":15}}