{"host":"uyfpom4rlahfoee4","time":1614056707,"event":{"mods":["BaseMod","Downfall","Minty Spire (QoL Compilation)","StSLib"],"gold_per_floor":[99,114,131,147,64,76,76,92,117,292,309,344,364,382,392,490,540,540,559,571,11,31,56,56,56,72,87,87,98,113,9,21,123,123,23,33,43,61,46,96,96,96,110,110,110,110],"floor_reached":44,"language":"ENG","playtime":11613,"items_purged":["Doubt"],"score":527,"play_id":"cf7d1f7f-a995-41a7-b5b9-d52f078b5a6b","local_time":"20210222210507","is_ascension_mode":false,"campfire_choices":[{"data":"Slimebound:Split","floor":1,"key":"SMITH"},{"data":"Slimebound:OozeBath","floor":18,"key":"SMITH"},{"floor":25,"key":"REST"},{"data":"Slimebound:LevelUp","floor":35,"key":"SMITH"},{"data":"Slimebound:TagTeam","floor":42,"key":"SMITH"}],"circlet_count":0,"master_deck":["Slimebound:Strike_Slimebound","Slimebound:Strike_Slimebound","Slimebound:Strike_Slimebound","Slimebound:Defend_Slimebound","Slimebound:Defend_Slimebound","Slimebound:Defend_Slimebound","Slimebound:Defend_Slimebound","Slimebound:Split+1","Slimebound:CorrosiveSpit","Slimebound:RollThrough","Slimebound:LevelUp+1","Slimebound:SplitLeeching","Slimebound:RejuvenatingLick","Slimebound:Repurpose","Slimebound:ProtectTheBoss","Slimebound:SplitLeeching","Slimebound:Repurpose","Slimebound:GrowthPunch+1","Slimebound:SplitLeeching","Slimebound:GoopSpray","Slimebound:Prepare","Slimebound:HauntingLick","Slimebound:OozeBath+1","Slimebound:SplitBruiser","Slimebound:SplitSpecialist","Slimebound:RallyTheTroops","Slimebound:SplitSpecialist","Slimebound:Schlurp","expansioncontent:StudyTheSpire","Slimebound:Schlurp","Slimebound:LeadByExample","Slimebound:Equalize","Slimebound:HauntingLick+1","Slimebound:SplitAcid+1","Slimebound:SlimeBarrage","Slimebound:Recollect","expansioncontent:AwakenDeath","Slimebound:GrowthPunch","Slimebound:MassFeed","Slimebound:SplitLeeching+1","Slimebound:SplitLeeching+1","Slimebound:LivingWall","Slimebound:SplitMire","Slimebound:TagTeam+1","Slimebound:SamplingLick+1"],"relics":["Slimebound:AbsorbEndCombat","Mango","Peace Pipe","Bottled Tornado","Tiny House","Kunai","Slimebound:MaxSlimesRelic","Letter Opener","SlaversCollar","downfall:HeartBlessingGreen","Bird Faced Urn"],"acts_visited":["Exordium","TheCity","TheBeyond"],"potions_floor_usage":[8,19,23,23,23,27,31,33,39,44],"damage_taken":[{"damage":1,"enemies":"Jaw Worm","floor":2,"turns":4},{"damage":9,"enemies":"2 Louse","floor":3,"turns":4},{"damage":1,"enemies":"Cultist","floor":4,"turns":4},{"damage":2,"enemies":"downfall:FleeingMerchant","floor":5,"turns":4},{"damage":6,"enemies":"3 Louse","floor":6,"turns":4},{"damage":0,"enemies":"downfall:LooterAlt","floor":8,"turns":5},{"damage":2,"enemies":"Lagavulin","floor":9,"turns":6},{"damage":0,"enemies":"Exordium Wildlife","floor":11,"turns":4},{"damage":13,"enemies":"3 Sentries","floor":12,"turns":7},{"damage":13,"enemies":"Red Slaver","floor":13,"turns":5},{"damage":0,"enemies":"Large Slime","floor":14,"turns":5},{"damage":7,"enemies":"3 Louse","floor":15,"turns":4},{"damage":3,"enemies":"IC_STATUS_ARCHETYPE","floor":16,"turns":9},{"damage":5,"enemies":"Shell Parasite","floor":19,"turns":6},{"damage":15,"enemies":"3 Byrds","floor":20,"turns":5},{"damage":3,"enemies":"downfall:FleeingMerchant","floor":21,"turns":4},{"damage":11,"enemies":"Sentry and Sphere","floor":22,"turns":8},{"damage":39,"enemies":"Book of Stabbing","floor":23,"turns":5},{"damage":8,"enemies":"Centurion and Healer","floor":26,"turns":6},{"damage":8,"enemies":"Snake Plant","floor":27,"turns":4},{"damage":13,"enemies":"Chosen and Byrds","floor":29,"turns":6},{"damage":26,"enemies":"Shelled Parasite and Fungi","floor":30,"turns":6},{"damage":17,"enemies":"downfall:FleeingMerchant","floor":31,"turns":4},{"damage":22,"enemies":"Snake Plant","floor":32,"turns":4},{"damage":73,"enemies":"SI_MIRROR_ARCHETYPE","floor":33,"turns":14},{"damage":3,"enemies":"3 Shapes","floor":36,"turns":6},{"damage":12,"enemies":"Orb Walker","floor":37,"turns":4},{"damage":14,"enemies":"Writhing Mass","floor":38,"turns":6},{"damage":5,"enemies":"downfall:FleeingMerchant","floor":39,"turns":4},{"damage":0,"enemies":"downfall:FleeingMerchant","floor":40,"turns":4},{"damage":60,"enemies":"Jaw Worm Horde","floor":43,"turns":4},{"damage":12,"enemies":"Reptomancer","floor":44,"turns":2}],"seed_played":"-3339477778371680107","potions_obtained":[{"floor":2,"key":"EssenceOfSteel"},{"floor":8,"key":"Fruit Juice"},{"floor":9,"key":"SkillPotion"},{"floor":13,"key":"Energy Potion"},{"floor":19,"key":"Slimebound:ThreeZeroPotion"},{"floor":20,"key":"Fire Potion"},{"floor":26,"key":"Block Potion"},{"floor":29,"key":"LiquidBronze"},{"floor":32,"key":"Explosive Potion"},{"floor":33,"key":"Strength Potion"},{"floor":38,"key":"Slimebound:SlimyTonguePotion"},{"floor":43,"key":"SpeedPotion"}],"is_trial":false,"path_per_floor":["R","M","M","M","$","M","T","M","E","?","M","E","M","M","M","B",null,"R","M","M","$","M","E","T","R","M","M","?","M","M","$","M","B",null,"R","M","M","M","$","?","T","R","M","E"],"character_chosen":"SLIMEBOUND","items_purchased":["Slimebound:Repurpose","Kunai","Slimebound:Schlurp","expansioncontent:StudyTheSpire","expansioncontent:AwakenDeath"],"campfire_rested":1,"item_purchase_floors":[5,21,21,21,31],"current_hp_per_floor":[65,65,58,63,65,61,75,84,84,84,84,71,62,66,65,70,89,89,89,82,85,80,47,47,73,71,75,75,74,62,57,45,8,89,89,89,79,69,66,70,70,70,23,13,13,13],"gold":110,"neow_bonus":"REMOVE_CARD","is_daily":false,"chose_seed":false,"campfire_upgraded":4,"win_rate":0.0,"timestamp":1614056707,"path_taken":["R","M","M","M","$","M","T","M","E","?","M","E","M","M","M","BOSS","R","M","M","$","M","E","T","R","M","M","?","M","?","$","M","BOSS","R","M","M","M","$","?","T","R","M","E"],"items_purchased_type":["Card","Relic","Card","Card","Card"],"build_version":"2020-12-22","purchased_purges":1,"victory":false,"max_hp_per_floor":[65,65,65,65,65,65,79,84,84,84,84,84,84,84,84,84,89,89,89,89,89,89,89,89,89,89,89,89,89,89,89,89,89,89,89,89,89,89,89,89,89,89,92,92,92,92],"card_choices":[{"not_picked":["Slimebound:FormOfPuddle","Slimebound:GoopSpray"],"picked":"Slimebound:RollThrough","floor":2},{"not_picked":["Slimebound:ComboTackle","Slimebound:SplitAcid"],"picked":"Slimebound:LevelUp","floor":3},{"not_picked":["Slimebound:ItLooksTasty","Slimebound:SlimeTap"],"picked":"Slimebound:SplitLeeching","floor":4},{"not_picked":["Slimebound:ItLooksTasty","Slimebound:ComboTackle"],"picked":"Slimebound:RejuvenatingLick","floor":5},{"not_picked":["Slimebound:Dissolve","Slimebound:ForwardTackle"],"picked":"Slimebound:ProtectTheBoss","floor":6},{"not_picked":["Slimebound:SplitMire","Slimebound:LeechingTouch"],"picked":"Slimebound:SplitLeeching","floor":8},{"not_picked":["Slimebound:WasteNot","Slimebound:SplitAcid"],"picked":"Slimebound:Repurpose","floor":9},{"not_picked":["Slimebound:GoopSpray","Slimebound:SlimeTap"],"picked":"Slimebound:GrowthPunch","floor":11},{"not_picked":["Slimebound:ItLooksTasty","Slimebound:Prepare"],"picked":"Slimebound:SplitLeeching","floor":12},{"not_picked":["Slimebound:SpikyOuterGoop","Slimebound:Prepare"],"picked":"Slimebound:GoopSpray","floor":13},{"not_picked":["Slimebound:SamplingLick","Slimebound:GoopTackle"],"picked":"Slimebound:Prepare","floor":14},{"not_picked":["Slimebound:GrowthPunch","Slimebound:FinishingTackle"],"picked":"Slimebound:HauntingLick","floor":15},{"not_picked":["Slimebound:PrepareCrush","Slimebound:Overexert"],"picked":"Slimebound:OozeBath","floor":16},{"not_picked":["Slimebound:LeechEnergy","Slimebound:SlimeTap"],"picked":"Slimebound:SplitBruiser","floor":17},{"not_picked":["Slimebound:SlimeSpikes","Slimebound:GoopTackle+1"],"picked":"Slimebound:SplitSpecialist","floor":19},{"not_picked":["Slimebound:SplitMire","Slimebound:ItLooksTasty"],"picked":"Slimebound:RallyTheTroops","floor":20},{"not_picked":["Slimebound:LeechingTouch","Slimebound:FlameTackle"],"picked":"Slimebound:SplitSpecialist","floor":21},{"not_picked":["Slimebound:SplitAcid","Slimebound:FinishingTackle"],"picked":"Slimebound:Schlurp","floor":22},{"not_picked":["Slimebound:ItLooksTasty","Slimebound:SlimeTap+1"],"picked":"Slimebound:LeadByExample","floor":23},{"not_picked":["Slimebound:LeechEnergy","Slimebound:Gluttony"],"picked":"Slimebound:Equalize","floor":26},{"not_picked":["Slimebound:ItLooksTasty","Slimebound:TongueLash"],"picked":"Slimebound:HauntingLick+1","floor":27},{"not_picked":["Slimebound:HungryTackle","Slimebound:OneTwoCombo"],"picked":"Slimebound:SplitAcid+1","floor":29},{"not_picked":["Slimebound:FinishingTackle","Slimebound:GoopTackle+1"],"picked":"Slimebound:SlimeBarrage","floor":30},{"not_picked":["Slimebound:SplitMire","Slimebound:Chomp+1"],"picked":"Slimebound:Recollect","floor":31},{"not_picked":["Slimebound:Prepare","Slimebound:RainOfGoop"],"picked":"Slimebound:GrowthPunch","floor":32},{"not_picked":["Slimebound:CheckThePlaybook","Slimebound:WasteNot"],"picked":"Slimebound:MassFeed","floor":33},{"not_picked":["Slimebound:Chomp+1","Slimebound:SlimeBarrage"],"picked":"Slimebound:SplitLeeching+1","floor":36},{"not_picked":["Slimebound:FlameTackle","Slimebound:RollThrough"],"picked":"Slimebound:SplitLeeching+1","floor":37},{"not_picked":["Slimebound:GrowthPunch+1","Slimebound:SlimeSpikes"],"picked":"Slimebound:LivingWall","floor":38},{"not_picked":["Slimebound:ItLooksTasty","Slimebound:HauntingLick"],"picked":"Slimebound:SplitMire","floor":39},{"not_picked":["Slimebound:GoopTackle","Slimebound:ForwardTackle+1"],"picked":"Slimebound:TagTeam","floor":40},{"not_picked":["Slimebound:Prepare","Slimebound:GoopTackle"],"picked":"Slimebound:SamplingLick+1","floor":43}],"player_experience":118930,"relics_obtained":[{"floor":7,"key":"Mango"},{"floor":9,"key":"Peace Pipe"},{"floor":12,"key":"Bottled Tornado"},{"floor":23,"key":"Slimebound:MaxSlimesRelic"},{"floor":24,"key":"Letter Opener"},{"floor":40,"key":"Bird Faced Urn"}],"event_choices":[],"is_beta":false,"boss_relics":[{"not_picked":["bronze:MakeshiftBattery","Pandora\u0027s Box"],"picked":"Tiny House"},{"not_picked":["Astrolabe","Coffee Dripper"],"picked":"SlaversCollar"}],"items_purged_floors":[21],"is_endless":false,"potions_floor_spawned":[2,8,9,13,14,19,20,26,29,32,33,38,43],"killed_by":"Reptomancer","ascension_level":0}}