{"host":"fl9v8v0ogd4flw78","time":1614093579,"event":{"mods":["BaseMod","Downfall","Ekko","Gremlin Mod","Highlight Path","Koishi","Luminous","Marked Mod","Minty Spire (QoL Compilation)","Quick Restart","READ ME - Guardian Mod","Relic Stats","Replay The Spire","StSLib","Td1madao Mod","The Marked","The Servant 0.9.4"],"gold_per_floor":[116,136,148,168,185,185,271,271,271,288,288,288,300,320,320,422,422,434,434,344,344],"floor_reached":20,"language":"ZHS","playtime":1233,"items_purged":[],"score":227,"play_id":"067b2465-d2b7-451c-937f-bddff2c4b882","local_time":"20210223231939","is_ascension_mode":true,"campfire_choices":[{"data":"BestPractice","floor":6,"key":"SMITH"},{"floor":8,"key":"REST"},{"data":"GearUp","floor":11,"key":"SMITH"},{"data":"Exchange","floor":15,"key":"SMITH"}],"circlet_count":0,"master_deck":["Strike_S","Strike_S","Strike_S","Strike_S","Defend_S","Defend_S","Defend_S","Defend_S","KidneyShot+1","Exchange+1","Luminosity","BestPractice+1","FastForward","DualDimension","Replace","Ricochet","Rearm","GearUp+1","Defy","Starlight","PendulumOfEternity","Defy"],"relics":["Uniform","ReplayTheSpireMod:Lightbulb","Bird Faced Urn","StoneMask","Nilry\u0027s Codex"],"acts_visited":["Exordium","TheCity"],"potions_floor_usage":[5,13,16,16,20],"damage_taken":[{"damage":2.0,"enemies":"Cultist","floor":1.0,"turns":5.0},{"damage":0.0,"enemies":"Jaw Worm","floor":2.0,"turns":4.0},{"damage":7.0,"enemies":"2 Louse","floor":3.0,"turns":3.0},{"damage":20,"enemies":"Exordium Thugs","floor":4,"turns":7},{"damage":11,"enemies":"Exordium Wildlife","floor":5,"turns":5},{"damage":8,"enemies":"3 Louse","floor":10,"turns":4},{"damage":1,"enemies":"Gremlin Gang","floor":13,"turns":5},{"damage":13,"enemies":"Large Slime","floor":14,"turns":7},{"damage":1,"enemies":"Slime Boss","floor":16,"turns":11},{"damage":17,"enemies":"Spheric Guardian","floor":18,"turns":10},{"damage":32,"enemies":"2 Thieves","floor":20,"turns":4}],"seed_played":"6448792632858692394","potions_obtained":[{"floor":1.0,"key":"ColorlessPotion"},{"floor":2.0,"key":"SteroidPotion"},{"floor":4,"key":"champ:CounterPotion"},{"floor":5,"key":"Block Potion"},{"floor":16,"key":"Explosive Potion"}],"is_trial":false,"path_per_floor":["M","M","M","M","M","R","?","R","T","M","R","?","M","M","R","B",null,"M","?","M"],"character_chosen":"THE_SERVANT","items_purchased":[],"campfire_rested":1,"item_purchase_floors":[],"current_hp_per_floor":[63,63,56,36,25,25,8,29,29,25,25,25,28,19,19,24,59,49,33,3,3],"gold":344,"neow_bonus":"TEN_PERCENT_HP_BONUS","is_daily":false,"chose_seed":false,"campfire_upgraded":3,"win_rate":0.0,"timestamp":1614093579,"path_taken":["M","M","M","M","M","R","?","R","T","?","R","?","M","M","R","BOSS","M","?","M"],"items_purchased_type":[],"build_version":"2020-12-22","purchased_purges":0,"victory":false,"max_hp_per_floor":[71,71,71,71,71,71,71,71,71,71,71,71,71,71,71,71,71,72,72,72,72],"relic_stats":{"counters":[11,65],"Bird Faced Urn":[24],"obtain_stats":[{"StoneMask":17,"Nilry\u0027s Codex":19,"Bird Faced Urn":9,"Uniform":0,"ReplayTheSpireMod:Lightbulb":7},{"StoneMask":9,"Nilry\u0027s Codex":10,"Bird Faced Urn":5,"Uniform":0,"ReplayTheSpireMod:Lightbulb":5},{"StoneMask":51,"Nilry\u0027s Codex":61,"Bird Faced Urn":24,"Uniform":0,"ReplayTheSpireMod:Lightbulb":24}]},"card_choices":[{"not_picked":["DoubleEdge","Hightail"],"picked":"Luminosity","floor":1.0},{"not_picked":["BottledTime","Starlight"],"picked":"BestPractice","floor":2.0},{"not_picked":["Potential","Gouge"],"picked":"FastForward","floor":3.0},{"not_picked":["Unruled","SpecialFormula"],"picked":"DualDimension","floor":4},{"not_picked":["DoubleEdge","DancingSilver"],"picked":"Replace","floor":5},{"not_picked":["Sabotage","Unruled"],"picked":"Ricochet","floor":7},{"not_picked":["Moondial","Shuttle"],"picked":"Rearm","floor":7},{"not_picked":["Deadline","ShatteredReality"],"picked":"GearUp","floor":10},{"not_picked":["Spin","Unruled"],"picked":"Defy","floor":13},{"not_picked":["DoubleEdge","Orbit"],"picked":"Starlight","floor":14},{"not_picked":["SilverMatrix","KillingDoll"],"picked":"PendulumOfEternity","floor":16},{"not_picked":["FastForward","Ricochet"],"picked":"Defy","floor":18}],"player_experience":537360,"relics_obtained":[{"floor":7,"key":"ReplayTheSpireMod:Lightbulb"},{"floor":9,"key":"Bird Faced Urn"},{"floor":19,"key":"Nilry\u0027s Codex"}],"event_choices":[{"damage_healed":0,"gold_gain":0,"player_choice":"Upgraded","damage_taken":0,"max_hp_gain":0,"max_hp_loss":0,"event_name":"Upgrade Shrine","floor":12,"gold_loss":0,"cards_upgraded":["KidneyShot"]},{"damage_healed":0,"gold_gain":0,"player_choice":"Obtained Book","damage_taken":16,"max_hp_gain":0,"max_hp_loss":0,"event_name":"Cursed Tome","floor":19,"gold_loss":0}],"is_beta":false,"boss_relics":[{"not_picked":["SlaversCollar","Pandora\u0027s Box"],"picked":"StoneMask"}],"items_purged_floors":[],"is_endless":false,"potions_floor_spawned":[1,2,4,5,16],"killed_by":"2 Thieves","ascension_level":7}}