{"host":"6wux4armhsntp4yb","time":1614111953,"event":{"mods":["BaseMod","Colored Map","DeckTracker","Minty Spire (QoL Compilation)","Relic Stats"],"gold_per_floor":[217,227,302,24,38,38,0,0,0,0,35,35,35,63,63,138,138,148,57,57,72,72,72,102,102,102,102,114,139,139,24,24,101,101,120,175,200,225,51,51,77,77,100,100,130,130,158,168,168,168,168,168,168,6,33,33],"floor_reached":57,"language":"JPN","playtime":6272,"items_purged":["Strike_G+1","Strike_G+1"],"score":3202,"play_id":"68a69101-db9e-4af7-8c78-871a95174daf","local_time":"20210224052553","is_ascension_mode":true,"campfire_choices":[{"data":"Wraith Form v2","floor":6.0,"key":"SMITH"},{"data":"Predator","floor":8.0,"key":"SMITH"},{"data":"Dash","floor":12.0,"key":"SMITH"},{"data":"Neutralize","floor":15.0,"key":"SMITH"},{"data":"Predator","floor":23.0,"key":"SMITH"},{"data":"Noxious Fumes","floor":27.0,"key":"SMITH"},{"data":"Well Laid Plans","floor":32.0,"key":"SMITH"},{"data":"Footwork","floor":40,"key":"SMITH"},{"data":"Well Laid Plans","floor":42,"key":"SMITH"},{"data":"Die Die Die","floor":44,"key":"SMITH"},{"floor":49,"key":"RECALL"},{"data":"Survivor","floor":53,"key":"SMITH"}],"circlet_count":0,"master_deck":["AscendersBane","Strike_G+1","Strike_G+1","Defend_G+1","Defend_G+1","Defend_G+1","Defend_G+1","Defend_G+1","Survivor+1","Neutralize+1","Dash+1","Wraith Form v2+1","Predator+1","PiercingWail+1","Die Die Die+1","Bullet Time+1","Backflip+1","Deep Breath+1","Predator+1","Noxious Fumes+1","Acrobatics+1","Venomology+1","Well Laid Plans+1","Venomology+1","PiercingWail+1","Well Laid Plans+1","Blur+1","Footwork+1","Burst+1","Bouncing Flask+1","Panacea+1","Catalyst+1","Concentrate+1","Venomology+1"],"relics":["Ring of the Snake","Mummified Hand","Question Card","Toxic Egg 2","Oddly Smooth Stone","SacredBark","Meat on the Bone","Ornamental Fan","Dream Catcher","HoveringKite","Gambling Chip","The Specimen","PreservedInsect","Ancient Tea Set","Blue Candle","HornCleat","OrangePellets","Anchor"],"acts_visited":["Exordium","TheCity","TheBeyond","TheEnding"],"potions_floor_usage":[36,36,38,38,41,41,45,45,45,47,47,47,48,48,48,48,48,50,50,50,51,55,55,56,56,56,56,56,56],"damage_taken":[{"damage":8.0,"enemies":"Cultist","floor":1.0,"turns":5.0},{"damage":0.0,"enemies":"2 Louse","floor":2.0,"turns":2.0},{"damage":0.0,"enemies":"Jaw Worm","floor":5.0,"turns":5.0},{"damage":1.0,"enemies":"Looter","floor":7.0,"turns":4.0},{"damage":14.0,"enemies":"Lagavulin","floor":11.0,"turns":9.0},{"damage":3.0,"enemies":"Gremlin Nob","floor":14.0,"turns":6.0},{"damage":9.0,"enemies":"The Guardian","floor":16.0,"turns":13.0},{"damage":5.0,"enemies":"Chosen","floor":18.0,"turns":6.0},{"damage":0.0,"enemies":"Shell Parasite","floor":21.0,"turns":8.0},{"damage":0.0,"enemies":"Slavers","floor":24.0,"turns":6.0},{"damage":0.0,"enemies":"Cultist and Chosen","floor":28.0,"turns":6.0},{"damage":4.0,"enemies":"Gremlin Leader","floor":29.0,"turns":5.0},{"damage":0.0,"enemies":"Automaton","floor":33.0,"turns":12.0},{"damage":0.0,"enemies":"3 Shapes","floor":35.0,"turns":5.0},{"damage":0,"enemies":"2 Orb Walkers","floor":36,"turns":4},{"damage":0,"enemies":"Mind Bloom Boss Battle","floor":38,"turns":5},{"damage":0,"enemies":"Nemesis","floor":41,"turns":11},{"damage":0,"enemies":"Giant Head","floor":45,"turns":8},{"damage":0,"enemies":"Reptomancer","floor":47,"turns":4},{"damage":0,"enemies":"3 Darklings","floor":48,"turns":4},{"damage":0,"enemies":"Time Eater","floor":50,"turns":7},{"damage":2,"enemies":"Donu and Deca","floor":51,"turns":9},{"damage":0,"enemies":"Shield and Spear","floor":55,"turns":6},{"damage":2,"enemies":"The Heart","floor":56,"turns":11}],"seed_played":"-707048701314996025","potions_obtained":[{"floor":1.0,"key":"Dexterity Potion"},{"floor":11.0,"key":"LiquidBronze"},{"floor":16.0,"key":"SteroidPotion"},{"floor":21.0,"key":"DistilledChaos"},{"floor":24.0,"key":"Strength Potion"},{"floor":45,"key":"Block Potion"},{"floor":48,"key":"Block Potion"}],"is_trial":false,"path_per_floor":["M","M","?","$","M","R","M","R","T","?","E","R","?","E","R","B",null,"M","$","?","M","?","R","E","?","T","R","M","E","?","$","R","B",null,"M","?","T","?","$","R","E","R","T","R","E","?","E","M","R","B","B",null,"R","$","E","B",null],"character_chosen":"THE_SILENT","items_purchased":["Mummified Hand","Deep Breath+1","Well Laid Plans","Footwork","OrangePellets"],"campfire_rested":0,"item_purchase_floors":[4,19,31,39,54],"current_hp_per_floor":[51,51,40,40,40,40,39,39,39,39,25,25,25,22,22,13,53,48,48,48,48,48,48,48,48,48,48,48,44,26,26,26,38,63,63,63,63,63,63,63,63,63,63,63,63,63,71,71,71,71,69,71,71,71,71,69],"gold":33,"neow_bonus":"HUNDRED_GOLD","is_daily":false,"chose_seed":false,"campfire_upgraded":11,"win_rate":0.0,"timestamp":1614111953,"path_taken":["M","M","?","$","M","R","M","R","T","?","E","R","?","E","R","BOSS","M","$","?","M","?","R","E","?","T","R","?","E","?","$","R","BOSS","M","?","?","?","$","R","E","R","T","R","E","?","E","?","R","BOSS","BOSS","R","$","E","BOSS"],"items_purchased_type":["Relic","Card","Card","Card","Relic"],"build_version":"2020-12-22","purchased_purges":2,"victory":true,"max_hp_per_floor":[66,66,66,66,66,66,66,66,66,66,66,66,66,66,66,66,66,66,66,66,66,66,66,66,66,66,66,66,66,71,71,71,71,71,71,71,71,71,71,71,71,71,71,71,71,71,71,71,71,71,71,71,71,71,71,71],"relic_stats":{"counters":[24,161],"Blue Candle":[0],"HoveringKite":[41],"PreservedInsect":267,"Question Card":18,"OrangePellets":[6],"Dream Catcher":0,"Mummified Hand":[57],"Ornamental Fan":[120],"Gambling Chip":[41],"obtain_stats":[{"The Specimen":38,"SacredBark":17,"Blue Candle":45,"Oddly Smooth Stone":14,"HoveringKite":34,"PreservedInsect":41,"Question Card":9,"Ancient Tea Set":43,"OrangePellets":54,"Dream Catcher":29,"Anchor":55,"HornCleat":47,"Mummified Hand":4,"Ornamental Fan":26,"Gambling Chip":36,"Toxic Egg 2":11,"Ring of the Snake":0,"Meat on the Bone":24},{"The Specimen":16,"SacredBark":7,"Blue Candle":18,"Oddly Smooth Stone":6,"HoveringKite":13,"PreservedInsect":17,"Question Card":4,"Ancient Tea Set":17,"OrangePellets":22,"Dream Catcher":12,"Anchor":23,"HornCleat":19,"Mummified Hand":2,"Ornamental Fan":10,"Gambling Chip":15,"Toxic Egg 2":5,"Ring of the Snake":0,"Meat on the Bone":10},{"The Specimen":101,"SacredBark":44,"Blue Candle":120,"Oddly Smooth Stone":31,"HoveringKite":87,"PreservedInsect":112,"Question Card":16,"Ancient Tea Set":112,"OrangePellets":144,"Dream Catcher":75,"Anchor":150,"HornCleat":124,"Mummified Hand":7,"Ornamental Fan":64,"Gambling Chip":96,"Toxic Egg 2":25,"Ring of the Snake":0,"Meat on the Bone":64}],"Ring of the Snake":[48],"Meat on the Bone":12},"card_choices":[{"not_picked":["Underhanded Strike","Blade Dance"],"picked":"Dash","floor":1.0},{"not_picked":["Flechettes","Cloak And Dagger","Flying Knee"],"picked":"SKIP","floor":2.0},{"not_picked":["Quick Slash","Sucker Punch"],"picked":"Wraith Form v2","floor":5.0},{"not_picked":["Masterful Stab","Sucker Punch"],"picked":"Predator","floor":7.0},{"not_picked":["Prepared+1","Sucker Punch","Dagger Throw"],"picked":"PiercingWail+1","floor":11.0},{"not_picked":["Flying Knee","Dagger Throw","Slice"],"picked":"Die Die Die","floor":14.0},{"not_picked":["Wraith Form v2","Corpse Explosion+1","Glass Knife"],"picked":"Bullet Time+1","floor":16.0},{"not_picked":["Dagger Throw","Dagger Spray","Setup+1"],"picked":"Backflip+1","floor":18.0},{"not_picked":["Dodge and Roll+1","Flechettes","Flying Knee"],"picked":"Predator","floor":21.0},{"not_picked":["Noxious Fumes","Dash","Poisoned Stab","Accuracy"],"picked":"SKIP","floor":24.0},{"not_picked":["Dash","Poisoned Stab","Accuracy"],"picked":"Noxious Fumes","floor":24.0},{"not_picked":["Dagger Throw","Quick Slash","Sucker Punch"],"picked":"Acrobatics+1","floor":28.0},{"not_picked":["Deflect+1","Acrobatics+1","Expertise+1"],"picked":"Venomology+1","floor":29.0},{"not_picked":["After Image","Unload","Tools of the Trade"],"picked":"Venomology+1","floor":33.0},{"not_picked":["Flying Knee","Dash","Expertise+1"],"picked":"PiercingWail+1","floor":35.0},{"not_picked":["Quick Slash","Escape Plan+1","Infinite Blades+1"],"picked":"Well Laid Plans","floor":36},{"not_picked":["Deflect+1","Accuracy","Footwork"],"picked":"Blur+1","floor":38},{"not_picked":["Leg Sweep+1","PiercingWail+1","Flying Knee"],"picked":"Burst+1","floor":41},{"not_picked":["Backstab","Caltrops+1","Finisher"],"picked":"Bouncing Flask+1","floor":45},{"not_picked":["Good Instincts+1","Enlightenment+1","Purity+1"],"picked":"Panacea+1","floor":46},{"not_picked":["Outmaneuver+1","Doppelganger+1","Sucker Punch"],"picked":"Catalyst+1","floor":47},{"not_picked":["Quick Slash","Backflip+1","Cloak And Dagger+1"],"picked":"Concentrate+1","floor":48},{"not_picked":["Infinite Blades+1","Dagger Spray","Expertise+1"],"picked":"Venomology+1","floor":55}],"player_experience":5908009,"relics_obtained":[{"floor":9.0,"key":"Question Card"},{"floor":11.0,"key":"Toxic Egg 2"},{"floor":14.0,"key":"Oddly Smooth Stone"},{"floor":24.0,"key":"Meat on the Bone"},{"floor":26.0,"key":"Ornamental Fan"},{"floor":29.0,"key":"Dream Catcher"},{"floor":36,"key":"Gambling Chip"},{"floor":38,"key":"The Specimen"},{"floor":41,"key":"PreservedInsect"},{"floor":43,"key":"Ancient Tea Set"},{"floor":45,"key":"Blue Candle"},{"floor":47,"key":"HornCleat"},{"floor":55,"key":"Anchor"}],"event_choices":[{"damage_healed":0.0,"max_hp_gain":0.0,"max_hp_loss":0.0,"gold_gain":75.0,"event_name":"World of Goop","player_choice":"Gather Gold","floor":3.0,"gold_loss":0.0,"damage_taken":11.0},{"damage_healed":0.0,"max_hp_gain":0.0,"max_hp_loss":0.0,"gold_gain":0.0,"event_name":"Scrap Ooze","player_choice":"Fled","floor":10.0,"gold_loss":0.0,"damage_taken":0.0},{"cards_removed":["Strike_G"],"damage_healed":0.0,"max_hp_gain":0.0,"max_hp_loss":0.0,"gold_gain":0.0,"event_name":"Living Wall","player_choice":"Forget","floor":13.0,"gold_loss":0.0,"damage_taken":0.0},{"damage_healed":0.0,"max_hp_gain":0.0,"max_hp_loss":0.0,"gold_gain":0.0,"event_name":"Vampires","player_choice":"Ignored","floor":20.0,"gold_loss":0.0,"damage_taken":0.0},{"damage_healed":0.0,"max_hp_gain":0.0,"max_hp_loss":0.0,"gold_gain":0.0,"event_name":"Back to Basics","player_choice":"Simplicity","floor":22.0,"gold_loss":0.0,"damage_taken":0.0,"cards_upgraded":["Strike_G","Strike_G","Strike_G","Strike_G","Defend_G","Defend_G","Defend_G","Defend_G","Defend_G"]},{"damage_healed":0.0,"max_hp_gain":0.0,"max_hp_loss":0.0,"gold_gain":0.0,"event_name":"Match and Keep!","player_choice":"0 cards matched","floor":25.0,"gold_loss":0.0,"damage_taken":0.0,"cards_obtained":[]},{"damage_healed":0.0,"max_hp_gain":5.0,"max_hp_loss":0.0,"gold_gain":0.0,"event_name":"Forgotten Altar","player_choice":"Shed Blood","floor":30.0,"gold_loss":0.0,"damage_taken":23.0},{"damage_healed":0,"gold_gain":0,"player_choice":"Fight","damage_taken":0,"max_hp_gain":0,"max_hp_loss":0,"event_name":"Mysterious Sphere","floor":36,"gold_loss":0},{"damage_healed":0,"gold_gain":0,"player_choice":"Fight","damage_taken":0,"max_hp_gain":0,"max_hp_loss":0,"event_name":"MindBloom","floor":38,"gold_loss":0},{"damage_healed":0,"gold_gain":0,"player_choice":"Memory 1","damage_taken":0,"max_hp_gain":0,"max_hp_loss":0,"event_name":"SensoryStone","floor":46,"gold_loss":0}],"is_beta":false,"boss_relics":[{"not_picked":["Black Star","Coffee Dripper"],"picked":"SacredBark"},{"not_picked":["Cursed Key","WristBlade"],"picked":"HoveringKite"}],"items_purged_floors":[31,39],"is_endless":false,"potions_floor_spawned":[1,11,14,16,21,24,33,41,45,48,55],"ascension_level":20}}