{"host":"xz7n3qy1zq36rzpg","time":1614071489,"event":{"mods":["BaseMod","Colored Map","Colored Powertips","Highlight Path","Minty Spire (QoL Compilation)","Quick Restart","Shop Mod"],"gold_per_floor":[114,114,114,128,128,172,172,172,172],"floor_reached":8,"language":"ENG","playtime":448,"items_purged":[],"score":68,"play_id":"586c97f0-d419-400e-8d08-b58b40310ed8","local_time":"20210223101129","is_ascension_mode":true,"campfire_choices":[{"data":"Beam Cell","floor":7,"key":"SMITH"}],"circlet_count":0,"master_deck":["Strike_B","Strike_B","Strike_B","Defend_B","Defend_B","Defend_B","Defend_B","Zap","Dualcast","Chill","Injury","Genetic Algorithm","Blizzard","Beam Cell+1"],"relics":["Nuclear Battery","Golden Idol","Juzu Bracelet","Lantern"],"acts_visited":["Exordium"],"potions_floor_usage":[1,6],"damage_taken":[{"damage":10,"enemies":"Small Slimes","floor":1,"turns":3},{"damage":2,"enemies":"2 Louse","floor":4,"turns":4},{"damage":11,"enemies":"3 Sentries","floor":6,"turns":8},{"damage":47,"enemies":"Lagavulin","floor":8,"turns":8}],"seed_played":"5913154721374404736","potions_obtained":[{"floor":1,"key":"EntropicBrew"}],"is_trial":false,"path_per_floor":["M","?","?","M","?","E","R","E"],"character_chosen":"DEFECT","items_purchased":[],"campfire_rested":0,"item_purchase_floors":[],"current_hp_per_floor":[65,65,53,51,51,40,40,0,0],"gold":172,"neow_bonus":"BOSS_RELIC","is_daily":false,"chose_seed":false,"campfire_upgraded":1,"win_rate":0.0,"timestamp":1614071489,"path_taken":["M","?","?","M","?","E","R","E"],"items_purchased_type":[],"build_version":"2020-12-22","purchased_purges":0,"victory":false,"max_hp_per_floor":[75,75,75,75,75,75,75,75,75],"card_choices":[{"not_picked":["Conserve Battery","Barrage"],"picked":"Chill","floor":1},{"not_picked":["Gash","Hello World"],"picked":"Genetic Algorithm","floor":4},{"not_picked":["Leap","Darkness"],"picked":"Beam Cell","floor":6}],"player_experience":587622,"relics_obtained":[{"floor":6,"key":"Lantern"}],"event_choices":[{"damage_healed":0,"gold_gain":0,"player_choice":"Take Wound","damage_taken":0,"relics_obtained":["Golden Idol"],"max_hp_gain":0,"max_hp_loss":0,"event_name":"Golden Idol","floor":2,"gold_loss":0,"cards_obtained":["Injury"]},{"damage_healed":0,"gold_gain":0,"player_choice":"Success","damage_taken":12,"relics_obtained":["Juzu Bracelet"],"max_hp_gain":0,"max_hp_loss":0,"event_name":"Scrap Ooze","floor":3,"gold_loss":0},{"damage_healed":0,"gold_gain":0,"cards_transformed":["Strike_B"],"player_choice":"Transformed","damage_taken":0,"max_hp_gain":0,"max_hp_loss":0,"event_name":"Transmorgrifier","floor":5,"gold_loss":0,"cards_obtained":["Blizzard"]}],"is_beta":false,"boss_relics":[],"items_purged_floors":[],"is_endless":false,"potions_floor_spawned":[1,4],"killed_by":"Lagavulin","ascension_level":5}}