{"host":"Bilverbakes","time":1614047704,"event":{"mods":["2.2 Compatiblity","AchievementEnabler","BaseMod","Bestiary","Colored Map","Minty Spire (QoL Compilation)","Relic Stats","StSLib","ojb\u0027s Info Mod"],"gold_per_floor":[365,375,375,135,148,182,182,221,244,277,298,336,336,351,351,447,447,466,381,396,396,396,396,432,446,446,489,512,316,337,353,353,353,353],"floor_reached":33,"language":"ENG","playtime":1303,"items_purged":["Defend_B","Strike_B"],"score":714,"play_id":"06c926e4-f85f-4819-aa7a-5b00edf2c570","local_time":"20210222203504","is_ascension_mode":true,"campfire_choices":[{"data":"Electrodynamics","floor":13.0,"key":"SMITH"},{"data":"Fission","floor":15.0,"key":"SMITH"},{"floor":23.0,"key":"DIG"},{"floor":32,"key":"DIG"}],"circlet_count":0,"master_deck":["AscendersBane","Strike_B","Strike_B","Defend_B","Defend_B","Defend_B","Zap","Dualcast","Clumsy","Streamline","Sweeping Beam","Electrodynamics+1","Rip and Tear","Hologram","Compile Driver","Conserve Battery","Fission+1","Self Repair","Aggregate","Seek","Tempest","Self Repair","Auto Shields","Doom and Gloom+1","Lockon+1","Loop","Glacier","BootSequence+1"],"relics":["Cracked Core","Golden Idol","Toy Ornithopter","Boot","Potion Belt","Question Card","Odd Mushroom","Fusion Hammer","Shovel","Anchor","Molten Egg 2","Oddly Smooth Stone","Regal Pillow","Darkstone Periapt"],"acts_visited":["Exordium","TheCity"],"potions_floor_usage":[27,33],"damage_taken":[{"damage":2.0,"enemies":"Jaw Worm","floor":1.0,"turns":4.0},{"damage":0.0,"enemies":"2 Louse","floor":2.0,"turns":1.0},{"damage":0.0,"enemies":"Cultist","floor":5.0,"turns":2.0},{"damage":30.0,"enemies":"Lagavulin","floor":6.0,"turns":5.0},{"damage":11.0,"enemies":"Gremlin Nob","floor":8.0,"turns":3.0},{"damage":10.0,"enemies":"3 Sentries","floor":10.0,"turns":2.0},{"damage":0.0,"enemies":"Gremlin Gang","floor":11.0,"turns":2.0},{"damage":0.0,"enemies":"The Mushroom Lair","floor":12.0,"turns":2.0},{"damage":13.0,"enemies":"Exordium Thugs","floor":14.0,"turns":3.0},{"damage":0.0,"enemies":"Slime Boss","floor":16.0,"turns":5.0},{"damage":3.0,"enemies":"3 Byrds","floor":18.0,"turns":3.0},{"damage":9.0,"enemies":"Chosen","floor":20.0,"turns":4.0},{"damage":40.0,"enemies":"Slavers","floor":24.0,"turns":4.0},{"damage":16.0,"enemies":"Snecko","floor":25.0,"turns":4.0},{"damage":17,"enemies":"Gremlin Leader","floor":27,"turns":5},{"damage":0,"enemies":"Sentry and Sphere","floor":28,"turns":2},{"damage":14,"enemies":"Snake Plant","floor":30,"turns":4},{"damage":0,"enemies":"3 Cultists","floor":31,"turns":4},{"damage":60,"enemies":"Automaton","floor":33,"turns":8}],"seed_played":"-7903416229164091699","potions_obtained":[{"floor":5.0,"key":"SteroidPotion"},{"floor":10.0,"key":"AttackPotion"},{"floor":11.0,"key":"Ancient Potion"},{"floor":12.0,"key":"SpeedPotion"},{"floor":14.0,"key":"SteroidPotion"},{"floor":24.0,"key":"PowerPotion"},{"floor":27,"key":"EssenceOfSteel"},{"floor":30,"key":"Regen Potion"}],"is_trial":false,"path_per_floor":["M","M","?","$","M","E","?","E","T","E","M","?","R","M","R","B",null,"M","?","M","T","?","R","E","M","T","E","M","$","M","M","R","B"],"character_chosen":"DEFECT","items_purchased":["Electrodynamics","Rip and Tear","Loop","SkillPotion"],"campfire_rested":0,"item_purchase_floors":[4,4,29,29],"current_hp_per_floor":[62,62,62,62,62,32,32,26,26,16,21,21,21,8,8,20,53,62,62,62,62,62,62,36,34,34,36,36,36,36,50,50,0,0],"gold":353,"neow_bonus":"TWO_FIFTY_GOLD","is_daily":false,"chose_seed":false,"campfire_upgraded":2,"win_rate":0.0,"timestamp":1614047704,"path_taken":["M","M","?","$","M","E","?","E","T","E","?","?","R","M","R","BOSS","M","?","M","?","?","R","E","M","T","E","M","$","?","M","R","BOSS"],"items_purchased_type":["Card","Card","Card","Potion"],"build_version":"2020-12-18","purchased_purges":2,"victory":false,"max_hp_per_floor":[71,71,64,64,64,64,64,64,64,64,64,64,64,64,64,64,64,64,64,64,64,64,64,64,64,64,64,64,64,64,64,64,64,64],"relic_stats":{"Darkstone Periapt":0,"Regal Pillow":0,"Shovel":2,"counters":[19,67],"Golden Idol":97,"Boot":[21],"Question Card":12,"obtain_stats":[{"Potion Belt":9,"Darkstone Periapt":32,"Regal Pillow":27,"Golden Idol":3,"Oddly Smooth Stone":26,"Odd Mushroom":12,"Boot":8,"Question Card":10,"Anchor":23,"Shovel":19,"Molten Egg 2":24,"Fusion Hammer":17,"Cracked Core":0,"Toy Ornithopter":6},{"Potion Belt":5,"Darkstone Periapt":18,"Regal Pillow":15,"Golden Idol":2,"Oddly Smooth Stone":14,"Odd Mushroom":8,"Boot":5,"Question Card":6,"Anchor":12,"Shovel":11,"Molten Egg 2":13,"Fusion Hammer":10,"Cracked Core":0,"Toy Ornithopter":4},{"Potion Belt":15,"Darkstone Periapt":59,"Regal Pillow":49,"Golden Idol":5,"Oddly Smooth Stone":44,"Odd Mushroom":21,"Boot":15,"Question Card":17,"Anchor":36,"Shovel":32,"Molten Egg 2":40,"Fusion Hammer":29,"Cracked Core":0,"Toy Ornithopter":12}],"Toy Ornithopter":32},"card_choices":[{"not_picked":["Gash","Storm"],"picked":"Streamline","floor":1.0},{"not_picked":["Rebound","Turbo"],"picked":"Sweeping Beam","floor":2.0},{"not_picked":["Stack","Gash"],"picked":"Hologram","floor":5.0},{"not_picked":["White Noise","Coolheaded"],"picked":"Compile Driver","floor":6.0},{"not_picked":["Force Field","Sweeping Beam"],"picked":"Conserve Battery","floor":8.0},{"not_picked":["Steam","Ball Lightning"],"picked":"Fission","floor":10.0},{"not_picked":["Barrage","Coolheaded","Leap","Scrape"],"picked":"SKIP","floor":11.0},{"not_picked":["Chaos","Conserve Battery","Beam Cell"],"picked":"Self Repair","floor":12.0},{"not_picked":["Leap","Self Repair","Double Energy"],"picked":"Aggregate","floor":14.0},{"not_picked":["Core Surge","All For One","Reboot"],"picked":"Seek","floor":16.0},{"not_picked":["Compile Driver","Leap","Cold Snap"],"picked":"Tempest","floor":18.0},{"not_picked":["Streamline+1","Rebound","Leap","Coolheaded"],"picked":"SKIP","floor":20.0},{"not_picked":["Undo","Hologram","Scrape+1","Leap"],"picked":"SKIP","floor":24.0},{"not_picked":["Barrage+1","Beam Cell+1","Gash+1"],"picked":"Auto Shields","floor":25.0},{"not_picked":["Leap","Storm","Sunder+1"],"picked":"Doom and Gloom+1","floor":27},{"not_picked":["Recycle","Conserve Battery","Melter+1"],"picked":"Lockon+1","floor":28},{"not_picked":["Storm","Double Energy","All For One+1"],"picked":"Glacier","floor":30},{"not_picked":["Heatsinks","Storm","Stack"],"picked":"BootSequence+1","floor":31}],"player_experience":997176,"relics_obtained":[{"floor":6.0,"key":"Toy Ornithopter"},{"floor":8.0,"key":"Boot"},{"floor":9.0,"key":"Potion Belt"},{"floor":10.0,"key":"Question Card"},{"floor":12.0,"key":"Odd Mushroom"},{"floor":23.0,"key":"Anchor"},{"floor":24.0,"key":"Molten Egg 2"},{"floor":26.0,"key":"Oddly Smooth Stone"},{"floor":27,"key":"Regal Pillow"},{"floor":32,"key":"Darkstone Periapt"}],"event_choices":[{"damage_healed":0.0,"max_hp_gain":0.0,"max_hp_loss":7.0,"gold_gain":0.0,"event_name":"Golden Idol","player_choice":"Lose Max HP","floor":3.0,"gold_loss":0.0,"damage_taken":0.0,"relics_obtained":["Golden Idol"]},{"damage_healed":0.0,"max_hp_gain":0.0,"max_hp_loss":0.0,"gold_gain":0.0,"event_name":"Liars Game","player_choice":"Ignored","floor":7.0,"gold_loss":0.0,"damage_taken":0.0},{"damage_healed":0.0,"max_hp_gain":0.0,"max_hp_loss":0.0,"gold_gain":0.0,"event_name":"Mushrooms","player_choice":"Fought Mushrooms","floor":12.0,"gold_loss":0.0,"damage_taken":0.0},{"damage_healed":0.0,"max_hp_gain":0.0,"max_hp_loss":0.0,"gold_gain":0.0,"event_name":"Addict","player_choice":"Obtained Relic","floor":19.0,"gold_loss":85.0,"damage_taken":0.0,"relics_obtained":["Shovel"]},{"damage_healed":0.0,"max_hp_gain":0.0,"max_hp_loss":0.0,"gold_gain":0.0,"cards_transformed":["Strike_B"],"event_name":"Transmorgrifier","player_choice":"Transformed","floor":22.0,"gold_loss":0.0,"damage_taken":0.0,"cards_obtained":["Self Repair"]}],"is_beta":true,"boss_relics":[{"not_picked":["Ectoplasm","Runic Dome"],"picked":"Fusion Hammer"}],"items_purged_floors":[4,29],"is_endless":false,"potions_floor_spawned":[5,10,11,12,14,24,27,30],"killed_by":"Automaton","ascension_level":20}}