{"host":"2zq1cv117yq1teno","time":1614091644,"event":{"mods":["BaseMod","Downfall","Friendly Minions","Hermit","Highlight Path","Marisa????????","Minty Spire (QoL Compilation)","Quick Restart","Replay The Spire","StSLib","The Bug Knight","The Cursed","The Servant 0.9.4"],"gold_per_floor":[118,293,243,8,8,49,73,73,73,73,99,118,142,173,188,206,206,331,331,349,349,370,14,38,38,54,90,90,115,115,154,154,177,177,177,177],"floor_reached":35,"language":"ENG","playtime":3102,"items_purged":["hermit:Defend_Hermit","downfall:Bewildered"],"score":334,"play_id":"593b7cca-8f4e-4c33-804b-095d09d3059c","local_time":"20210223094724","is_ascension_mode":false,"campfire_choices":[{"data":"hermit:Determination","floor":8.0,"key":"SMITH"},{"data":"hermit:TakeAim","floor":25.0,"key":"SMITH"},{"data":"hermit:Dive","floor":34,"key":"SMITH"}],"circlet_count":0,"master_deck":["hermit:Strike_Hermit","hermit:Strike_Hermit","hermit:Strike_Hermit","hermit:Strike_Hermit","hermit:Defend_Hermit","hermit:Defend_Hermit","hermit:Snapshot","hermit:Covet","hermit:TakeAim+1","hermit:Determination+1","hermit:LowProfile","hermit:LowProfile","hermit:Glare","Injury","hermit:Headshot","hermit:HoleUp","hermit:CalledShot","hermit:Grudge","hermit:Dive+1","hermit:Reprieve","hermit:Showdown","hermit:GhostlyPresence"],"relics":["hermit:Momento","NeowsBlessing","Golden Idol","hermit:RedScarf","Blood Vial","Anchor","Coffee Dripper","sneckomod:BabySnecko","Mirror","Bag of Marbles","HollowMod:StagPassRelic","ReplayTheSpireMod:Ninjato","Replay:Mystery Machine"],"acts_visited":["Exordium","TheCity"],"potions_floor_usage":[27,27,35,35,35],"damage_taken":[{"damage":0.0,"enemies":"2 Louse","floor":1.0,"turns":1.0},{"damage":0.0,"enemies":"Lagavulin","floor":6.0,"turns":3.0},{"damage":0.0,"enemies":"Small Slimes","floor":7.0,"turns":1.0},{"damage":4.0,"enemies":"Jaw Worm","floor":12.0,"turns":5.0},{"damage":2.0,"enemies":"Looter","floor":13.0,"turns":3.0},{"damage":10.0,"enemies":"3 Sentries","floor":14.0,"turns":10.0},{"damage":2.0,"enemies":"Blue Slaver","floor":15.0,"turns":3.0},{"damage":0.0,"enemies":"Large Slime","floor":16.0,"turns":5.0},{"damage":1.0,"enemies":"The Guardian","floor":18.0,"turns":14.0},{"damage":14.0,"enemies":"Spheric Guardian","floor":20.0,"turns":5.0},{"damage":12.0,"enemies":"3 Byrds","floor":22.0,"turns":6.0},{"damage":7.0,"enemies":"Snake Plant","floor":24.0,"turns":5.0},{"damage":13.0,"enemies":"Shelled Parasite and Fungi","floor":26.0,"turns":8.0},{"damage":16,"enemies":"Book of Stabbing","floor":27,"turns":6},{"damage":11,"enemies":"Snecko","floor":29,"turns":5},{"damage":5,"enemies":"HollowMod:Nosk","floor":31,"turns":7},{"damage":6,"enemies":"Sentry and Sphere","floor":33,"turns":6},{"damage":52,"enemies":"Pondfish","floor":35,"turns":9}],"seed_played":"-3830252284285315618","potions_obtained":[{"floor":1.0,"key":"Doom Potion"},{"floor":7.0,"key":"Cursed Concoction"},{"floor":12.0,"key":"Strength Potion"},{"floor":14.0,"key":"LiquidBronze"},{"floor":20.0,"key":"Venom Potion"},{"floor":29,"key":"PowerPotion"},{"floor":33,"key":"Explosive Potion"}],"is_trial":false,"path_per_floor":["M","?","?","$","?","E","M","R","PTL","PTL","T","M","M","E","M","M","R","B",null,"M","?","M","$","M","R","M","E","T","M","T","E","?","M","R","B"],"character_chosen":"HERMIT","items_purchased":["hermit:Determination","hermit:LowProfile","hermit:Glare","Mirror"],"campfire_rested":0,"item_purchase_floors":[4,4,4,23],"current_hp_per_floor":[75,75,75,75,75,75,75,75,75,75,75,71,71,63,63,65,65,66,75,61,61,59,59,62,62,51,41,41,36,36,37,42,46,46,0,0],"gold":177,"neow_bonus":"THREE_ENEMY_KILL","is_daily":false,"chose_seed":false,"campfire_upgraded":3,"win_rate":0.0,"timestamp":1614091644,"path_taken":["M","?","?","?","?","E","?","R","PTL","PTL","T","M","M","E","M","M","R","BOSS","M","?","M","$","M","R","M","E","T","M","?","E","?","?","R","BOSS"],"items_purchased_type":["Card","Card","Card","Relic"],"build_version":"2020-12-22","purchased_purges":2,"victory":false,"max_hp_per_floor":[75,75,75,75,75,75,75,75,75,75,75,75,75,75,75,75,75,75,75,75,75,75,75,75,75,75,75,75,75,75,75,75,75,75,75,75],"card_choices":[{"not_picked":["hermit:Combo","hermit:TakeCover"],"picked":"hermit:TakeAim","floor":1.0},{"not_picked":["hermit:CursedWeapon","hermit:CalledShot"],"picked":"hermit:Headshot","floor":6.0},{"not_picked":["hermit:Horror","hermit:Desperado"],"picked":"hermit:HoleUp","floor":7.0},{"not_picked":["hermit:Snipe","hermit:TakeAim","hermit:TrackingShot"],"picked":"SKIP","floor":12.0},{"not_picked":["hermit:FlashPowder","hermit:Midnight","hermit:BodyArmor"],"picked":"SKIP","floor":13.0},{"not_picked":["hermit:HoleUp","hermit:WideOpen"],"picked":"hermit:CalledShot","floor":14.0},{"not_picked":["hermit:BodyArmor","hermit:FatalDesire"],"picked":"hermit:Grudge","floor":15.0},{"not_picked":["hermit:Misfire","hermit:TrackingShot"],"picked":"hermit:Dive","floor":16.0},{"not_picked":["hermit:FromBeyond","hermit:RoundhouseKick"],"picked":"hermit:Reprieve","floor":18.0},{"not_picked":["hermit:Scavenge","hermit:Desperado","hermit:FlashPowder+1"],"picked":"SKIP","floor":20.0},{"not_picked":["hermit:Quickdraw","hermit:Ricochet"],"picked":"hermit:Showdown","floor":22.0},{"not_picked":["hermit:Vantage","hermit:Headshot"],"picked":"hermit:GhostlyPresence","floor":24.0},{"not_picked":["hermit:Horror","hermit:Coalescence+1","hermit:Quickdraw"],"picked":"SKIP","floor":26.0},{"not_picked":["hermit:Feint","hermit:Malice","hermit:LowProfile"],"picked":"SKIP","floor":27},{"not_picked":["hermit:Headshot","hermit:TrackingShot","hermit:CalledShot"],"picked":"SKIP","floor":29},{"not_picked":["hermit:Shortfuse+1","hermit:TrackingShot","hermit:LoneWolf"],"picked":"SKIP","floor":31},{"not_picked":["hermit:Quickdraw","hermit:Dissolve","hermit:Ricochet"],"picked":"SKIP","floor":33}],"player_experience":81979,"relics_obtained":[{"floor":6.0,"key":"hermit:RedScarf"},{"floor":11.0,"key":"Blood Vial"},{"floor":14.0,"key":"Anchor"},{"floor":27,"key":"Bag of Marbles"},{"floor":28,"key":"HollowMod:StagPassRelic"},{"floor":30,"key":"ReplayTheSpireMod:Ninjato"},{"floor":31,"key":"Replay:Mystery Machine"}],"event_choices":[{"damage_healed":0.0,"max_hp_gain":0.0,"max_hp_loss":0.0,"gold_gain":175.0,"event_name":"Liars Game","player_choice":"AGREE","floor":2.0,"gold_loss":0.0,"damage_taken":0.0,"cards_obtained":["Doubt"]},{"cards_removed":["Doubt"],"damage_healed":0.0,"max_hp_gain":0.0,"max_hp_loss":0.0,"gold_gain":0.0,"event_name":"The Cleric","player_choice":"Card Removal","floor":3.0,"gold_loss":50.0,"damage_taken":0.0},{"damage_healed":0.0,"max_hp_gain":0.0,"max_hp_loss":0.0,"gold_gain":0.0,"event_name":"Golden Idol","player_choice":"Take Wound","floor":5.0,"gold_loss":0.0,"damage_taken":0.0,"relics_obtained":["Golden Idol"],"cards_obtained":["Injury"]},{"cards_removed":["hermit:ItchyTrigger"],"damage_healed":5,"gold_gain":0,"player_choice":"Offered Common","damage_taken":0,"max_hp_gain":0,"max_hp_loss":0,"event_name":"Bonfire Elementals","floor":32,"gold_loss":0},{"cards_removed":["hermit:ItchyTrigger"],"damage_healed":5,"gold_gain":0,"player_choice":"Offered Special","damage_taken":0,"max_hp_gain":0,"max_hp_loss":0,"event_name":"Bonfire Elementals","floor":32,"gold_loss":0}],"is_beta":false,"boss_relics":[{"not_picked":["Painkiller Herb","Sozu"],"picked":"Coffee Dripper"}],"items_purged_floors":[4,23],"is_endless":false,"potions_floor_spawned":[1,7,12,14,20,26,29,33],"killed_by":"Pondfish","ascension_level":0}}