{"host":"8h99olqiwl7u1q5z","time":1614122631,"event":{"mods":["Act Like it!","BaseMod","Colored Powertips","Gensokyo","Hallownest","Highlight Path","Library of Ruina","Library of Ruina Extra","Lobotomy","LobotomyExtend","Marisa£®ÏF”Í°°ƒß¿Ì…≥£©","Minty Spire (QoL Compilation)","Permanent Neow","Quick Restart","Remilia£®¿Ÿ√◊¿Ú—«£©","Replay The Spire","Spicy Shops","StSLib","SuperFastMode","Td1madao Mod","The Bug Knight"],"gold_per_floor":[120,132,132,132,132,132,149,164,214,225,254,176,176,176,176,280,280,296,296,296,296,307,333,333,347,347,358,358,358,391,241,241,338,338,350,365,365,378,378,412,424,436,472,503,515,527,539,551,563,575,587],"floor_reached":52,"language":"ZHS","playtime":581,"items_purged":[],"score":1149,"play_id":"b5d2024a-a7e2-40e1-9855-4b4ad2a4235e","local_time":"20210224072351","is_ascension_mode":false,"campfire_choices":[{"floor":6,"key":"REST"},{"data":"DegradedChain","floor":13,"key":"SMITH"},{"floor":15,"key":"REST"},{"data":"Disposal","floor":24,"key":"SMITH"},{"data":"DegradedChain","floor":32,"key":"SMITH"},{"data":"DegradedLock","floor":42,"key":"SMITH"},{"data":"DegradedShockwave","floor":45,"key":"SMITH"},{"data":"DegradedPillar","floor":47,"key":"SMITH"},{"data":"DegradedPillar","floor":49,"key":"SMITH"}],"circlet_count":0,"master_deck":["DegradedFairy","DegradedFairy","DegradedFairy","DegradedChain+1","DegradedChain+1","DegradedLock+1","DegradedPillar+1","DegradedPillar+1","DegradedShockwave+1","Disposal+1","EndlessPower"],"relics":["PageOfLibrarian","LetterFromLob","Oddly Smooth Stone","Onion Ring","TheAbacus","Blood Vial","Philosopher\u0027s Stone","PageOfWizard","Bag of Preparation","Vajra","Boot","PageOfFreischutz","Sozu","MawBank","Pen Nib"],"acts_visited":["Exordium","TheCity","TheBeyond"],"potions_floor_usage":[],"damage_taken":[{"damage":0,"enemies":"Cultist","floor":1,"turns":1},{"damage":0,"enemies":"2 Louse","floor":2,"turns":1},{"damage":0,"enemies":"Jaw Worm","floor":3,"turns":1},{"damage":0,"enemies":"3 Louse","floor":7,"turns":1},{"damage":0,"enemies":"Large Slime","floor":8,"turns":2},{"damage":0,"enemies":"Blue Slaver","floor":10,"turns":1},{"damage":3,"enemies":"3 Sentries","floor":11,"turns":3},{"damage":0,"enemies":"Slime Boss","floor":16,"turns":3},{"damage":0,"enemies":"Spheric Guardian","floor":18,"turns":1},{"damage":0,"enemies":"3 Byrds","floor":22,"turns":2},{"damage":0,"enemies":"Gremlin Leader","floor":23,"turns":2},{"damage":0,"enemies":"3 Cultists","floor":25,"turns":2},{"damage":1,"enemies":"Snake Plant","floor":27,"turns":2},{"damage":1,"enemies":"Slavers","floor":30,"turns":2},{"damage":10,"enemies":"Pondfish","floor":33,"turns":5},{"damage":0,"enemies":"Orb Walker","floor":35,"turns":1},{"damage":1,"enemies":"3 Darklings","floor":36,"turns":2},{"damage":0,"enemies":"Jaw Worm Horde","floor":37,"turns":1},{"damage":0,"enemies":"Maw","floor":38,"turns":4},{"damage":9,"enemies":"4 Shapes","floor":39,"turns":1},{"damage":2,"enemies":"Nemesis","floor":40,"turns":3},{"damage":0,"enemies":"Writhing Mass","floor":44,"turns":2},{"damage":0,"enemies":"3 Darklings","floor":46,"turns":1},{"damage":0,"enemies":"Replay:Hell Engine","floor":50,"turns":5}],"seed_played":"2854354236685235587","potions_obtained":[{"floor":8,"key":"SkillPotion"},{"floor":10,"key":"FearPotion"},{"floor":16,"key":"Milkshake"}],"is_trial":false,"path_per_floor":["M","M","M","M","?","R","M","M","T","M","E","$","R","?","R","B",null,"M","?","?","?","M","E","R","M","T","M","?","?","E","$","R","B",null,"M","M","M","M","M","E","?","R","T","M","R","M","R","?","R","B",null,null],"character_chosen":"Librarian","items_purchased":["TheAbacus","PageOfFreischutz"],"campfire_rested":2,"item_purchase_floors":[12,31],"current_hp_per_floor":[60,60,60,60,60,87,87,87,87,87,84,84,84,59,86,88,90,90,90,90,90,90,90,90,90,90,89,89,89,89,89,89,80,90,90,89,90,90,81,81,81,81,81,83,83,85,85,85,85,87,76],"gold":599,"neow_bonus":"","is_daily":false,"chose_seed":false,"campfire_upgraded":7,"win_rate":0.0,"timestamp":1614122631,"path_taken":["M","?","M","M","?","R","M","M","T","M","E","?","R","?","R","BOSS","M","?","?","?","M","E","R","M","T","M","?","?","E","?","R","BOSS","M","M","M","M","M","E","?","R","T","?","R","M","R","?","R","BOSS"],"items_purchased_type":["Relic","Relic"],"build_version":"2020-12-22","purchased_purges":0,"victory":true,"max_hp_per_floor":[90,90,90,90,90,90,90,90,90,90,90,90,90,90,90,90,90,90,90,90,90,90,90,90,90,90,90,90,90,90,90,90,90,90,90,90,90,90,90,90,90,90,90,90,90,90,90,90,90,90,90],"card_choices":[{"not_picked":["EnergyShield","SnakesPrey","EndlessBattle","SomberProcuration","ShrineToMusic","Cruelty","Leap_lor","Standoff","DevastatingThrash"],"picked":"SKIP","floor":1},{"not_picked":["DefenseOrder","PinpointShot","FleetEdge","DarkCloud","WillOfThePrescript","EndlessBattle","FierceCharge","Tttonst","Track"],"picked":"SKIP","floor":2},{"not_picked":["SpearedSweep","Thrust","Faith","FleetFootsteps","IngredientHunt","FierceOnslaught","Reload","Track","EnergyCycle"],"picked":"SKIP","floor":3},{"not_picked":["UncannyStrike","Gamble","CleanUp","Standoff","WillOfThePrescript","Thrust","CoordinatedAssault","SilentMist","BattleCommand"],"picked":"SKIP","floor":7},{"not_picked":["StrongStrike","Struggle","YoureAHindrance","FrontalAssault","DirtyBlow","SparkingSpear","NightInTheBackstreets","FieryDragonSlash","BizarreAttack"],"picked":"SKIP","floor":8},{"not_picked":["ForTheFamily","Outburst","SmokingPipe","Punishment","AsThePrescriptOrders","DefenseOrder","SteelKnuckles","EnergyCycle","FleetFootsteps"],"picked":"SKIP","floor":10},{"not_picked":["Wallop_lor","Deflect_lor","FrontalAssault","AGoldenOpportunity","WillOfThePrescript","ChargeUp","EndlessBattle","NightInTheBackstreets","FervidEmotions"],"picked":"SKIP","floor":11},{"not_picked":["Suppress","Observe"],"picked":"Disposal","floor":16},{"not_picked":["TendonChords+1","Parry2","UnavoidableGaze","UpbeatPerformance","UncannyStrike","EnergyCycle","ToWhereThePrescriptPoints","GrazeTheGrass","HighKick+1"],"picked":"SKIP","floor":18},{"not_picked":["SnakesPrey","SpearedSweep+1","HeavyPeaks","HighKick+1","BackAttack","SmokingPipe","Pound+1","ReadyUp","ClassAndRespect"],"picked":"SKIP","floor":22},{"not_picked":["GuidanceOfTheGears","RapidGashes+1","Parry","HighKick","QuickSuppression","SuanNi","ForcefulGesture","Mutilate","BiAn"],"picked":"SKIP","floor":23},{"not_picked":["GrazeTheGrass","CookingPrep+1","DefenseOrder","SunsetBlade","Standoff","PuppetBlockade+1","Wallop_lor+1","GutHarvesting","AssaultOrder"],"picked":"SKIP","floor":25},{"not_picked":["VioletBlade+1","HiddenBlade","MultiHit","BladeWhirl","PreemptiveStrike","TendonChords","BackAttack","FieryDragonSlash","Rampage_lor"],"picked":"SKIP","floor":27},{"not_picked":["UpbeatPerformance","BiAn+1","ProselytesBlade","Leap_lor","FierceCharge+1","FleetFootsteps","SharpNails","TendonChords","Unlock1"],"picked":"SKIP","floor":30},{"not_picked":["AssaultOrder+1","SinglePointStab","QuickSuppression","DeepDrag+1","StrongStrike","Multislash","Mutilate","SunsetBlade+1","Guardian_lor+1"],"picked":"SKIP","floor":35},{"not_picked":["AutonomousRush","SteelKnuckles","SummaryJudgment","KeepItFresh","FrontalAssault+1","TheRedNotes+1","ButterflySlash+1","FleetFootsteps+1","HandleRequest"],"picked":"SKIP","floor":36},{"not_picked":["CoordinatedAssault+1","TendonChords","Outburst+1","AutonomousRush+1","Quickness","HighKick+1","BoundaryOfDeath","DarkCloud","MultiHit"],"picked":"SKIP","floor":37},{"not_picked":["Leap_lor+1","TendonChords","FierceCharge+1","TheRedNotes+1","Outburst","GuardingStance","GreatSerpentsImpact+1","BlowItUp","DirtyBlow"],"picked":"SKIP","floor":38},{"not_picked":["ProselytesBlade","Quickness+1","ToOvercomeCrisis+1","ButterflySlash+1","FierceCharge+1","DimensionalRift","HighKick","SetFire","DestructiveImpact"],"picked":"SKIP","floor":39},{"not_picked":["TrashDisposal","DaringDecision","UnforgettableMelody","Struggle+1","StrongStrike","SnakesPrey+1","PreemptiveStrike","UndertakePrescript","NightInTheBackstreets"],"picked":"SKIP","floor":40},{"not_picked":["Multislash","QuickAttack","BiAn","ToWhereThePrescriptPoints+1","StrikeDown+1","SharpNails","Reload","BlazingStrike","HighKick+1"],"picked":"SKIP","floor":44},{"not_picked":["FlowOfTheSword+1","BindingChains","Reload+1","Fence+1","BackAttack","SenseQuarry","HandleRequest+1","Parry","PinpointShot"],"picked":"SKIP","floor":46}],"player_experience":195065,"relics_obtained":[{"floor":1,"key":"LetterFromLob"},{"floor":9,"key":"Oddly Smooth Stone"},{"floor":11,"key":"Onion Ring"},{"floor":23,"key":"Bag of Preparation"},{"floor":26,"key":"Vajra"},{"floor":30,"key":"Boot"},{"floor":40,"key":"MawBank"},{"floor":43,"key":"Pen Nib"}],"event_choices":[{"damage_healed":0,"gold_gain":0,"player_choice":"Ignored","damage_taken":0,"max_hp_gain":0,"max_hp_loss":0,"event_name":"Golden Idol","floor":5,"gold_loss":0},{"damage_healed":0,"gold_gain":0,"player_choice":"Success","damage_taken":25,"relics_obtained":["Blood Vial"],"max_hp_gain":0,"max_hp_loss":0,"event_name":"Scrap Ooze","floor":14,"gold_loss":0},{"damage_healed":0,"gold_gain":0,"player_choice":"Ignored","damage_taken":0,"max_hp_gain":0,"max_hp_loss":0,"event_name":"Ghosts","floor":28,"gold_loss":0},{"cards_removed":["Wrath_TH"],"damage_healed":0,"gold_gain":0,"player_choice":"Purged","damage_taken":0,"max_hp_gain":0,"max_hp_loss":0,"event_name":"Purifier","floor":41,"gold_loss":0}],"is_beta":false,"boss_relics":[{"not_picked":["Empty Cage","Replay:Grab Bag"],"picked":"Philosopher\u0027s Stone"},{"not_picked":["Ring of Chaos","Fusion Hammer"],"picked":"Sozu"}],"items_purged_floors":[],"is_endless":false,"potions_floor_spawned":[8,10,16,18,27,30,35,38,40,44],"ascension_level":0}}