{"host":"6406jj8da6015sxr","time":1614066204,"event":{"mods":["AchievementEnabler","BaseMod","Colored Map","DeckTracker","Keyboard Shortcuts","Minty Spire (QoL Compilation)","Permanent Neow","Relic Stats","SuperFastMode","everything is the same but u backflip on backflip"],"gold_per_floor":[116,131,131,145,177,205,217,262,298,341,353,421,433,461,473,485,485],"floor_reached":16,"language":"KOR","playtime":1262,"items_purged":[],"score":240,"play_id":"949d1912-6350-4e02-8573-d8a581544dc5","local_time":"20210223164324","is_ascension_mode":true,"campfire_choices":[{"floor":7.0,"key":"REST"},{"floor":11.0,"key":"REST"},{"floor":13.0,"key":"REST"},{"data":"Catalyst","floor":15.0,"key":"SMITH"}],"circlet_count":0,"master_deck":["AscendersBane","Strike_G","Strike_G","Strike_G","Strike_G","Defend_G","Defend_G","Defend_G","Defend_G","Defend_G","Survivor","Neutralize","Cloak And Dagger","Flechettes","Quick Slash","Backstab","Deadly Poison","Noxious Fumes","Flying Knee","Catalyst+1","Backflip","Heel Hook"],"relics":["Ring of the Snake","Strawberry","MawBank","Bag of Marbles","Juzu Bracelet","Orichalcum","Tiny Chest"],"acts_visited":[],"potions_floor_usage":[],"damage_taken":[{"damage":6.0,"enemies":"Cultist","floor":1.0,"turns":5.0},{"damage":1.0,"enemies":"2 Louse","floor":2.0,"turns":4.0},{"damage":4.0,"enemies":"Small Slimes","floor":4.0,"turns":3.0},{"damage":6.0,"enemies":"Exordium Wildlife","floor":5.0,"turns":7.0},{"damage":41.0,"enemies":"3 Sentries","floor":6.0,"turns":14.0},{"damage":21.0,"enemies":"Lagavulin","floor":8.0,"turns":5.0},{"damage":4.0,"enemies":"3 Sentries","floor":10.0,"turns":6.0},{"damage":20.0,"enemies":"Gremlin Nob","floor":12.0,"turns":4.0},{"damage":0.0,"enemies":"Exordium Thugs","floor":14.0,"turns":4.0},{"damage":26,"enemies":"Hexaghost","floor":16,"turns":8}],"seed_played":"4778534414808628952","potions_obtained":[{"floor":1.0,"key":"ColorlessPotion"},{"floor":2.0,"key":"SteroidPotion"},{"floor":5.0,"key":"Ancient Potion"},{"floor":6.0,"key":"Fire Potion"}],"is_trial":false,"path_per_floor":["M","M","?","M","M","E","R","E","T","E","R","?","R","M","R","B"],"character_chosen":"THE_SILENT","items_purchased":[],"campfire_rested":3,"item_purchase_floors":[],"current_hp_per_floor":[60,59,59,55,49,8,29,8,8,4,25,5,26,26,26,0,0],"gold":485,"neow_bonus":"RANDOM_COMMON_RELIC","is_daily":false,"chose_seed":false,"campfire_upgraded":1,"win_rate":0.0,"timestamp":1614066204,"path_taken":["M","M","?","M","M","E","R","E","T","E","R","?","R","M","R","BOSS"],"items_purchased_type":[],"build_version":"2020-12-22","purchased_purges":0,"victory":false,"max_hp_per_floor":[73,73,73,73,73,73,73,73,73,73,73,73,73,73,73,73,73],"relic_stats":{"counters":[10,60],"Tiny Chest":0,"Juzu Bracelet":0,"Orichalcum":[48],"MawBank":120,"obtain_stats":[{"Strawberry":0,"Tiny Chest":12,"Bag of Marbles":8,"Juzu Bracelet":9,"Orichalcum":10,"MawBank":6,"Ring of the Snake":0},{"Strawberry":0,"Tiny Chest":8,"Bag of Marbles":6,"Juzu Bracelet":6,"Orichalcum":7,"MawBank":5,"Ring of the Snake":0},{"Strawberry":0,"Tiny Chest":48,"Bag of Marbles":38,"Juzu Bracelet":38,"Orichalcum":44,"MawBank":33,"Ring of the Snake":0}],"Ring of the Snake":[20]},"card_choices":[{"not_picked":["PiercingWail","Distraction"],"picked":"Cloak And Dagger","floor":1.0},{"not_picked":["PiercingWail","Reflex"],"picked":"Flechettes","floor":2.0},{"not_picked":["Flying Knee","Expertise"],"picked":"Backstab","floor":4.0},{"not_picked":["Well Laid Plans","Quick Slash"],"picked":"Deadly Poison","floor":5.0},{"not_picked":["Accuracy","Leg Sweep"],"picked":"Noxious Fumes","floor":6.0},{"not_picked":["PiercingWail","Malaise"],"picked":"Flying Knee","floor":8.0},{"not_picked":["Slice","Backflip"],"picked":"Catalyst","floor":10.0},{"not_picked":["Slice","Dagger Spray"],"picked":"Backflip","floor":12.0},{"not_picked":["Dodge and Roll","Dash"],"picked":"Heel Hook","floor":14.0}],"player_experience":83400,"relics_obtained":[{"floor":6.0,"key":"MawBank"},{"floor":8.0,"key":"Bag of Marbles"},{"floor":9.0,"key":"Juzu Bracelet"},{"floor":10.0,"key":"Orichalcum"},{"floor":12.0,"key":"Tiny Chest"}],"event_choices":[{"damage_healed":0.0,"max_hp_gain":0.0,"max_hp_loss":0.0,"gold_gain":0.0,"cards_transformed":["Strike_G"],"event_name":"Living Wall","player_choice":"Change","floor":3.0,"gold_loss":0.0,"damage_taken":0.0,"cards_obtained":["Quick Slash"]},{"damage_healed":0.0,"max_hp_gain":0.0,"max_hp_loss":0.0,"gold_gain":0.0,"event_name":"Dead Adventurer","player_choice":"Searched \u00271\u0027 times","floor":12.0,"gold_loss":0.0,"damage_taken":0.0}],"is_beta":false,"boss_relics":[],"items_purged_floors":[],"is_endless":false,"potions_floor_spawned":[1,2,5,6],"killed_by":"Hexaghost","ascension_level":20}}