{"host":"11728qvdvolffudn","time":1614077840,"event":{"mods":["BaseMod","Block Reminder","Colored Powertips","Curses Come First","Custom Start","Displayed Cursed Tome","Highlight Path","Minty Spire (QoL Compilation)","Permanent Neow","Quick Restart","Rare Cards Sparkle","Relic Stats","StSLib","Weighted Paths"],"gold_per_floor":[114,289,309,139,159,159,174,188,214,229,229,243,243,262,262,358,358,369,38,38,38,57,82,82,48,48,59,59,93,93,93,93,197,247,261,261,311,311,186,200,248,248,248,282,516,528,540,572,584,596],"floor_reached":51,"language":"ENG","playtime":1944,"items_purged":["Doubt","Strike_R","Strike_R"],"score":758,"play_id":"e6912e0c-6ede-47a2-8740-a2333530d229","local_time":"20210223105720","is_ascension_mode":false,"campfire_choices":[{"data":"Feed","floor":6,"key":"SMITH"},{"data":"Dramatic Entrance","floor":11,"key":"SMITH"},{"data":"Flex","floor":13,"key":"SMITH"},{"data":"Cleave","floor":15,"key":"SMITH"},{"data":"Ghostly","floor":24,"key":"SMITH"},{"data":"Ghostly","floor":28,"key":"SMITH"},{"data":"Ghostly","floor":30,"key":"SMITH"},{"data":"Ghostly","floor":32,"key":"SMITH"},{"data":"Limit Break","floor":42,"key":"SMITH"},{"data":"Ghostly","floor":46,"key":"SMITH"},{"data":"Ghostly","floor":49,"key":"SMITH"}],"circlet_count":0,"master_deck":["Strike_R","Strike_R+1","Defend_R","Defend_R","Defend_R","Bash","Feed+1","Inflame","Dramatic Entrance+1","Flex+1","Cleave+1","Battle Trance","Pummel","Ghostly+1","Ghostly+1","Ghostly+1","Ghostly+1","Ghostly+1","Ghostly+1","Pummel","Pummel","Limit Break+1","Flex"],"relics":["Black Blood","PreservedInsect","Vajra","Red Skull","Calipers","Red Mask","Tiny House","Charon\u0027s Ashes","StoneCalendar","Pen Nib","MawBank"],"acts_visited":["Exordium","TheCity","TheBeyond"],"potions_floor_usage":[16,18,33,50],"damage_taken":[{"damage":11.0,"enemies":"Jaw Worm","floor":1.0,"turns":3.0},{"damage":7,"enemies":"2 Louse","floor":3,"turns":2},{"damage":8,"enemies":"Small Slimes","floor":5,"turns":3},{"damage":8,"enemies":"Gremlin Gang","floor":7,"turns":3},{"damage":8,"enemies":"Red Slaver","floor":8,"turns":2},{"damage":0,"enemies":"3 Louse","floor":10,"turns":2},{"damage":9,"enemies":"2 Fungi Beasts","floor":12,"turns":2},{"damage":14,"enemies":"Large Slime","floor":14,"turns":4},{"damage":73,"enemies":"The Guardian","floor":16,"turns":13},{"damage":31,"enemies":"Shell Parasite","floor":18,"turns":6},{"damage":1,"enemies":"Spheric Guardian","floor":22,"turns":5},{"damage":3,"enemies":"Gremlin Leader","floor":23,"turns":3},{"damage":16,"enemies":"3 Cultists","floor":27,"turns":5},{"damage":3,"enemies":"Masked Bandits","floor":29,"turns":4},{"damage":69,"enemies":"Automaton","floor":33,"turns":15},{"damage":4,"enemies":"Orb Walker","floor":35,"turns":6},{"damage":3,"enemies":"Mind Bloom Boss Battle","floor":37,"turns":11},{"damage":34,"enemies":"3 Shapes","floor":40,"turns":5},{"damage":3,"enemies":"2 Orb Walkers","floor":41,"turns":4},{"damage":36,"enemies":"Giant Head","floor":44,"turns":9},{"damage":4,"enemies":"Spire Growth","floor":48,"turns":5},{"damage":56,"enemies":"Awakened One","floor":50,"turns":11}],"seed_played":"2814030358679250975","potions_obtained":[{"floor":5,"key":"BloodPotion"},{"floor":12,"key":"PowerPotion"},{"floor":14,"key":"BloodPotion"},{"floor":16,"key":"AttackPotion"},{"floor":18,"key":"AttackPotion"},{"floor":29,"key":"FairyPotion"},{"floor":33,"key":"HeartOfIron"}],"is_trial":false,"path_per_floor":["M","?","M","$","M","R","M","M","T","M","R","M","R","M","R","B",null,"M","$","?","?","M","E","R","$","T","M","R","?","R","$","R","B",null,"M","$","?","?","$","M","?","R","T","E","?","R","?","M","R","B",null],"character_chosen":"IRONCLAD","items_purchased":["Dramatic Entrance","Vajra","Pummel","Pummel"],"campfire_rested":0,"item_purchase_floors":[4,19,19,25],"current_hp_per_floor":[78,78,80,80,81,81,83,85,85,95,95,92,92,88,88,21,105,90,90,54,54,58,62,62,62,62,62,62,70,70,70,70,13,75,75,75,79,79,79,61,70,70,70,50,50,50,50,58,58,14],"gold":608,"neow_bonus":"ONE_RANDOM_RARE_CARD","is_daily":false,"chose_seed":false,"campfire_upgraded":11,"win_rate":0.0,"timestamp":1614077840,"path_taken":["M","?","M","$","M","R","M","M","T","M","R","M","R","M","R","BOSS","M","$","?","?","?","E","R","?","T","M","R","?","R","$","R","BOSS","M","$","?","?","$","?","?","R","T","E","?","R","?","M","R","BOSS"],"items_purchased_type":["Card","Relic","Card","Card"],"build_version":"2020-12-22","purchased_purges":3,"victory":true,"max_hp_per_floor":[83,83,86,86,89,89,93,97,97,101,101,101,101,105,105,105,105,109,109,54,54,58,62,62,62,62,66,66,70,70,70,70,70,75,75,75,79,79,79,83,83,83,83,87,87,87,87,87,87,87],"relic_stats":{"counters":[22,123],"Black Blood":168,"StoneCalendar":[104],"PreservedInsect":173,"Charon\u0027s Ashes":[178],"Pen Nib":[3],"MawBank":84,"obtain_stats":[{"Calipers":26,"Tiny House":34,"Black Blood":17,"Vajra":19,"StoneCalendar":41,"PreservedInsect":9,"Charon\u0027s Ashes":37,"Pen Nib":43,"Red Mask":29,"MawBank":44,"Burning Blood":0,"Red Skull":23},{"Calipers":12,"Tiny House":15,"Black Blood":9,"Vajra":10,"StoneCalendar":19,"PreservedInsect":5,"Charon\u0027s Ashes":17,"Pen Nib":19,"Red Mask":14,"MawBank":20,"Burning Blood":0,"Red Skull":12},{"Calipers":48,"Tiny House":72,"Black Blood":34,"Vajra":40,"StoneCalendar":98,"PreservedInsect":13,"Charon\u0027s Ashes":89,"Pen Nib":98,"Red Mask":57,"MawBank":107,"Burning Blood":0,"Red Skull":48}]},"card_choices":[{"not_picked":["True Grit","Wild Strike","Spot Weakness"],"picked":"SKIP","floor":1},{"not_picked":["Perfected Strike","Anger"],"picked":"Inflame","floor":3},{"not_picked":["Intimidate","Armaments","Body Slam"],"picked":"SKIP","floor":5},{"not_picked":["Intimidate","Wild Strike"],"picked":"Flex","floor":7},{"not_picked":["Twin Strike","Clash","Warcry"],"picked":"SKIP","floor":8},{"not_picked":["Flame Barrier","Evolve"],"picked":"Cleave","floor":10},{"not_picked":["Sword Boomerang","Double Tap"],"picked":"Battle Trance","floor":12},{"not_picked":["Wild Strike","Cleave","Headbutt"],"picked":"SKIP","floor":14},{"not_picked":["Heavy Blade","Perfected Strike","Uppercut"],"picked":"SKIP","floor":18},{"not_picked":["Infernal Blade","Havoc+1","Wild Strike"],"picked":"SKIP","floor":22},{"not_picked":["Berserk","Iron Wave+1"],"picked":"Pummel","floor":23},{"not_picked":["Perfected Strike+1","Pommel Strike+1","Shockwave"],"picked":"SKIP","floor":27},{"not_picked":["Barricade","Exhume"],"picked":"Limit Break","floor":33},{"not_picked":["Evolve","Pummel+1"],"picked":"Flex","floor":35},{"not_picked":["Evolve","Twin Strike","Shockwave"],"picked":"SKIP","floor":40},{"not_picked":["Entrench+1","Reaper","Twin Strike+1"],"picked":"SKIP","floor":44},{"not_picked":["Armaments","Perfected Strike","Warcry"],"picked":"SKIP","floor":48}],"player_experience":130291,"relics_obtained":[{"floor":9,"key":"PreservedInsect"},{"floor":23,"key":"Red Skull"},{"floor":26,"key":"Calipers"},{"floor":29,"key":"Red Mask"},{"floor":37,"key":"Charon\u0027s Ashes"},{"floor":41,"key":"StoneCalendar"},{"floor":43,"key":"Pen Nib"},{"floor":44,"key":"MawBank"}],"event_choices":[{"damage_healed":0,"gold_gain":175,"player_choice":"AGREE","damage_taken":0,"max_hp_gain":0,"max_hp_loss":0,"event_name":"Liars Game","floor":2,"gold_loss":0,"cards_obtained":["Doubt"]},{"damage_healed":0,"gold_gain":0,"player_choice":"Became a Ghost","damage_taken":0,"max_hp_gain":0,"max_hp_loss":55,"event_name":"Ghosts","floor":20,"gold_loss":0,"cards_obtained":["Ghostly","Ghostly","Ghostly","Ghostly","Ghostly"]},{"damage_healed":0,"gold_gain":0,"player_choice":"Copied","damage_taken":0,"max_hp_gain":0,"max_hp_loss":0,"event_name":"Duplicator","floor":21,"gold_loss":0,"cards_obtained":["Ghostly"]},{"damage_healed":0,"gold_gain":0,"player_choice":"Fought Bandits","damage_taken":0,"max_hp_gain":0,"max_hp_loss":0,"event_name":"Masked Bandits","floor":29,"gold_loss":0},{"damage_healed":0,"gold_gain":0,"player_choice":"Fight","damage_taken":0,"max_hp_gain":0,"max_hp_loss":0,"event_name":"MindBloom","floor":37,"gold_loss":0},{"cards_removed":["Strike_R"],"damage_healed":0,"gold_gain":0,"player_choice":"Offered Basic","damage_taken":0,"max_hp_gain":0,"max_hp_loss":0,"event_name":"Bonfire Elementals","floor":38,"gold_loss":0},{"damage_healed":0,"gold_gain":0,"player_choice":"Fight","damage_taken":0,"max_hp_gain":0,"max_hp_loss":0,"event_name":"Mysterious Sphere","floor":41,"gold_loss":0},{"damage_healed":0,"gold_gain":222,"player_choice":"Wore Mask","damage_taken":0,"max_hp_gain":0,"max_hp_loss":0,"event_name":"Tomb of Lord Red Mask","floor":45,"gold_loss":0},{"cards_removed":["Defend_R"],"damage_healed":0,"gold_gain":0,"player_choice":"Removed Skill","damage_taken":0,"max_hp_gain":0,"max_hp_loss":0,"event_name":"Falling","floor":47,"gold_loss":0}],"is_beta":false,"boss_relics":[{"not_picked":["SacredBark","Empty Cage"],"picked":"Black Blood"},{"not_picked":["Astrolabe","Coffee Dripper"],"picked":"Tiny House"}],"items_purged_floors":[4,19,39],"is_endless":false,"potions_floor_spawned":[5,12,14,16,18,29,33,37,40,44],"ascension_level":0}}