{"host":"luxqpzmfgmumo25y","time":1614041842,"event":{"mods":["BaseMod","Colored Map","Colored Powertips","DeckTracker","Downfall","Googly Eyes","Minty Spire (QoL Compilation)","StSLib"],"gold_per_floor":[213,233,248,264,284,299,299,310,337,337,349,368,385,155,155,259,259,272,20,36,135,149,175,175,191,191,191,208,208,26,46,46,145,145,161,172,172,47,59,59,59,59],"floor_reached":41,"language":"ENG","playtime":2745,"items_purged":["Strike_P","Strike_P","Strike_P+1"],"score":463,"play_id":"c89a566d-76ce-4f18-9c82-a74f60669f3b","local_time":"20210223015722","is_ascension_mode":false,"campfire_choices":[{"data":"ClearTheMind","floor":7.0,"key":"SMITH"},{"data":"Eruption","floor":10.0,"key":"SMITH"},{"data":"PathToVictory","floor":15.0,"key":"SMITH"},{"data":"LikeWater","floor":24.0,"key":"SMITH"},{"floor":29.0,"key":"REST"},{"floor":32.0,"key":"REST"},{"data":"PathToVictory","floor":40.0,"key":"SMITH"}],"circlet_count":0,"master_deck":["Strike_P+1","Defend_P","Defend_P","Defend_P","Defend_P+1","Eruption+1","Vigilance","ClearTheMind+1","Consecrate+1","EmptyBody","PathToVictory+1","Tantrum","LessonLearned","Halt","LikeWater+1","PathToVictory+1","Prostrate","FollowUp","MentalFortress","PathToVictory+1","MentalFortress","DevaForm","Parasite"],"relics":["HolyWater","Bronze Scales","Lee\u0027s Waffle","SlaversCollar","ClockworkSouvenir","Mango","Singing Bowl","Strawberry"],"acts_visited":["Exordium","TheCity","TheBeyond"],"potions_floor_usage":[],"damage_taken":[{"damage":1.0,"enemies":"2 Louse","floor":1.0,"turns":2.0},{"damage":1.0,"enemies":"Jaw Worm","floor":2.0,"turns":3.0},{"damage":0.0,"enemies":"Cultist","floor":3.0,"turns":3.0},{"damage":3.0,"enemies":"Looter","floor":4.0,"turns":4.0},{"damage":2.0,"enemies":"Blue Slaver","floor":5.0,"turns":4.0},{"damage":8.0,"enemies":"2 Fungi Beasts","floor":6.0,"turns":3.0},{"damage":0.0,"enemies":"Gremlin Gang","floor":8.0,"turns":3.0},{"damage":10.0,"enemies":"Lots of Slimes","floor":11.0,"turns":3.0},{"damage":2.0,"enemies":"3 Louse","floor":12.0,"turns":4.0},{"damage":3.0,"enemies":"Exordium Wildlife","floor":13.0,"turns":5.0},{"damage":17.0,"enemies":"The Guardian","floor":16.0,"turns":8.0},{"damage":16.0,"enemies":"Spheric Guardian","floor":18.0,"turns":7.0},{"damage":0.0,"enemies":"3 Byrds","floor":20.0,"turns":3.0},{"damage":4.0,"enemies":"Snake Plant","floor":22.0,"turns":4.0},{"damage":24.0,"enemies":"Gremlin Leader","floor":23.0,"turns":5.0},{"damage":19.0,"enemies":"Sentry and Sphere","floor":25.0,"turns":6.0},{"damage":0.0,"enemies":"Centurion and Healer","floor":28.0,"turns":7.0},{"damage":0.0,"enemies":"Snake Plant","floor":31.0,"turns":4.0},{"damage":48.0,"enemies":"Collector","floor":33.0,"turns":8.0},{"damage":23.0,"enemies":"3 Shapes","floor":35.0,"turns":6.0},{"damage":12.0,"enemies":"3 Darklings","floor":36.0,"turns":6.0},{"damage":25.0,"enemies":"Writhing Mass","floor":39.0,"turns":6.0},{"damage":95,"enemies":"Giant Head","floor":41,"turns":8}],"seed_played":"1814279053661756087","potions_obtained":[{"floor":3.0,"key":"PowerPotion"},{"floor":5.0,"key":"SteroidPotion"},{"floor":8.0,"key":"DistilledChaos"},{"floor":16.0,"key":"CultistPotion"},{"floor":23.0,"key":"LiquidMemories"},{"floor":31.0,"key":"champ:CounterPotion"},{"floor":33.0,"key":"LiquidBronze"},{"floor":37.0,"key":"Fire Potion"},{"floor":37.0,"key":"Regen Potion"},{"floor":37.0,"key":"LiquidBronze"},{"floor":39.0,"key":"Fruit Juice"}],"is_trial":false,"path_per_floor":["M","M","M","M","M","M","R","M","T","R","M","M","M","$","R","B",null,"M","$","M","?","M","E","R","M","T","?","M","R","$","M","R","B",null,"M","M","?","$","M","R","E"],"character_chosen":"WATCHER","items_purchased":["Lee\u0027s Waffle","ClockworkSouvenir","Strawberry","MentalFortress"],"campfire_rested":2,"item_purchase_floors":[14,19,30,30],"current_hp_per_floor":[71,70,70,67,65,57,57,57,57,57,47,45,42,79,79,62,79,63,63,63,63,59,49,49,30,30,12,14,44,51,53,85,37,109,88,78,78,78,75,75,0,0],"gold":59,"neow_bonus":"HUNDRED_GOLD","is_daily":false,"chose_seed":false,"campfire_upgraded":5,"win_rate":0.0,"timestamp":1614041842,"path_taken":["M","M","M","M","M","M","R","M","T","R","M","M","M","$","R","BOSS","M","$","M","?","M","E","R","M","T","?","M","R","$","?","R","BOSS","M","M","?","?","M","R","E"],"items_purchased_type":["Relic","Relic","Relic","Card"],"build_version":"2020-12-22","purchased_purges":3,"victory":false,"max_hp_per_floor":[72,72,72,72,72,72,72,72,72,72,72,72,72,79,79,79,79,79,79,79,79,79,93,93,93,93,98,100,100,107,109,109,109,109,111,113,113,113,120,120,120,120],"card_choices":[{"not_picked":["EmptyMind","FlyingSleeves"],"picked":"ClearTheMind","floor":1.0},{"not_picked":["EmptyFist","BowlingBash"],"picked":"Consecrate","floor":2.0},{"not_picked":["Consecrate","FlurryOfBlows"],"picked":"EmptyBody","floor":3.0},{"not_picked":["Crescendo","Consecrate"],"picked":"PathToVictory","floor":4.0},{"not_picked":["Evaluate","SashWhip"],"picked":"Tantrum","floor":5.0},{"not_picked":["Halt","CutThroughFate"],"picked":"LessonLearned","floor":6.0},{"not_picked":["EmptyFist","WheelKick"],"picked":"Halt","floor":8.0},{"not_picked":["Prostrate","FlurryOfBlows"],"picked":"LikeWater","floor":11.0},{"not_picked":["EmptyBody","Nirvana"],"picked":"PathToVictory","floor":12.0},{"not_picked":["Perseverance","PathToVictory"],"picked":"Prostrate","floor":13.0},{"not_picked":["Crescendo","Wireheading"],"picked":"FollowUp","floor":18.0},{"not_picked":["EmptyBody","Swivel"],"picked":"MentalFortress","floor":20.0},{"not_picked":["Sanctity","Perseverance"],"picked":"PathToVictory","floor":22.0},{"not_picked":["SpiritShield","Consecrate","FlyingSleeves"],"picked":"SKIP","floor":23.0},{"not_picked":["FollowUp","JustLucky+1","SashWhip"],"picked":"SKIP","floor":25.0},{"not_picked":["Crescendo","Vengeance+1","Worship"],"picked":"Singing Bowl","floor":28.0},{"not_picked":["ForeignInfluence","FollowUp","Wish"],"picked":"Singing Bowl","floor":31.0},{"not_picked":["Brilliance","MasterReality"],"picked":"DevaForm","floor":33.0},{"not_picked":["Consecrate","ForeignInfluence","Perseverance+1"],"picked":"Singing Bowl","floor":35.0},{"not_picked":["Crescendo+1","SashWhip+1","FollowUp"],"picked":"Singing Bowl","floor":36.0},{"not_picked":["WreathOfFlame+1","EmptyBody+1","MasterReality"],"picked":"Singing Bowl","floor":39.0}],"player_experience":229363,"relics_obtained":[{"floor":9.0,"key":"Bronze Scales"},{"floor":23.0,"key":"Mango"},{"floor":26.0,"key":"Singing Bowl"}],"event_choices":[{"damage_healed":0.0,"max_hp_gain":0.0,"max_hp_loss":0.0,"gold_gain":99.0,"event_name":"Nest","player_choice":"Stole From Cult","floor":21.0,"gold_loss":0.0,"damage_taken":0.0},{"damage_healed":0.0,"max_hp_gain":5.0,"max_hp_loss":0.0,"gold_gain":0.0,"event_name":"Forgotten Altar","player_choice":"Shed Blood","floor":27.0,"gold_loss":0.0,"damage_taken":23.0},{"damage_healed":0.0,"max_hp_gain":0.0,"max_hp_loss":0.0,"gold_gain":0.0,"event_name":"Lab","player_choice":"Got Potions","floor":37.0,"gold_loss":0.0,"damage_taken":0.0}],"is_beta":false,"boss_relics":[{"not_picked":["Snecko Eye","Runic Pyramid"],"picked":"SlaversCollar"},{"not_picked":["Sozu","Pandora\u0027s Box"],"picked":"HolyWater"}],"items_purged_floors":[14,19,38],"is_endless":false,"potions_floor_spawned":[3,5,8,16,23,31,33,39],"killed_by":"Giant Head","ascension_level":0}}