{"host":"i29s15dsg0c43zmx","time":1614102264,"event":{"mods":["AchievementEnabler","BaseMod","Colored Map","Minty Spire (QoL Compilation)","StSLib"],"gold_per_floor":[116,116,116,126,137,137,168,268,293,323,338,338,192,209,209,311,311,330,330,245,261,42,74,74,107,107,127,156,172,207,107,107,207,207,220,293,168,185,204,204,259,286,313,313,324,174,174,184,184,184],"floor_reached":51,"language":"ENG","playtime":2092,"items_purged":["Strike_G","Strike_G","Strike_G","Regret"],"score":901,"play_id":"7e2d856f-2d8f-4156-be0c-84223b76568e","local_time":"20210223184424","is_ascension_mode":true,"campfire_choices":[{"data":"Envenom","floor":6,"key":"SMITH"},{"floor":15,"key":"REST"},{"data":"Infinite Blades","floor":24,"key":"SMITH"},{"floor":32,"key":"REST"},{"data":"After Image","floor":40,"key":"SMITH"},{"data":"Burst","floor":47,"key":"SMITH"},{"floor":49,"key":"REST"}],"circlet_count":0,"master_deck":["Strike_G","Defend_G","Defend_G","Defend_G","Defend_G","Defend_G","Survivor","Neutralize","Infinite Blades+1","Envenom+1","Neutralize","Blade Dance","Noxious Fumes","Dodge and Roll","Blade Dance","Accuracy","Backflip","After Image+1","Accuracy","Panache","Accuracy+1","Burst+1","Blade Dance+1","Accuracy+1"],"relics":["Ring of the Snake","NeowsBlessing","Tiny Chest","Mummified Hand","Omamori","Ancient Tea Set","Tough Bandages","Cursed Key","Girya","Ninja Scroll","TungstenRod","Singing Bowl","Regal Pillow","Art of War","Black Star","Frozen Egg 2","FossilizedHelix","Shuriken","Vajra","Strawberry"],"acts_visited":["Exordium","TheCity","TheBeyond"],"potions_floor_usage":[16,30,30,33,39,48],"damage_taken":[{"damage":0,"enemies":"2 Louse","floor":1,"turns":1},{"damage":0,"enemies":"Jaw Worm","floor":4,"turns":1},{"damage":0,"enemies":"Cultist","floor":5,"turns":1},{"damage":27,"enemies":"Lagavulin","floor":7,"turns":7},{"damage":17,"enemies":"Gremlin Nob","floor":10,"turns":4},{"damage":4,"enemies":"2 Fungi Beasts","floor":11,"turns":3},{"damage":8,"enemies":"Exordium Thugs","floor":14,"turns":5},{"damage":0,"enemies":"Slime Boss","floor":16,"turns":5},{"damage":0,"enemies":"3 Byrds","floor":18,"turns":5},{"damage":5,"enemies":"Spheric Guardian","floor":21,"turns":4},{"damage":3,"enemies":"Book of Stabbing","floor":23,"turns":5},{"damage":25,"enemies":"Slavers","floor":25,"turns":4},{"damage":0,"enemies":"Cultist and Chosen","floor":27,"turns":4},{"damage":6,"enemies":"Book of Stabbing","floor":28,"turns":3},{"damage":0,"enemies":"Centurion and Healer","floor":29,"turns":4},{"damage":9,"enemies":"Slavers","floor":30,"turns":5},{"damage":8,"enemies":"Champ","floor":33,"turns":6},{"damage":0,"enemies":"3 Darklings","floor":35,"turns":2},{"damage":14,"enemies":"3 Shapes","floor":38,"turns":4},{"damage":0,"enemies":"3 Darklings","floor":39,"turns":2},{"damage":25,"enemies":"2 Orb Walkers","floor":41,"turns":4},{"damage":14,"enemies":"Nemesis","floor":42,"turns":7},{"damage":6,"enemies":"Jaw Worm Horde","floor":45,"turns":3},{"damage":0,"enemies":"Maw","floor":48,"turns":4},{"damage":11,"enemies":"Donu and Deca","floor":50,"turns":6}],"seed_played":"1194684625005085159","potions_obtained":[{"floor":1,"key":"AttackPotion"},{"floor":7,"key":"CunningPotion"},{"floor":14,"key":"AttackPotion"},{"floor":21,"key":"SteroidPotion"},{"floor":30,"key":"Ancient Potion"},{"floor":33,"key":"ColorlessPotion"},{"floor":41,"key":"Poison Potion"},{"floor":42,"key":"SkillPotion"},{"floor":48,"key":"Fruit Juice"}],"is_trial":false,"path_per_floor":["M","?","?","M","M","R","E","?","T","E","M","T","$","M","R","B",null,"M","?","?","M","$","E","R","E","T","M","E","M","E","$","R","B",null,"M","T","$","M","M","R","?","E","T","?","M","$","R","M","R","B",null],"character_chosen":"THE_SILENT","items_purchased":["Accuracy","Accuracy","Panache"],"campfire_rested":3,"item_purchase_floors":[13,22,22],"current_hp_per_floor":[70,70,70,70,70,70,43,43,43,26,22,22,22,14,35,35,70,70,70,70,65,65,62,62,37,37,39,35,37,28,28,65,57,76,78,78,78,66,66,66,43,31,38,38,32,32,32,39,83,72],"gold":184,"neow_bonus":"THREE_ENEMY_KILL","is_daily":false,"chose_seed":false,"campfire_upgraded":4,"win_rate":0.0,"timestamp":1614102264,"path_taken":["M","?","?","?","M","R","E","?","T","E","M","?","$","?","R","BOSS","M","?","?","M","$","E","R","E","T","M","E","M","E","$","R","BOSS","M","?","$","M","M","R","?","E","T","?","M","$","R","M","R","BOSS"],"items_purchased_type":["Card","Card","Card"],"build_version":"2020-12-22","purchased_purges":4,"victory":true,"max_hp_per_floor":[70,70,70,70,70,70,70,70,70,70,70,70,70,70,70,70,70,70,70,70,70,70,70,70,70,70,72,74,76,76,76,76,76,76,78,78,78,80,80,80,82,84,91,91,91,91,91,98,98,98],"card_choices":[{"not_picked":["Endless Agony","PiercingWail"],"picked":"Infinite Blades","floor":1},{"not_picked":["All Out Attack","Cloak And Dagger"],"picked":"Blade Dance","floor":4},{"not_picked":["Caltrops","Dodge and Roll"],"picked":"Noxious Fumes","floor":5},{"not_picked":["Expertise","Poisoned Stab"],"picked":"Dodge and Roll","floor":7},{"not_picked":["Endless Agony","Deadly Poison"],"picked":"Blade Dance","floor":10},{"not_picked":["Slice","Distraction","Bane"],"picked":"SKIP","floor":11},{"not_picked":["All Out Attack","Underhanded Strike"],"picked":"Backflip","floor":14},{"not_picked":["Die Die Die","Glass Knife"],"picked":"After Image","floor":16},{"not_picked":["Underhanded Strike+1","Prepared","Calculated Gamble"],"picked":"SKIP","floor":18},{"not_picked":["Acrobatics","Crippling Poison","Underhanded Strike"],"picked":"SKIP","floor":21},{"not_picked":["Glass Knife","Poisoned Stab+1","Flying Knee"],"picked":"SKIP","floor":23},{"not_picked":["Expertise","PiercingWail","Skewer"],"picked":"SKIP","floor":25},{"not_picked":["Outmaneuver+1","Catalyst","Finisher"],"picked":"Singing Bowl","floor":27},{"not_picked":["PiercingWail","Caltrops+1","Dagger Spray"],"picked":"Singing Bowl","floor":28},{"not_picked":["Quick Slash+1","Outmaneuver","Bullet Time"],"picked":"Singing Bowl","floor":29},{"not_picked":["Tactician+1","Riddle With Holes"],"picked":"Accuracy+1","floor":30},{"not_picked":["Adrenaline","Venomology"],"picked":"Burst","floor":33},{"not_picked":["Slice","Skewer+1","Eviscerate"],"picked":"Singing Bowl","floor":35},{"not_picked":["Quick Slash+1","Flying Knee+1","Deadly Poison"],"picked":"Singing Bowl","floor":38},{"not_picked":["PiercingWail+1","Cloak And Dagger"],"picked":"Blade Dance+1","floor":39},{"not_picked":["Dodge and Roll+1","Expertise+1","Outmaneuver+1"],"picked":"Singing Bowl","floor":41},{"not_picked":["Acrobatics","Glass Knife","Night Terror"],"picked":"Singing Bowl","floor":42},{"not_picked":["Slice+1","Catalyst"],"picked":"Accuracy+1","floor":45},{"not_picked":["PiercingWail","Deadly Poison","Bane+1"],"picked":"Singing Bowl","floor":48}],"player_experience":121916,"relics_obtained":[{"floor":7,"key":"Mummified Hand"},{"floor":9,"key":"Omamori"},{"floor":10,"key":"Ancient Tea Set"},{"floor":12,"key":"Tough Bandages"},{"floor":23,"key":"Ninja Scroll"},{"floor":25,"key":"TungstenRod"},{"floor":26,"key":"Singing Bowl"},{"floor":28,"key":"Regal Pillow"},{"floor":30,"key":"Art of War"},{"floor":36,"key":"Frozen Egg 2"},{"floor":41,"key":"FossilizedHelix"},{"floor":42,"key":"Shuriken"},{"floor":42,"key":"Vajra"},{"floor":43,"key":"Strawberry"}],"event_choices":[{"damage_healed":0,"gold_gain":0,"player_choice":"Box","damage_taken":0,"relics_obtained":["Tiny Chest"],"max_hp_gain":0,"max_hp_loss":0,"event_name":"Big Fish","floor":2,"gold_loss":0,"cards_obtained":["Regret"]},{"damage_healed":0,"gold_gain":0,"player_choice":"2 cards matched","damage_taken":0,"max_hp_gain":0,"max_hp_loss":0,"event_name":"Match and Keep!","floor":3,"gold_loss":0,"cards_obtained":["Envenom","Neutralize"]},{"damage_healed":0,"gold_gain":100,"player_choice":"Pray","damage_taken":0,"max_hp_gain":0,"max_hp_loss":0,"event_name":"Golden Shrine","floor":8,"gold_loss":0},{"cards_removed":["Strike_G"],"damage_healed":0,"gold_gain":0,"player_choice":"Elegance","damage_taken":0,"max_hp_gain":0,"max_hp_loss":0,"event_name":"Back to Basics","floor":19,"gold_loss":0},{"damage_healed":0,"gold_gain":0,"player_choice":"Obtained Relic","damage_taken":0,"relics_obtained":["Girya"],"max_hp_gain":0,"max_hp_loss":0,"event_name":"Addict","floor":20,"gold_loss":85},{"damage_healed":0,"gold_gain":0,"player_choice":"Fight","damage_taken":0,"max_hp_gain":0,"max_hp_loss":0,"event_name":"Mysterious Sphere","floor":41,"gold_loss":0},{"cards_removed":["Pain"],"damage_healed":0,"gold_gain":0,"player_choice":"Purged","damage_taken":0,"max_hp_gain":0,"max_hp_loss":0,"event_name":"Purifier","floor":44,"gold_loss":0}],"is_beta":false,"boss_relics":[{"not_picked":["Runic Dome","Sozu"],"picked":"Cursed Key"},{"not_picked":["Runic Pyramid","HoveringKite"],"picked":"Black Star"}],"items_purged_floors":[13,31,37,46],"is_endless":false,"potions_floor_spawned":[1,5,7,14,21,27,29,30,33,35,41,42,48],"ascension_level":1}}