{"host":"4iumrvuiaf6fol98","time":1614094802,"event":{"mods":["AchievementEnabler","BaseMod","Colored Map","Colored Powertips","Downfall","Minty Spire (QoL Compilation)","StSLib"],"gold_per_floor":[99,117,127,127,140,140,140,140,74,87,102,87,87,106,124,221,221,221,234,234,234,247,266,339,357,357,376,326,352,352,363,374,374,374,374],"floor_reached":33,"language":"ENG","playtime":6305,"items_purged":[],"score":288,"play_id":"b6369ef3-3e1e-49fd-894a-0aa118d3ecd1","local_time":"20210223104002","is_ascension_mode":false,"campfire_choices":[{"data":"Guardian:CurlUp","floor":1.0,"key":"SMITH"},{"data":"Guardian:PrimingBeam","floor":6.0,"key":"SMITH"},{"data":"Guardian:PrimingBeam","floor":8.0,"key":"SMITH"},{"data":"Guardian:RevengeProtocol","floor":18,"key":"SMITH"},{"data":"Guardian:BronzeOrb","floor":26,"key":"SMITH"}],"circlet_count":0,"master_deck":["Guardian:CurlUp+1","Guardian:TwinSlam","Guardian:PrimingBeam+1","Guardian:ArmoredProtocol","Guardian:PrimingBeam+1","Guardian:WalkerClaw","Dramatic Entrance","Guardian:TimeCapacitor","Guardian:RevengeProtocol","Guardian:RevengeProtocol+1","Guardian:GuardianWhirl","Guardian:PrimingBeam","Guardian:ConstructionForm","Guardian:TemporalStrike","Guardian:DonusPower","Guardian:ChargeCore","Guardian:CrystalBeam","Guardian:BronzeOrb+1","Slimebound:Tackle+1","Slimebound:Tackle+1","Slimebound:Tackle+1","Dramatic Entrance","Guardian:TemporalStrike","Guardian:Reroute","Guardian:Gem_Fragmented","Guardian:Gem_Blue","Guardian:Gem_Orange"],"relics":["Guardian:ModeShifter","Sundial","Pandora\u0027s Box","HornCleat","TungstenRod","Nilry\u0027s Codex"],"acts_visited":["Exordium","TheCity"],"potions_floor_usage":[27,29,31],"damage_taken":[{"damage":0.0,"enemies":"Small Slimes","floor":2.0,"turns":4.0},{"damage":0.0,"enemies":"Cultist","floor":3.0,"turns":4.0},{"damage":6.0,"enemies":"2 Louse","floor":5.0,"turns":3.0},{"damage":0.0,"enemies":"downfall:FleeingMerchant","floor":9.0,"turns":4.0},{"damage":11.0,"enemies":"Lots of Slimes","floor":10.0,"turns":4.0},{"damage":2.0,"enemies":"Blue Slaver","floor":11.0,"turns":3.0},{"damage":10.0,"enemies":"downfall:FleeingMerchant","floor":12.0,"turns":4.0},{"damage":0.0,"enemies":"Exordium Wildlife","floor":14.0,"turns":2.0},{"damage":8.0,"enemies":"Red Slaver","floor":15.0,"turns":2.0},{"damage":34,"enemies":"SI_SHIV_ARCHETYPE","floor":16,"turns":17},{"damage":20,"enemies":"downfall:LooterAlt2","floor":19,"turns":4},{"damage":10,"enemies":"Shell Parasite","floor":22,"turns":3},{"damage":3,"enemies":"Sentry and Sphere","floor":23,"turns":4},{"damage":0,"enemies":"Centurion and Healer","floor":25,"turns":6},{"damage":0,"enemies":"Snake Plant","floor":27,"turns":3},{"damage":0,"enemies":"Book of Stabbing","floor":29,"turns":5},{"damage":15,"enemies":"Shelled Parasite and Fungi","floor":31,"turns":4},{"damage":0,"enemies":"Snecko","floor":32,"turns":4},{"damage":57,"enemies":"DF_ARCHETYPE_CLAW","floor":33,"turns":7}],"seed_played":"-6802648810496368733","potions_obtained":[{"floor":3.0,"key":"DuplicationPotion"},{"floor":10.0,"key":"Guardian:DefensiveModePotion"},{"floor":25,"key":"DistilledChaos"},{"floor":29,"key":"Block Potion"},{"floor":32,"key":"Explosive Potion"}],"is_trial":false,"path_per_floor":["R","M","M","?","M","R","T","R","$","M","M","$","?","M","M","B",null,"R","M","?","?","M","M","T","M","R","M","?","E","?","M","M","B"],"character_chosen":"GUARDIAN","items_purchased":["Guardian:Gem_Red"],"campfire_rested":0,"item_purchase_floors":[9],"current_hp_per_floor":[88,88,88,88,82,82,82,82,82,71,69,59,59,59,51,17,88,88,68,68,68,58,55,55,55,55,55,87,87,72,57,57,0,0,0],"gold":374,"neow_bonus":"TEN_PERCENT_HP_BONUS","is_daily":false,"chose_seed":false,"campfire_upgraded":5,"win_rate":0.0,"timestamp":1614094802,"path_taken":["R","M","M","?","?","R","T","R","?","M","M","$","?","?","M","BOSS","R","M","?","?","?","M","T","M","R","M","?","E","?","M","M","BOSS"],"items_purchased_type":["Card"],"build_version":"2020-12-22","purchased_purges":0,"victory":false,"max_hp_per_floor":[88,88,88,88,88,88,88,88,88,88,88,88,88,88,88,88,88,88,88,88,88,88,88,88,88,88,88,88,88,88,88,88,88,88,88],"card_choices":[{"not_picked":["Guardian:Planning","Guardian:TemporalShield"],"picked":"Guardian:PrimingBeam","floor":2.0},{"not_picked":["Guardian:Recover","Guardian:ShieldCharger"],"picked":"Guardian:ArmoredProtocol","floor":3.0},{"not_picked":["Guardian:ArmoredProtocol","Guardian:ShieldCharger"],"picked":"Guardian:PrimingBeam","floor":5.0},{"not_picked":["Guardian:SpikerProtocol","Guardian:Gem_Lightblue"],"picked":"Guardian:Gem_Red","floor":9.0},{"not_picked":["Guardian:Clone","Guardian:TemporalShield"],"picked":"Guardian:Gem_Lightblue","floor":10.0},{"not_picked":["Guardian:MultiBeam","Guardian:Gem_Red","Guardian:VentSteam"],"picked":"SKIP","floor":11.0},{"not_picked":["Guardian:Gem_Green","Guardian:BodySlam"],"picked":"Guardian:WalkerClaw","floor":12.0},{"not_picked":["Guardian:ShieldSpikes","Guardian:ChargeCore"],"picked":"Guardian:TimeCapacitor","floor":14.0},{"not_picked":["Guardian:PrismaticBarrier","Guardian:Gem_Cyan"],"picked":"Guardian:RevengeProtocol","floor":15.0},{"not_picked":["Guardian:ExploitGems","Guardian:StasisStrike"],"picked":"Guardian:RevengeProtocol","floor":16},{"not_picked":["Guardian:TemporalStrike","Guardian:FloatingOrbs"],"picked":"Guardian:BronzeOrb","floor":19},{"not_picked":["Guardian:Gem_Lightblue","Guardian:ShieldCharger"],"picked":"Guardian:Gem_Red","floor":22},{"not_picked":["Guardian:Incinerate","Guardian:Harden"],"picked":"Guardian:Gem_White","floor":23},{"not_picked":["Guardian:ShieldSpikes+1","Guardian:WalkerClaw"],"picked":"Guardian:TemporalStrike","floor":25},{"not_picked":["Guardian:Incinerate+1","Guardian:PiercingHide"],"picked":"Guardian:Reroute","floor":27},{"not_picked":["Guardian:FloatingOrbs","Guardian:Recover"],"picked":"Guardian:Gem_Fragmented","floor":29},{"not_picked":["Guardian:CrystalBeam","Guardian:TemporalStrike+1"],"picked":"Guardian:Gem_Blue","floor":31},{"not_picked":["Guardian:TimeCapacitor","Guardian:CrystalBeam"],"picked":"Guardian:Gem_Orange","floor":32}],"player_experience":244265,"relics_obtained":[{"floor":7.0,"key":"Sundial"},{"floor":24,"key":"HornCleat"},{"floor":29,"key":"TungstenRod"},{"floor":30,"key":"Nilry\u0027s Codex"}],"event_choices":[],"is_beta":false,"boss_relics":[{"not_picked":["Busted Crown","Sozu"],"picked":"Pandora\u0027s Box"}],"items_purged_floors":[],"is_endless":false,"potions_floor_spawned":[3,10,25,29,32],"killed_by":"DF_ARCHETYPE_CLAW","ascension_level":0}}