{"host":"0k7350af1t8odskw","time":1614060492,"event":{"mods":["AchievementEnabler","BaseMod","Better Vampires","BetterRewards","Colored Map","Downfall","Highlight Path","Hubris","Lobotomy","Marisa£®ÏF”Í°°ƒß¿Ì…≥£©","Minty Spire (QoL Compilation)","Quick Restart","Replay The Spire","Shop Mod","StSLib","The Administrix","The Death Knight","The Runesmith","Youmu£®ªÍ∆«—˝√Œ£©"],"gold_per_floor":[111,129,129,90,102,102,120,120,146,162,162,162,178,189,189,289,289,303,303,326,253,353,379,379,409,409,420,420,420,420,430,430,531,631,643,693,705,723,576,576,590,590,590,620,544,544,579,579,579,579],"floor_reached":51,"language":"ZHS","playtime":2355,"items_purged":[],"score":951,"play_id":"90e45f56-2651-401a-9fca-2b7286def724","local_time":"20210222220812","is_ascension_mode":true,"campfire_choices":[{"data":"Anger","floor":6,"key":"SMITH"},{"data":"Anger","floor":8,"key":"SMITH"},{"data":"Feed","floor":11,"key":"SMITH"},{"data":"Rampage","floor":15,"key":"SMITH"},{"data":"Flex","floor":24,"key":"SMITH"},{"data":"Flex","floor":29,"key":"SMITH"},{"data":"Double Tap","floor":32,"key":"SMITH"},{"floor":40,"key":"DIG"},{"floor":42,"key":"DIG"},{"floor":46,"key":"DIG"},{"floor":49,"key":"DIG"}],"circlet_count":0,"master_deck":["Defend_R","Defend_R+1","Defend_R+1","Defend_R","Bash","Heavy Blade","hubris:SharpeningStone","Reaper+1","Body Slam+1","Metallicize","Spot Weakness","Anger+1","Feed+1","Anger+1","Cleave+1","Exhume","Dual Wield+1","Thunderclap+1","Iron Wave","Rampage+1","Demonic Infusion","Spot Weakness+1","Uppercut+1","Slimebound:Tackle+1","Slimebound:Tackle+1","Slimebound:Tackle+1","Rampage","Sword Boomerang+1","Flex+1","Intimidate","hubris:ReadiedAction+1","ReplayTheSpireMod:Corrosion Curse","Double Tap+1","Flex+1","Headbutt+1","Twin Strike","Run Through","Demon Form+1","hubris:StunningStrike+1","Flex+1","ReplayTheSpireMod:Muscle Training+1","Flex+1","Cleave+1","Seeing Red+1","Flame Barrier+1","Spot Weakness+1","Metallicize","Entrench"],"relics":["Black Blood","Question Card","Replay:Kaleidoscope","Membership Card","Prayer Wheel","Juzu Bracelet","Replay:Grab Bag","Coffee Dripper","ChewingGum","Tiny Chest","Orrery","Matryoshka","ReplayTheSpireMod:Shallot","Golden Egg","Omamori","Whetstone","Gremlin Horn","Replay:Wanted Poster","Shovel","Durian","Replay:Multitool","Replay:PocketPolymizer","Ornamental Fan","hubris:ChampionShield","Replay:Rubber Ducky","hubris:TenFootPole","Simple Rune","hubris:ToyBattleship"],"acts_visited":["Exordium","TheCity","TheBeyond"],"potions_floor_usage":[16,16,24,33,33,37,50,50],"damage_taken":[{"damage":2,"enemies":"Jaw Worm","floor":1,"turns":4},{"damage":1,"enemies":"Cultist","floor":2,"turns":3},{"damage":3,"enemies":"2 Louse","floor":5,"turns":3},{"damage":10,"enemies":"Large Slime","floor":7,"turns":5},{"damage":29,"enemies":"Gremlin Gang","floor":10,"turns":5},{"damage":12,"enemies":"2 Fungi Beasts","floor":13,"turns":3},{"damage":35,"enemies":"Large Slime","floor":14,"turns":6},{"damage":38,"enemies":"Hexaghost","floor":16,"turns":9},{"damage":23,"enemies":"2 Thieves","floor":18,"turns":4},{"damage":56,"enemies":"Slavers","floor":23,"turns":5},{"damage":36,"enemies":"Book of Stabbing","floor":25,"turns":5},{"damage":0,"enemies":"Chosen","floor":27,"turns":3},{"damage":3,"enemies":"3 Cultists","floor":31,"turns":3},{"damage":83,"enemies":"Champ","floor":33,"turns":9},{"damage":10,"enemies":"3 Darklings","floor":35,"turns":3},{"damage":30,"enemies":"Mind Bloom Boss Battle","floor":36,"turns":5},{"damage":0,"enemies":"Orb Walker","floor":37,"turns":2},{"damage":51,"enemies":"4 Shapes","floor":38,"turns":3},{"damage":23,"enemies":"Writhing Mass","floor":41,"turns":4},{"damage":7,"enemies":"Nemesis","floor":44,"turns":8},{"damage":3,"enemies":"Giant Head","floor":47,"turns":9},{"damage":133,"enemies":"Awakened One","floor":50,"turns":11}],"seed_played":"7902043602939441852","potions_obtained":[{"floor":1,"key":"EssenceOfSteel"},{"floor":5,"key":"FairyPotion"},{"floor":7,"key":"FearPotion"},{"floor":13,"key":"Strength Potion"},{"floor":23,"key":"BloodPotion"},{"floor":27,"key":"CultistPotion"},{"floor":31,"key":"Cursed Concoction"},{"floor":33,"key":"Slimebound:ThreeZeroPotion"},{"floor":35,"key":"Block Potion"},{"floor":37,"key":"Fruit Juice"},{"floor":44,"key":"DistilledChaos"}],"is_trial":false,"path_per_floor":["M","M","?","$","M","R","M","R","T","M","R","?","M","M","R","B",null,"M","?","T","$","?","E","R","E","T","M","?","R","T","M","R","B",null,"M","?","M","M","?","R","M","R","T","E","$","R","E","?","R","B",null],"character_chosen":"IRONCLAD","items_purchased":["Question Card","Membership Card","Metallicize","Orrery","Replay:Rubber Ducky"],"campfire_rested":0,"item_purchase_floors":[0,0,4,21,45],"current_hp_per_floor":[48,53,53,53,58,58,66,66,66,60,60,60,68,51,51,38,91,84,84,84,84,84,40,59,48,48,60,60,60,60,99,99,28,99,99,89,106,67,72,72,61,61,61,71,71,71,95,95,95,59],"gold":579,"neow_bonus":"","is_daily":false,"chose_seed":false,"campfire_upgraded":7,"win_rate":0.0,"timestamp":1614060492,"path_taken":["M","M","?","$","M","R","M","R","T","M","R","?","M","M","R","BOSS","M","?","?","?","?","E","R","E","T","M","?","R","?","M","R","BOSS","M","?","M","M","?","R","M","R","T","E","$","R","E","?","R","BOSS"],"items_purchased_type":["Relic","Relic","Card","Relic","Relic"],"build_version":"2020-12-22","purchased_purges":0,"victory":true,"max_hp_per_floor":[80,80,80,80,80,80,80,80,80,83,83,83,87,87,87,91,91,95,95,95,95,95,95,95,95,95,95,95,95,95,99,99,99,99,99,107,112,112,117,117,117,117,117,117,117,117,117,117,117,117],"card_choices":[{"not_picked":["hubris:SharpeningStone","Perfected Strike","Ghostly Armor"],"picked":"Heavy Blade","floor":1},{"not_picked":["Feel No Pain","Iron Wave","Burning Pact"],"picked":"hubris:SharpeningStone","floor":1},{"not_picked":["Carnage","Armaments","Havoc"],"picked":"Reaper","floor":2},{"not_picked":["Havoc","Hemokinesis","Wild Strike"],"picked":"Body Slam","floor":2},{"not_picked":["ReplayTheSpireMod:LeadingStrike","Entrench","Clothesline"],"picked":"Spot Weakness","floor":5},{"not_picked":["Clash","ReplayTheSpireMod:Strike From Hell","Headbutt"],"picked":"Anger","floor":5},{"not_picked":["Power Through","Perfected Strike","Clash"],"picked":"Feed","floor":7},{"not_picked":["Pommel Strike","Sword Boomerang","Intimidate"],"picked":"Anger","floor":7},{"not_picked":["Replay:Undeath\u0027s Touch","Heavy Blade","Burning Pact"],"picked":"Cleave","floor":10},{"not_picked":["Shrug It Off","Sword Boomerang","Shockwave"],"picked":"Exhume","floor":10},{"not_picked":["Headbutt","Run Through","Sever Soul"],"picked":"Dual Wield","floor":13},{"not_picked":["Heavy Blade","Run Through","True Grit"],"picked":"Thunderclap","floor":13},{"not_picked":["Sword Boomerang","Perfected Strike","Corruption"],"picked":"Iron Wave","floor":14},{"not_picked":["Sword Boomerang","Replay:Undeath\u0027s Touch","Shrug It Off"],"picked":"Rampage","floor":14},{"not_picked":["Impervious","Replay:Many Hands","Bludgeon"],"picked":"Demonic Infusion","floor":16},{"not_picked":["ReplayTheSpireMod:Strike From Hell","Clothesline+1","hubris:SharpeningStone"],"picked":"Spot Weakness+1","floor":18},{"not_picked":["Clothesline+1","Flex","Body Slam"],"picked":"Uppercut+1","floor":18},{"not_picked":["Carnage","ReplayTheSpireMod:Strike From Hell+1","Replay:Undeath\u0027s Touch+1"],"picked":"Rampage","floor":21},{"not_picked":["Warcry","Reckless Charge","Replay:Undeath\u0027s Touch"],"picked":"Sword Boomerang+1","floor":21},{"not_picked":["Pommel Strike","Whirlwind","Evolve"],"picked":"Flex","floor":21},{"not_picked":["ReplayTheSpireMod:Limb From Limb","ReplayTheSpireMod:Strike From Hell+1","Rupture"],"picked":"Intimidate","floor":21},{"not_picked":["hubris:CleavingFinish","Pommel Strike","Dual Wield"],"picked":"hubris:ReadiedAction+1","floor":21},{"not_picked":["True Grit","Barricade","Havoc"],"picked":"ReplayTheSpireMod:Corrosion Curse","floor":23},{"not_picked":["Twin Strike","Clothesline+1","Uppercut"],"picked":"Double Tap","floor":25},{"not_picked":["Havoc+1","Intimidate","Disarm"],"picked":"Flex","floor":27},{"not_picked":["Pummel+1","Sword Boomerang+1","Body Slam+1"],"picked":"Headbutt+1","floor":27},{"not_picked":["Heavy Blade","Iron Wave","Replay:Undeath\u0027s Touch"],"picked":"Twin Strike","floor":31},{"not_picked":["Flame Barrier","Uppercut","hubris:ReadiedAction"],"picked":"Run Through","floor":31},{"not_picked":["Eclipse","Immolate","Fiend Fire"],"picked":"Demon Form","floor":33},{"not_picked":["Cleave","Heavy Blade+1","hubris:ReadiedAction+1"],"picked":"hubris:StunningStrike","floor":35},{"not_picked":["ReplayTheSpireMod:Strike From Hell","Rage","Rupture","ReplayTheSpireMod:LeadingStrike"],"picked":"SKIP","floor":35},{"not_picked":["Seeing Red+1","Twin Strike+1","Searing Blow+1"],"picked":"Flex+1","floor":36},{"not_picked":["Warcry","Replay:Many Hands","Clothesline"],"picked":"ReplayTheSpireMod:Muscle Training+1","floor":37},{"not_picked":["Heavy Blade+1","ReplayTheSpireMod:Strike From Hell+1","Shockwave+1"],"picked":"Flex+1","floor":37},{"not_picked":["Blood for Blood+1","Evolve+1","Clash+1"],"picked":"Cleave+1","floor":38},{"not_picked":["Sentinel+1","Heavy Blade","Intimidate"],"picked":"Seeing Red+1","floor":38},{"not_picked":["Thunderclap","Blood for Blood","Eclipse"],"picked":"Flame Barrier+1","floor":41},{"not_picked":["Perfected Strike+1","Searing Blow+1","Shockwave"],"picked":"Spot Weakness+1","floor":41},{"not_picked":["Clothesline","Rupture","hubris:CleavingFinish"],"picked":"Metallicize","floor":44},{"not_picked":["Thunderclap","Replay:Many Hands","Rage+1"],"picked":"Entrench","floor":47}],"player_experience":97158,"relics_obtained":[{"floor":9,"key":"Juzu Bracelet"},{"floor":20,"key":"Tiny Chest"},{"floor":23,"key":"Matryoshka"},{"floor":25,"key":"ReplayTheSpireMod:Shallot"},{"floor":26,"key":"Golden Egg"},{"floor":26,"key":"Omamori"},{"floor":30,"key":"Whetstone"},{"floor":30,"key":"Gremlin Horn"},{"floor":36,"key":"Shovel"},{"floor":40,"key":"Replay:Multitool"},{"floor":42,"key":"Replay:PocketPolymizer"},{"floor":43,"key":"Ornamental Fan"},{"floor":44,"key":"hubris:ChampionShield"},{"floor":46,"key":"hubris:TenFootPole"},{"floor":47,"key":"Simple Rune"},{"floor":49,"key":"hubris:ToyBattleship"}],"event_choices":[{"damage_healed":0,"gold_gain":0,"player_choice":"Upgraded","damage_taken":0,"max_hp_gain":0,"max_hp_loss":0,"event_name":"Upgrade Shrine","floor":3,"gold_loss":0,"cards_upgraded":["Reaper"]},{"damage_healed":0,"gold_gain":0,"player_choice":"Grow","damage_taken":0,"max_hp_gain":0,"max_hp_loss":0,"event_name":"Living Wall","floor":12,"gold_loss":0,"cards_upgraded":["Cleave"]},{"damage_healed":0,"gold_gain":100,"player_choice":"Pray","damage_taken":0,"max_hp_gain":0,"max_hp_loss":0,"event_name":"Golden Shrine","floor":22,"gold_loss":0},{"damage_healed":0,"gold_gain":0,"player_choice":"Fight","damage_taken":0,"max_hp_gain":0,"max_hp_loss":0,"event_name":"MindBloom","floor":36,"gold_loss":0},{"damage_healed":0,"gold_gain":0,"player_choice":"Paid Gold","damage_taken":0,"relics_obtained":["Durian"],"max_hp_gain":0,"max_hp_loss":0,"event_name":"WeMeetAgain","floor":39,"gold_loss":147}],"is_beta":false,"boss_relics":[{"not_picked":["hubris:CrackedHourglass","SlaversCollar"],"picked":"Replay:Grab Bag"},{"not_picked":["Philosopher\u0027s Stone","Busted Crown"],"picked":"Coffee Dripper"},{"not_picked":["Ooze Armor","Cursed Key"],"picked":"ChewingGum"},{"not_picked":["Snecko Eye","hubris:BlackHole"],"picked":"Black Blood"},{"not_picked":["ReplayTheSpireMod:DimensionalGlitch","Runesmith:UraniumAnvil"],"picked":"Replay:Wanted Poster"}],"items_purged_floors":[],"is_endless":false,"potions_floor_spawned":[1,5,7,10,13,23,27,31,33,35,37,44],"ascension_level":2}}