{"host":"q3rj8lsznq8f1d08","time":1614052144,"event":{"mods":["2.2 Compatiblity","BaseMod","Colored Map","Minty Spire (QoL Compilation)","Permanent Neow","Slay-I","StSLib","SuperFastMode"],"gold_per_floor":[111,61,73,148,159,159,173,173,224,243,114,125,125,138,138,240,240,259,271,271,271,281,281,281,281,308,325,342,169,187,198,198,198,198],"floor_reached":33,"language":"KOR","playtime":2645,"items_purged":["Defend_G","Defend_G"],"score":292,"play_id":"65171cc5-9aad-4e1e-8b39-f87bfb35b55a","local_time":"20210223124904","is_ascension_mode":true,"campfire_choices":[{"data":"Poisoned Stab","floor":6,"key":"SMITH"},{"data":"Neutralize","floor":8,"key":"SMITH"},{"floor":15,"key":"REST"},{"data":"Adrenaline","floor":23,"key":"SMITH"},{"data":"Adrenaline","floor":25,"key":"SMITH"},{"floor":32,"key":"REST"}],"circlet_count":0,"master_deck":["Strike_G","Strike_G","Strike_G","Strike_G","Defend_G","Defend_G","Survivor","Neutralize+1","Poisoned Stab+1","Backflip","Acrobatics","Predator","Masterful Stab","Deflect+1","Dodge and Roll","PiercingWail","Adrenaline+1","Dodge and Roll+1","Adrenaline+1","Finisher","Leg Sweep","All Out Attack"],"relics":["Ring of the Snake","Bag of Preparation","Bronze Scales","Busted Crown","Toy Ornithopter"],"acts_visited":["Exordium","TheCity"],"potions_floor_usage":[16,33,33,33],"damage_taken":[{"damage":0,"enemies":"Cultist","floor":1,"turns":3},{"damage":0,"enemies":"2 Louse","floor":3,"turns":2},{"damage":0,"enemies":"Small Slimes","floor":5,"turns":3},{"damage":1,"enemies":"2 Fungi Beasts","floor":7,"turns":4},{"damage":9,"enemies":"Exordium Thugs","floor":10,"turns":5},{"damage":1,"enemies":"Large Slime","floor":12,"turns":4},{"damage":0,"enemies":"2 Fungi Beasts","floor":14,"turns":2},{"damage":24,"enemies":"Slime Boss","floor":16,"turns":11},{"damage":3,"enemies":"Shell Parasite","floor":18,"turns":4},{"damage":1,"enemies":"Chosen","floor":19,"turns":4},{"damage":0,"enemies":"Snecko","floor":22,"turns":4},{"damage":2,"enemies":"Centurion and Healer","floor":27,"turns":4},{"damage":9,"enemies":"Cultist and Chosen","floor":28,"turns":5},{"damage":0,"enemies":"Chosen and Byrds","floor":30,"turns":6},{"damage":7,"enemies":"Snake Plant","floor":31,"turns":4},{"damage":86,"enemies":"Automaton","floor":33,"turns":16}],"seed_played":"-4896361975030006454","potions_obtained":[{"floor":5,"key":"Energy Potion"},{"floor":7,"key":"PowerPotion"},{"floor":12,"key":"EssenceOfSteel"},{"floor":19,"key":"Dexterity Potion"}],"is_trial":false,"path_per_floor":["M","?","M","?","M","R","M","R","T","M","$","M","?","M","R","B",null,"M","M","?","?","M","R","?","R","T","M","M","$","M","M","R","B"],"character_chosen":"THE_SILENT","items_purchased":["Deflect","Finisher"],"campfire_rested":2,"item_purchase_floors":[11,29],"current_hp_per_floor":[70,70,70,59,59,59,58,58,58,49,49,48,48,48,69,45,70,67,66,66,66,66,66,66,66,66,64,55,55,55,48,69,0,0],"gold":198,"neow_bonus":"RANDOM_COMMON_RELIC","is_daily":false,"chose_seed":false,"campfire_upgraded":4,"win_rate":0.0,"timestamp":1614052144,"path_taken":["M","?","M","?","M","R","M","R","T","M","$","M","?","M","R","BOSS","M","M","?","?","?","R","?","R","T","M","M","$","M","M","R","BOSS"],"items_purchased_type":["Card","Card"],"build_version":"2020-12-22","purchased_purges":2,"victory":false,"max_hp_per_floor":[70,70,70,70,70,70,70,70,70,70,70,70,70,70,70,70,70,70,70,70,70,70,70,70,70,70,70,70,70,70,70,70,70,70],"card_choices":[{"not_picked":["Flechettes","Blade Dance"],"picked":"Poisoned Stab","floor":1},{"not_picked":["Sucker Punch","Heel Hook"],"picked":"Backflip","floor":3},{"not_picked":["Cloak And Dagger","Setup"],"picked":"Acrobatics","floor":5},{"not_picked":["Concentrate","Sucker Punch"],"picked":"Predator","floor":7},{"not_picked":["Dagger Spray","Reflex"],"picked":"Masterful Stab","floor":10},{"not_picked":["Infinite Blades","PiercingWail"],"picked":"Dodge and Roll","floor":12},{"not_picked":["Poisoned Stab","Dodge and Roll"],"picked":"PiercingWail","floor":14},{"not_picked":["A Thousand Cuts","Bullet Time"],"picked":"Adrenaline","floor":16},{"not_picked":["Cloak And Dagger"],"picked":"SKIP","floor":18},{"not_picked":[],"picked":"Dodge and Roll+1","floor":19},{"not_picked":["Noxious Fumes"],"picked":"SKIP","floor":22},{"not_picked":["Dagger Throw+1"],"picked":"SKIP","floor":27},{"not_picked":["Poisoned Stab"],"picked":"SKIP","floor":28},{"not_picked":[],"picked":"Leg Sweep","floor":30},{"not_picked":[],"picked":"All Out Attack","floor":31}],"player_experience":177545,"relics_obtained":[{"floor":9,"key":"Bronze Scales"},{"floor":26,"key":"Toy Ornithopter"}],"event_choices":[{"cards_removed":["Strike_G"],"damage_healed":0,"gold_gain":0,"player_choice":"Card Removal","damage_taken":0,"max_hp_gain":0,"max_hp_loss":0,"event_name":"The Cleric","floor":2,"gold_loss":50},{"damage_healed":0,"gold_gain":75,"player_choice":"Gather Gold","damage_taken":11,"max_hp_gain":0,"max_hp_loss":0,"event_name":"World of Goop","floor":4,"gold_loss":0},{"damage_healed":0,"gold_gain":0,"player_choice":"Grow","damage_taken":0,"max_hp_gain":0,"max_hp_loss":0,"event_name":"Living Wall","floor":13,"gold_loss":0,"cards_upgraded":["Deflect"]},{"damage_healed":0,"gold_gain":0,"player_choice":"Ignored","damage_taken":0,"max_hp_gain":0,"max_hp_loss":0,"event_name":"Vampires","floor":20,"gold_loss":0},{"damage_healed":0,"gold_gain":0,"player_choice":"Copied","damage_taken":0,"max_hp_gain":0,"max_hp_loss":0,"event_name":"Duplicator","floor":21,"gold_loss":0,"cards_obtained":["Adrenaline"]},{"cards_removed":["Defend_G"],"damage_healed":0,"gold_gain":0,"player_choice":"Elegance","damage_taken":0,"max_hp_gain":0,"max_hp_loss":0,"event_name":"Back to Basics","floor":24,"gold_loss":0}],"is_beta":false,"boss_relics":[{"not_picked":["Calling Bell","Fusion Hammer"],"picked":"Busted Crown"}],"items_purged_floors":[11,29],"is_endless":false,"potions_floor_spawned":[5,7,12,14,19,22,27],"killed_by":"Automaton","ascension_level":4}}