{"host":"uceopoba4zvqsgiy","time":1614060989,"event":{"mods":["2.2 Compatiblity","Act Like it!","BaseMod","Better Skull","Better Third Choice","Elementarium","Evolution","GifTheSpireLib","Hermit","Humility","Infinite Spire","Jorbs\u0027s Wanderer Trilogy","Marked Mod","Minty Spire (QoL Compilation)","Potionbrewer","Reliquary","Replay The Spire","Robot Space Explorer","Shade Mod","Spicy Shops","StS++","StSLib","Stuff the Spire","The Blue Laboratory","The Caster","The Cursed","The Dragon Tamer","The Dragonkin","The Hierophant","The Judge","The Jungle","TheSurvivalist","Wandering Minibosses"],"gold_per_floor":[119,119,137,57,76,76,76,76],"floor_reached":7,"language":"ENG","playtime":280,"items_purged":[],"score":51,"play_id":"5f7a9249-c3ee-4e3c-b3cb-4198b84a68f3","local_time":"20210223164629","is_ascension_mode":true,"campfire_choices":[{"data":"WordoMod:Pestilence","floor":6,"key":"SMITH"}],"circlet_count":0,"master_deck":["WordoMod:StrikeCard","WordoMod:StrikeCard","WordoMod:StrikeCard","WordoMod:StrikeCard","WordoMod:DefendCard","WordoMod:DefendCard","WordoMod:DefendCard","WordoMod:DefendCard","WordoMod:Accursed","WordoMod:IllWill","WordoMod:Sacrilege","Pain","Delirium","WordoMod:Pestilence+1"],"relics":["WordoMod:Obsidian","WordoMod:Effigy","EVO:Axolotl","NeowsBlessing","WarpedTongs","potionbrewer:AlchemistFlask"],"acts_visited":["Exordium"],"potions_floor_usage":[7],"damage_taken":[{"damage":0,"enemies":"Small Slimes","floor":1,"turns":1},{"damage":0,"enemies":"Cultist","floor":3,"turns":1},{"damage":0,"enemies":"Jaw Worm","floor":5,"turns":1},{"damage":97,"enemies":"Gremlin Nob","floor":7,"turns":5}],"seed_played":"808808162412790868","potions_obtained":[{"floor":1,"key":"SkillPotion"}],"is_trial":false,"path_per_floor":["M","?","M","$","M","R","E"],"character_chosen":"JUDGE_CLASS","items_purchased":["potionbrewer:AlchemistFlask"],"campfire_rested":0,"item_purchase_floors":[4],"current_hp_per_floor":[75,75,75,75,75,75,0,0],"gold":76,"neow_bonus":"THREE_ENEMY_KILL","is_daily":false,"chose_seed":false,"campfire_upgraded":1,"win_rate":0.0,"timestamp":1614060989,"path_taken":["M","?","M","$","M","R","E"],"items_purchased_type":["Relic"],"build_version":"2020-12-22","purchased_purges":0,"victory":false,"max_hp_per_floor":[75,75,75,75,75,75,75,75],"card_choices":[{"not_picked":["WordoMod:BadMemories","WordoMod:Retaliate"],"picked":"WordoMod:Sacrilege","floor":1},{"not_picked":["WordoMod:BadMemories","WordoMod:Exorcism","WordoMod:BoundlessGreed"],"picked":"SKIP","floor":3},{"not_picked":["Normality","Elementarium:StickyTar"],"picked":"Delirium","floor":5},{"not_picked":["WordoMod:Sacrilege","WordoMod:LanternFlame"],"picked":"WordoMod:Pestilence","floor":5}],"player_experience":1861280,"relics_obtained":[],"event_choices":[{"damage_healed":0,"gold_gain":0,"player_choice":"Rummage","damage_taken":0,"relics_obtained":["WarpedTongs"],"max_hp_gain":0,"max_hp_loss":0,"event_name":"Accursed Blacksmith","floor":2,"gold_loss":0,"cards_obtained":["Pain"]}],"is_beta":false,"boss_relics":[],"items_purged_floors":[],"is_endless":false,"potions_floor_spawned":[1],"killed_by":"Gremlin Nob","ascension_level":5,"is_humility":true}}