{"host":"rolltorest","time":1614065284,"event":{"mods":["BaseMod","Minty Spire (QoL Compilation)","Relic Stats","Slay the Relics Exporter","StSLib"],"gold_per_floor":[114,128,138,138,47,75,90,90,90,120,120,134,134,148,148,222,222,236,161,78,96,96,122,122,122,122,138,138,173,173,205,205,205,205],"floor_reached":33,"language":"ENG","playtime":842,"items_purged":["Strike_B"],"score":626,"play_id":"1c084b25-1179-4ba7-b96f-e239fd07a9a4","local_time":"20210222232804","is_ascension_mode":true,"campfire_choices":[{"data":"Streamline","floor":8,"key":"SMITH"},{"floor":13,"key":"REST"},{"data":"Rainbow","floor":15,"key":"SMITH"},{"data":"Ghostly","floor":25,"key":"SMITH"},{"data":"Ghostly","floor":28,"key":"SMITH"},{"data":"Ghostly","floor":30,"key":"SMITH"},{"data":"Fusion","floor":32,"key":"SMITH"}],"circlet_count":0,"master_deck":["AscendersBane","Defend_B","Defend_B","Defend_B","Defend_B","Zap","Dualcast","Cold Snap","Coolheaded","Glacier","Streamline+1","Coolheaded","FTL","BootSequence","Rainbow+1","Ball Lightning","Electrodynamics","Sunder","Consume","Darkness","Streamline","Ghostly+1","Ghostly+1","Ghostly+1","Fusion+1"],"relics":["Philosopher\u0027s Stone","Akabeko","Mummified Hand","Sundial","Darkstone Periapt","Snecko Eye","StoneCalendar","Blood Vial","PreservedInsect","HornCleat"],"acts_visited":["Exordium","TheCity"],"potions_floor_usage":[16],"damage_taken":[{"damage":11,"enemies":"Jaw Worm","floor":1,"turns":4},{"damage":0,"enemies":"Cultist","floor":2,"turns":4},{"damage":14,"enemies":"2 Louse","floor":3,"turns":4},{"damage":4,"enemies":"Lagavulin","floor":6,"turns":9},{"damage":4,"enemies":"Blue Slaver","floor":7,"turns":4},{"damage":30,"enemies":"Gremlin Nob","floor":10,"turns":4},{"damage":0,"enemies":"3 Louse","floor":12,"turns":4},{"damage":0,"enemies":"Exordium Thugs","floor":14,"turns":3},{"damage":7,"enemies":"Hexaghost","floor":16,"turns":9},{"damage":0,"enemies":"Spheric Guardian","floor":18,"turns":3},{"damage":0,"enemies":"Chosen","floor":21,"turns":3},{"damage":15,"enemies":"Slavers","floor":23,"turns":3},{"damage":0,"enemies":"Centurion and Healer","floor":27,"turns":6},{"damage":10,"enemies":"Gremlin Leader","floor":29,"turns":6},{"damage":4,"enemies":"Slavers","floor":31,"turns":3},{"damage":28,"enemies":"Collector","floor":33,"turns":7}],"seed_played":"4830544169443997038","potions_obtained":[{"floor":2,"key":"SteroidPotion"},{"floor":3,"key":"LiquidBronze"},{"floor":12,"key":"PowerPotion"},{"floor":23,"key":"FearPotion"}],"is_trial":false,"path_per_floor":["M","M","M","?","$","E","M","R","T","E","T","M","R","M","R","B",null,"M","$","$","M","?","E","?","R","T","M","R","E","R","E","R","B"],"character_chosen":"DEFECT","items_purchased":["Glacier","Streamline","Sunder"],"campfire_rested":1,"item_purchase_floors":[5,5,20],"current_hp_per_floor":[53,53,39,39,39,35,31,31,31,1,1,1,22,22,22,15,57,57,57,57,57,57,42,35,35,35,35,35,25,25,23,23,0,0],"gold":205,"neow_bonus":"BOSS_RELIC","is_daily":false,"chose_seed":false,"campfire_upgraded":6,"win_rate":0.0,"timestamp":1614065284,"path_taken":["M","M","M","?","$","E","?","R","T","E","?","M","R","M","R","BOSS","M","?","$","M","?","E","?","R","T","M","R","E","R","E","R","BOSS"],"items_purchased_type":["Card","Card","Card"],"build_version":"2020-12-18","purchased_purges":1,"victory":false,"max_hp_per_floor":[71,71,71,71,71,71,71,71,71,71,71,71,71,71,71,71,71,71,71,71,71,71,71,35,35,35,35,35,35,35,35,35,35,35],"relic_stats":{"Darkstone Periapt":0,"Blood Vial":4,"counters":[16,76],"Mummified Hand":[19],"Sundial":[8],"Snecko Eye":[56,62,63,46],"StoneCalendar":[52],"PreservedInsect":42,"obtain_stats":[{"Darkstone Periapt":11,"Blood Vial":26,"HornCleat":31,"Mummified Hand":9,"Sundial":10,"Snecko Eye":17,"Philosopher\u0027s Stone":0,"StoneCalendar":23,"PreservedInsect":29,"Cracked Core":0,"Akabeko":6},{"Darkstone Periapt":6,"Blood Vial":12,"HornCleat":15,"Mummified Hand":5,"Sundial":6,"Snecko Eye":9,"Philosopher\u0027s Stone":0,"StoneCalendar":12,"PreservedInsect":14,"Cracked Core":0,"Akabeko":4},{"Darkstone Periapt":29,"Blood Vial":54,"HornCleat":69,"Mummified Hand":25,"Sundial":29,"Snecko Eye":45,"Philosopher\u0027s Stone":0,"StoneCalendar":54,"PreservedInsect":66,"Cracked Core":0,"Akabeko":21}]},"card_choices":[{"not_picked":["Conserve Battery","Rebound"],"picked":"Cold Snap","floor":1},{"not_picked":["Stack","Redo","Go for the Eyes"],"picked":"SKIP","floor":2},{"not_picked":["Static Discharge","Thunder Strike"],"picked":"Coolheaded","floor":3},{"not_picked":["Compile Driver","Gash"],"picked":"Coolheaded","floor":6},{"not_picked":["Fusion","Rebound"],"picked":"FTL","floor":7},{"not_picked":["Compile Driver","Aggregate"],"picked":"BootSequence","floor":10},{"not_picked":["Melter","Leap"],"picked":"Rainbow","floor":12},{"not_picked":["Turbo","Compile Driver"],"picked":"Ball Lightning","floor":14},{"not_picked":["Hyperbeam","Creative AI"],"picked":"Electrodynamics","floor":16},{"not_picked":["Coolheaded","Rip and Tear","Go for the Eyes"],"picked":"SKIP","floor":18},{"not_picked":["Redo","Coolheaded"],"picked":"Consume","floor":21},{"not_picked":["White Noise","BootSequence","Turbo"],"picked":"SKIP","floor":23},{"not_picked":["Coolheaded","Ball Lightning","Stack+1"],"picked":"SKIP","floor":27},{"not_picked":["Beam Cell","Sweeping Beam+1"],"picked":"Fusion","floor":29},{"not_picked":["Conserve Battery","Beam Cell","Steam"],"picked":"SKIP","floor":31}],"player_experience":2024645,"relics_obtained":[{"floor":6,"key":"Akabeko"},{"floor":9,"key":"Mummified Hand"},{"floor":10,"key":"Sundial"},{"floor":11,"key":"Darkstone Periapt"},{"floor":23,"key":"StoneCalendar"},{"floor":26,"key":"Blood Vial"},{"floor":29,"key":"PreservedInsect"},{"floor":31,"key":"HornCleat"}],"event_choices":[{"cards_removed":["Strike_B"],"damage_healed":0,"gold_gain":0,"player_choice":"Offered Basic","damage_taken":0,"max_hp_gain":0,"max_hp_loss":0,"event_name":"Bonfire Elementals","floor":4,"gold_loss":0},{"damage_healed":0,"gold_gain":0,"cards_transformed":["Strike_B","Strike_B"],"player_choice":"Became Test Subject","damage_taken":0,"max_hp_gain":0,"max_hp_loss":0,"event_name":"Drug Dealer","floor":22,"gold_loss":0,"cards_obtained":["Darkness","Streamline"]},{"damage_healed":0,"gold_gain":0,"player_choice":"Became a Ghost","damage_taken":0,"max_hp_gain":0,"max_hp_loss":36,"event_name":"Ghosts","floor":24,"gold_loss":0,"cards_obtained":["Ghostly","Ghostly","Ghostly"]}],"is_beta":true,"boss_relics":[{"not_picked":["Black Star","Tiny House"],"picked":"Snecko Eye"}],"items_purged_floors":[19],"is_endless":false,"potions_floor_spawned":[2,3,10,12,23],"killed_by":"Collector","ascension_level":20}}