{"host":"fwdkxxz7291ipt0p","time":1614054785,"event":{"mods":["Act Like it!","BaseMod","GifTheSpireLib","KomeijiMod","Minty Spire (QoL Compilation)","Relic Filter Mod","StSLib","Stuff the Spire","The Animator"],"gold_per_floor":[176,34,44,10,10,10,29,29,98,119,455,455,474,513,513,513,513],"floor_reached":16,"language":"ZHS","playtime":1258,"items_purged":["Defend_Remirira"],"score":110,"play_id":"dfb98ed8-dfeb-4813-b6ce-52957b332d97","local_time":"20210223123305","is_ascension_mode":false,"campfire_choices":[{"data":"CurseofVladTepes","floor":6.0,"key":"SMITH"},{"data":"Absorbed","floor":8.0,"key":"SMITH"},{"data":"BloodPact","floor":15.0,"key":"SMITH"}],"circlet_count":0,"master_deck":["Strike_Remiria","Strike_Remiria","Strike_Remiria","Strike_Remiria","Defend_Remirira","Defend_Remirira","Defend_Remirira","Absorbed+1","Scratch","Tearing","Impregnable","Exsanguinate","CurseofVladTepes+1","BloodPact+1","BathedInBlood","LifeBreak","RemiliaStretch_Remiria"],"relics":["ThirstyCrossSpe","Golden Idol","Singing Bowl","Old Coin","ShirouKen"],"acts_visited":["Exordium"],"potions_floor_usage":[],"damage_taken":[{"damage":1.0,"enemies":"Small Slimes","floor":1.0,"turns":4.0},{"damage":0.0,"enemies":"2 Louse","floor":3.0,"turns":3.0},{"damage":0.0,"enemies":"Cultist","floor":7.0,"turns":3.0},{"damage":0.0,"enemies":"Large Slime","floor":10.0,"turns":6.0},{"damage":30.0,"enemies":"3 Sentries","floor":11.0,"turns":9.0},{"damage":13.0,"enemies":"Lots of Slimes","floor":13.0,"turns":5.0},{"damage":8.0,"enemies":"Gremlin Nob","floor":14.0,"turns":3.0},{"damage":28,"enemies":"Slime Boss","floor":16,"turns":5}],"seed_played":"4060109501712950134","potions_obtained":[{"floor":1.0,"key":"GamblersBrew"},{"floor":3.0,"key":"BlessingOfTheForge"},{"floor":7.0,"key":"SmokeBomb"}],"is_trial":false,"path_per_floor":["M","$","M","$","?","R","M","R","T","M","E","?","M","E","R","B"],"character_chosen":"RemiriaScarlet","items_purchased":["Impregnable","CurseofVladTepes"],"campfire_rested":0,"item_purchase_floors":[2,4],"current_hp_per_floor":[109,109,109,109,82,82,82,82,82,84,54,54,41,34,34,8,8],"gold":513,"neow_bonus":"TEN_PERCENT_HP_BONUS","is_daily":false,"chose_seed":false,"campfire_upgraded":3,"win_rate":0.0,"timestamp":1614054785,"path_taken":["M","$","M","$","?","R","M","R","T","M","E","?","M","E","R","BOSS"],"items_purchased_type":["Card","Card"],"build_version":"2020-12-22","purchased_purges":1,"victory":false,"max_hp_per_floor":[110,110,110,110,110,110,110,110,110,112,112,112,112,112,112,112,112],"card_choices":[{"not_picked":["LifeBreak","ServantFlier"],"picked":"Tearing","floor":1.0},{"not_picked":["ServantFlier","BloodCleaner"],"picked":"Exsanguinate","floor":3.0},{"not_picked":["ThePrice","Warpath"],"picked":"BloodPact","floor":7.0},{"not_picked":["ServantFlier","RocketKickup","FastHealing"],"picked":"Singing Bowl","floor":10.0},{"not_picked":["Warpath","FierceSweep"],"picked":"BathedInBlood","floor":11.0},{"not_picked":["Warpath","VampirishNight"],"picked":"LifeBreak","floor":13.0},{"not_picked":["FateEnsemble","BodyStrengthen"],"picked":"RemiliaStretch_Remiria","floor":14.0}],"player_experience":543307,"relics_obtained":[{"floor":9.0,"key":"Singing Bowl"},{"floor":11.0,"key":"Old Coin"},{"floor":14.0,"key":"ShirouKen"}],"event_choices":[{"damage_healed":0.0,"max_hp_gain":0.0,"max_hp_loss":0.0,"gold_gain":0.0,"event_name":"Golden Idol","player_choice":"Take Damage","floor":5.0,"gold_loss":0.0,"damage_taken":27.0,"relics_obtained":["Golden Idol"]}],"is_beta":false,"boss_relics":[],"items_purged_floors":[2],"is_endless":false,"potions_floor_spawned":[1,3,7],"killed_by":"Slime Boss","ascension_level":0}}