{"host":"d2gh6suihlstufn7","time":1614068127,"event":{"mods":["AchievementEnabler","BaseMod","Colored Map","Colored Powertips","Minty Spire (QoL Compilation)","Permanent Neow","Quick Restart","StSLib","SuperFastMode"],"gold_per_floor":[161,161,161,175,187,187,205,219,245,245,5,23,23,41,41,145,145,163,163,163,186,196,196,250,250,250,264,317,317,331,347,347,347,347],"floor_reached":33,"language":"KOR","playtime":645,"items_purged":[],"score":264,"play_id":"50d92787-f990-4968-99aa-ff30690970b9","local_time":"20210223171527","is_ascension_mode":false,"campfire_choices":[{"data":"Searing Blow+1","floor":6.0,"key":"SMITH"},{"data":"Searing Blow+2","floor":10.0,"key":"SMITH"},{"data":"Searing Blow+3","floor":13.0,"key":"SMITH"},{"floor":15.0,"key":"REST"},{"data":"Searing Blow+4","floor":23.0,"key":"SMITH"},{"data":"Searing Blow+5","floor":25.0,"key":"SMITH"},{"data":"Searing Blow+6","floor":32,"key":"SMITH"}],"circlet_count":0,"master_deck":["Defend_R","Defend_R","Defend_R+1","Bash+1","Searing Blow+7","Flex","Shrug It Off","Armaments","Uppercut","Double Tap","Headbutt+1","Bite","Bite","Bite","Bite","Bite"],"relics":["Bag of Marbles","Matryoshka","Black Star","Nloth\u0027s Gift","PreservedInsect","Juzu Bracelet","MealTicket","Oddly Smooth Stone"],"acts_visited":["Exordium","TheCity"],"potions_floor_usage":[27,31,33,33],"damage_taken":[{"damage":5.0,"enemies":"2 Louse","floor":1.0,"turns":2.0},{"damage":1.0,"enemies":"Cultist","floor":4.0,"turns":3.0},{"damage":1.0,"enemies":"Jaw Worm","floor":5.0,"turns":3.0},{"damage":7.0,"enemies":"Blue Slaver","floor":7.0,"turns":3.0},{"damage":7.0,"enemies":"Looter","floor":8.0,"turns":3.0},{"damage":13.0,"enemies":"Lots of Slimes","floor":12.0,"turns":5.0},{"damage":1.0,"enemies":"Blue Slaver","floor":14.0,"turns":3.0},{"damage":54.0,"enemies":"The Guardian","floor":16.0,"turns":8.0},{"damage":3.0,"enemies":"Chosen","floor":18.0,"turns":5.0},{"damage":12.0,"enemies":"3 Byrds","floor":22.0,"turns":6.0},{"damage":11,"enemies":"Shelled Parasite and Fungi","floor":27,"turns":3},{"damage":25,"enemies":"Cultist and Chosen","floor":30,"turns":5},{"damage":1,"enemies":"Centurion and Healer","floor":31,"turns":4},{"damage":37,"enemies":"Champ","floor":33,"turns":6}],"seed_played":"7352601231449978316","potions_obtained":[{"floor":0.0,"key":"HeartOfIron"},{"floor":1.0,"key":"Strength Potion"},{"floor":5.0,"key":"Strength Potion"},{"floor":12.0,"key":"LiquidMemories"},{"floor":16.0,"key":"Dexterity Potion"},{"floor":27,"key":"SkillPotion"},{"floor":31,"key":"AttackPotion"}],"is_trial":false,"path_per_floor":["M","?","?","M","M","R","M","M","T","R","$","M","R","M","R","B",null,"M","?","$","T","M","R","T","R","T","M","T","?","M","M","R","B"],"character_chosen":"IRONCLAD","items_purchased":["Matryoshka"],"campfire_rested":1,"item_purchase_floors":[11],"current_hp_per_floor":[80,63,63,62,61,61,54,47,47,47,47,34,34,33,58,4,85,82,82,82,82,72,72,72,72,72,63,63,63,46,51,51,26,26],"gold":347,"neow_bonus":"BOSS_RELIC","is_daily":false,"chose_seed":false,"campfire_upgraded":6,"win_rate":0.0,"timestamp":1614068127,"path_taken":["M","?","?","M","M","R","M","M","T","R","$","?","R","M","R","BOSS","M","?","?","?","M","R","?","R","T","M","?","?","M","M","R","BOSS"],"items_purchased_type":["Relic"],"build_version":"2020-12-22","purchased_purges":0,"victory":false,"max_hp_per_floor":[85,85,85,85,85,85,85,85,85,85,85,85,85,85,85,85,85,85,85,85,85,85,85,85,85,85,85,85,85,85,85,85,85,85],"card_choices":[{"not_picked":["Shrug It Off","Iron Wave"],"picked":"Searing Blow","floor":0.0},{"not_picked":["Hemokinesis","Juggernaut"],"picked":"Flex","floor":1.0},{"not_picked":["Warcry","Thunderclap"],"picked":"Shrug It Off","floor":4.0},{"not_picked":["Flex","Anger","Thunderclap"],"picked":"SKIP","floor":5.0},{"not_picked":["Sword Boomerang","Disarm"],"picked":"Armaments","floor":7.0},{"not_picked":["Dark Embrace","Wild Strike"],"picked":"Uppercut","floor":8.0},{"not_picked":["Intimidate","Limit Break","Heavy Blade"],"picked":"SKIP","floor":12.0},{"not_picked":["Dark Embrace","Clash","Wild Strike"],"picked":"SKIP","floor":14.0},{"not_picked":["Bludgeon","Immolate"],"picked":"Double Tap","floor":16.0},{"not_picked":["Sentinel","Sword Boomerang+1","Power Through"],"picked":"SKIP","floor":18.0},{"not_picked":["Wild Strike+1","Shrug It Off","Iron Wave"],"picked":"SKIP","floor":22.0},{"not_picked":["Body Slam+1","Barricade"],"picked":"Headbutt+1","floor":27},{"not_picked":["Flame Barrier","Shrug It Off","Clash+1"],"picked":"SKIP","floor":30},{"not_picked":["Rage","Bloodletting+1","Shrug It Off"],"picked":"SKIP","floor":31}],"player_experience":165181,"relics_obtained":[{"floor":9.0,"key":"Bag of Marbles"},{"floor":21.0,"key":"PreservedInsect"},{"floor":21.0,"key":"Blood Vial"},{"floor":24.0,"key":"Juzu Bracelet"},{"floor":26.0,"key":"MealTicket"},{"floor":28,"key":"Oddly Smooth Stone"}],"event_choices":[{"damage_healed":0.0,"max_hp_gain":0.0,"max_hp_loss":0.0,"gold_gain":0.0,"event_name":"Shining Light","player_choice":"Entered Light","floor":2.0,"gold_loss":0.0,"damage_taken":17.0,"cards_upgraded":["Searing Blow","Defend_R"]},{"cards_removed":["Defend_R"],"damage_healed":0.0,"max_hp_gain":0.0,"max_hp_loss":0.0,"gold_gain":0.0,"event_name":"Bonfire Elementals","player_choice":"Offered Basic","floor":3.0,"gold_loss":0.0,"damage_taken":0.0},{"damage_healed":0.0,"max_hp_gain":0.0,"max_hp_loss":0.0,"gold_gain":0.0,"event_name":"N\u0027loth","player_choice":"Traded Relic","floor":19.0,"relics_lost":["Tiny House"],"gold_loss":0.0,"damage_taken":0.0,"relics_obtained":["Nloth\u0027s Gift"]},{"damage_healed":0,"gold_gain":0,"player_choice":"Became a vampire (Vial)","damage_taken":0,"max_hp_gain":0,"max_hp_loss":0,"event_name":"Vampires","floor":29,"relics_lost":["Blood Vial"],"gold_loss":0,"cards_obtained":["Bite","Bite","Bite","Bite","Bite"]}],"is_beta":false,"boss_relics":[{"not_picked":["Runic Cube","Runic Pyramid"],"picked":"Black Star"}],"items_purged_floors":[],"is_endless":false,"potions_floor_spawned":[1,5,12,16,27,31],"killed_by":"Champ","ascension_level":0}}