{"host":"wy4vwr4x0uqk666t","time":1614092198,"event":{"mods":["Aspiration","BaseMod","BetterRewards","Colored Powertips","Curses Come First","Defuse TimeMaze Blight","Downfall","Hubris","Infinite Spire","Jorbs\u0027s Wanderer Trilogy","Kalas","Lobotomy","Minty Spire (QoL Compilation)","Quick Restart","READ ME - Guardian Mod","Replay The Spire","StSLib","The Cursed","The Elementalist","The Hierophant","The Jungle","The Runesmith","The Servant 0.9.4","The Spell Scribe"],"gold_per_floor":[110,129,142,142,153,178,178,204,204,221,221,231,160,179,179,284,284,301,320,320,330,330,330],"floor_reached":22,"language":"ENG","playtime":1505,"items_purged":[],"score":210,"play_id":"8630d164-b722-41e5-b51f-0b7458387249","local_time":"20210223155638","is_ascension_mode":true,"campfire_choices":[],"circlet_count":0,"master_deck":["Strike_G","Strike_G","Strike_G","Strike_G","Strike_G","Defend_G","Defend_G","Defend_G","Defend_G","Defend_G","Survivor","Neutralize","Infinite Blades+1","MeatLantern","ReplayTheSpireMod:Speed Training","CrumblingArmor","PiercingWail+1","Toxin Wave","Hidden Blade","Backflip","Flying Knee","Underhanded Strike","Footwork","GreedKing","Wraith Form v2","Cloak And Dagger+1"],"relics":["Ring of the Snake","CogitoBucket","Smiling Mask","Omamori","Snack Pack","Art of War","hubris:ScarierMask","Blue Candle"],"acts_visited":["Exordium","TheCity"],"potions_floor_usage":[8,8,19,19,19,19,19,19,22],"damage_taken":[{"damage":7,"enemies":"2 Louse","floor":1,"turns":2},{"damage":0,"enemies":"Cultist","floor":2,"turns":4},{"damage":0,"enemies":"Small Slimes","floor":3,"turns":4},{"damage":11,"enemies":"Gremlin Gang","floor":5,"turns":7},{"damage":29,"enemies":"Gremlin Nob","floor":6,"turns":5},{"damage":7,"enemies":"3 Sentries","floor":8,"turns":15},{"damage":5,"enemies":"Looter","floor":10,"turns":8},{"damage":7,"enemies":"Red Slaver","floor":12,"turns":5},{"damage":0,"enemies":"2 Fungi Beasts","floor":14,"turns":3},{"damage":32,"enemies":"The Guardian","floor":16,"turns":11},{"damage":12,"enemies":"Spheric Guardian","floor":18,"turns":6},{"damage":48,"enemies":"2 Thieves","floor":19,"turns":11},{"damage":12,"enemies":"3 Cultists","floor":21,"turns":7},{"damage":12,"enemies":"Snake Plant","floor":22,"turns":4}],"seed_played":"-5503642920552833719","potions_obtained":[{"floor":6,"key":"Toxic Potion"},{"floor":7,"key":"Regen Potion"},{"floor":7,"key":"EntropicBrew"},{"floor":8,"key":"SpeedPotion"},{"floor":12,"key":"CultistPotion"},{"floor":21,"key":"EssenceOfSteel"}],"is_trial":false,"path_per_floor":["M","M","M","?","M","E","?","E","T","M","?","M","$","M","R","B",null,"M","M","?","M","M"],"character_chosen":"THE_SILENT","items_purchased":["Footwork"],"campfire_rested":0,"item_purchase_floors":[13],"current_hp_per_floor":[63,63,63,63,52,23,23,61,61,62,62,57,57,61,70,50,70,61,17,12,8,0,0],"gold":330,"neow_bonus":"","is_daily":false,"chose_seed":false,"campfire_upgraded":0,"win_rate":0.0,"timestamp":1614092198,"path_taken":["M","M","M","?","?","E","?","E","T","M","?","?","$","M","R","BOSS","M","M","?","M","M"],"items_purchased_type":["Card"],"build_version":"2020-12-22","purchased_purges":0,"victory":false,"max_hp_per_floor":[70,70,70,70,70,70,70,70,70,70,70,70,70,70,70,70,70,70,70,70,70,70,70],"card_choices":[{"not_picked":["Cloak And Dagger","PiercingWail"],"picked":"Infinite Blades","floor":1},{"not_picked":["FairyFestival","ShyLook"],"picked":"MeatLantern","floor":1},{"not_picked":["Blur","hubris:SlightOfHand"],"picked":"ReplayTheSpireMod:Speed Training","floor":2},{"not_picked":["Murderer","WallGazer"],"picked":"Rudolta","floor":2},{"not_picked":["CherryBlossoms","MeltingLove"],"picked":"CrumblingArmor","floor":3},{"not_picked":["Burst","Cloak And Dagger"],"picked":"PiercingWail","floor":3},{"not_picked":["PiercingWail","Bane"],"picked":"Toxin Wave","floor":5},{"not_picked":["ShyLook","LongBird"],"picked":"CherryBlossoms","floor":5},{"not_picked":["Reflex","Bane"],"picked":"Hidden Blade","floor":6},{"not_picked":["Slice","Deadly Poison"],"picked":"Backflip","floor":8},{"not_picked":["Predator","Acrobatics"],"picked":"Flying Knee","floor":10},{"not_picked":["Riddle With Holes","Fluid Movement"],"picked":"Underhanded Strike","floor":12},{"not_picked":["BigBadWolf","Alriune"],"picked":"GreedKing","floor":14},{"not_picked":["hubris:SlightOfHand","Prepared","Deadly Poison"],"picked":"SKIP","floor":14},{"not_picked":["Unload","ReplayTheSpireMod:Necrosis"],"picked":"Wraith Form v2","floor":16},{"not_picked":["Quick Slash","Sucker Punch+1","Prepared"],"picked":"SKIP","floor":18},{"not_picked":["Quick Slash+1","Slice","Accuracy"],"picked":"SKIP","floor":19},{"not_picked":["Riddle With Holes","Quick Slash+1"],"picked":"Cloak And Dagger+1","floor":21}],"player_experience":3753868,"relics_obtained":[{"floor":6,"key":"Smiling Mask"},{"floor":8,"key":"Omamori"},{"floor":9,"key":"Snack Pack"}],"event_choices":[{"damage_healed":0,"gold_gain":0,"player_choice":"Forge","damage_taken":0,"max_hp_gain":0,"max_hp_loss":0,"event_name":"Accursed Blacksmith","floor":4,"gold_loss":0,"cards_upgraded":["Infinite Blades"]},{"damage_healed":0,"gold_gain":0,"player_choice":"Got Potions","damage_taken":0,"max_hp_gain":0,"max_hp_loss":0,"event_name":"Lab","floor":7,"gold_loss":0},{"cards_removed":["Rudolta"],"damage_healed":0,"gold_gain":0,"player_choice":"Gave Card","damage_taken":0,"relics_obtained":["Art of War"],"max_hp_gain":0,"max_hp_loss":0,"event_name":"WeMeetAgain","floor":11,"gold_loss":0}],"is_beta":false,"boss_relics":[{"not_picked":["aspiration:ServantSkillbook","Replay:Ancient Bell"],"picked":"hubris:ScarierMask"}],"items_purged_floors":[],"is_endless":false,"potions_floor_spawned":[6,8,12,14,16,21],"killed_by":"Snake Plant","ascension_level":1}}