{"host":"hyzmf9jejtktdcwr","time":1614088107,"event":{"mods":["100% Spire Juice","ATMod(°¢èªMod)","Act Like it!","Arknights","Aspiration","BaseMod","Dota2Spire","Hermit","Luminous","Minty Spire (QoL Compilation)","MostiFishMod","Prisma Mod","Quick Restart","Reliquary","Shop Mod","StSLib","The Animator","The Blackbeard","The Construct","The Poker Player","[IsaacMod]ÒÔÈö¼âËþ"],"gold_per_floor":[368,99,99,119,119,119,146,146,146,177,352,369,369,404,404,503,503,523,509,543,554,554,88,187,218,218,244,-1358,-1347,-1347,-1318,-1318,-1222,-1222,-1202,-1187,-1168,-1149,-1149,-1149,-1124,-1124,-1124,-1111,-1076,-1076,-1044,-694,-694,-694],"floor_reached":51,"language":"ZHS","playtime":5886,"items_purged":["ats:Strike V","Doubt","ats:Strike C","ats:Strike S","ats:Soul Rend"],"score":1359,"play_id":"4071ef16-32f7-4099-9cfe-a7ea9eae1fc6","local_time":"20210223214827","is_ascension_mode":true,"campfire_choices":[{"data":"AT_LightSaberMaster","floor":6.0,"key":"SMITH"},{"floor":8.0,"key":"REST"},{"data":"ats:Emotion Absorption","floor":15.0,"key":"SMITH"},{"data":"Mayhem","floor":32.0,"key":"SMITH"},{"data":"ats:Ambush","floor":40.0,"key":"SMITH"},{"data":"ats:Assault Order","floor":49,"key":"SMITH"}],"circlet_count":0,"master_deck":["ats:Strike G","ats:Armor Crushing Shot","ats:Defend","ats:Defend+1","ats:Defend+1","ats:Defend","ats:Emotion Absorption+1","AT_LightSaberMaster+1","ats:Overload","ats:Poison Spread","ats:Leaping Hammer","ats:Sashimi Platter","ats:Sashimi Platter","ats:Rapid Magazine","ats:Ambush+1","Mayhem+1","ats:Disruption Kick","ats:Flexible Camouflage","ats:Thorns","ats:Assault Order+1","ats:Consecutive Shot Auto+1","ats:Neurotoxin","ats:Part Time Job+1","ats:Powerful Strike+1","ats:Demon Strength","ats:Overload","ats:Neurotoxin","ats:Explosion Area Strengthen","ats:Healing Strengthening+1","ats:Soul Rend","ats:Shell Defense+1","ats:Blood Oath","ats:Rat Pack+1","ats:Calcification+1","MostiFishMod:BrokenBlackCloak+1","ats:Disruption Kick","ats:Literary Storm+1","ats:Explosion Area Strengthen","ats:Overload+1","ats:Cat Scratch+1","ats:Encircling Forest+1","ats:Directed Diagnosis+1","ats:Composite Medical Shells","ats:Flexible Camouflage+1","ats:Absolute Focus+1","ats:Serious Mode+1"],"relics":["ats:Sanity","DaveBox","AT_ATBox","HushsDoor","GuppysTail","DianDianMeat","SynthV:TestCard","AT_RedTearstoneRing","ats:Originium","War Paint","Peace Pipe","AT_ArcaneBoots","construct:WeddingRing","GuppysPaw","Red Mask","Anchor","Boot","Orrery","reliquary:HotPoker","AT_Kusabimaru","Toxic Egg 2","SynthV:MejaisSoulstealer","TungstenRod","MagicMushroom","SatanicBible","TungstenRod","AT_SilvercatRing","Eternal Feather","Molten Egg 2","Old Coin"],"acts_visited":["Exordium","TheCity","TheBeyond"],"potions_floor_usage":[],"damage_taken":[{"damage":15.0,"enemies":"Small Slimes","floor":1.0,"turns":6.0},{"damage":0.0,"enemies":"Cultist","floor":4.0,"turns":3.0},{"damage":25.0,"enemies":"Lagavulin","floor":7.0,"turns":6.0},{"damage":15.0,"enemies":"Gremlin Nob","floor":10.0,"turns":4.0},{"damage":3.0,"enemies":"ats:Genji","floor":12.0,"turns":4.0},{"damage":45.0,"enemies":"Lagavulin","floor":14.0,"turns":9.0},{"damage":60.0,"enemies":"The Guardian","floor":16.0,"turns":13.0},{"damage":12.0,"enemies":"Chosen","floor":18.0,"turns":6.0},{"damage":0.0,"enemies":"2 Thieves","floor":19.0,"turns":4.0},{"damage":104.0,"enemies":"Masked Bandits","floor":20.0,"turns":7.0},{"damage":34.0,"enemies":"Snake Plant","floor":21.0,"turns":6.0},{"damage":72.0,"enemies":"Book of Stabbing","floor":25.0,"turns":6.0},{"damage":67.0,"enemies":"Slavers","floor":27.0,"turns":6.0},{"damage":0.0,"enemies":"Cultist and Chosen","floor":29.0,"turns":4.0},{"damage":12.0,"enemies":"Gremlin Leader","floor":31.0,"turns":6.0},{"damage":49.0,"enemies":"Collector","floor":33.0,"turns":8.0},{"damage":1.0,"enemies":"3 Shapes","floor":35.0,"turns":3.0},{"damage":0.0,"enemies":"Orb Walker","floor":36.0,"turns":2.0},{"damage":3.0,"enemies":"Sphere and 2 Shapes","floor":37.0,"turns":4.0},{"damage":0.0,"enemies":"3 Darklings","floor":38.0,"turns":3.0},{"damage":0.0,"enemies":"Giant Head","floor":41.0,"turns":5.0},{"damage":0.0,"enemies":"Transient","floor":44.0,"turns":5.0},{"damage":0.0,"enemies":"Reptomancer","floor":45.0,"turns":5.0},{"damage":0.0,"enemies":"Nemesis","floor":47.0,"turns":5.0},{"damage":231.0,"enemies":"Mind Bloom Boss Battle","floor":48.0,"turns":5.0},{"damage":46,"enemies":"Donu and Deca","floor":50,"turns":7}],"seed_played":"2010666525292215428","potions_obtained":[{"floor":1.0,"key":"Explosive Potion"},{"floor":4.0,"key":"LiquidMemories"},{"floor":5.0,"key":"DistilledChaos"},{"floor":5.0,"key":"LiquidBronze"},{"floor":12.0,"key":"SmokeBomb"},{"floor":21.0,"key":"EntropicBrew"},{"floor":29.0,"key":"DuplicationPotion"},{"floor":31.0,"key":"Dexterity Potion"},{"floor":33.0,"key":"SteroidPotion"},{"floor":38.0,"key":"Block Potion"},{"floor":47.0,"key":"FearPotion"}],"is_trial":false,"path_per_floor":["M","$","?","M","?","R","E","R","T","E","?","M","?","E","R","B",null,"M","M","?","M","?","$","?","E","T","E","$","M","?","E","R","B",null,"M","M","M","M","$","R","E","?","T","M","E","$","E","?","R","B",null],"character_chosen":"DOCTOR_CLASS","items_purchased":["ats:Poison Spread","AT_RedTearstoneRing","GuppysPaw","Mayhem","ats:Disruption Kick","ats:Soul Rend","Boot","ats:Neurotoxin","Orrery","ats:Soul Rend","SynthV:MejaisSoulstealer","ats:Calcification+1","SatanicBible","MostiFishMod:BrokenBlackCloak+1","ats:Disruption Kick","CultistPotion","ats:Literary Storm+1"],"campfire_rested":1,"item_purchase_floors":[2,2,17,17,17,17,23,23,23,28,28,34,34,34,34,34,34],"current_hp_per_floor":[33,35,35,38,38,38,17,41,41,31,37,45,45,30,30,44,111,130,149,81,85,67,184,184,170,170,146,171,209,339,386,386,450,543,576,610,645,681,681,681,718,718,718,756,795,795,835,653,680,692],"gold":-694,"neow_bonus":"TWO_FIFTY_GOLD","is_daily":false,"chose_seed":false,"campfire_upgraded":5,"win_rate":0.0,"timestamp":1614088107,"path_taken":["M","$","?","M","?","R","E","R","T","E","?","M","?","E","R","BOSS","M","M","?","?","?","?","?","E","T","E","$","M","?","E","R","BOSS","M","M","M","M","$","R","E","?","T","M","E","$","E","?","R","BOSS"],"items_purchased_type":["Card","Relic","Relic","Card","Card","Card","Relic","Card","Relic","Card","Relic","Card","Relic","Card","Card","Potion","Card"],"build_version":"2020-12-22","purchased_purges":5,"victory":true,"max_hp_per_floor":[73,75,75,78,78,78,82,82,82,87,93,100,100,108,108,117,122,135,149,164,180,180,297,297,320,320,344,369,395,395,422,422,450,543,576,610,645,681,681,681,718,718,718,756,795,795,835,876,876,876],"card_choices":[{"not_picked":["ats:Very Hot Blade","ats:Closed Bolt Burst Fire"],"picked":"ats:Overload","floor":1.0},{"not_picked":["Bomb","ats:Ignite","ats:Shell Defense","ats:Absolute Focus"],"picked":"ats:Leaping Hammer","floor":4.0},{"not_picked":["ats:Revitalization","ats:True Silver Slash","ats:Magnetic Hammer","ats:Leaping Hammer"],"picked":"ats:Very Hot Blade","floor":7.0},{"not_picked":["ats:Consecutive Shot Auto","ats:Shell Defense","ats:Curse Doll","ats:Assault Order"],"picked":"ats:Sashimi Platter","floor":10.0},{"not_picked":["ats:Explosion Area Strengthen","ats:Apocalypse","ats:Revitalization","ats:Guard Mode"],"picked":"ats:Sashimi Platter","floor":12.0},{"not_picked":["ats:Curse Doll","ats:Beaten Up","ats:Flexible Camouflage","ats:Absolute Focus"],"picked":"ats:Rapid Magazine","floor":14.0},{"not_picked":["ats:Nebulous Foxfire","ats:Echo Reverb","ats:Volcano","ats:Dogmatic Field"],"picked":"ats:Ambush","floor":16.0},{"not_picked":["ats:Literary Storm","ats:Blood Oath","ats:Cat Scratch","ats:Absolute Focus"],"picked":"ats:Flexible Camouflage","floor":18.0},{"not_picked":["ats:Blood Oath","ats:Part Time Job","ats:Red Shift","ats:Guard Mode"],"picked":"ats:Thorns","floor":19.0},{"not_picked":["ats:Guard Mode+1","ats:Very Hot Blade","ats:Guardian Obelisk","ats:Leaping Hammer"],"picked":"ats:Assault Order","floor":20.0},{"not_picked":["ats:Volcano","ats:Curse Doll","ats:Chain Hook+1","ats:Hammer On"],"picked":"ats:Consecutive Shot Auto+1","floor":21.0},{"not_picked":["ats:Blood Oath+1","ats:Literary Storm","ats:Hook Shot","ats:Counter Healing Mode"],"picked":"ats:Part Time Job+1","floor":23.0},{"not_picked":["ats:Shell Defense","ats:Steam Pump+1","ats:Dogmatic Field","ats:Rapid Magazine"],"picked":"ats:Powerful Strike+1","floor":23.0},{"not_picked":["ats:Guard Mode","ats:Healing Strengthening","ats:Closed Bolt Burst Fire","ats:Cat Scratch"],"picked":"ats:Demon Strength","floor":23.0},{"not_picked":["ats:Shadow Assault","ats:Cat Scratch","ats:Closed Bolt Burst Fire","ats:Blood Oath"],"picked":"ats:Overload","floor":23.0},{"not_picked":["ats:Beaten Up","ats:Curse Doll","ats:Poison Spread+1","ats:Apocalypse"],"picked":"ats:Neurotoxin","floor":23.0},{"not_picked":["ats:Curse Doll+1","ats:Phantom+1","ats:Very Hot Blade","ats:Absolute Focus+1"],"picked":"ats:Explosion Area Strengthen","floor":25.0},{"not_picked":["ats:Ignite","ats:Leaping Hammer","ats:Apocalypse+1","ats:Absolute Focus+1"],"picked":"ats:Healing Strengthening+1","floor":27.0},{"not_picked":["ats:Ambush","ats:Apocalypse+1","ats:Very Hot Blade","ats:Rapid Magazine"],"picked":"ats:Shell Defense+1","floor":29.0},{"not_picked":["ats:Sword Rain+1","ats:Directed Diagnosis+1","ats:Hook Shot+1","ats:Leaping Hammer"],"picked":"ats:Blood Oath","floor":31.0},{"not_picked":["ats:Dogmatic Field","ats:Fractured Body+1","ats:Echo Reverb+1","ats:Volcano"],"picked":"ats:Rat Pack+1","floor":33.0},{"not_picked":["ats:Curse Doll+1","ats:Closed Bolt Burst Fire","ats:Leaping Hammer+1","ats:Automatic Cover+1"],"picked":"ats:Explosion Area Strengthen","floor":35.0},{"not_picked":["ats:Closed Bolt Burst Fire","ats:Hook Shot+1","ats:Curse Doll+1","ats:Ignite"],"picked":"ats:Overload+1","floor":36.0},{"not_picked":["ats:Guard Mode+1","ats:Healing Strengthening","ats:Powerful Strike+1","ats:Blood Oath"],"picked":"ats:Cat Scratch+1","floor":37.0},{"not_picked":["ats:Overload+1","ats:Curse Doll+1","ats:Closed Bolt Burst Fire","ats:Chain Hook"],"picked":"ats:Encircling Forest+1","floor":38.0},{"not_picked":["ats:Echo Reverb+1","ats:Very Hot Blade","ats:Powerful Strike+1","ats:Thermite Blade"],"picked":"ats:Directed Diagnosis+1","floor":41.0},{"not_picked":["ats:Explosion Area Strengthen","ats:Cat Scratch+1","ats:Consecutive Shot Auto","ats:Healing Strengthening"],"picked":"ats:Composite Medical Shells","floor":44.0},{"not_picked":["ats:Steam Pump+1","ats:Hammer On","ats:Calcification+1","ats:Closed Bolt Burst Fire+1"],"picked":"ats:Flexible Camouflage+1","floor":45.0},{"not_picked":["ats:Collapsing Strike+1","ats:Cat Scratch+1","ats:Powerful Strike+1","ats:Shell Defense+1"],"picked":"ats:Absolute Focus+1","floor":47.0},{"not_picked":["ats:Flame Of Heaven+1","ats:Curse Doll+1","ats:Revitalization+1","ats:Poison Spread+1"],"picked":"ats:Serious Mode+1","floor":48}],"player_experience":222497,"relics_obtained":[{"floor":1.0,"key":"SynthV:TestCard"},{"floor":7.0,"key":"ats:Originium"},{"floor":7.0,"key":"War Paint"},{"floor":10.0,"key":"ats:Originium"},{"floor":10.0,"key":"Peace Pipe"},{"floor":14.0,"key":"ats:Originium"},{"floor":14.0,"key":"AT_SpeedBoots"},{"floor":20.0,"key":"Red Mask"},{"floor":25.0,"key":"ats:Originium"},{"floor":25.0,"key":"reliquary:HotPoker"},{"floor":26.0,"key":"AT_Kusabimaru"},{"floor":27.0,"key":"Toxic Egg 2"},{"floor":31.0,"key":"TungstenRod"},{"floor":41.0,"key":"reliquary:SculptingSteel"},{"floor":43.0,"key":"AT_SilvercatRing"},{"floor":45.0,"key":"Eternal Feather"},{"floor":47.0,"key":"Molten Egg 2"},{"floor":48,"key":"Old Coin"}],"event_choices":[{"damage_healed":0.0,"max_hp_gain":0.0,"max_hp_loss":0.0,"gold_gain":0.0,"event_name":"Lab","player_choice":"Got Potions","floor":5.0,"gold_loss":0.0,"damage_taken":0.0},{"damage_healed":0.0,"max_hp_gain":0.0,"max_hp_loss":0.0,"gold_gain":175.0,"event_name":"Liars Game","player_choice":"AGREE","floor":11.0,"gold_loss":0.0,"damage_taken":0.0,"cards_obtained":["Doubt"]},{"damage_healed":0.0,"max_hp_gain":0.0,"max_hp_loss":0.0,"gold_gain":0.0,"event_name":"Masked Bandits","player_choice":"Fought Bandits","floor":20.0,"gold_loss":0.0,"damage_taken":0.0},{"damage_healed":0.0,"max_hp_gain":0.0,"max_hp_loss":0.0,"gold_gain":0.0,"event_name":"blackbeard:ShipwreckEvent","player_choice":"Anchor","floor":22.0,"gold_loss":0.0,"damage_taken":0.0,"relics_obtained":["Anchor"]},{"damage_healed":0.0,"max_hp_gain":0.0,"max_hp_loss":0.0,"gold_gain":99.0,"event_name":"Nest","player_choice":"Stole From Cult","floor":24.0,"gold_loss":0.0,"damage_taken":0.0},{"damage_healed":130.0,"max_hp_gain":0.0,"max_hp_loss":0.0,"gold_gain":0.0,"event_name":"The Library","player_choice":"Heal","floor":30.0,"gold_loss":0.0,"damage_taken":0.0},{"cards_removed":["ats:Very Hot Blade"],"damage_healed":0.0,"max_hp_gain":0.0,"max_hp_loss":0.0,"gold_gain":0.0,"event_name":"Falling","player_choice":"Removed Attack","floor":42.0,"gold_loss":0.0,"damage_taken":0.0},{"damage_healed":0.0,"max_hp_gain":0.0,"max_hp_loss":0.0,"gold_gain":0.0,"event_name":"MindBloom","player_choice":"Fight","floor":48.0,"gold_loss":0.0,"damage_taken":0.0}],"is_beta":false,"boss_relics":[{"not_picked":["BloodWine","Cursed Key"],"picked":"construct:WeddingRing"},{"not_picked":[]},{"not_picked":["reliquary:KinkedSpring","GreenFoldingFan"],"picked":"MagicMushroom"},{"not_picked":[]}],"items_purged_floors":[2,17,23,28,34],"is_endless":false,"potions_floor_spawned":[1,4,12,21,29,31,33,36,38,41,47],"ascension_level":9}}