{"host":"fnk117zi8wf5078t","time":1614050084,"event":{"mods":["AchievementEnabler","BaseMod","Colored Map","Minty Spire (QoL Compilation)","Rare Cards Sparkle","SuperFastMode","everything is the same but u backflip on backflip"],"gold_per_floor":[117,77,91,102,69,69,79,89,89,105,115,115,143,163,163,261,261,273,285,384,83,183,183,194,194,218,237,237,237],"floor_reached":28,"language":"KOR","playtime":1024,"items_purged":["Defend_B"],"score":358,"play_id":"325fc9d1-c0e3-42bb-bc59-2aebd125893b","local_time":"20210223121444","is_ascension_mode":true,"campfire_choices":[{"data":"Chaos","floor":6,"key":"SMITH"},{"floor":15,"key":"REST"},{"floor":23,"key":"REST"},{"floor":25,"key":"REST"}],"circlet_count":0,"master_deck":["AscendersBane","Strike_B","Strike_B","Defend_B","Defend_B+1","Defend_B","Zap","Dualcast+1","Consume","Chaos","Chaos+1","Defragment","Chill","Multi-Cast","Sunder","Heatsinks","Doom and Gloom","Rainbow","BootSequence","BootSequence+1","Self Repair","Echo Form","Steam Power"],"relics":["Inserter","Girya","The Courier","Empty Cage","Regal Pillow","Orrery","War Paint"],"acts_visited":["Exordium","TheCity"],"potions_floor_usage":[10,10,16],"damage_taken":[{"damage":6,"enemies":"Cultist","floor":1,"turns":4},{"damage":3,"enemies":"Small Slimes","floor":3,"turns":4},{"damage":1,"enemies":"2 Louse","floor":4,"turns":4},{"damage":16,"enemies":"Blue Slaver","floor":7,"turns":5},{"damage":6,"enemies":"Red Slaver","floor":8,"turns":3},{"damage":8,"enemies":"Exordium Wildlife","floor":10,"turns":6},{"damage":0,"enemies":"Looter","floor":11,"turns":4},{"damage":33,"enemies":"Gremlin Nob","floor":13,"turns":5},{"damage":2,"enemies":"3 Louse","floor":14,"turns":3},{"damage":33,"enemies":"The Guardian","floor":16,"turns":11},{"damage":33,"enemies":"2 Thieves","floor":18,"turns":5},{"damage":19,"enemies":"3 Byrds","floor":19,"turns":6},{"damage":43,"enemies":"3 Cultists","floor":24,"turns":4},{"damage":23,"enemies":"Snake Plant","floor":27,"turns":4},{"damage":44,"enemies":"Chosen and Byrds","floor":28,"turns":4}],"seed_played":"-5550636377803561502","potions_obtained":[{"floor":3,"key":"DuplicationPotion"},{"floor":4,"key":"BlessingOfTheForge"},{"floor":10,"key":"FairyPotion"},{"floor":13,"key":"EssenceOfSteel"},{"floor":19,"key":"PotionOfCapacity"},{"floor":24,"key":"Dexterity Potion"},{"floor":27,"key":"Fire Potion"}],"is_trial":false,"path_per_floor":["M","$","M","M","$","R","M","M","T","M","M","?","E","M","R","B",null,"M","M","?","$","?","R","M","R","T","M","M"],"character_chosen":"DEFECT","items_purchased":["Consume","Defragment","Regal Pillow","Orrery"],"campfire_rested":3,"item_purchase_floors":[2,5,21,21],"current_hp_per_floor":[62,62,59,58,58,58,42,36,36,28,28,53,20,18,40,7,58,25,6,6,6,6,43,22,59,59,43,0,0],"gold":237,"neow_bonus":"BOSS_RELIC","is_daily":false,"chose_seed":false,"campfire_upgraded":1,"win_rate":0.0,"timestamp":1614050084,"path_taken":["M","$","M","M","$","R","M","M","T","M","?","?","E","M","R","BOSS","M","M","?","$","?","R","M","R","T","M","?"],"items_purchased_type":["Card","Card","Relic","Relic"],"build_version":"2020-12-22","purchased_purges":1,"victory":false,"max_hp_per_floor":[75,75,75,75,75,75,75,75,75,75,75,75,75,75,75,75,75,75,75,75,75,75,75,75,75,75,75,75,75],"card_choices":[{"not_picked":["Coolheaded","Go for the Eyes","Streamline"],"picked":"SKIP","floor":1},{"not_picked":["Go for the Eyes","Chill"],"picked":"Chaos","floor":3},{"not_picked":["Sweeping Beam","Stack"],"picked":"Chaos","floor":4},{"not_picked":["Coolheaded","Turbo"],"picked":"Chill","floor":7},{"not_picked":["Go for the Eyes","Ball Lightning"],"picked":"Multi-Cast","floor":8},{"not_picked":["Rip and Tear","Lockon"],"picked":"Sunder","floor":10},{"not_picked":["Aggregate","Coolheaded"],"picked":"Heatsinks","floor":11},{"not_picked":["Aggregate","Barrage"],"picked":"Doom and Gloom","floor":13},{"not_picked":["Cold Snap","Turbo","Ball Lightning"],"picked":"SKIP","floor":14},{"not_picked":["All For One","Multi-Cast"],"picked":"Rainbow","floor":16},{"not_picked":["Sweeping Beam","Streamline","Fusion"],"picked":"SKIP","floor":18},{"not_picked":["Leap","Rip and Tear","Sunder"],"picked":"SKIP","floor":19},{"not_picked":["Beam Cell","Coolheaded"],"picked":"BootSequence","floor":21},{"not_picked":["Heatsinks","Go for the Eyes"],"picked":"BootSequence+1","floor":21},{"not_picked":["Reinforced Body","Doom and Gloom"],"picked":"Self Repair","floor":21},{"not_picked":["Gash","Coolheaded"],"picked":"Echo Form","floor":24},{"not_picked":["Sweeping Beam+1","Steam Power","Rebound"],"picked":"SKIP","floor":27},{"not_picked":["Sweeping Beam+1","Rebound"],"picked":"Steam Power","floor":27}],"player_experience":433053,"relics_obtained":[{"floor":9,"key":"Girya"},{"floor":13,"key":"The Courier"},{"floor":26,"key":"War Paint"}],"event_choices":[{"damage_healed":25,"gold_gain":0,"player_choice":"Banana","damage_taken":0,"max_hp_gain":0,"max_hp_loss":0,"event_name":"Big Fish","floor":12,"gold_loss":0},{"damage_healed":0,"gold_gain":99,"player_choice":"Stole From Cult","damage_taken":0,"max_hp_gain":0,"max_hp_loss":0,"event_name":"Nest","floor":20,"gold_loss":0},{"damage_healed":0,"gold_gain":100,"player_choice":"Pray","damage_taken":0,"max_hp_gain":0,"max_hp_loss":0,"event_name":"Golden Shrine","floor":22,"gold_loss":0}],"is_beta":false,"boss_relics":[{"not_picked":["Cursed Key","SlaversCollar"],"picked":"Empty Cage"}],"items_purged_floors":[21],"is_endless":false,"potions_floor_spawned":[3,4,8,10,13,19,24,27],"killed_by":"Chosen and Byrds","ascension_level":12}}