{"host":"t9zjxed0utvsfjwc","time":1614074684,"event":{"mods":["2.2 Compatiblity","A Penny For Your Troubles","Act Like it!","Aspiration","BaseMod","Bestiary","Better Altar","Better Match","Better Note","Better Sensory Stone","Better Skull","Better Synergies","Better Third Choice","Better Vampires","BetterRewards","Block Reminder","Bossed Relics","Colored Map","Colored Powertips","Conspire","Defuse TimeMaze Blight","Downfall","Energized Spire","Friendly Minions","GifTheSpireLib","Halation","Hermit","Highlight Path","Hubris","Infinite Spire","Lobotomy","LobotomyExtend","Minty Spire (QoL Compilation)","Quick Restart","Rare Cards Sparkle","Relic Sorter","Relic Stats","Reliquary","Replay The Spire","Ruina","StS++","StSLib","Stuff the Spire","The Blue Laboratory","The Cursed","The Hierophant","The Marked","The Mystic","The Runesmith","Unceasing Turn Reminder","Wandering Minibosses","everything is the same but u backflip on backflip"],"gold_per_floor":[116,126,126,239,239,239,252,252,279,135,135,149,148,134,223,203,203],"floor_reached":16,"language":"ENG","playtime":949,"items_purged":[],"score":100,"play_id":"0ad134a5-0483-4e18-8631-7949b158e5d0","local_time":"20210223100444","is_ascension_mode":false,"campfire_choices":[{"floor":6,"key":"REST"},{"floor":8,"key":"REST"}],"circlet_count":0,"master_deck":["hierophant:Strike_Hierophant","hierophant:Strike_Hierophant","hierophant:Strike_Hierophant","hierophant:Strike_Hierophant","hierophant:Punish","hierophant:Defend_Hierophant","hierophant:Defend_Hierophant","hierophant:Defend_Hierophant","hierophant:Defend_Hierophant","hierophant:ChurchCoffers","hierophant:MorningPrayer","hierophant:Smite","hierophant:RepressedViolence","hierophant:HolyVerse"],"relics":["halation:SimulatedSpire","LetterFromLob","Replay:Mystery Machine","Juzu Bracelet","Golden Idol","StuffTheSpire:Experiment12","infinitespire:Satchel","hubris:Towel","reliquary:Sideboard"],"acts_visited":["Exordium"],"potions_floor_usage":[16,16],"damage_taken":[{"damage":0,"enemies":"2 Louse","floor":1,"turns":1},{"damage":15,"enemies":"Jaw Worm","floor":2,"turns":5},{"damage":0,"enemies":"Cultist","floor":7,"turns":3},{"damage":0,"enemies":"2 Fungi Beasts","floor":12,"turns":1},{"damage":15,"enemies":"Lagavulin","floor":13,"turns":9},{"damage":1,"enemies":"Looter","floor":14,"turns":3},{"damage":44,"enemies":"Slime Boss","floor":16,"turns":10}],"seed_played":"-4411857107520770552","potions_obtained":[{"floor":2,"key":"SpeedPotion"},{"floor":7,"key":"Strength Potion"},{"floor":13,"key":"Dexterity Potion"}],"is_trial":false,"path_per_floor":["M","M","?","?","?","R","M","R","T","$","?","M","E","M","R_BF","B"],"character_chosen":"HIEROPHANT","items_purchased":["infinitespire:Satchel"],"campfire_rested":2,"item_purchase_floors":[10],"current_hp_per_floor":[75,60,75,30,12,34,34,56,56,56,56,56,41,40,40,0,0],"gold":203,"neow_bonus":"SIMULATED_SPIRE","is_daily":false,"chose_seed":false,"campfire_upgraded":0,"win_rate":0.0,"timestamp":1614074684,"path_taken":["M","M","?","?","?","R","M","R","T","$","?","M","E","M","R_BF","BOSS"],"items_purchased_type":["Relic"],"build_version":"2020-12-22","purchased_purges":0,"victory":false,"max_hp_per_floor":[75,75,75,75,75,75,75,75,75,75,75,75,75,75,75,75,75],"relic_stats":{"counters":[7,32],"Golden Idol":37,"Juzu Bracelet":1,"obtain_stats":[{"StuffTheSpire:Experiment12":9,"Golden Idol":5,"reliquary:Sideboard":13,"hierophant:PropheticMaskRelic":0,"halation:SimulatedSpire":0,"infinitespire:Satchel":10,"LetterFromLob":1,"Juzu Bracelet":4,"Replay:Mystery Machine":4,"hubris:Towel":11},{"StuffTheSpire:Experiment12":3,"Golden Idol":2,"reliquary:Sideboard":5,"hierophant:PropheticMaskRelic":0,"halation:SimulatedSpire":0,"infinitespire:Satchel":3,"LetterFromLob":1,"Juzu Bracelet":2,"Replay:Mystery Machine":2,"hubris:Towel":3},{"StuffTheSpire:Experiment12":9,"Golden Idol":6,"reliquary:Sideboard":19,"hierophant:PropheticMaskRelic":0,"halation:SimulatedSpire":0,"infinitespire:Satchel":9,"LetterFromLob":1,"Juzu Bracelet":6,"Replay:Mystery Machine":6,"hubris:Towel":9}]},"card_choices":[{"not_picked":["hierophant:Smite","hierophant:Remorse"],"picked":"hierophant:MorningPrayer","floor":1},{"not_picked":["hierophant:Charity","hierophant:Chorus"],"picked":"hierophant:Smite","floor":2},{"not_picked":["hierophant:DisplayOfPower","hierophant:Doubloon"],"picked":"hierophant:RepressedViolence","floor":7},{"not_picked":["hierophant:Rebuild","hierophant:LocustPlague","hierophant:Sermon"],"picked":"SKIP","floor":12},{"not_picked":["hierophant:FieryStrike","hierophant:Prophecy"],"picked":"hierophant:HolyVerse","floor":13},{"not_picked":["hierophant:Empathy","hierophant:RecallFunds","hierophant:DisplayOfPower"],"picked":"SKIP","floor":14},{"not_picked":["hierophant:ThreeLashes","hierophant:Blessing","hierophant:FieryStrike"],"picked":"SKIP","floor":14}],"player_experience":603386,"relics_obtained":[{"floor":1,"key":"LetterFromLob"},{"floor":9,"key":"StuffTheSpire:Experiment12"},{"floor":13,"key":"reliquary:Sideboard"}],"event_choices":[{"damage_healed":0,"gold_gain":113,"player_choice":"RE RE GO ","damage_taken":50,"relics_obtained":["Replay:Mystery Machine","Juzu Bracelet"],"max_hp_gain":0,"max_hp_loss":0,"event_name":"betterSkull:BetterSkull","floor":4,"gold_loss":0,"cards_upgraded":[]},{"damage_healed":0,"gold_gain":0,"player_choice":"Take Damage","damage_taken":18,"relics_obtained":["Golden Idol"],"max_hp_gain":0,"max_hp_loss":0,"event_name":"Golden Idol","floor":5,"gold_loss":0}],"is_beta":false,"boss_relics":[],"items_purged_floors":[],"is_endless":false,"potions_floor_spawned":[2,7,13],"killed_by":"Slime Boss","ascension_level":0}}