{"host":"t6r1isv2bex5ovch","time":1614057745,"event":{"mods":["AchievementEnabler","Act Like it!","Aspiration","BaseMod","Better Altar","Better Match","Better Note","Better Sensory Stone","Better Skull","Better Third Choice","Better Vampires","Bossed Relics","Colored Powertips","Displayed Cursed Tome","Evolution","Fox Events","Hubris","Minty Spire (QoL Compilation)","Reliquary","Ruina","StSLib"],"gold_per_floor":[112,0,15,38,56,84,84,110,133,133,133],"floor_reached":10,"language":"ENG","playtime":632,"items_purged":[],"score":95,"play_id":"5f677cf3-4647-4523-a6fe-a6adac35d888","local_time":"20210223162225","is_ascension_mode":true,"campfire_choices":[],"circlet_count":0,"master_deck":["Strike_R","Strike_R","Strike_R","Strike_R","Defend_R","Defend_R","Defend_R","Bash","Enlightenment"],"relics":["Burning Blood","EVO:Axolotl","hubris:ChampionShield","Girya","reliquary:SharkskinSheath"],"acts_visited":["Exordium"],"potions_floor_usage":[10],"damage_taken":[{"damage":6.0,"enemies":"2 Louse","floor":1.0,"turns":3.0},{"damage":7.0,"enemies":"Jaw Worm","floor":3.0,"turns":2.0},{"damage":0.0,"enemies":"Small Slimes","floor":5.0,"turns":3.0},{"damage":45.0,"enemies":"3 Sentries","floor":6.0,"turns":14.0},{"damage":40.0,"enemies":"Lagavulin","floor":8.0,"turns":5.0},{"damage":21,"enemies":"Gremlin Nob","floor":10,"turns":3}],"seed_played":"2004138768981741494","potions_obtained":[{"floor":3.0,"key":"SpeedPotion"},{"floor":5.0,"key":"BloodPotion"},{"floor":6.0,"key":"PowerPotion"},{"floor":8.0,"key":"LiquidMemories"}],"is_trial":false,"path_per_floor":["M","?","M","T","M","E","?","E","T","E"],"character_chosen":"IRONCLAD","items_purchased":[],"campfire_rested":0,"item_purchase_floors":[],"current_hp_per_floor":[72,78,77,77,78,54,54,20,20,0,0],"gold":133,"neow_bonus":"REMOVE_TWO","is_daily":false,"chose_seed":false,"campfire_upgraded":0,"win_rate":0.0,"timestamp":1614057745,"path_taken":["M","?","M","?","M","E","?","E","T","E"],"items_purchased_type":[],"build_version":"2020-12-22","purchased_purges":0,"victory":false,"max_hp_per_floor":[72,78,78,78,78,78,78,78,78,78,78],"card_choices":[{"not_picked":["Perfected Strike","Shockwave","Feel No Pain"],"picked":"SKIP","floor":1.0},{"not_picked":["Uppercut","Armaments","Sword Boomerang"],"picked":"SKIP","floor":3.0},{"not_picked":["Bloodletting","Infernal Blade","Pummel"],"picked":"SKIP","floor":5.0},{"not_picked":["Evolve","Flex","Seeing Red"],"picked":"SKIP","floor":6.0},{"not_picked":["Inflame","Hemokinesis","Sword Boomerang"],"picked":"SKIP","floor":8.0}],"player_experience":385079,"relics_obtained":[{"floor":6.0,"key":"hubris:ChampionShield"},{"floor":8.0,"key":"Girya"},{"floor":9.0,"key":"reliquary:SharkskinSheath"}],"event_choices":[{"damage_healed":0.0,"max_hp_gain":0.0,"max_hp_loss":0.0,"gold_gain":0.0,"event_name":"betterThird:BetterSerpent","player_choice":"RENOUNCE","floor":2.0,"gold_loss":112.0,"damage_taken":112.0,"cards_obtained":["Enlightenment"]},{"damage_healed":54.0,"max_hp_gain":0.0,"max_hp_loss":78.0,"gold_gain":0.0,"event_name":"betterThird:BetterShining","player_choice":"Leave","floor":7.0,"gold_loss":0.0,"damage_taken":0.0}],"is_beta":false,"boss_relics":[],"items_purged_floors":[],"is_endless":false,"potions_floor_spawned":[3,5,6,8],"killed_by":"Gremlin Nob","ascension_level":5}}