{"host":"dhv3u8yhd2rnugsp","time":1614097571,"event":{"mods":["100% Spire Juice","BaseMod","Block Reminder","Colored Map","Googly Eyes","Highlight Path","Minty Spire (QoL Compilation)","Permanent Neow","Quick Restart","Random Character Button","StSLib"],"gold_per_floor":[111,131,142,157,3,3,38,48,74,149,149,159,159,174,174,174,174],"floor_reached":16,"language":"ENG","playtime":840,"items_purged":["Regret"],"score":208,"play_id":"f47cc642-4c78-4aa0-8771-99dff65ac21b","local_time":"20210223102611","is_ascension_mode":true,"campfire_choices":[{"data":"Mayhem","floor":6,"key":"SMITH"},{"data":"Uppercut","floor":11,"key":"SMITH"},{"data":"Armaments","floor":13,"key":"SMITH"},{"floor":15,"key":"REST"}],"circlet_count":0,"master_deck":["AscendersBane","Strike_R","Strike_R","Strike_R","Strike_R","Strike_R","Defend_R","Defend_R","Defend_R","Defend_R","Bash","Mayhem+1","Armaments+1","Warcry","Clothesline","Ghostly Armor","Fire Breathing","Fire Breathing","Uppercut+1","Feel No Pain","Fiend Fire"],"relics":["Burning Blood","Smiling Mask","Potion Belt"],"acts_visited":["Exordium"],"potions_floor_usage":[4,14],"damage_taken":[{"damage":8,"enemies":"Cultist","floor":1,"turns":4},{"damage":3,"enemies":"2 Louse","floor":2,"turns":5},{"damage":17,"enemies":"Jaw Worm","floor":3,"turns":4},{"damage":12,"enemies":"3 Louse","floor":4,"turns":5},{"damage":15,"enemies":"3 Sentries","floor":7,"turns":4},{"damage":22,"enemies":"Large Slime","floor":8,"turns":6},{"damage":12,"enemies":"Looter","floor":12,"turns":4},{"damage":2,"enemies":"3 Louse","floor":14,"turns":4},{"damage":36,"enemies":"Hexaghost","floor":16,"turns":9}],"seed_played":"-535015018405564526","potions_obtained":[{"floor":1,"key":"Weak Potion"},{"floor":2,"key":"Dexterity Potion"},{"floor":8,"key":"Energy Potion"}],"is_trial":false,"path_per_floor":["M","M","M","M","$","R","E","M","T","?","R","M","R","M","R","B"],"character_chosen":"IRONCLAD","items_purchased":["Fire Breathing"],"campfire_rested":1,"item_purchase_floors":[5],"current_hp_per_floor":[66,69,58,52,52,52,43,27,27,16,16,10,10,14,36,0,0],"gold":174,"neow_bonus":"RANDOM_COLORLESS_2","is_daily":false,"chose_seed":false,"campfire_upgraded":3,"win_rate":0.0,"timestamp":1614097571,"path_taken":["M","?","M","M","$","R","E","M","T","?","R","M","R","M","R","BOSS"],"items_purchased_type":["Card"],"build_version":"2020-12-22","purchased_purges":1,"victory":false,"max_hp_per_floor":[75,75,75,75,75,75,75,75,75,75,75,75,75,75,75,75,75],"card_choices":[{"not_picked":["Violence","Chrysalis"],"picked":"Mayhem","floor":0},{"not_picked":["Rupture","Blood for Blood"],"picked":"Armaments","floor":1},{"not_picked":["Wild Strike","Clash"],"picked":"Warcry","floor":2},{"not_picked":["Pommel Strike","Sentinel"],"picked":"Clothesline","floor":3},{"not_picked":["Wild Strike","Armaments"],"picked":"Ghostly Armor","floor":4},{"not_picked":["Clothesline","Brutality"],"picked":"Fire Breathing","floor":7},{"not_picked":["True Grit","Iron Wave"],"picked":"Uppercut","floor":8},{"not_picked":["Thunderclap","Heavy Blade"],"picked":"Feel No Pain","floor":12},{"not_picked":["Flex","Uppercut"],"picked":"Fiend Fire","floor":14}],"player_experience":1662394,"relics_obtained":[{"floor":7,"key":"Smiling Mask"},{"floor":9,"key":"Potion Belt"}],"event_choices":[{"damage_healed":0,"gold_gain":75,"player_choice":"Gather Gold","damage_taken":11,"max_hp_gain":0,"max_hp_loss":0,"event_name":"World of Goop","floor":10,"gold_loss":0}],"is_beta":false,"boss_relics":[],"items_purged_floors":[5],"is_endless":false,"potions_floor_spawned":[1,2,8],"killed_by":"Hexaghost","ascension_level":20}}