{"host":"s229x1smnerk6mew","time":1614072452,"event":{"mods":["BaseMod","Bestiary","Minty Spire (QoL Compilation)","Relic Stats"],"gold_per_floor":[110,120,139,139,139,171,171,202,202,202,213,213,227,254,254,254,254],"floor_reached":16,"language":"ENG","playtime":632,"items_purged":[],"score":240,"play_id":"a21f2e54-0df3-42c0-982f-2ddb3d43df9a","local_time":"20210223202732","is_ascension_mode":true,"campfire_choices":[{"data":"Berserk","floor":7,"key":"SMITH"},{"data":"Cleave","floor":10,"key":"SMITH"},{"floor":15,"key":"REST"}],"circlet_count":0,"master_deck":["AscendersBane","Strike_R","Strike_R","Strike_R","Strike_R","Defend_R","Defend_R","Defend_R","Defend_R","Bash","Twin Strike+1","Headbutt","Cleave+1","Berserk+1","Intimidate","Shockwave"],"relics":["Burning Blood","Eternal Feather","Mummified Hand","Smiling Mask","Ornamental Fan","Molten Egg 2"],"acts_visited":["Exordium"],"potions_floor_usage":[6,8],"damage_taken":[{"damage":23,"enemies":"Small Slimes","floor":1,"turns":4},{"damage":19,"enemies":"Jaw Worm","floor":2,"turns":4},{"damage":9,"enemies":"2 Louse","floor":3,"turns":2},{"damage":8,"enemies":"Gremlin Nob","floor":6,"turns":3},{"damage":26,"enemies":"Lagavulin","floor":8,"turns":7},{"damage":6,"enemies":"2 Fungi Beasts","floor":11,"turns":3},{"damage":2,"enemies":"Exordium Thugs","floor":13,"turns":4},{"damage":31,"enemies":"3 Sentries","floor":14,"turns":8},{"damage":44,"enemies":"Slime Boss","floor":16,"turns":7}],"seed_played":"5688193039350759390","potions_obtained":[{"floor":3,"key":"LiquidMemories"},{"floor":6,"key":"Dexterity Potion"},{"floor":11,"key":"Ancient Potion"}],"is_trial":false,"path_per_floor":["M","M","M","?","T","E","R","E","T","R","M","?","M","E","R","B"],"character_chosen":"IRONCLAD","items_purchased":[],"campfire_rested":1,"item_purchase_floors":[],"current_hp_per_floor":[58,45,42,42,42,40,49,29,29,38,38,31,35,10,43,0,0],"gold":254,"neow_bonus":"TEN_PERCENT_HP_BONUS","is_daily":false,"chose_seed":false,"campfire_upgraded":2,"win_rate":0.0,"timestamp":1614072452,"path_taken":["M","M","M","?","?","E","R","E","T","R","M","?","M","E","R","BOSS"],"items_purchased_type":[],"build_version":"2020-12-22","purchased_purges":0,"victory":false,"max_hp_per_floor":[82,82,82,82,82,82,82,82,82,82,82,82,82,82,82,82,82],"relic_stats":{"counters":[9,42],"Mummified Hand":[3],"Ornamental Fan":[24],"Eternal Feather":27,"Smiling Mask":0,"obtain_stats":[{"Mummified Hand":6,"Ornamental Fan":9,"Eternal Feather":5,"Molten Egg 2":14,"Smiling Mask":8,"Burning Blood":0},{"Mummified Hand":4,"Ornamental Fan":5,"Eternal Feather":3,"Molten Egg 2":8,"Smiling Mask":5,"Burning Blood":0},{"Mummified Hand":13,"Ornamental Fan":20,"Eternal Feather":10,"Molten Egg 2":35,"Smiling Mask":20,"Burning Blood":0}],"Burning Blood":48},"card_choices":[{"not_picked":["Second Wind","Wild Strike"],"picked":"Twin Strike","floor":1},{"not_picked":["Heavy Blade","Perfected Strike"],"picked":"Headbutt","floor":2},{"not_picked":["Pummel","Sword Boomerang"],"picked":"Cleave","floor":3},{"not_picked":["Dark Embrace","Rupture"],"picked":"Berserk","floor":6},{"not_picked":["Body Slam","Thunderclap","Pummel"],"picked":"SKIP","floor":8},{"not_picked":["Wild Strike","Heavy Blade","Havoc"],"picked":"SKIP","floor":11},{"not_picked":["Blood for Blood","Wild Strike"],"picked":"Intimidate","floor":13},{"not_picked":["Brutality","Perfected Strike+1"],"picked":"Shockwave","floor":14}],"player_experience":2095527,"relics_obtained":[{"floor":5,"key":"Eternal Feather"},{"floor":6,"key":"Mummified Hand"},{"floor":8,"key":"Smiling Mask"},{"floor":9,"key":"Ornamental Fan"},{"floor":14,"key":"Molten Egg 2"}],"event_choices":[{"damage_healed":0,"gold_gain":0,"player_choice":"Grow","damage_taken":0,"max_hp_gain":0,"max_hp_loss":0,"event_name":"Living Wall","floor":4,"gold_loss":0,"cards_upgraded":["Twin Strike"]},{"cards_removed":["Strike_R"],"damage_healed":0,"gold_gain":0,"player_choice":"Card Removal","damage_taken":7,"max_hp_gain":0,"max_hp_loss":0,"event_name":"Golden Wing","floor":12,"gold_loss":0}],"is_beta":false,"boss_relics":[],"items_purged_floors":[],"is_endless":false,"potions_floor_spawned":[3,6,11],"killed_by":"Slime Boss","ascension_level":20}}