{"host":"s0nrlal5fls38heo","time":1614047091,"event":{"mods":["AchievementEnabler","BaseMod","Colored Powertips","Dark Map","Displayed Cursed Tome","Downfall","Faster Ascension Climbing","GifTheSpireLib","Minty Spire (QoL Compilation)","Permanent Neow","Rare Cards Sparkle","Relic Filter Mod","StSLib"],"gold_per_floor":[0,12,30,49,49,49,49,76,106,123,151,61,92,111,124,225,225,125,144,244,259,319,369,369,369,397,447,480,490,531,39,57,167,167,67,95,113,163,213,254,280,180,216,324,359,465,485,502,519,519,519,555,50,50,50,50,50,50],"floor_reached":56,"language":"ENG","playtime":4089,"items_purged":["downfall:Malfunctioning"],"score":1583,"play_id":"fcf9ccad-3235-4575-b949-30975a300bac","local_time":"20210223032451","is_ascension_mode":true,"campfire_choices":[{"data":"hexamod:Float","floor":1.0,"key":"SMITH"},{"data":"hexamod:SpectersWail","floor":6.0,"key":"SMITH"},{"data":"hexamod:ApocalypseNow","floor":18.0,"key":"SMITH"},{"floor":25.0,"key":"RECALL"},{"data":"hexamod:HexaLevel","floor":35.0,"key":"SMITH"},{"data":"hexamod:ForkedFlame","floor":42.0,"key":"SMITH"},{"data":"Apotheosis","floor":54.0,"key":"SMITH"}],"circlet_count":0,"master_deck":["AscendersBane","hexamod:Strike+1","hexamod:Strike+1","hexamod:Strike+1","hexamod:Strike+1","hexamod:Defend+1","hexamod:Defend+1","hexamod:Defend+1","hexamod:Defend+1","hexamod:Sear+1","hexamod:Float+1","hexamod:SixthSeal","hexamod:SpectersWail+1","hexamod:InspiringFlames+1","hexamod:SwordOfDarkness+1","hexamod:UnlimitedPower+1","hexamod:FirstSeal","hexamod:ThirdSeal","hexamod:HeatShield+1","hexamod:EmpoweredFlame+1","hexamod:SpectersWail+1","hexamod:WildfireWeapon+1","hexamod:EmpoweredFlame+1","hexamod:RecurringNightmare+1","hexamod:SoulSteal+1","hexamod:ApocalypseNow+1","hexamod:TimeWarp","hexamod:GhostOfSpirePast+1","hexamod:NightmareStrike+1","hexamod:Hexaguard+1","hexamod:FlamesFromBeyond+1","hexamod:Hexaguard+1","hexamod:FlamesFromBeyond+1","hexamod:FirstSeal","hexamod:ForkedFlame+1","hexamod:FourthSeal","hexamod:PowerFromBeyond+1","hexamod:Hexaguard+1","hexamod:Hexaguard","hexamod:SecondSeal","hexamod:SearingWound","hexamod:UnlimitedPower+1","hexamod:HexaLevel+1","hexamod:ApocalypseNow+1","hexamod:Hexaguard+1","hexamod:Hexaguard+1","hexamod:NightmareGuise+1","expansioncontent:Chronoboost+1","expansioncontent:AwakenDeath","expansioncontent:AwakenDeath","hexamod:GhostflameBarrier","hexamod:PhantomCloak+1","hexamod:ShieldOfDarkness+1","hexamod:Rewind+1","hexamod:PowerFromBeyond","hexamod:ForkedFlame+1","hexamod:ShieldOfDarkness+1","hexamod:TimeOfNeed","hexamod:PowerFromBeyond+1","hexamod:ExtraCrispy+1","Apotheosis+1","hexamod:RadiantFlame"],"relics":["hexamod:SpiritBrand","InkBottle","Oddly Smooth Stone","hexamod:MatchstickCase","Guardian:PocketSentry","PreservedInsect","Coffee Dripper","downfall:HeartBlessingGreen","downfall:CloakOfManyFaces","CultistMask","FaceOfCleric","NlothsMask","GremlinMask","SsserpentHead","Bag of Marbles","War Paint","Eternal Feather","DollysMirror","Matryoshka","Slimebound:StickyStick","Runic Pyramid","downfall:HeartBlessingRed","Strawberry","Nunchaku","Blood Vial","Regal Pillow","downfall:HeartBlessingBlue","TungstenRod","Mango","HornCleat","Girya","FossilizedHelix","Shuriken"],"acts_visited":["Exordium","TheCity","TheBeyond","TheEnding"],"potions_floor_usage":[56,56],"damage_taken":[{"damage":10.0,"enemies":"2 Louse","floor":2.0,"turns":3.0},{"damage":4.0,"enemies":"Jaw Worm","floor":3.0,"turns":4.0},{"damage":0.0,"enemies":"Cultist","floor":4.0,"turns":3.0},{"damage":5.0,"enemies":"3 Sentries","floor":9.0,"turns":5.0},{"damage":0.0,"enemies":"downfall:LooterAlt","floor":10.0,"turns":3.0},{"damage":22.0,"enemies":"Lagavulin","floor":11.0,"turns":7.0},{"damage":0.0,"enemies":"downfall:FleeingMerchant","floor":12.0,"turns":4.0},{"damage":3.0,"enemies":"Gremlin Nob","floor":13.0,"turns":3.0},{"damage":0.0,"enemies":"Large Slime","floor":14.0,"turns":5.0},{"damage":0.0,"enemies":"Blue Slaver","floor":15.0,"turns":2.0},{"damage":10.0,"enemies":"WA_ARCHETYPE_RETAIN","floor":16.0,"turns":8.0},{"damage":17.0,"enemies":"downfall:LooterAlt2","floor":19.0,"turns":3.0},{"damage":0.0,"enemies":"downfall:FaceTrader","floor":20.0,"turns":5.0},{"damage":0.0,"enemies":"Chosen","floor":21.0,"turns":3.0},{"damage":2.0,"enemies":"Snake Plant","floor":22.0,"turns":3.0},{"damage":0.0,"enemies":"Gremlin Leader","floor":26.0,"turns":5.0},{"damage":10.0,"enemies":"Book of Stabbing","floor":28.0,"turns":3.0},{"damage":3.0,"enemies":"Cultist and Chosen","floor":29.0,"turns":6.0},{"damage":9.0,"enemies":"Slavers","floor":30.0,"turns":3.0},{"damage":0.0,"enemies":"downfall:FleeingMerchant","floor":31.0,"turns":4.0},{"damage":0.0,"enemies":"Snecko","floor":32.0,"turns":3.0},{"damage":31.0,"enemies":"SI_MIRROR_ARCHETYPE","floor":33.0,"turns":10.0},{"damage":5.0,"enemies":"3 Shapes","floor":36.0,"turns":5.0},{"damage":31.0,"enemies":"3 Darklings","floor":37.0,"turns":3.0},{"damage":0.0,"enemies":"Giant Head","floor":40.0,"turns":6.0},{"damage":33.0,"enemies":"Nemesis","floor":43.0,"turns":9.0},{"damage":0.0,"enemies":"Nemesis","floor":44.0,"turns":8.0},{"damage":0.0,"enemies":"Giant Head","floor":45.0,"turns":5.0},{"damage":6.0,"enemies":"2 Orb Walkers","floor":46.0,"turns":4.0},{"damage":6.0,"enemies":"Writhing Mass","floor":47.0,"turns":6.0},{"damage":5.0,"enemies":"Transient","floor":48.0,"turns":5.0},{"damage":3.0,"enemies":"4 Shapes","floor":49.0,"turns":4.0},{"damage":26.0,"enemies":"DF_ARCHETYPE_ORBS","floor":50.0,"turns":14.0},{"damage":14.0,"enemies":"downfall:CharBossMerchant","floor":52.0,"turns":5.0},{"damage":0,"enemies":"downfall:NeowBoss","floor":55,"turns":15},{"damage":190,"enemies":"downfall:NeowBossFinal","floor":56,"turns":14}],"seed_played":"-9158544105618844608","potions_obtained":[{"floor":2.0,"key":"Guardian:BlockOnCardUsePotion"},{"floor":10.0,"key":"Regen Potion"},{"floor":13.0,"key":"FearPotion"},{"floor":14.0,"key":"hexamod:EctoCoolerPotion"},{"floor":15.0,"key":"Energy Potion"},{"floor":21.0,"key":"BlessingOfTheForge"},{"floor":22.0,"key":"Block Potion"},{"floor":28.0,"key":"hexamod:SoulburnPotion"},{"floor":28.0,"key":"PowerPotion"},{"floor":29.0,"key":"AttackPotion"},{"floor":30.0,"key":"SteroidPotion"},{"floor":31.0,"key":"champ:CounterPotion"},{"floor":32.0,"key":"DistilledChaos"},{"floor":33.0,"key":"hexamod:DoubleChargePotion"},{"floor":37.0,"key":"AttackPotion"},{"floor":43.0,"key":"FearPotion"},{"floor":44.0,"key":"Fruit Juice"},{"floor":44.0,"key":"LiquidMemories"},{"floor":46.0,"key":"DistilledChaos"},{"floor":52.0,"key":"SkillPotion"}],"is_trial":false,"path_per_floor":["R","M","M","M","?","R","T","T","E","M","E","$","E","M","M","B",null,"R","M","?","M","M","?","T","R","E","?","E","M","E","$","M","B",null,"R","M","M","?","?","E","T","R","E","?","E","?","M","M","M","B",null,"E","$","R","B","B"],"character_chosen":"THE_SPIRIT","items_purchased":["DollysMirror","Matryoshka","Slimebound:StickyStick","Apotheosis","Shuriken","hexamod:RadiantFlame"],"campfire_rested":0,"item_purchase_floors":[31,31,31,53,53,53],"current_hp_per_floor":[63,53,49,49,49,49,49,49,44,44,37,44,48,55,55,52,66,66,49,49,57,63,63,63,63,71,71,62,74,66,74,75,52,72,79,80,64,54,61,62,62,99,81,117,121,116,123,119,119,103,120,116,116,127,128,0,0,0],"gold":50,"neow_bonus":"THREE_RARE_CARDS","is_daily":false,"chose_seed":false,"campfire_upgraded":6,"win_rate":0.0,"timestamp":1614047091,"path_taken":["R","M","M","M","?","R","T","?","E","M","E","$","E","M","M","BOSS","R","M","?","M","?","?","T","R","E","?","E","M","E","?","M","BOSS","R","M","M","?","?","E","T","R","E","?","E","?","M","M","M","BOSS","E","$","R","BOSS","BOSS"],"items_purchased_type":["Relic","Relic","Relic","Card","Relic","Card"],"build_version":"2020-12-22","purchased_purges":1,"victory":false,"max_hp_per_floor":[70,70,70,70,70,70,70,70,70,70,70,70,70,70,70,70,70,70,70,70,71,72,72,72,72,73,73,74,75,76,77,78,79,79,79,80,81,81,88,89,89,99,100,120,121,122,123,124,125,126,126,127,127,127,128,128,128,128],"card_choices":[{"not_picked":["hexamod:FifthSeal","hexamod:VolcanoVisage"],"picked":"hexamod:SixthSeal","floor":0.0},{"not_picked":["hexamod:NightmareGuise","hexamod:BacktrackSmack"],"picked":"hexamod:SpectersWail","floor":2.0},{"not_picked":["hexamod:FastForward","hexamod:GhostShield"],"picked":"hexamod:InspiringFlames","floor":3.0},{"not_picked":["hexamod:ChargedBarrage","hexamod:BacktrackSmack"],"picked":"hexamod:SwordOfDarkness","floor":4.0},{"not_picked":["hexamod:FirstSeal","hexamod:Again"],"picked":"hexamod:UnlimitedPower","floor":9.0},{"not_picked":["hexamod:NightmareStrike","hexamod:RetreatToShadows"],"picked":"hexamod:FirstSeal","floor":10.0},{"not_picked":["hexamod:HeatCrush","hexamod:HauntingEcho"],"picked":"hexamod:ThirdSeal","floor":11.0},{"not_picked":["hexamod:BacktrackSmack","hexamod:Firestarter"],"picked":"hexamod:HeatShield","floor":12.0},{"not_picked":["hexamod:GhostLash","hexamod:FirstSeal"],"picked":"hexamod:EmpoweredFlame","floor":12.0},{"not_picked":["hexamod:BacktrackSmack","hexamod:FastForward"],"picked":"hexamod:SpectersWail","floor":13.0},{"not_picked":["hexamod:NightmareStrike","hexamod:NightmareGuise"],"picked":"hexamod:WildfireWeapon","floor":13.0},{"not_picked":["hexamod:InspiringFlames","hexamod:SpectersWail"],"picked":"hexamod:EmpoweredFlame","floor":14.0},{"not_picked":["hexamod:Again","hexamod:AdvancingGuard"],"picked":"hexamod:RecurringNightmare","floor":14.0},{"not_picked":["hexamod:SwordOfDarkness","hexamod:BurningTouch"],"picked":"hexamod:SoulSteal","floor":15.0},{"not_picked":["hexamod:Toasty","hexamod:WildfireWeapon"],"picked":"hexamod:ApocalypseNow","floor":16.0},{"not_picked":["hexamod:ParanormalForm","hexamod:ApocalypseNow"],"picked":"hexamod:TimeWarp","floor":16.0},{"not_picked":["hexamod:InspiringFlames","hexamod:SpectersWail+1"],"picked":"hexamod:GhostOfSpirePast","floor":19.0},{"not_picked":["hexamod:SpectralSpark","hexamod:GhostLash+1"],"picked":"hexamod:NightmareStrike","floor":19.0},{"not_picked":["hexamod:GhostLash","hexamod:InspiringFlames"],"picked":"hexamod:Hexaguard+1","floor":20.0},{"not_picked":["hexamod:GhostLash+1","hexamod:AdvancingGuard"],"picked":"hexamod:FlamesFromBeyond","floor":20.0},{"not_picked":["hexamod:SwordOfDarkness+1","hexamod:AdvancingGuard"],"picked":"hexamod:Hexaguard","floor":21.0},{"not_picked":["hexamod:FastForward","hexamod:CatchUp"],"picked":"hexamod:FlamesFromBeyond","floor":22.0},{"not_picked":["hexamod:PhantomFireball+1","hexamod:HauntingEcho"],"picked":"hexamod:FirstSeal","floor":26.0},{"not_picked":["hexamod:GhostOfSpirePast","hexamod:Firestarter"],"picked":"hexamod:ForkedFlame","floor":26.0},{"not_picked":["hexamod:SecondSeal","hexamod:FlamesFromBeyond"],"picked":"hexamod:PowerFromBeyond","floor":28.0},{"not_picked":["hexamod:SuperheatedStrike","hexamod:SoulSteal"],"picked":"hexamod:Hexaguard+1","floor":28.0},{"not_picked":["hexamod:NecessarySacrifice","hexamod:RecurringNightmare"],"picked":"hexamod:Hexaguard","floor":29.0},{"not_picked":["hexamod:BurningTouch","hexamod:FastForward+1"],"picked":"hexamod:SecondSeal","floor":29.0},{"not_picked":["hexamod:GhostShield","hexamod:Incineration+1"],"picked":"hexamod:SearingWound","floor":30.0},{"not_picked":["hexamod:SuperheatedStrike+1","hexamod:HauntingEcho+1","hexamod:FastForward"],"picked":"SKIP","floor":31.0},{"not_picked":["hexamod:BacktrackSmack+1","hexamod:InspiringFlames","hexamod:Rewind"],"picked":"SKIP","floor":32.0},{"not_picked":["hexamod:ParanormalForm","hexamod:ApocalypseNow"],"picked":"hexamod:HexaLevel","floor":33.0},{"not_picked":["hexamod:ParanormalForm","hexamod:SearingWound"],"picked":"hexamod:ApocalypseNow","floor":33.0},{"not_picked":["hexamod:FlamesFromBeyond","hexamod:DynamicBlow"],"picked":"hexamod:Hexaguard+1","floor":36.0},{"not_picked":["hexamod:NightmareGuise+1","hexamod:GhostShield"],"picked":"hexamod:Hexaguard","floor":37.0},{"not_picked":["hexamod:ThermalTransfer+1","hexamod:Firestarter+1"],"picked":"hexamod:NightmareGuise+1","floor":37.0},{"not_picked":["expansioncontent:AwakenDeath","expansioncontent:YouAreMine"],"picked":"expansioncontent:Chronoboost","floor":38.0},{"not_picked":["expansioncontent:PrepareCrush","expansioncontent:InvincibleStrength"],"picked":"expansioncontent:AwakenDeath","floor":38.0},{"not_picked":["expansioncontent:PrepareCrush","expansioncontent:YouAreMine"],"picked":"expansioncontent:AwakenDeath","floor":38.0},{"not_picked":["hexamod:SpectersWail","hexamod:FourthSeal"],"picked":"hexamod:GhostflameBarrier","floor":40.0},{"not_picked":["hexamod:FlamesFromBeyond+1","hexamod:RadiantFlame+1"],"picked":"hexamod:PhantomCloak+1","floor":40.0},{"not_picked":["hexamod:NightmareGuise","hexamod:InspiringFlames+1"],"picked":"hexamod:ShieldOfDarkness","floor":43.0},{"not_picked":["hexamod:PhantomCloak+1","hexamod:StepThrough"],"picked":"hexamod:Rewind+1","floor":43.0},{"not_picked":["hexamod:SpectralSpark","hexamod:FastForward+1"],"picked":"hexamod:PowerFromBeyond","floor":44.0},{"not_picked":["hexamod:SpectralSpark+1","hexamod:SuperheatedStrike+1","hexamod:SwordOfDarkness"],"picked":"SKIP","floor":45.0},{"not_picked":["hexamod:Firestarter+1","hexamod:GhostShield+1"],"picked":"hexamod:ForkedFlame","floor":46.0},{"not_picked":["hexamod:FirstSeal","hexamod:BurningTouch"],"picked":"hexamod:ShieldOfDarkness+1","floor":47.0},{"not_picked":["hexamod:SpectersWail+1","hexamod:FlamesFromBeyond+1"],"picked":"hexamod:TimeOfNeed","floor":47.0},{"not_picked":["hexamod:BacktrackSmack+1","hexamod:SecondSeal","hexamod:SwordOfDarkness+1"],"picked":"SKIP","floor":48.0},{"not_picked":["hexamod:ThermalTransfer+1","hexamod:Firestarter","hexamod:DynamicBlow+1"],"picked":"SKIP","floor":49.0},{"not_picked":["hexamod:GhostOfSpireFuture","hexamod:HauntingEcho+1","hexamod:SpectersWail"],"picked":"SKIP","floor":49.0},{"not_picked":["hexamod:Hexaguard","hexamod:GhostflameBarrier"],"picked":"hexamod:PowerFromBeyond+1","floor":52.0},{"not_picked":["hexamod:SuperheatedStrike+1","hexamod:Incineration+1"],"picked":"hexamod:ExtraCrispy+1","floor":52.0}],"player_experience":68832,"relics_obtained":[{"floor":7.0,"key":"InkBottle"},{"floor":8.0,"key":"Oddly Smooth Stone"},{"floor":9.0,"key":"hexamod:MatchstickCase"},{"floor":11.0,"key":"Guardian:PocketSentry"},{"floor":13.0,"key":"PreservedInsect"},{"floor":20.0,"key":"downfall:CloakOfManyFaces"},{"floor":26.0,"key":"Bag of Marbles"},{"floor":28.0,"key":"War Paint"},{"floor":30.0,"key":"Eternal Feather"},{"floor":39.0,"key":"Strawberry"},{"floor":40.0,"key":"Nunchaku"},{"floor":41.0,"key":"Blood Vial"},{"floor":41.0,"key":"Regal Pillow"},{"floor":43.0,"key":"TungstenRod"},{"floor":44.0,"key":"Mango"},{"floor":45.0,"key":"HornCleat"},{"floor":46.0,"key":"Girya"},{"floor":52.0,"key":"FossilizedHelix"}],"event_choices":[{"damage_healed":0.0,"max_hp_gain":0.0,"max_hp_loss":0.0,"gold_gain":0.0,"event_name":"Mysterious Sphere","player_choice":"Fight","floor":46.0,"gold_loss":0.0,"damage_taken":0.0}],"is_beta":false,"boss_relics":[{"not_picked":["Sozu","Black Star"],"picked":"Coffee Dripper"},{"not_picked":["hexamod:UnbrokenSoul","SacredBark"],"picked":"Runic Pyramid"}],"items_purged_floors":[12],"is_endless":false,"potions_floor_spawned":[2,10,13,14,15,21,22,28,30,32,37,44,46,47,48,49],"killed_by":"downfall:NeowBossFinal","ascension_level":11}}