{"host":"aycnbidq9d24owrh","time":1614072901,"event":{"mods":["Bard","BaseMod","BetterRewards","Colored Map","Downfall","Hubris","Infinite Spire","Minty Spire (QoL Compilation)","Replay The Spire","Spire Arcade","StSLib","The Cursed","The Disciple","The Hierophant","The Jungle","The Runesmith","TheBandit"],"gold_per_floor":[20,20,20,31,45,77,77,107,132,132,146,219,231,231,231,327,327,346,346,346,366,441,441,459,474,474,474,474,488,516,516,516,613,613,630,642,642,642],"floor_reached":37,"language":"ENG","playtime":1376,"items_purged":[],"score":389,"play_id":"0d54bbf7-eb7d-4f80-8b4c-66d7fde721f1","local_time":"20210223013501","is_ascension_mode":false,"campfire_choices":[{"floor":7,"key":"REST"},{"floor":7,"key":"DIG"},{"floor":10,"key":"REST"},{"data":"Strike_R+2","floor":15,"key":"SMITH"},{"floor":23,"key":"DIG"},{"floor":32,"key":"REST"}],"circlet_count":0,"master_deck":["Strike_R","Strike_R","Strike_R+3","Strike_R","Strike_R","Defend_R+1","Defend_R","Defend_R","Defend_R","Replay:Undeath\u0027s Touch","hubris:StunningStrike","Rage+1","Pummel","Thunderclap+1","Anger","Run Through","Replay:Many Hands","Inflame+1","Anger","Thunderclap+1","ReplayTheSpireMod:LeadingStrike","Writhe","Heavy Blade","Rupture","Replay:Many Hands","Clash+1","Iron Wave+1"],"relics":["Burning Blood","infinitespire:Magic Flask","Mango","Replay:Multitool","Ancient Tea Set","Simple Rune","hubris:VirtuousBlindfold","hubris:Towel","ReplayTheSpireMod:Shallot","infinitespire:Golems Mask","hubris:ToyBattleship","Incense Burner","SlaversCollar"],"acts_visited":["Exordium","TheCity","TheBeyond"],"potions_floor_usage":[16,21,25,30,33,33,33,35],"damage_taken":[{"damage":8,"enemies":"Small Slimes","floor":1,"turns":3},{"damage":6,"enemies":"Cultist","floor":4,"turns":4},{"damage":6,"enemies":"Jaw Worm","floor":5,"turns":4},{"damage":67,"enemies":"3 Sentries","floor":6,"turns":15},{"damage":2,"enemies":"Looter","floor":11,"turns":4},{"damage":7,"enemies":"Exordium Wildlife","floor":13,"turns":3},{"damage":26,"enemies":"Slime Boss","floor":16,"turns":12},{"damage":4,"enemies":"Shell Parasite","floor":18,"turns":5},{"damage":0,"enemies":"Spheric Guardian","floor":21,"turns":3},{"damage":7,"enemies":"Centurion and Healer","floor":24,"turns":5},{"damage":10,"enemies":"Snecko","floor":25,"turns":4},{"damage":0,"enemies":"Snake Plant","floor":29,"turns":3},{"damage":16,"enemies":"Book of Stabbing","floor":30,"turns":4},{"damage":9,"enemies":"Automaton","floor":33,"turns":6},{"damage":30,"enemies":"3 Shapes","floor":35,"turns":5},{"damage":36,"enemies":"3 Darklings","floor":36,"turns":6},{"damage":46,"enemies":"Spire Growth","floor":37,"turns":5}],"seed_played":"-5961156998993015413","potions_obtained":[{"floor":4,"key":"Venom Potion"},{"floor":5,"key":"SteroidPotion"},{"floor":6,"key":"Languid Potion"},{"floor":18,"key":"Adrenaline Potion"},{"floor":29,"key":"CultistPotion"},{"floor":32,"key":"sneckomod:MuddlingPotion"},{"floor":32,"key":"BlessingOfTheForge"},{"floor":33,"key":"Venom Potion"}],"is_trial":false,"path_per_floor":["M","?","?","M","M","E","R","?","T","R","M","R","M","?","R","B",null,"M","?","?","M","?","R","M","M","T","?","R","M","E","?","R","B",null,"M","M","M"],"character_chosen":"IRONCLAD","items_purchased":[],"campfire_rested":3,"item_purchase_floors":[],"current_hp_per_floor":[78,89,89,89,89,28,56,56,56,94,94,94,93,93,93,73,94,94,94,94,94,85,85,84,80,80,80,94,94,84,21,49,46,94,70,40,0,0],"gold":642,"neow_bonus":"ONE_RARE_RELIC","is_daily":false,"chose_seed":false,"campfire_upgraded":1,"win_rate":0.0,"timestamp":1614072901,"path_taken":["M","?","?","?","M","E","R","?","T","R","M","R","M","?","R","BOSS","M","?","?","M","?","R","?","M","T","?","R","M","E","?","R","BOSS","M","M","M"],"items_purchased_type":[],"build_version":"2020-12-22","purchased_purges":0,"victory":false,"max_hp_per_floor":[80,94,94,94,94,94,94,94,94,94,94,94,94,94,94,94,94,94,94,94,94,94,94,94,94,94,94,94,94,94,94,94,94,94,94,94,94,94],"card_choices":[{"not_picked":["Sword Boomerang","Pommel Strike"],"picked":"Replay:Undeath\u0027s Touch","floor":1},{"not_picked":["Sword Boomerang","Run Through"],"picked":"Rage","floor":4},{"not_picked":["Body Slam","Barricade"],"picked":"Pummel","floor":5},{"not_picked":["True Grit","Warcry"],"picked":"Thunderclap","floor":6},{"not_picked":["Rampage","Cleave"],"picked":"Anger","floor":11},{"not_picked":["Heavy Blade","hubris:SharpeningStone"],"picked":"Run Through","floor":13},{"not_picked":["Brutality","Fiend Fire"],"picked":"Replay:Many Hands","floor":16},{"not_picked":["Headbutt","Pommel Strike"],"picked":"Inflame+1","floor":18},{"not_picked":["Dark Embrace","Warcry"],"picked":"Anger","floor":21},{"not_picked":["Headbutt","ReplayTheSpireMod:Corrosion Curse"],"picked":"Thunderclap+1","floor":24},{"not_picked":["hubris:StunningStrike","Iron Wave"],"picked":"ReplayTheSpireMod:LeadingStrike","floor":25},{"not_picked":["Body Slam+1","Flex"],"picked":"Heavy Blade","floor":29},{"not_picked":["Dual Wield","Anger"],"picked":"Rupture","floor":30},{"not_picked":["Juggernaut","Brutality"],"picked":"Replay:Many Hands","floor":33},{"not_picked":["Armaments","hubris:CleavingFinish"],"picked":"Clash+1","floor":35},{"not_picked":["Life Link","ReplayTheSpireMod:Strike From Hell+1"],"picked":"Iron Wave+1","floor":36}],"player_experience":2489,"relics_obtained":[{"floor":6,"key":"Replay:Multitool"},{"floor":7,"key":"Ancient Tea Set"},{"floor":9,"key":"Simple Rune"},{"floor":23,"key":"ReplayTheSpireMod:Shallot"},{"floor":26,"key":"infinitespire:Golems Mask"},{"floor":30,"key":"Incense Burner"}],"event_choices":[{"damage_healed":0,"gold_gain":0,"player_choice":"Success","damage_taken":3,"relics_obtained":["Mango"],"max_hp_gain":0,"max_hp_loss":0,"event_name":"Scrap Ooze","floor":2,"gold_loss":0},{"damage_healed":0,"gold_gain":0,"cards_transformed":["Bash"],"player_choice":"Transformed","damage_taken":0,"max_hp_gain":0,"max_hp_loss":0,"event_name":"Transmorgrifier","floor":3,"gold_loss":0,"cards_obtained":["hubris:StunningStrike"]},{"damage_healed":0,"gold_gain":30,"player_choice":"Searched \u00271\u0027 times","damage_taken":0,"max_hp_gain":0,"max_hp_loss":0,"event_name":"Dead Adventurer","floor":8,"gold_loss":0},{"damage_healed":0,"gold_gain":0,"player_choice":"Ignored","damage_taken":0,"max_hp_gain":0,"max_hp_loss":0,"event_name":"Beggar","floor":19,"gold_loss":0},{"damage_healed":0,"gold_gain":75,"player_choice":"Touch","damage_taken":9,"max_hp_gain":0,"max_hp_loss":0,"event_name":"FaceTrader","floor":22,"gold_loss":0},{"damage_healed":0,"gold_gain":0,"player_choice":"Opened","damage_taken":0,"relics_obtained":["hubris:ToyBattleship"],"max_hp_gain":0,"max_hp_loss":0,"event_name":"The Mausoleum","floor":27,"gold_loss":0,"cards_obtained":["Writhe"]}],"is_beta":false,"boss_relics":[{"not_picked":["Painkiller Herb","hubris:TerracottaHorce"],"picked":"hubris:VirtuousBlindfold"},{"not_picked":["ReplayTheSpireMod:SealedPack","Honey Jar"],"picked":"SlaversCollar"}],"items_purged_floors":[],"is_endless":false,"potions_floor_spawned":[4,5,6,18,29,33],"killed_by":"Spire Growth","ascension_level":0}}