{"host":"70zhvo5nwrhp1mbg","time":1614108467,"event":{"mods":["BaseMod","Colored Map","Colored Powertips","Highlight Path","Minty Spire (QoL Compilation)","Rare Cards Sparkle","StSLib"],"gold_per_floor":[116,61,211,211,226,251,251,282,337,337,35,63,77,90,90,169,169,188,103,121,137,157,157,192,192,218,230,275,14,14,14,14,90,90,108,122,132,19,38,66,66,66,66,66,93,93,0,0,0,0],"floor_reached":51,"language":"ENG","playtime":2665,"items_purged":["Strike_R"],"score":1693,"play_id":"e51a2053-4793-4e89-ba5c-a49d3cb73131","local_time":"20210223142747","is_ascension_mode":true,"campfire_choices":[{"data":"Armaments","floor":7,"key":"SMITH"},{"data":"Clothesline","floor":10,"key":"SMITH"},{"data":"Feel No Pain","floor":15,"key":"SMITH"},{"data":"Fiend Fire","floor":23,"key":"SMITH"},{"data":"Berserk","floor":25,"key":"SMITH"},{"data":"Flame Barrier","floor":27,"key":"SMITH"},{"floor":32,"key":"DIG"},{"data":"Barricade","floor":41,"key":"SMITH"},{"data":"Seeing Red","floor":42,"key":"SMITH"},{"floor":44,"key":"DIG"},{"data":"Whirlwind","floor":46,"key":"SMITH"},{"floor":49,"key":"DIG"}],"circlet_count":0,"master_deck":["AscendersBane","Strike_R","Strike_R+1","Strike_R+1","Strike_R","Defend_R","Defend_R","Defend_R","Defend_R","Bash","Corruption+1","Flex","Armaments+1","Flex","Seeing Red+1","Clothesline+1","Flame Barrier+1","Flex","Sentinel","Feel No Pain+1","Fiend Fire+1","Warcry","Shrug It Off","Pommel Strike","Twin Strike+1","Berserk+1","Disarm","Whirlwind+1","Barricade+1","Shrug It Off","Seeing Red+1","Shrug It Off+1","Flex","Flame Barrier+1","Power Through"],"relics":["Burning Blood","NeowsBlessing","Dead Branch","Membership Card","Lantern","Pear","Whetstone","Charon\u0027s Ashes","Frozen Eye","The Courier","Runic Pyramid","Anchor","Happy Flower","MawBank","WingedGreaves","Bag of Preparation","Shovel","Chemical X","Orichalcum","Mark of Pain","Kunai","Mummified Hand","Calipers","Ornamental Fan","MealTicket","Red Mask","Sundial","Nunchaku"],"acts_visited":["Exordium","TheCity","TheBeyond"],"potions_floor_usage":[12,14,16,16,24,50],"damage_taken":[{"damage":0,"enemies":"Cultist","floor":1,"turns":1},{"damage":0,"enemies":"2 Louse","floor":5,"turns":1},{"damage":0,"enemies":"Lagavulin","floor":6,"turns":1},{"damage":39,"enemies":"3 Sentries","floor":8,"turns":8},{"damage":22,"enemies":"Lagavulin","floor":12,"turns":4},{"damage":6,"enemies":"Small Slimes","floor":13,"turns":3},{"damage":11,"enemies":"Exordium Thugs","floor":14,"turns":5},{"damage":36,"enemies":"Hexaghost","floor":16,"turns":13},{"damage":11,"enemies":"Spheric Guardian","floor":18,"turns":3},{"damage":0,"enemies":"Shell Parasite","floor":20,"turns":2},{"damage":3,"enemies":"Shelled Parasite and Fungi","floor":21,"turns":1},{"damage":9,"enemies":"3 Cultists","floor":22,"turns":5},{"damage":39,"enemies":"Slavers","floor":24,"turns":5},{"damage":39,"enemies":"Gremlin Leader","floor":28,"turns":4},{"damage":30,"enemies":"Champ","floor":33,"turns":11},{"damage":0,"enemies":"Orb Walker","floor":35,"turns":1},{"damage":0,"enemies":"3 Darklings","floor":36,"turns":1},{"damage":0,"enemies":"Sphere and 2 Shapes","floor":37,"turns":1},{"damage":0,"enemies":"4 Shapes","floor":39,"turns":1},{"damage":10,"enemies":"Giant Head","floor":40,"turns":7},{"damage":1,"enemies":"Reptomancer","floor":45,"turns":3},{"damage":0,"enemies":"Awakened One","floor":50,"turns":15}],"seed_played":"-4349614015073209999","potions_obtained":[{"floor":1,"key":"FearPotion"},{"floor":8,"key":"Block Potion"},{"floor":13,"key":"FearPotion"},{"floor":14,"key":"AttackPotion"},{"floor":18,"key":"PowerPotion"},{"floor":28,"key":"GamblersBrew"},{"floor":45,"key":"DistilledChaos"}],"is_trial":false,"path_per_floor":["M","$","?","?","M","E","R","E","T","R","$","E","M","M","R","B",null,"M","?","M","M","M","R","E","R","T","R","E","$","?","?","R","B",null,"M","M","M","$","M","E","R","R","T","R","E","R","?","T","R","B",null],"character_chosen":"IRONCLAD","items_purchased":["Armaments","Charon\u0027s Ashes","Frozen Eye","Flame Barrier","Bag of Preparation","Shovel","Chemical X","Whirlwind","Kunai"],"campfire_rested":0,"item_purchase_floors":[2,11,11,11,29,29,29,29,38],"current_hp_per_floor":[74,74,74,74,75,75,75,52,52,52,52,36,36,31,31,31,72,67,67,73,76,73,73,40,40,40,40,32,32,32,7,7,63,83,89,90,90,90,90,86,86,86,86,86,90,90,90,90,90,90],"gold":0,"neow_bonus":"THREE_ENEMY_KILL","is_daily":false,"chose_seed":false,"campfire_upgraded":9,"win_rate":0.0,"timestamp":1614108467,"path_taken":["M","?","?","?","M","E","R","E","T","R","$","E","M","M","R","BOSS","M","?","M","M","M","R","E","R","T","R","E","$","?","?","R","BOSS","M","M","M","$","M","E","R","R","T","R","E","R","?","?","R","BOSS"],"items_purchased_type":["Card","Relic","Relic","Card","Relic","Relic","Relic","Card","Relic"],"build_version":"2020-12-22","purchased_purges":1,"victory":true,"max_hp_per_floor":[75,75,75,75,75,75,75,85,85,85,85,85,85,85,85,85,85,85,85,85,85,85,85,85,85,85,85,85,85,85,90,90,90,90,90,90,90,90,90,90,90,90,90,90,90,90,90,90,90,90],"card_choices":[{"not_picked":["Ghostly Armor","Clothesline"],"picked":"Flex","floor":1},{"not_picked":["Armaments","Heavy Blade"],"picked":"Flex","floor":5},{"not_picked":["Sword Boomerang","Thunderclap"],"picked":"Seeing Red","floor":6},{"not_picked":["Body Slam","Havoc"],"picked":"Clothesline","floor":8},{"not_picked":["Shrug It Off","Bloodletting"],"picked":"Flex","floor":12},{"not_picked":["Pommel Strike","Body Slam"],"picked":"Sentinel","floor":13},{"not_picked":["True Grit","Warcry"],"picked":"Feel No Pain","floor":14},{"not_picked":["Immolate","Brutality"],"picked":"Fiend Fire","floor":16},{"not_picked":["True Grit","Iron Wave"],"picked":"Warcry","floor":18},{"not_picked":["Pommel Strike","Flame Barrier"],"picked":"Shrug It Off","floor":20},{"not_picked":["Uppercut","Seeing Red"],"picked":"Pommel Strike","floor":21},{"not_picked":["True Grit","Intimidate"],"picked":"Twin Strike+1","floor":22},{"not_picked":["Havoc","Disarm"],"picked":"Berserk","floor":24},{"not_picked":["Headbutt+1","Evolve"],"picked":"Disarm","floor":28},{"not_picked":["Bludgeon","Demon Form"],"picked":"Barricade","floor":33},{"not_picked":["Sword Boomerang+1","Rage"],"picked":"Shrug It Off","floor":35},{"not_picked":["Perfected Strike","Shrug It Off"],"picked":"Seeing Red+1","floor":36},{"not_picked":["Blood for Blood","Perfected Strike"],"picked":"Shrug It Off+1","floor":37},{"not_picked":["True Grit","Iron Wave+1"],"picked":"Flex","floor":39},{"not_picked":["Sentinel","Rampage"],"picked":"Flame Barrier+1","floor":40},{"not_picked":["Warcry","Clash"],"picked":"Power Through","floor":45}],"player_experience":689323,"relics_obtained":[{"floor":6,"key":"Lantern"},{"floor":8,"key":"Pear"},{"floor":9,"key":"Whetstone"},{"floor":12,"key":"The Courier"},{"floor":24,"key":"Happy Flower"},{"floor":26,"key":"MawBank"},{"floor":28,"key":"WingedGreaves"},{"floor":32,"key":"Orichalcum"},{"floor":40,"key":"Mummified Hand"},{"floor":43,"key":"Calipers"},{"floor":44,"key":"Ornamental Fan"},{"floor":45,"key":"MealTicket"},{"floor":48,"key":"Sundial"},{"floor":49,"key":"Nunchaku"}],"event_choices":[{"damage_healed":0,"gold_gain":150,"player_choice":"AGREE","damage_taken":0,"max_hp_gain":0,"max_hp_loss":0,"event_name":"Liars Game","floor":3,"gold_loss":0,"cards_obtained":["Doubt"]},{"damage_healed":0,"gold_gain":0,"player_choice":"Leave","damage_taken":0,"max_hp_gain":0,"max_hp_loss":0,"event_name":"The Cleric","floor":4,"gold_loss":0},{"damage_healed":0,"gold_gain":0,"player_choice":"Obtained Relic","damage_taken":0,"relics_obtained":["Anchor"],"max_hp_gain":0,"max_hp_loss":0,"event_name":"Addict","floor":19,"gold_loss":85},{"damage_healed":0,"gold_gain":0,"player_choice":"Ignored","damage_taken":0,"max_hp_gain":0,"max_hp_loss":0,"event_name":"Ghosts","floor":30,"gold_loss":0},{"damage_healed":0,"gold_gain":0,"player_choice":"Shed Blood","damage_taken":30,"max_hp_gain":5,"max_hp_loss":0,"event_name":"Forgotten Altar","floor":31,"gold_loss":0},{"damage_healed":0,"gold_gain":0,"player_choice":"Paid","damage_taken":0,"relics_obtained":["Red Mask"],"max_hp_gain":0,"max_hp_loss":0,"event_name":"Tomb of Lord Red Mask","floor":47,"gold_loss":93}],"is_beta":false,"boss_relics":[{"not_picked":["Coffee Dripper","Runic Cube"],"picked":"Runic Pyramid"},{"not_picked":["Cursed Key","Empty Cage"],"picked":"Mark of Pain"}],"items_purged_floors":[11],"is_endless":false,"potions_floor_spawned":[1,8,13,14,18,28,39,45],"ascension_level":17}}