{"host":"qhbbxt9nia1s4hz5","time":1614114679,"event":{"mods":["2.2 Compatiblity","Act Like it!","AlwaysNeverKeys","BaseMod","Better Altar","Better Match","Better Note","Better Sensory Stone","Better Skull","Better Third Choice","Better Vampires","BetterRewards","Block Reminder","Booster Modes","Colored Map","Colored Powertips","Displayed Cursed Tome","Emptier Cage","Energized Spire","Faster Ascension Climbing","Friendly Minions","GifTheSpireLib","Gold Saver","Infinite Spire","Library of Ruina","Minty Spire (QoL Compilation)","Permanent Neow","Rare Cards Sparkle","Relic Filter","Reliquary","Replay The Spire","Shop Mod","StSLib"],"gold_per_floor":[847,847,858,858,872,872,898,117,117,117,135,135,154,172,172,277,277,296,236,41,41,41,41,60,71,97,108,108,108,108,33,33,138,138,157,157,168,168,168,168,184,184,184,214,139,173,200,216,216,216,216,216,18,43,43],"floor_reached":56,"language":"ENG","playtime":5555,"items_purged":["LightDefense","LightDefense","LightDefense","LightAttack","Good Instincts","LightAttack+1"],"score":1593,"play_id":"72c87b14-92d0-471a-ba08-67dbbfa57ca9","local_time":"20210223231119","is_ascension_mode":false,"campfire_choices":[{"data":"Apotheosis","floor":6,"key":"SMITH"},{"data":"ExtractFuel","floor":12,"key":"SMITH"},{"data":"BackAttack","floor":15,"key":"SMITH"},{"data":"BiAn","floor":23,"key":"SMITH"},{"data":"infinitespire:SevenWalls","floor":30,"key":"SMITH"},{"data":"DesperateStruggle","floor":32,"key":"SMITH"},{"data":"PreemptiveStrike","floor":40,"key":"SMITH"},{"data":"SkyClearingCut","floor":42,"key":"SMITH"},{"data":"SenseQuarry","floor":49,"key":"SMITH"},{"data":"ChargeAndCover","floor":52,"key":"SMITH"}],"circlet_count":0,"master_deck":["ChargeAndCover+1","FocusedStrikes+1","BiAn+1","ExtractFuel+1","Unlock1","PreemptiveStrike+1","Apotheosis+1","DesperateStruggle+1","Master of Strategy+1","BackAttack+1","HandlingWork","UpbeatPerformance","Deflect_lor","WillOfThePrescript+1","DaringDecision+1","UndertakePrescript+1","SkyClearingCut+1","infinitespire:SevenWalls+1","Cruelty","GuidanceOfTheGears+1","Faith+1","ReplayTheSpireMod:Private Reserves+1","SenseQuarry+1","ToWhereThePrescriptPoints+1","VioletBlade+1"],"relics":["PageOfLibrarian","BargainBundle","PageOfUniverseFragment","Tiny Chest","Lee\u0027s Waffle","Smiling Mask","reliquary:FingerTrap","PageOfWizard","Bag of Marbles","PageOfWayBackHome","reliquary:WritOfMandamus","Nloth\u0027s Gift","PageOfNosferatu","PageOfTodaysShyLook","Guide Book","SlaversCollar","InkBottle","Replay:Baseball","reliquary:Aerogel","Quantum Egg","reliquary:CitrusReamer","infinitespire:Beetle Shell"],"acts_visited":["Exordium","TheCity","TheBeyond","TheEnding"],"potions_floor_usage":[18,33,33,41,50,55,55],"damage_taken":[{"damage":3,"enemies":"Jaw Worm","floor":1,"turns":2},{"damage":0,"enemies":"2 Louse","floor":3,"turns":1},{"damage":0,"enemies":"Cultist","floor":5,"turns":2},{"damage":0,"enemies":"Exordium Thugs","floor":11,"turns":1},{"damage":0,"enemies":"Looter","floor":13,"turns":1},{"damage":0,"enemies":"Blue Slaver","floor":14,"turns":1},{"damage":0,"enemies":"The Guardian","floor":16,"turns":4},{"damage":0,"enemies":"Shell Parasite","floor":18,"turns":1},{"damage":0,"enemies":"3 Byrds","floor":24,"turns":3},{"damage":0,"enemies":"3 Cultists","floor":25,"turns":1},{"damage":0,"enemies":"Sentry and Sphere","floor":27,"turns":1},{"damage":24,"enemies":"Champ","floor":33,"turns":3},{"damage":0,"enemies":"3 Shapes","floor":35,"turns":2},{"damage":0,"enemies":"3 Darklings","floor":37,"turns":2},{"damage":0,"enemies":"Spire Growth","floor":41,"turns":2},{"damage":0,"enemies":"Reptomancer","floor":44,"turns":2},{"damage":0,"enemies":"Nemesis","floor":46,"turns":1},{"damage":0,"enemies":"4 Shapes","floor":48,"turns":2},{"damage":0,"enemies":"Time Eater","floor":50,"turns":2},{"damage":0,"enemies":"Shield and Spear","floor":54,"turns":3},{"damage":0,"enemies":"The Heart","floor":55,"turns":4}],"seed_played":"-6092236841557161822","potions_obtained":[{"floor":5,"key":"LifebloodPotion"},{"floor":33,"key":"PowerPotion"},{"floor":35,"key":"SkillPotion"},{"floor":37,"key":"Energy Potion"},{"floor":48,"key":"FairyPotion"},{"floor":54,"key":"FearPotion"}],"is_trial":false,"path_per_floor":["M","?","M","?","M","R","T","$","T","?","M","R","M","M","R","B",null,"M","?","$","?","T","R","M","M","T","M","?","AVR","R","?","R","B",null,"M","T","M","AVR","?","R","M","R","T","E","?","E","T","M","R","B",null,"R","$","E","B",null],"character_chosen":"Librarian","items_purchased":["BargainBundle","PageOfUniverseFragment","Tiny Chest","BiAn","AttackPotion","EssenceOfSteel","Adrenaline Potion","Good Instincts","Lee\u0027s Waffle","ExtractFuel","reliquary:FingerTrap","PageOfWizard","Bag of Marbles","Master of Strategy","Vajra","reliquary:CitrusReamer"],"campfire_rested":0,"item_purchase_floors":[0,0,0,0,0,0,0,0,0,0,8,8,8,8,20,53],"current_hp_per_floor":[66,52,52,52,54,54,54,54,54,54,56,56,56,56,56,60,84,84,84,84,84,84,84,84,84,84,84,84,84,77,77,77,55,77,77,77,77,77,77,77,79,79,79,81,81,81,81,83,83,91,91,91,91,91,91],"gold":43,"neow_bonus":"","is_daily":false,"chose_seed":false,"campfire_upgraded":10,"win_rate":0.0,"timestamp":1614114679,"path_taken":["M","?","M","?","?","R","?","$","T","?","M","R","M","M","R","BOSS","M","?","$","?","?","R","M","M","T","?","?","AVR","R","?","R","BOSS","M","?","?","AVR","?","R","M","R","T","E","?","E","?","M","R","BOSS","R","$","E","BOSS"],"items_purchased_type":["Relic","Relic","Relic","Card","Potion","Potion","Potion","Card","Relic","Card","Relic","Relic","Relic","Card","Relic","Relic"],"build_version":"2020-12-22","purchased_purges":6,"victory":true,"max_hp_per_floor":[72,72,72,72,75,75,75,75,75,75,77,77,77,77,77,84,84,84,84,84,84,84,84,84,84,84,84,84,84,77,77,77,77,77,77,77,85,85,85,84,84,84,84,91,91,91,91,91,91,91,91,91,91,91,91],"card_choices":[{"not_picked":["CookingPrep","FierceCharge","MultiBlock","Faith","AsThePrescriptOrders","SharpSwipe","GrazeTheGrass","TrashDisposal"],"picked":"Unlock1","floor":1},{"not_picked":["NightInTheBackstreets","EnergyCycle","DirtyBlow","Standoff","Preparation","QuickAttack","EnergyShield","BackstreetsDash"],"picked":"PreemptiveStrike","floor":3},{"not_picked":["Blind","Violence","Magnetism","ReplayTheSpireMod:Uncanny Aura","Specialist","Chrysalis","Mind Blast","HandOfGreed"],"picked":"Apotheosis","floor":4},{"not_picked":["LossOfSenses","HandleRequest","SharpSwipe","AsThePrescriptOrders","Cruelty","ICanCookAnything","StrongStrike","Parry"],"picked":"DesperateStruggle","floor":5},{"not_picked":["Diversion","ViolentFlame","EnergyStrike","QuickSuppression","AlloutWar","WillOfThePrescript","EnergyCycle","GuardingStance"],"picked":"BackAttack","floor":11},{"not_picked":["Wallop_lor","Diversion","SinglePointStab","TasteMyFlamingBat","FleetEdge","BackAttack","EnergyStrike","TimeForALittleTest"],"picked":"HandlingWork","floor":13},{"not_picked":["Parry","GuardingStance","Wallop_lor","Unlock1","QuickAttack","DefenseOrder","WildCard","CoordinatedAssault"],"picked":"UpbeatPerformance","floor":14},{"not_picked":["Eradication","GroundSmash"],"picked":"Deflect_lor","floor":16},{"not_picked":["OpportunitySpotted","ToOvercomeCrisis","ClassAndRespect","UnavoidableGaze","SkitterAway+1","CoordinatedAssault","ToWhereThePrescriptPoints","DevastatingThrash"],"picked":"WillOfThePrescript+1","floor":18},{"not_picked":["FrontalAssault+1","Observe","FleetFootsteps","Endure","FlyingSword+1","Standoff","TimeForALittleTest","FierceCharge"],"picked":"DaringDecision","floor":24},{"not_picked":["Eliminate+1","Ripple","Feast","FlowOfTheSword+1","MindPrepared","Leap_lor+1","SilentMist","EnergyShield+1"],"picked":"UndertakePrescript+1","floor":25},{"not_picked":["Crush+1","GuardingStance+1","Creak","EndlessBattle+1","EnergyShield","TrimTheIngredients+1","VenomousFangs","StructuralAnalysis"],"picked":"SkyClearingCut","floor":27},{"not_picked":["FlamingDragonFist","SuanNi"],"picked":"Cruelty","floor":33},{"not_picked":["QuickAttack","TheArtOfRapidSteps","Parry","Rewind","ScratchThat","HighKick+1","DefenseOrder+1","AutomatedMovement","WillOfThePrescript+1"],"picked":"SKIP","floor":35},{"not_picked":["UpbeatPerformance+1","HardRehearsal+1","ShrineToMusic+1","NightInTheBackstreets","SharpSwipe","EnergyShield","TheArtOfRapidSteps+1","GreatSerpentsImpact+1"],"picked":"GuidanceOfTheGears+1","floor":37},{"not_picked":["FleetFootsteps+1","CoordinatedAssault","YoureAHindrance+1","Multislash+1","DarkCloud","ViolentFlame+1","Decapitation","EnergyShield","MultiBlock+1"],"picked":"SKIP","floor":41},{"not_picked":["BizarreAttack","EnergyBeam","Marionette","FeelinGood","TieShanKao","SilentNight","Overpower","StrikeDown"],"picked":"Faith+1","floor":44},{"not_picked":["Purity+1","Panacea+1","ReplayTheSpireMod:Uncanny Aura+1","Swift Strike+1","Dramatic Entrance+1","Replay:Bootleg Shield Generator+1","Flash of Steel+1","Dark Shackles+1"],"picked":"ReplayTheSpireMod:Private Reserves+1","floor":45},{"not_picked":["GreatSerpentsImpact","MultiHit","IronWall","ForcefulGesture","PinpointShot","StayCalm+1","Gigigig+1","ScratchThat"],"picked":"SenseQuarry","floor":46},{"not_picked":["Faith","StrongStrike","Preparation","TendonChords+1","HardRehearsal","CleanUp","DefenseOrder","Collision+1"],"picked":"ToWhereThePrescriptPoints+1","floor":48},{"not_picked":["IllEndYou+1","ToWhereThePrescriptPoints","Transpierce","AutonomousRush","Standoff","BattleCommand+1","Gamble","GreatSerpentsImpact+1"],"picked":"VioletBlade+1","floor":54}],"player_experience":870114,"relics_obtained":[{"floor":7,"key":"Smiling Mask"},{"floor":9,"key":"PageOfWayBackHome"},{"floor":22,"key":"PageOfNosferatu"},{"floor":26,"key":"PageOfTodaysShyLook"},{"floor":36,"key":"InkBottle"},{"floor":43,"key":"Replay:Baseball"},{"floor":44,"key":"reliquary:Aerogel"},{"floor":46,"key":"Quantum Egg"},{"floor":54,"key":"infinitespire:Beetle Shell"}],"event_choices":[{"damage_healed":66,"gold_gain":0,"player_choice":"Upgrade","damage_taken":14,"max_hp_gain":0,"max_hp_loss":72,"event_name":"betterThird:BetterShining","floor":2,"gold_loss":0,"cards_upgraded":["FocusedStrikes","LightAttack"]},{"damage_healed":0,"gold_gain":1,"player_choice":"1","damage_taken":0,"max_hp_gain":0,"max_hp_loss":0,"event_name":"betterStone:BetterStone","floor":4,"gold_loss":0},{"cards_removed":["LightDefense"],"damage_healed":0,"gold_gain":0,"player_choice":"Single Remove","damage_taken":0,"max_hp_gain":0,"max_hp_loss":0,"event_name":"Designer","floor":19,"gold_loss":60},{"damage_healed":0,"gold_gain":0,"player_choice":"Traded Relic","damage_taken":0,"relics_obtained":["Nloth\u0027s Gift"],"max_hp_gain":0,"max_hp_loss":0,"event_name":"N\u0027loth","floor":21,"relics_lost":["Vajra"],"gold_loss":0},{"damage_healed":0,"gold_gain":0,"player_choice":"Bought 0 Potions","damage_taken":0,"max_hp_gain":0,"max_hp_loss":0,"event_name":"The Woman in Blue","floor":28,"gold_loss":0},{"cards_removed":["LightAttack"],"damage_healed":0,"gold_gain":0,"player_choice":"Gave Gold","damage_taken":0,"max_hp_gain":0,"max_hp_loss":0,"event_name":"Beggar","floor":31,"gold_loss":75},{"damage_healed":0,"gold_gain":0,"player_choice":"2","damage_taken":0,"max_hp_gain":0,"max_hp_loss":0,"event_name":"betterMatch:BetterMatch","floor":45,"gold_loss":0,"cards_obtained":["betterMatch:ColorlessUncommonCard"]}],"is_beta":false,"boss_relics":[{"not_picked":["energizedSpire:SpiderWeb","reliquary:RedCape"],"picked":"reliquary:WritOfMandamus"},{"not_picked":["Runic Pyramid","Empty Cage"],"picked":"SlaversCollar"}],"items_purged_floors":[0,0,8,20,29,53],"is_endless":false,"potions_floor_spawned":[5,11,33,35,37,48,54],"ascension_level":0}}