{"host":"snd6571rw3150vxe","time":1614072253,"event":{"mods":["AchievementEnabler","BaseMod","Bestiary","Colored Powertips","Highlight Path","Minty Spire (QoL Compilation)","Quick Restart","Random Character Button","Relic Stats","StSLib","slay the spire mod where everything is the same but ironclad has a cowboy hat"],"gold_per_floor":[119,119,143,22,22,58,71,94,163,163,163,163,201,276,276,370,370,389,389,389,404,404,404,445,445,445],"floor_reached":25,"language":"ENG","playtime":903,"items_purged":["Injury"],"score":416,"play_id":"889c3ae3-747f-47c0-b01f-9c385f9bf9f0","local_time":"20210223112413","is_ascension_mode":true,"campfire_choices":[{"floor":10,"key":"REST"},{"floor":12,"key":"REST"},{"floor":15,"key":"REST"},{"floor":23,"key":"REST"}],"circlet_count":0,"master_deck":["AscendersBane","Strike_P","Strike_P","Strike_P+1","Strike_P","Defend_P","Defend_P","Defend_P","Defend_P","Eruption+1","Vigilance","EmptyFist+1","JustLucky","Halt","FollowUp","JustLucky","ThirdEye","Prostrate+1","EmptyFist+1","CutThroughFate"],"relics":["HolyWater","NeowsBlessing","Golden Idol","Calipers","Juzu Bracelet","StrikeDummy","Whetstone","MutagenicStrength","Bottled Flame"],"acts_visited":["Exordium","TheCity"],"potions_floor_usage":[21,24,25],"damage_taken":[{"damage":0,"enemies":"Cultist","floor":1,"turns":1},{"damage":0,"enemies":"Small Slimes","floor":3,"turns":1},{"damage":0,"enemies":"Lagavulin","floor":6,"turns":1},{"damage":4,"enemies":"Jaw Worm","floor":7,"turns":4},{"damage":17,"enemies":"Exordium Wildlife","floor":8,"turns":4},{"damage":15,"enemies":"3 Sentries","floor":13,"turns":8},{"damage":65,"enemies":"The Guardian","floor":16,"turns":9},{"damage":11,"enemies":"Chosen","floor":18,"turns":5},{"damage":0,"enemies":"2 Thieves","floor":21,"turns":2},{"damage":51,"enemies":"Book of Stabbing","floor":24,"turns":5},{"damage":20,"enemies":"Snake Plant","floor":25,"turns":4}],"seed_played":"-8317600178267346006","potions_obtained":[{"floor":1,"key":"LiquidMemories"},{"floor":3,"key":"GamblersBrew"},{"floor":8,"key":"SkillPotion"},{"floor":19,"key":"Explosive Potion"},{"floor":24,"key":"Dexterity Potion"}],"is_trial":false,"path_per_floor":["M","?","M","$","?","E","M","M","T","R","?","R","E","?","R","B",null,"M","?","?","M","?","R","E","M"],"character_chosen":"WATCHER","items_purchased":["JustLucky"],"campfire_rested":4,"item_purchase_floors":[4],"current_hp_per_floor":[65,65,65,65,53,53,49,32,32,53,53,72,57,46,67,2,55,44,44,44,44,44,65,14,0,0],"gold":445,"neow_bonus":"THREE_ENEMY_KILL","is_daily":false,"chose_seed":false,"campfire_upgraded":0,"win_rate":0.0,"timestamp":1614072253,"path_taken":["M","?","M","$","?","E","M","M","T","R","?","R","E","?","R","BOSS","M","?","?","M","?","R","E","M"],"items_purchased_type":["Card"],"build_version":"2020-12-22","purchased_purges":1,"victory":false,"max_hp_per_floor":[72,72,72,72,72,72,72,72,72,72,72,72,72,72,72,72,72,72,72,72,72,72,72,72,72,72],"relic_stats":{"counters":[11,44],"Golden Idol":62,"Juzu Bracelet":2,"Whetstone":["EmptyFist","Strike_P"],"obtain_stats":[{"Bottled Flame":24,"Calipers":5,"NeowsBlessing":0,"Golden Idol":2,"MutagenicStrength":20,"HolyWater":17,"Juzu Bracelet":6,"Whetstone":13,"PureWater":0,"StrikeDummy":9},{"Bottled Flame":10,"Calipers":2,"NeowsBlessing":0,"Golden Idol":1,"MutagenicStrength":8,"HolyWater":7,"Juzu Bracelet":3,"Whetstone":6,"PureWater":0,"StrikeDummy":5},{"Bottled Flame":40,"Calipers":2,"NeowsBlessing":0,"Golden Idol":1,"MutagenicStrength":33,"HolyWater":28,"Juzu Bracelet":3,"Whetstone":19,"PureWater":0,"StrikeDummy":11}]},"card_choices":[{"not_picked":["Conclude","ClearTheMind"],"picked":"EmptyFist","floor":1},{"not_picked":["Evaluate","Halt","ForeignInfluence"],"picked":"SKIP","floor":3},{"not_picked":["WindmillStrike","Pray"],"picked":"Halt","floor":6},{"not_picked":["Crescendo","MasterReality","BattleHymn"],"picked":"SKIP","floor":7},{"not_picked":["EmptyBody","FearNoEvil"],"picked":"FollowUp","floor":8},{"not_picked":["WaveOfTheHand","CrushJoints"],"picked":"JustLucky","floor":13},{"not_picked":["PathToVictory","BowlingBash"],"picked":"ThirdEye","floor":18},{"not_picked":["JustLucky","InnerPeace"],"picked":"Prostrate+1","floor":21},{"not_picked":["CrushJoints","Vengeance"],"picked":"CutThroughFate","floor":24}],"player_experience":392156,"relics_obtained":[{"floor":6,"key":"Juzu Bracelet"},{"floor":9,"key":"StrikeDummy"},{"floor":13,"key":"Whetstone"},{"floor":24,"key":"Bottled Flame"}],"event_choices":[{"damage_healed":0,"gold_gain":0,"player_choice":"Take Wound","damage_taken":0,"relics_obtained":["Golden Idol"],"max_hp_gain":0,"max_hp_loss":0,"event_name":"Golden Idol","floor":2,"gold_loss":0,"cards_obtained":["Injury"]},{"damage_healed":0,"gold_gain":0,"player_choice":"Success","damage_taken":12,"relics_obtained":["Calipers"],"max_hp_gain":0,"max_hp_loss":0,"event_name":"Scrap Ooze","floor":5,"gold_loss":0},{"damage_healed":0,"gold_gain":0,"player_choice":"Grow","damage_taken":0,"max_hp_gain":0,"max_hp_loss":0,"event_name":"Living Wall","floor":11,"gold_loss":0,"cards_upgraded":["Eruption"]},{"damage_healed":0,"gold_gain":75,"player_choice":"Gather Gold","damage_taken":11,"max_hp_gain":0,"max_hp_loss":0,"event_name":"World of Goop","floor":14,"gold_loss":0},{"damage_healed":0,"gold_gain":0,"player_choice":"Got Potions","damage_taken":0,"max_hp_gain":0,"max_hp_loss":0,"event_name":"Lab","floor":19,"gold_loss":0},{"damage_healed":0,"gold_gain":0,"player_choice":"Inject Mutagens","damage_taken":0,"relics_obtained":["MutagenicStrength"],"max_hp_gain":0,"max_hp_loss":0,"event_name":"Drug Dealer","floor":20,"gold_loss":0},{"damage_healed":0,"gold_gain":0,"player_choice":"Copied","damage_taken":0,"max_hp_gain":0,"max_hp_loss":0,"event_name":"Duplicator","floor":22,"gold_loss":0,"cards_obtained":["EmptyFist"]}],"is_beta":false,"boss_relics":[{"not_picked":["Runic Dome","Fusion Hammer"],"picked":"HolyWater"}],"items_purged_floors":[4],"is_endless":false,"potions_floor_spawned":[1,3,8,16,24],"killed_by":"Snake Plant","ascension_level":13}}