{"host":"nwd160me4iqdtr8u","time":1614113845,"event":{"mods":["AchievementEnabler","Act Like it!","BaseMod","Colored Map","DeckTracker","Hallownest","Keyboard Shortcuts","Minty Spire (QoL Compilation)","Quick Restart","Rare Cards Sparkle","Smile Girya","StSLib","SuperFastMode","The Bug Knight","everything is the same but u backflip on backflip"],"gold_per_floor":[116,134,147,147,72,72,99,110,110,145,156,56,72,92,92,193,193,205,221,176,176,190,190,221,221,221,250,250,93,113,113,113,212,212,225,225,225,145,63,63,63,63,63,98,116,150,160,20,20,20],"floor_reached":51,"language":"KOR","playtime":2762,"items_purged":["HollowMod:NailStrikeStart"],"score":996,"play_id":"269d406d-3c1d-4c86-954f-8e9806626150","local_time":"20210224055725","is_ascension_mode":true,"campfire_choices":[{"data":"HollowMod:SoulStrike","floor":6.0,"key":"SMITH"},{"data":"HollowMod:SlysStrikes","floor":15.0,"key":"SMITH"},{"data":"HollowMod:MothsMistake","floor":23.0,"key":"SMITH"},{"data":"Hallownest:skillGreenpathMap","floor":25.0,"key":"SMITH"},{"floor":32.0,"key":"REST"},{"data":"HollowMod:LifebloodCore","floor":40.0,"key":"SMITH"},{"data":"Hallownest:attackMasterDashSlash","floor":42.0,"key":"SMITH"},{"data":"HollowMod:QuirrelsAssistance","floor":49.0,"key":"SMITH"}],"circlet_count":0,"master_deck":["HollowMod:NailStrikeStart","HollowMod:NailStrikeStart","HollowMod:NailStrikeStart","HollowMod:QuickDashStart","HollowMod:QuickDashStart","HollowMod:QuickDashStart","HollowMod:QuickDashStart","HollowMod:FocusHealStart","HollowMod:PogoStrike","Flash of Steel","HollowMod:SoulStrike+1","HollowMod:CloakDash","Hallownest:skillGreenpathMap+1","HollowMod:MothsMistake+1","HollowMod:CloakDash","HollowMod:Hiveblood","HollowMod:SoulSplash+1","HollowMod:SlysStrikes+1","CurseOfTheBell","HollowMod:MonarchWings+1","HollowMod:QuirrelsAssistance+1","HollowMod:MonarchWings+1","HollowMod:RecoilStrike+1","HollowMod:LifebloodCore+1","Hallownest:attackMasterDashSlash+1","HollowMod:PerfectDash+1","HollowMod:DoubleDash+1"],"relics":["HollowMod:VesselMask","Akabeko","Toy Ornithopter","HollowMod:StagPassRelic","Calling Bell","Pen Nib","Darkstone Periapt","StoneCalendar","Peace Pipe","Frozen Egg 2","Orichalcum","DollysMirror","Cursed Key","Hallownest:KingsIdolRelic","Pocketwatch","HollowMod:LifeEnderRelic"],"acts_visited":["Hallownest:Greenpath","Hallownest:CityofTears","Hallownest:KingdomsEdge"],"potions_floor_usage":[50],"damage_taken":[{"damage":0.0,"enemies":"Hallownest:monsterHuskWarrior","floor":1.0,"turns":4.0},{"damage":6.0,"enemies":"2_ Uuma","floor":2.0,"turns":5.0},{"damage":3.0,"enemies":"Hallownest:2_MossCreeps","floor":3.0,"turns":5.0},{"damage":5.0,"enemies":"Hallownest:eliteCrystalGuardian","floor":7.0,"turns":5.0},{"damage":4.0,"enemies":"Hallownest:2_Tiktiks_1_Baldur_1_Crawlid","floor":8.0,"turns":5.0},{"damage":8.0,"enemies":"Hallownest:eliteVengeflyKing","floor":10.0,"turns":7.0},{"damage":7.0,"enemies":"Hallownest:1_Ooma_and_2_Uuma","floor":11.0,"turns":6.0},{"damage":11.0,"enemies":"Hallownest:Wandering_and_Horned","floor":13.0,"turns":5.0},{"damage":16.0,"enemies":"Hallownest:Guard_and_Warrior","floor":14.0,"turns":4.0},{"damage":39.0,"enemies":"Hallownest:BossFalseKnight","floor":16.0,"turns":8.0},{"damage":25.0,"enemies":"Hallownest:2_Mistakes","floor":18.0,"turns":7.0},{"damage":20.0,"enemies":"Hallownest:Guard_and_Sentry","floor":19.0,"turns":5.0},{"damage":4.0,"enemies":"Hallownest:Master_and_Novice","floor":22.0,"turns":4.0},{"damage":34.0,"enemies":"Hallownest:eliteSoulWarrior","floor":24.0,"turns":7.0},{"damage":47.0,"enemies":"Hallownest:eliteWatcherKnight","floor":27.0,"turns":10.0},{"damage":58.0,"enemies":"Hallownest:2_Flukemon","floor":30.0,"turns":7.0},{"damage":47.0,"enemies":"Hallownest:BossMantisLord","floor":33.0,"turns":8.0},{"damage":27.0,"enemies":"Hallownest:2_Littles","floor":35.0,"turns":6.0},{"damage":54.0,"enemies":"Hallownest:StalkingDevout","floor":44.0,"turns":8.0},{"damage":15.0,"enemies":"Hallownest:3_Siblings","floor":45.0,"turns":7.0},{"damage":10.0,"enemies":"Hallownest:eliteHiveKnight","floor":46.0,"turns":8.0},{"damage":11.0,"enemies":"Hallownest:Shield_Sturdy","floor":47.0,"turns":6.0},{"damage":45,"enemies":"Hallownest:BossHollowKnight","floor":50,"turns":12}],"seed_played":"-2751663957462473048","potions_obtained":[{"floor":1.0,"key":"Regen Potion"},{"floor":3.0,"key":"SteroidPotion"},{"floor":11.0,"key":"BlessingOfTheForge"},{"floor":14.0,"key":"Regen Potion"},{"floor":16.0,"key":"Strength Potion"},{"floor":24.0,"key":"EssenceOfSteel"},{"floor":27.0,"key":"ColorlessPotion"},{"floor":30.0,"key":"Energy Potion"},{"floor":46.0,"key":"Fire Potion"},{"floor":47.0,"key":"LiquidMemories"}],"is_trial":false,"path_per_floor":["M","M","M","?","?","R","E","M","T","E","M","$","M","M","R","B",null,"M","M","?","?","M","R","E","R","T","E","?","$","M","?","R","B",null,"M","?","?","?","$","R","?","R","T","E","M","E","M","?","R","B",null],"character_chosen":"THE_BUGKNIGHT","items_purchased":["HollowMod:SoulSplash","DollysMirror","HollowMod:PerfectDash"],"campfire_rested":1,"item_purchase_floors":[12,29,39],"current_hp_per_floor":[68,62,69,69,69,69,64,60,60,52,45,45,58,57,57,62,72,67,66,66,66,75,75,64,64,64,54,54,54,22,22,44,17,61,49,45,45,45,45,45,60,60,60,41,26,31,38,75,75,44],"gold":20,"neow_bonus":"RANDOM_COLORLESS","is_daily":false,"chose_seed":false,"campfire_upgraded":7,"win_rate":0.0,"timestamp":1614113845,"path_taken":["M","M","?","?","?","R","E","M","T","E","M","$","M","M","R","BOSS","M","M","?","?","?","R","E","R","T","E","?","$","M","?","R","BOSS","M","?","?","?","$","R","?","R","T","E","?","E","M","?","R","BOSS"],"items_purchased_type":["Card","Relic","Card"],"build_version":"2020-12-22","purchased_purges":1,"victory":true,"max_hp_per_floor":[75,75,75,75,75,75,75,75,75,75,75,75,75,75,75,75,75,75,75,75,75,75,75,75,75,75,75,75,75,75,75,75,75,75,75,75,75,75,75,75,75,75,75,75,75,75,75,75,75,75],"card_choices":[{"not_picked":["Madness","Good Instincts"],"picked":"Flash of Steel","floor":0.0},{"not_picked":["HollowMod:TaintedHusks","HollowMod:PureNailStrike","HollowMod:SoulStrike"],"picked":"SKIP","floor":1.0},{"not_picked":["HollowMod:InfectedCysts","HollowMod:LifebloodCocoon"],"picked":"HollowMod:SoulStrike","floor":2.0},{"not_picked":["HollowMod:PureNailStrike","HollowMod:SoulEater"],"picked":"HollowMod:CloakDash","floor":3.0},{"not_picked":["HollowMod:HeavyBlow","HollowMod:SiblingsSouls","HollowMod:InfectedCysts"],"picked":"SKIP","floor":7.0},{"not_picked":["HollowMod:DescendingDark","HollowMod:BrokenVessel"],"picked":"HollowMod:MothsMistake","floor":8.0},{"not_picked":["HollowMod:BlackTendrils","HollowMod:DoubleDash"],"picked":"HollowMod:CloakDash","floor":10.0},{"not_picked":["HollowMod:DescendingDark","HollowMod:InfectedAttack"],"picked":"HollowMod:Hiveblood","floor":11.0},{"not_picked":["HollowMod:CloakDash","HollowMod:InfectedCysts","HollowMod:HowlingWraiths"],"picked":"SKIP","floor":13.0},{"not_picked":["HollowMod:ShadowDash","HollowMod:MantisMark"],"picked":"HollowMod:SlysStrikes","floor":14.0},{"not_picked":["HollowMod:SoulStrike","HollowMod:InfectedAttack+1","HollowMod:LifebloodCocoon"],"picked":"SKIP","floor":18.0},{"not_picked":["HollowMod:TaintedHusks","HollowMod:InfectionAssault","HollowMod:ChannelNail"],"picked":"SKIP","floor":19.0},{"not_picked":["HollowMod:SiblingsSouls","HollowMod:InfectedAttack","HollowMod:VoidDash"],"picked":"SKIP","floor":22.0},{"not_picked":["HollowMod:WraithStrike+1","HollowMod:SharpenedNail+1","HollowMod:DoubleDash"],"picked":"SKIP","floor":24.0},{"not_picked":["HollowMod:WraithStrike","HollowMod:VengefulVoid"],"picked":"HollowMod:MonarchWings","floor":27.0},{"not_picked":["HollowMod:SoulSplash","HollowMod:InfectedAttack"],"picked":"HollowMod:QuirrelsAssistance","floor":28.0},{"not_picked":["HollowMod:SiblingsSouls","HollowMod:HeavyBlow"],"picked":"HollowMod:RecoilStrike+1","floor":30.0},{"not_picked":["HollowMod:AwokenDreamNail","HollowMod:HornetsHelp"],"picked":"HollowMod:LifebloodCore","floor":33.0},{"not_picked":["HollowMod:InfectedCysts+1","HollowMod:Grubsong+1","HollowMod:BrokenVessel+1"],"picked":"SKIP","floor":35.0},{"not_picked":["HollowMod:Grubsong+1","HollowMod:CrystalDash"],"picked":"HollowMod:DoubleDash+1","floor":44.0},{"not_picked":["HollowMod:NewJinnsSoul+1","HollowMod:HowlingWraiths","HollowMod:SharpenedNail"],"picked":"SKIP","floor":45.0},{"not_picked":["HollowMod:SoulVessel+1","HollowMod:NewLittleFool+1","HollowMod:NewJinnsSoul"],"picked":"SKIP","floor":46.0},{"not_picked":["HollowMod:SiblingsShadow+1","HollowMod:InfectedCysts+1","HollowMod:NewLittleFool"],"picked":"SKIP","floor":47.0}],"player_experience":513500,"relics_obtained":[{"floor":7.0,"key":"Akabeko"},{"floor":9.0,"key":"Toy Ornithopter"},{"floor":10.0,"key":"HollowMod:StagPassRelic"},{"floor":17.0,"key":"Pen Nib"},{"floor":17.0,"key":"Darkstone Periapt"},{"floor":17.0,"key":"StoneCalendar"},{"floor":24.0,"key":"Peace Pipe"},{"floor":26.0,"key":"Frozen Egg 2"},{"floor":27.0,"key":"Orichalcum"},{"floor":44.0,"key":"Pocketwatch"},{"floor":46.0,"key":"HollowMod:LifeEnderRelic"}],"event_choices":[],"is_beta":false,"boss_relics":[{"not_picked":["HollowMod:VoidIdolRelic","Runic Pyramid"],"picked":"Calling Bell"},{"not_picked":["Runic Dome","SacredBark"],"picked":"Cursed Key"}],"items_purged_floors":[12],"is_endless":false,"potions_floor_spawned":[1,3,11,14,16,24,27,30,46,47],"ascension_level":8}}