{"host":"dpbezu80jg8zk7un","time":1614103272,"event":{"mods":["BaseMod","Colored Map","Colored Powertips","Custom Start","DeckTracker","Minty Spire (QoL Compilation)","Quick Restart","StSLib","SuperFastMode"],"gold_per_floor":[118,118,135,152,167,167,10,10,310,337,337,337,357,370,370,460,460,460,460],"floor_reached":18,"language":"KOR","playtime":511,"items_purged":[],"score":324,"play_id":"c0bb3f0d-4bce-4c25-9fd7-fd06159adb7a","local_time":"20210224030112","is_ascension_mode":true,"campfire_choices":[{"data":"Eruption","floor":6,"key":"SMITH"},{"data":"CrushJoints","floor":8,"key":"SMITH"},{"data":"Meditate","floor":15,"key":"SMITH"}],"circlet_count":0,"master_deck":["AscendersBane","Strike_P","Strike_P","Strike_P","Strike_P","Defend_P","Defend_P","Defend_P","Defend_P","Eruption+1","Vigilance","CrushJoints+1","FollowUp","Meditate+1","InnerPeace","Vault"],"relics":["Runic Dome","Meat on the Bone","Membership Card","Old Coin","Eternal Feather","Golden Idol","Black Star"],"acts_visited":["Exordium","TheCity"],"potions_floor_usage":[13],"damage_taken":[{"damage":4,"enemies":"2 Louse","floor":1,"turns":3},{"damage":0,"enemies":"Small Slimes","floor":3,"turns":3},{"damage":7,"enemies":"Jaw Worm","floor":4,"turns":3},{"damage":1,"enemies":"3 Louse","floor":5,"turns":4},{"damage":12,"enemies":"Lagavulin","floor":10,"turns":6},{"damage":4,"enemies":"Exordium Thugs","floor":13,"turns":3},{"damage":8,"enemies":"Large Slime","floor":14,"turns":5},{"damage":15,"enemies":"The Guardian","floor":16,"turns":13},{"damage":48,"enemies":"Shell Parasite","floor":18,"turns":7}],"seed_played":"1920702851663037569","potions_obtained":[{"floor":1,"key":"Fire Potion"},{"floor":3,"key":"DuplicationPotion"},{"floor":16,"key":"SpeedPotion"}],"is_trial":false,"path_per_floor":["M","?","M","M","M","R","$","R","T","E","?","?","M","M","R","B",null,"M"],"character_chosen":"WATCHER","items_purchased":["Membership Card"],"campfire_rested":0,"item_purchase_floors":[7],"current_hp_per_floor":[57,39,39,44,43,43,43,43,43,43,43,43,39,43,52,37,56,8,8],"gold":460,"neow_bonus":"BOSS_RELIC","is_daily":false,"chose_seed":false,"campfire_upgraded":3,"win_rate":0.0,"timestamp":1614103272,"path_taken":["M","?","M","M","M","R","$","R","T","E","?","?","M","M","R","BOSS","M"],"items_purchased_type":["Relic"],"build_version":"2020-12-22","purchased_purges":0,"victory":false,"max_hp_per_floor":[68,68,68,68,68,68,68,68,68,68,68,62,62,62,62,62,62,62,62],"card_choices":[{"not_picked":["EmptyBody","ClearTheMind"],"picked":"CrushJoints","floor":1},{"not_picked":["SashWhip","Fasting2"],"picked":"FollowUp","floor":3},{"not_picked":["FlyingSleeves","LikeWater"],"picked":"Meditate","floor":4},{"not_picked":["ThirdEye","ClearTheMind","FlyingSleeves"],"picked":"SKIP","floor":5},{"not_picked":["Devotion","JustLucky","ThirdEye"],"picked":"SKIP","floor":10},{"not_picked":["Worship","Prostrate"],"picked":"InnerPeace","floor":13},{"not_picked":["FlyingSleeves","FlurryOfBlows","Pray"],"picked":"SKIP","floor":14},{"not_picked":["Blasphemy","Ragnarok"],"picked":"Vault","floor":16}],"player_experience":2989146,"relics_obtained":[{"floor":9,"key":"Old Coin"},{"floor":10,"key":"Eternal Feather"}],"event_choices":[{"damage_healed":0,"gold_gain":0,"player_choice":"Success","damage_taken":18,"relics_obtained":["Meat on the Bone"],"max_hp_gain":0,"max_hp_loss":0,"event_name":"Scrap Ooze","floor":2,"gold_loss":0},{"damage_healed":0,"gold_gain":0,"player_choice":"Ignored","damage_taken":0,"max_hp_gain":0,"max_hp_loss":0,"event_name":"Liars Game","floor":11,"gold_loss":0},{"damage_healed":0,"gold_gain":0,"player_choice":"Lose Max HP","damage_taken":0,"relics_obtained":["Golden Idol"],"max_hp_gain":0,"max_hp_loss":6,"event_name":"Golden Idol","floor":12,"gold_loss":0}],"is_beta":false,"boss_relics":[{"not_picked":["SacredBark","Sozu"],"picked":"Black Star"}],"items_purged_floors":[],"is_endless":false,"potions_floor_spawned":[1,3,4,16],"killed_by":"Shell Parasite","ascension_level":20}}