{"host":"we8ay8el3o9pwc2d","time":1614049708,"event":{"mods":["Act Like it!","Aspiration","BaseMod","BetterRewards","Colored Map","Conspire","Downfall","Elementarium","GungeonMod","Minty Spire (QoL Compilation)","Reliquary","Robot Space Explorer","Ruina","Spire Arcade","StSLib","The Marked","Waifu the Spire"],"gold_per_floor":[0,16,30,15,27,44,44,59,86,86,86,86,103,553,571,670,670,370,386,386,398,435,449,475,490,490,490,248,85,85,85,96,193,193,193,212,228,246,257,253,278,131,131,131,149,149,149,176,195,195,195,195,195,195],"floor_reached":52,"language":"ENG","playtime":5829,"items_purged":["downfall:Icky"],"score":706,"play_id":"6a4176c1-6cce-4f62-95a6-a2c64d15c927","local_time":"20210222200828","is_ascension_mode":false,"campfire_choices":[{"data":"bronze:HardenedForm","floor":1,"key":"SMITH"},{"floor":10,"key":"RECALL"},{"data":"bronze:Branch","floor":18,"key":"SMITH"},{"data":"bronze:Shell","floor":27,"key":"SMITH"},{"floor":30,"key":"DIG"},{"data":"bronze:ShipIt","floor":35,"key":"SMITH"},{"floor":47,"key":"REST"}],"circlet_count":0,"master_deck":["bronze:Strike","bronze:Strike+1","bronze:Defend","bronze:Defend","bronze:Defend","bronze:Replicate","bronze:Goto","bronze:HardenedForm+1","bronze:WhirlingStrike","bronze:ChosenStrike+1","bronze:Branch+1","bronze:Iterate","bronze:Return","bronze:Mutator","bronze:DelayedSlice","bronze:WildBeam","bronze:ChildClass+1","bronze:Shell+1","bronze:Boost","bronze:ShipIt+1","bronze:Overheat+1","bronze:Invalidate+1","bronze:Repair+1","bronze:Overload","bronze:Flail+1","bronze:Fortify","bronze:Frontload+1","expansioncontent:DashGenerateEvil","Pain"],"relics":["bronze:BronzeCore","Shovel","DemoMod:Orange","aspiration:RitualDagger","downfall:HeartBlessingRed","downfall:HeartBlessingGreen","downfall:HeartBlessingBlue","reliquary:Vitrine","Whetstone","Lee\u0027s Waffle","ClockworkSouvenir","conspire:Boomerang","DemoMod:DecoyRelic","Astrolabe","reliquary:Stiletto","Lantern","DemoMod:MeatBun","WarpedTongs","Ornamental Fan","Boot"],"acts_visited":["Exordium","TheCity","TheBeyond","TheEnding"],"potions_floor_usage":[9,15,22,40,40,50],"damage_taken":[{"damage":0,"enemies":"Cultist","floor":2,"turns":4},{"damage":0,"enemies":"Small Slimes","floor":3,"turns":2},{"damage":0,"enemies":"downfall:FleeingMerchant","floor":4,"turns":4},{"damage":0,"enemies":"Jaw Worm","floor":5,"turns":2},{"damage":0,"enemies":"Large Slime","floor":6,"turns":4},{"damage":0,"enemies":"3 Louse","floor":8,"turns":2},{"damage":0,"enemies":"3 Sentries","floor":9,"turns":7},{"damage":0,"enemies":"2 Fungi Beasts","floor":13,"turns":2},{"damage":5,"enemies":"Red Slaver","floor":15,"turns":3},{"damage":59,"enemies":"WA_ARCHETYPE_RETAIN","floor":16,"turns":11},{"damage":31,"enemies":"Shell Parasite","floor":19,"turns":5},{"damage":9,"enemies":"Spheric Guardian","floor":21,"turns":3},{"damage":61,"enemies":"conspire:MimicChest","floor":22,"turns":9},{"damage":22,"enemies":"Cultist and Chosen","floor":23,"turns":4},{"damage":11,"enemies":"Snecko","floor":25,"turns":3},{"damage":12,"enemies":"downfall:FleeingMerchant","floor":28,"turns":4},{"damage":13,"enemies":"downfall:FleeingMerchant","floor":29,"turns":4},{"damage":21,"enemies":"Centurion and Healer","floor":32,"turns":4},{"damage":91,"enemies":"IC_MUSHROOM_ARCHETYPE","floor":33,"turns":9},{"damage":25,"enemies":"Orb Walker","floor":36,"turns":3},{"damage":14,"enemies":"3 Shapes","floor":37,"turns":3},{"damage":35,"enemies":"Jaw Worm Horde","floor":38,"turns":4},{"damage":35,"enemies":"3 Darklings","floor":39,"turns":3},{"damage":36,"enemies":"downfall:FleeingMerchant","floor":40,"turns":4},{"damage":40,"enemies":"Transient","floor":45,"turns":5},{"damage":21,"enemies":"Spire Growth","floor":49,"turns":4},{"damage":67,"enemies":"DF_ARCHETYPE_ORBS","floor":50,"turns":10},{"damage":136,"enemies":"downfall:CharBossMerchant","floor":52,"turns":7}],"seed_played":"-3084323985423398063","potions_obtained":[{"floor":2,"key":"EssenceOfSteel"},{"floor":5,"key":"bronze:FreeFunctionsPotion"},{"floor":6,"key":"Ancient Potion"},{"floor":9,"key":"SneckoOil"},{"floor":16,"key":"Swift Potion"},{"floor":22,"key":"Dexterity Potion"},{"floor":33,"key":"hexamod:SoulburnPotion"},{"floor":45,"key":"Strength Potion"}],"is_trial":false,"path_per_floor":["R","M","M","$","M","M","T","M","E","R","?","T","M","?","M","B",null,"R","M","?","M","?","M","T","M","?","R","$","$","R","T","M","B",null,"R","M","M","M","M","$","T","$","?","?","M","?","R","T","M","B",null,"E"],"character_chosen":"THE_AUTOMATON","items_purchased":["Lee\u0027s Waffle","ClockworkSouvenir","reliquary:Stiletto","expansioncontent:DashGenerateEvil","DemoMod:MeatBun"],"campfire_rested":1,"item_purchase_floors":[28,29,40,40,42],"current_hp_per_floor":[70,70,70,70,70,70,70,70,82,82,82,82,82,82,77,18,82,92,61,91,82,21,92,92,92,92,92,99,98,98,98,91,44,99,99,98,93,83,66,41,41,55,55,55,45,45,74,74,82,71,99,0,0,0],"gold":195,"neow_bonus":"THREE_RARE_CARDS","is_daily":false,"chose_seed":false,"campfire_upgraded":4,"win_rate":0.0,"timestamp":1614049708,"path_taken":["R","M","M","$","M","?","T","M","E","R","?","?","M","?","M","BOSS","R","M","?","M","?","?","T","?","?","R","?","$","R","?","M","BOSS","R","M","M","M","M","$","T","$","?","?","?","?","R","?","M","BOSS","E"],"items_purchased_type":["Relic","Relic","Relic","Card","Relic"],"build_version":"2020-12-22","purchased_purges":1,"victory":false,"max_hp_per_floor":[70,70,70,70,70,70,70,70,82,82,82,82,82,82,82,82,82,92,92,92,92,92,92,92,92,92,92,99,99,99,99,99,99,99,99,99,99,99,99,99,99,99,99,99,99,99,99,99,99,99,99,99,99,99],"card_choices":[{"not_picked":["bronze:Break","bronze:Verify"],"picked":"bronze:HardenedForm","floor":0},{"not_picked":["bronze:Frontload","bronze:Invalidate"],"picked":"bronze:WhirlingStrike","floor":2},{"not_picked":["bronze:WildBeam","bronze:Backtrace"],"picked":"bronze:ChosenStrike","floor":3},{"not_picked":["bronze:Virus","bronze:GetLatest"],"picked":"bronze:Branch","floor":4},{"not_picked":["bronze:Return","bronze:Branch","bronze:FineTuning"],"picked":"SKIP","floor":5},{"not_picked":["bronze:BitShift","bronze:WildBeam"],"picked":"bronze:Iterate","floor":6},{"not_picked":["bronze:Safeguard","bronze:BitShift","bronze:NullPointer"],"picked":"SKIP","floor":8},{"not_picked":["bronze:MaxOutput","bronze:CutThrough","bronze:BitShift"],"picked":"SKIP","floor":9},{"not_picked":["bronze:Turbo","bronze:NullPointer"],"picked":"bronze:Return","floor":13},{"not_picked":["bronze:Safeguard","bronze:BugBarrage","bronze:Deprecate"],"picked":"SKIP","floor":15},{"not_picked":["bronze:ThunderWave","bronze:HardenedForm"],"picked":"bronze:Mutator","floor":16},{"not_picked":["bronze:OilSpill","bronze:Turbo"],"picked":"bronze:DelayedSlice","floor":19},{"not_picked":["bronze:BitShift+1","bronze:DigitalCarnage+1"],"picked":"bronze:WildBeam","floor":21},{"not_picked":["bronze:Boost+1","bronze:ItsAFeature"],"picked":"bronze:ChildClass+1","floor":23},{"not_picked":["bronze:DelayedGuard+1","bronze:SpaghettiCode"],"picked":"bronze:Shell","floor":25},{"not_picked":["bronze:CleanCode","bronze:Shield"],"picked":"bronze:Boost","floor":28},{"not_picked":["bronze:BuggyMess","bronze:Invalidate+1","bronze:Overheat+1"],"picked":"SKIP","floor":29},{"not_picked":["bronze:Mutator","bronze:Branch+1","bronze:BitShift"],"picked":"SKIP","floor":32},{"not_picked":["bronze:Virus","bronze:HyperBeam"],"picked":"bronze:ShipIt","floor":33},{"not_picked":["bronze:Branch","bronze:OilSpill"],"picked":"bronze:Overload","floor":36},{"not_picked":["bronze:Return","bronze:BitShift","bronze:WildBeam"],"picked":"SKIP","floor":37},{"not_picked":["bronze:Branch+1","bronze:Backtrace"],"picked":"bronze:Flail+1","floor":38},{"not_picked":["bronze:Turbo+1","bronze:Iterate+1"],"picked":"bronze:Fortify","floor":39},{"not_picked":["bronze:Overheat+1","bronze:DarkDash"],"picked":"bronze:Frontload+1","floor":40},{"not_picked":["bronze:Invalidate","bronze:Deprecate","bronze:BuggyMess+1"],"picked":"SKIP","floor":45},{"not_picked":["bronze:Allocate","bronze:Iterate","bronze:WhirlingStrike"],"picked":"SKIP","floor":49}],"player_experience":2153844,"relics_obtained":[{"floor":7,"key":"Shovel"},{"floor":9,"key":"DemoMod:Orange"},{"floor":22,"key":"reliquary:Vitrine"},{"floor":24,"key":"Whetstone"},{"floor":30,"key":"conspire:Boomerang"},{"floor":31,"key":"DemoMod:DecoyRelic"},{"floor":41,"key":"Lantern"},{"floor":46,"key":"Ornamental Fan"},{"floor":48,"key":"Boot"}],"event_choices":[{"damage_healed":0,"gold_gain":0,"player_choice":"Leave","damage_taken":0,"max_hp_gain":0,"max_hp_loss":0,"event_name":"conspire:Investor","floor":11,"gold_loss":0},{"damage_healed":30,"gold_gain":0,"player_choice":"Heal","damage_taken":0,"max_hp_gain":0,"max_hp_loss":0,"event_name":"The Library","floor":20,"gold_loss":0}],"is_beta":false,"boss_relics":[{"not_picked":["Calling Bell","reliquary:ThirdArm"],"picked":"aspiration:RitualDagger"},{"not_picked":["Snecko Eye","aspiration:RunicSpoon"],"picked":"Astrolabe"}],"items_purged_floors":[28],"is_endless":false,"potions_floor_spawned":[2,5,6,9,16,19,22,23,33,37,38,45],"killed_by":"downfall:CharBossMerchant","ascension_level":0}}