{"host":"dowi7cgbhepuzvpj","time":1614113536,"event":{"mods":["AchievementEnabler","BaseMod","Colored Map","Keyboard Shortcuts","Minty Spire (QoL Compilation)","Permanent Neow","Quick Restart","StSLib","SuperFastMode"],"gold_per_floor":[111,121,71,146,146,146,172,172,172,97,112,112,147,247,247,321,321,337,356,356,112,112,142,152,169,194,223,223,17,37,63,63,135,135,146,50,50,60,60,60,94,106,152,152,152,2,2,0,0,0],"floor_reached":51,"language":"KOR","playtime":1412,"items_purged":["Defend_P","Defend_P","Defend_P","LessonLearned+1"],"score":1564,"play_id":"3682afbf-e147-4073-9afd-8392f3d09c53","local_time":"20210224055215","is_ascension_mode":true,"campfire_choices":[{"floor":6.0,"key":"REST"},{"data":"Eruption","floor":12.0,"key":"SMITH"},{"floor":15.0,"key":"REST"},{"floor":28,"key":"REST"},{"floor":32,"key":"REST"},{"floor":40,"key":"REST"},{"floor":44,"key":"REST"},{"floor":47,"key":"RECALL"},{"floor":49,"key":"REST"}],"circlet_count":0,"master_deck":["AscendersBane","Strike_P+1","Defend_P+1","Eruption+1","Vigilance+1","Tantrum+1","MentalFortress+1","Adaptation+1","MentalFortress+1","Evaluate+1","Deep Breath+1","EmptyMind+1","Madness+1"],"relics":["PureWater","Calipers","Torii","Centennial Puzzle","Akabeko","Fusion Hammer","Oddly Smooth Stone","Pantograph","Boot","Toxic Egg 2","Nunchaku","VioletLotus","Regal Pillow","Blood Vial","Red Mask"],"acts_visited":["Exordium","TheCity","TheBeyond"],"potions_floor_usage":[33,33,50,50],"damage_taken":[{"damage":24.0,"enemies":"Jaw Worm","floor":1.0,"turns":3.0},{"damage":0.0,"enemies":"Small Slimes","floor":2.0,"turns":3.0},{"damage":0.0,"enemies":"Gremlin Nob","floor":7.0,"turns":2.0},{"damage":0.0,"enemies":"2 Louse","floor":11.0,"turns":2.0},{"damage":12.0,"enemies":"3 Sentries","floor":13.0,"turns":4.0},{"damage":0.0,"enemies":"Slime Boss","floor":16.0,"turns":5.0},{"damage":5.0,"enemies":"3 Byrds","floor":18.0,"turns":3.0},{"damage":0.0,"enemies":"Shell Parasite","floor":19.0,"turns":1.0},{"damage":16.0,"enemies":"Slavers","floor":23.0,"turns":5.0},{"damage":0.0,"enemies":"Snecko","floor":24.0,"turns":3.0},{"damage":7.0,"enemies":"Shelled Parasite and Fungi","floor":25.0,"turns":3.0},{"damage":0,"enemies":"Gremlin Leader","floor":27,"turns":4},{"damage":10,"enemies":"Centurion and Healer","floor":30,"turns":3},{"damage":0,"enemies":"Book of Stabbing","floor":31,"turns":3},{"damage":37,"enemies":"Collector","floor":33,"turns":7},{"damage":11,"enemies":"Orb Walker","floor":35,"turns":2},{"damage":0,"enemies":"3 Darklings","floor":38,"turns":4},{"damage":9,"enemies":"Reptomancer","floor":41,"turns":4},{"damage":0,"enemies":"Sphere and 2 Shapes","floor":42,"turns":4},{"damage":0,"enemies":"Donu and Deca","floor":50,"turns":2}],"seed_played":"-4006343300446170913","potions_obtained":[{"floor":1.0,"key":"SteroidPotion"},{"floor":13.0,"key":"Swift Potion"},{"floor":18.0,"key":"CultistPotion"},{"floor":19.0,"key":"SteroidPotion"},{"floor":24.0,"key":"Block Potion"},{"floor":33,"key":"SpeedPotion"},{"floor":38,"key":"Strength Potion"}],"is_trial":false,"path_per_floor":["M","M","?","?","?","R","E","?","T","$","M","R","E","?","R","B",null,"M","M","?","$","?","E","M","M","T","E","R","$","M","E","R","B",null,"M","$","?","M","?","R","E","M","T","R","?","$","R","?","R","B",null],"character_chosen":"WATCHER","items_purchased":["Oddly Smooth Stone","Deep Breath+1","Madness+1"],"campfire_rested":7,"item_purchase_floors":[21,29,36],"current_hp_per_floor":[23,23,23,12,12,33,33,19,19,19,19,19,7,7,28,28,61,56,56,56,56,56,40,40,33,33,33,54,54,44,44,65,35,63,52,52,52,52,52,68,59,59,59,68,68,68,68,68,68,68],"gold":0,"neow_bonus":"ONE_RARE_RELIC","is_daily":false,"chose_seed":false,"campfire_upgraded":1,"win_rate":0.0,"timestamp":1614113535,"path_taken":["M","M","?","?","?","R","E","?","T","$","M","R","E","?","R","BOSS","M","M","?","$","?","E","M","M","T","E","R","$","?","E","R","BOSS","M","$","?","M","?","R","E","M","T","R","?","$","R","?","R","BOSS"],"items_purchased_type":["Relic","Card","Card"],"build_version":"2020-12-22","purchased_purges":4,"victory":true,"max_hp_per_floor":[72,72,72,72,72,72,72,72,72,72,72,72,72,72,72,72,72,72,72,72,72,72,72,72,72,72,72,72,72,72,72,72,72,72,72,72,68,68,68,68,68,68,68,68,68,68,68,68,68,68],"card_choices":[{"not_picked":["FlyingSleeves","Study"],"picked":"FollowUp","floor":1.0},{"not_picked":["Collect","SashWhip"],"picked":"Tantrum","floor":2.0},{"not_picked":["Brilliance","BowlingBash","EmptyBody"],"picked":"SKIP","floor":7.0},{"not_picked":["BowlingBash","Wireheading"],"picked":"MentalFortress","floor":11.0},{"not_picked":["Halt","WindmillStrike"],"picked":"Adaptation","floor":13.0},{"not_picked":["MasterReality","Wish"],"picked":"LessonLearned","floor":16.0},{"not_picked":["Collect+1","Consecrate","Prostrate"],"picked":"SKIP","floor":18.0},{"not_picked":["EmptyBody","CrushJoints","WaveOfTheHand"],"picked":"SKIP","floor":19.0},{"not_picked":["PathToVictory","SashWhip","LikeWater+1"],"picked":"SKIP","floor":23.0},{"not_picked":["Consecrate","FlurryOfBlows"],"picked":"MentalFortress","floor":24.0},{"not_picked":["CrushJoints+1","Blasphemy","ClearTheMind"],"picked":"SKIP","floor":25.0},{"not_picked":["BowlingBash","Study"],"picked":"Evaluate+1","floor":27},{"not_picked":["ForeignInfluence+1","Evaluate+1","Wallop"],"picked":"SKIP","floor":30},{"not_picked":["Protect+1","PathToVictory+1","Crescendo+1"],"picked":"SKIP","floor":31},{"not_picked":["Consecrate","FearNoEvil"],"picked":"EmptyMind+1","floor":35},{"not_picked":["CrushJoints","WreathOfFlame+1","Perseverance+1"],"picked":"SKIP","floor":38},{"not_picked":["FollowUp","Consecrate+1","Devotion"],"picked":"SKIP","floor":41},{"not_picked":["MentalFortress","ThirdEye+1","FlurryOfBlows"],"picked":"SKIP","floor":42}],"player_experience":899608,"relics_obtained":[{"floor":7.0,"key":"Torii"},{"floor":9.0,"key":"Centennial Puzzle"},{"floor":13.0,"key":"Akabeko"},{"floor":23.0,"key":"Pantograph"},{"floor":26.0,"key":"Boot"},{"floor":27,"key":"Toxic Egg 2"},{"floor":31,"key":"Nunchaku"},{"floor":41,"key":"Regal Pillow"},{"floor":43,"key":"Blood Vial"}],"event_choices":[{"cards_removed":["Strike_P"],"damage_healed":0.0,"max_hp_gain":0.0,"max_hp_loss":0.0,"gold_gain":0.0,"event_name":"The Cleric","player_choice":"Card Removal","floor":3.0,"gold_loss":50.0,"damage_taken":0.0},{"damage_healed":0.0,"max_hp_gain":0.0,"max_hp_loss":0.0,"gold_gain":75.0,"event_name":"World of Goop","player_choice":"Gather Gold","floor":4.0,"gold_loss":0.0,"damage_taken":11.0},{"cards_removed":["Strike_P"],"damage_healed":0.0,"max_hp_gain":0.0,"max_hp_loss":0.0,"gold_gain":0.0,"event_name":"Living Wall","player_choice":"Forget","floor":5.0,"gold_loss":0.0,"damage_taken":0.0},{"damage_healed":0.0,"max_hp_gain":0.0,"max_hp_loss":0.0,"gold_gain":0.0,"event_name":"Shining Light","player_choice":"Entered Light","floor":8.0,"gold_loss":0.0,"damage_taken":14.0,"cards_upgraded":["Strike_P","FollowUp"]},{"damage_healed":0.0,"max_hp_gain":0.0,"max_hp_loss":0.0,"gold_gain":100.0,"event_name":"Wheel of Change","player_choice":"Gold","floor":14.0,"gold_loss":0.0,"damage_taken":0.0},{"damage_healed":0.0,"max_hp_gain":0.0,"max_hp_loss":0.0,"gold_gain":0.0,"event_name":"Vampires","player_choice":"Ignored","floor":20.0,"gold_loss":0.0,"damage_taken":0.0},{"cards_removed":["Strike_P"],"damage_healed":0.0,"max_hp_gain":0.0,"max_hp_loss":0.0,"gold_gain":0.0,"event_name":"Bonfire Elementals","player_choice":"Offered Basic","floor":22.0,"gold_loss":0.0,"damage_taken":0.0},{"damage_healed":0,"gold_gain":0,"player_choice":"Max HP","damage_taken":0,"max_hp_gain":0,"max_hp_loss":4,"event_name":"Winding Halls","floor":37,"gold_loss":0},{"damage_healed":0,"gold_gain":0,"player_choice":"Memory 1","damage_taken":0,"max_hp_gain":0,"max_hp_loss":0,"event_name":"SensoryStone","floor":39,"gold_loss":0},{"cards_removed":["FollowUp"],"damage_healed":0,"gold_gain":0,"player_choice":"Removed Attack","damage_taken":0,"max_hp_gain":0,"max_hp_loss":0,"event_name":"Falling","floor":45,"gold_loss":0},{"damage_healed":0,"gold_gain":0,"player_choice":"Paid","damage_taken":0,"relics_obtained":["Red Mask"],"max_hp_gain":0,"max_hp_loss":0,"event_name":"Tomb of Lord Red Mask","floor":48,"gold_loss":2}],"is_beta":false,"boss_relics":[{"not_picked":["HolyWater","Velvet Choker"],"picked":"Fusion Hammer"},{"not_picked":["Calling Bell","Astrolabe"],"picked":"VioletLotus"}],"items_purged_floors":[10,21,29,46],"is_endless":false,"potions_floor_spawned":[1,13,18,19,24,31,33,38,41],"ascension_level":13}}