{"host":"qfskrnw3pl1q86j0","time":1614098528,"event":{"mods":["BaseMod","Block Reminder","Hermit","Marisa????????","Minty Spire (QoL Compilation)","Quick Restart","Random Character Button","Relic Stats","StSLib","The Poker Player","slay the spire mod where everything is the same but ironclad has a cowboy hat"],"gold_per_floor":[110,110,35,48,67,67,102,102,102,117,130,1,13,13,13,141,141,141,141,141,141,141,141,41,41,41,41,41,41,41,41,41,41,41,41,41,41,41,41,41,41,41,41,41,41,41,41,41,41,41],"floor_reached":51,"language":"ENG","playtime":1670,"items_purged":["Strike_B","Defend_B"],"score":679,"play_id":"fe0ba1e2-9ca2-460e-bcd6-6146e2274023","local_time":"20210223174208","is_ascension_mode":false,"campfire_choices":[{"data":"Streamline","floor":6.0,"key":"SMITH"},{"data":"Dualcast","floor":8.0,"key":"SMITH"},{"data":"Beam Cell","floor":15.0,"key":"SMITH"},{"data":"Machine Learning","floor":23,"key":"SMITH"},{"data":"Hyperbeam","floor":25,"key":"SMITH"},{"data":"Beam Cell","floor":28,"key":"SMITH"},{"data":"Go for the Eyes","floor":30,"key":"SMITH"},{"data":"Reinforced Body","floor":32,"key":"SMITH"},{"data":"Finesse","floor":41,"key":"SMITH"},{"data":"Rebound","floor":45,"key":"SMITH"},{"data":"Leap","floor":47,"key":"SMITH"},{"floor":49,"key":"REST"}],"circlet_count":0,"master_deck":["Strike_B","Defend_B","Defend_B","Defend_B","Zap+1","Dualcast+1","Streamline+1","Gash","Leap+1","Conserve Battery","Go for the Eyes+1","Beam Cell+1","Finesse+1","Beam Cell+1","Rebound+1","Hyperbeam+1","Reinforced Body+1","Machine Learning+1","Rip and Tear+1","Seek"],"relics":["Cracked Core","Ornamental Fan","Gremlin Horn","Golden Idol","Ectoplasm","Bird Faced Urn","Centennial Puzzle","Busted Crown","Regal Pillow","Anchor"],"acts_visited":["Exordium","TheCity","TheBeyond"],"potions_floor_usage":[33,42,50,50],"damage_taken":[{"damage":1.0,"enemies":"Jaw Worm","floor":1.0,"turns":3.0},{"damage":3.0,"enemies":"Small Slimes","floor":4.0,"turns":3.0},{"damage":0.0,"enemies":"Cultist","floor":5.0,"turns":2.0},{"damage":37.0,"enemies":"Gremlin Nob","floor":7.0,"turns":4.0},{"damage":3.0,"enemies":"Exordium Thugs","floor":10.0,"turns":4.0},{"damage":0.0,"enemies":"3 Louse","floor":11.0,"turns":2.0},{"damage":0.0,"enemies":"Red Slaver","floor":13.0,"turns":3.0},{"damage":47.0,"enemies":"The Guardian","floor":16.0,"turns":11.0},{"damage":10.0,"enemies":"Spheric Guardian","floor":18.0,"turns":4.0},{"damage":5,"enemies":"Shell Parasite","floor":21,"turns":3},{"damage":1,"enemies":"Sentry and Sphere","floor":27,"turns":3},{"damage":16,"enemies":"Snake Plant","floor":31,"turns":3},{"damage":15,"enemies":"Champ","floor":33,"turns":9},{"damage":11,"enemies":"3 Darklings","floor":35,"turns":2},{"damage":0,"enemies":"Orb Walker","floor":36,"turns":3},{"damage":0,"enemies":"Transient","floor":37,"turns":5},{"damage":10,"enemies":"4 Shapes","floor":39,"turns":3},{"damage":10,"enemies":"Giant Head","floor":40,"turns":7},{"damage":20,"enemies":"Maw","floor":42,"turns":7},{"damage":0,"enemies":"Transient","floor":44,"turns":5},{"damage":0,"enemies":"Sphere and 2 Shapes","floor":46,"turns":5},{"damage":28,"enemies":"Awakened One","floor":50,"turns":14}],"seed_played":"-7774400805100054085","potions_obtained":[{"floor":4.0,"key":"FairyPotion"},{"floor":10.0,"key":"EssenceOfDarkness"},{"floor":11.0,"key":"ColorlessPotion"},{"floor":27,"key":"Swift Potion"},{"floor":31,"key":"FairyPotion"},{"floor":33,"key":"Weak Potion"},{"floor":39,"key":"Dexterity Potion"},{"floor":42,"key":"Dexterity Potion"}],"is_trial":false,"path_per_floor":["M","?","$","M","M","R","E","R","T","M","M","$","M","?","R","B",null,"M","?","?","M","T","R","$","R","T","M","R","?","R","M","R","B",null,"M","M","M","T","M","E","R","M","T","M","R","M","R","$","R","B",null],"character_chosen":"DEFECT","items_purchased":["Finesse","Beam Cell"],"campfire_rested":1,"item_purchase_floors":[12,12],"current_hp_per_floor":[74,74,74,71,71,71,34,34,34,31,31,31,31,31,31,5,69,59,59,59,54,54,54,54,54,54,55,55,55,55,41,41,28,69,58,60,62,62,54,46,46,28,28,30,30,32,32,32,67,41],"gold":41,"neow_bonus":"TRANSFORM_CARD","is_daily":false,"chose_seed":false,"campfire_upgraded":11,"win_rate":0.0,"timestamp":1614098528,"path_taken":["M","?","$","M","M","R","E","R","T","M","M","$","M","?","R","BOSS","M","?","?","?","?","R","$","R","T","M","R","?","R","M","R","BOSS","M","M","M","?","M","E","R","M","T","M","R","M","R","$","R","BOSS"],"items_purchased_type":["Card","Card"],"build_version":"2020-12-22","purchased_purges":2,"victory":true,"max_hp_per_floor":[75,75,75,75,75,75,75,75,75,75,75,75,75,69,69,69,69,69,69,69,69,69,69,69,69,69,69,69,69,69,69,69,69,69,69,69,69,69,69,69,69,69,69,69,69,69,69,69,69,69],"relic_stats":{"Centennial Puzzle":[24],"Regal Pillow":15,"Busted Crown":16,"Gremlin Horn":[14,14],"counters":[22,105],"Ornamental Fan":[208],"Golden Idol":129,"Bird Faced Urn":[22],"Ectoplasm":481,"obtain_stats":[{"Centennial Puzzle":26,"Regal Pillow":38,"Anchor":43,"Busted Crown":34,"Gremlin Horn":9,"Ornamental Fan":7,"Golden Idol":14,"Bird Faced Urn":22,"Ectoplasm":17,"Cracked Core":0},{"Centennial Puzzle":10,"Regal Pillow":16,"Anchor":19,"Busted Crown":13,"Gremlin Horn":4,"Ornamental Fan":4,"Golden Idol":7,"Bird Faced Urn":10,"Ectoplasm":8,"Cracked Core":0},{"Centennial Puzzle":39,"Regal Pillow":64,"Anchor":81,"Busted Crown":54,"Gremlin Horn":12,"Ornamental Fan":12,"Golden Idol":21,"Bird Faced Urn":39,"Ectoplasm":32,"Cracked Core":0}]},"card_choices":[{"not_picked":["Redo","Streamline"],"picked":"Gash","floor":1.0},{"not_picked":["Go for the Eyes","Redo"],"picked":"Leap","floor":4.0},{"not_picked":["Leap","Undo"],"picked":"Conserve Battery","floor":5.0},{"not_picked":["Chaos","Turbo"],"picked":"Go for the Eyes","floor":7.0},{"not_picked":["Chaos","Core Surge"],"picked":"Beam Cell","floor":10.0},{"not_picked":["Turbo","Loop","Go for the Eyes"],"picked":"SKIP","floor":11.0},{"not_picked":["Consume","Streamline"],"picked":"Rebound","floor":13.0},{"not_picked":["Fission","Echo Form"],"picked":"Hyperbeam","floor":16.0},{"not_picked":["Steam+1","Consume"],"picked":"Reinforced Body","floor":18.0},{"not_picked":["Compile Driver","Go for the Eyes"],"picked":"Rip and Tear+1","floor":21},{"not_picked":["Recycle+1","Go for the Eyes","Aggregate+1"],"picked":"SKIP","floor":27},{"not_picked":["Ball Lightning","Barrage+1","Doom and Gloom"],"picked":"SKIP","floor":31},{"not_picked":["Biased Cognition","Meteor Strike"],"picked":"Seek","floor":33},{"not_picked":["Turbo"],"picked":"SKIP","floor":35},{"not_picked":["Barrage"],"picked":"SKIP","floor":36},{"not_picked":["Redo"],"picked":"SKIP","floor":37},{"not_picked":["Genetic Algorithm"],"picked":"SKIP","floor":39},{"not_picked":["Defragment+1"],"picked":"SKIP","floor":40},{"not_picked":["Rip and Tear"],"picked":"SKIP","floor":42},{"not_picked":["Self Repair"],"picked":"SKIP","floor":44},{"not_picked":["Barrage"],"picked":"SKIP","floor":46}],"player_experience":1108946,"relics_obtained":[{"floor":7.0,"key":"Ornamental Fan"},{"floor":9.0,"key":"Gremlin Horn"},{"floor":22,"key":"Bird Faced Urn"},{"floor":26,"key":"Centennial Puzzle"},{"floor":38,"key":"Regal Pillow"},{"floor":43,"key":"Anchor"}],"event_choices":[{"damage_healed":0.0,"max_hp_gain":0.0,"max_hp_loss":0.0,"gold_gain":0.0,"event_name":"Living Wall","player_choice":"Grow","floor":2.0,"gold_loss":0.0,"damage_taken":0.0,"cards_upgraded":["Zap"]},{"damage_healed":0.0,"max_hp_gain":0.0,"max_hp_loss":6.0,"gold_gain":0.0,"event_name":"Golden Idol","player_choice":"Lose Max HP","floor":14.0,"gold_loss":0.0,"damage_taken":0.0,"relics_obtained":["Golden Idol"]},{"damage_healed":0.0,"max_hp_gain":0.0,"max_hp_loss":0.0,"gold_gain":0.0,"event_name":"Ghosts","player_choice":"Ignored","floor":19.0,"gold_loss":0.0,"damage_taken":0.0},{"damage_healed":0,"gold_gain":0,"player_choice":"1 cards matched","damage_taken":0,"max_hp_gain":0,"max_hp_loss":0,"event_name":"Match and Keep!","floor":20,"gold_loss":0,"cards_obtained":["Machine Learning"]},{"cards_removed":["Strike_B"],"damage_healed":0,"gold_gain":0,"player_choice":"Purged","damage_taken":0,"max_hp_gain":0,"max_hp_loss":0,"event_name":"Purifier","floor":29,"gold_loss":0}],"is_beta":false,"boss_relics":[{"not_picked":["Runic Pyramid","Runic Dome"],"picked":"Ectoplasm"},{"not_picked":["Calling Bell","Velvet Choker"],"picked":"Busted Crown"}],"items_purged_floors":[3,24],"is_endless":false,"potions_floor_spawned":[4,10,11,13,27,31,33,36,39,42,46],"ascension_level":0}}