{"host":"j9kxs091fhjybap3","time":1614068688,"event":{"mods":["100% Spire Juice","Act Like it!","BaseMod","Minty Spire (QoL Compilation)","StSLib"],"gold_per_floor":[118,68,68,18,93,93,124,124,124,185,40,69,69,85,85,180,180,198,88,88,104,4,4,4,4],"floor_reached":24,"language":"ENG","playtime":996,"items_purged":["Moonworks:Strike","Writhe"],"score":220,"play_id":"1b279625-78fa-47ac-bb9a-4c89d448877f","local_time":"20210223032448","is_ascension_mode":true,"campfire_choices":[{"floor":6,"key":"REST"},{"floor":8,"key":"REST"},{"data":"Moonworks:x16BigRocket","floor":13,"key":"SMITH"},{"data":"Moonworks:Rival","floor":15,"key":"SMITH"},{"floor":23,"key":"REST"}],"circlet_count":0,"master_deck":["Moonworks:Strike","Moonworks:Strike","Moonworks:Defend","Moonworks:Defend","Moonworks:Defend","Moonworks:Defend","Moonworks:Ambush+1","Moonworks:LongDistanceShot+1","Moonworks:SweetBattle+1","Moonworks:DesperateModification","Moonworks:Rival+1","Moonworks:x16BigRocket+1","Moonworks:NicePresent"],"relics":["Moonworks:BrokenBomb","Moonworks:Homemark","Thread and Needle","FossilizedHelix","Unceasing Top","StrikeDummy","SacredBark","Omamori"],"acts_visited":["Exordium","TheCity"],"potions_floor_usage":[12,16,19,24],"damage_taken":[{"damage":0,"enemies":"Small Slimes","floor":1,"turns":2},{"damage":29,"enemies":"Lagavulin","floor":7,"turns":8},{"damage":5,"enemies":"3 Sentries","floor":10,"turns":8},{"damage":5,"enemies":"3 Sentries","floor":12,"turns":8},{"damage":0,"enemies":"2 Louse","floor":14,"turns":2},{"damage":10,"enemies":"Hexaghost","floor":16,"turns":7},{"damage":0,"enemies":"Shell Parasite","floor":18,"turns":6},{"damage":0,"enemies":"3 Byrds","floor":19,"turns":4},{"damage":42,"enemies":"Cultist and Chosen","floor":21,"turns":9},{"damage":34,"enemies":"Slavers","floor":24,"turns":5}],"seed_played":"5639114759293496186","potions_obtained":[{"floor":10,"key":"DuplicationPotion"},{"floor":12,"key":"Moonworks:NormaPotion"},{"floor":16,"key":"Moonworks:BlastingPotion"},{"floor":21,"key":"Energy Potion"}],"is_trial":false,"path_per_floor":["M","?","?","$","?","R","E","R","T","?","$","E","R","M","R","B",null,"M","M","?","M","$","R","E"],"character_chosen":"THE_STARBREAKER","items_purchased":["Moonworks:DesperateModification","Moonworks:x16BigRocket"],"campfire_rested":3,"item_purchase_floors":[4,11],"current_hp_per_floor":[60,60,48,48,37,55,34,52,52,55,55,55,55,59,59,56,60,60,60,60,20,20,38,12,12],"gold":4,"neow_bonus":"UPGRADE_CARD","is_daily":false,"chose_seed":false,"campfire_upgraded":2,"win_rate":0.0,"timestamp":1614068688,"path_taken":["M","?","?","$","?","R","E","R","T","?","$","E","R","M","R","BOSS","M","M","?","M","$","R","E"],"items_purchased_type":["Card","Card"],"build_version":"2020-12-22","purchased_purges":2,"victory":false,"max_hp_per_floor":[60,60,60,60,60,60,60,60,60,60,60,60,60,60,60,60,60,60,60,60,60,60,60,60,60],"card_choices":[{"not_picked":["Moonworks:IndiscriminateFireSupport","Moonworks:LulusLuckyEgg"],"picked":"Moonworks:SweetBattle","floor":1},{"not_picked":["Moonworks:LulusLuckyEgg","Moonworks:WhiteChristsmasher","Moonworks:ExtraordinarySpecs"],"picked":"SKIP","floor":7},{"not_picked":["Moonworks:IntelligenceOfficer","Moonworks:GoldenEgg"],"picked":"Moonworks:Rival","floor":10},{"not_picked":["Moonworks:MiracleRedBeanIceCream","Moonworks:CloudOfSeagulls"],"picked":"Moonworks:NicePresent","floor":12},{"not_picked":["Moonworks:CloudOfSeagulls","Moonworks:DevilHand","Moonworks:QuickRestoration"],"picked":"SKIP","floor":14},{"not_picked":["Moonworks:CloudOfSeagulls","Moonworks:WhiteChristsmasher","Moonworks:x16BigRocket"],"picked":"SKIP","floor":18},{"not_picked":["Moonworks:FullSpeedAlicianrone+1","Moonworks:SakisCookie","Moonworks:MiracleRedBeanIceCream"],"picked":"SKIP","floor":19},{"not_picked":["Moonworks:WhiteChristsmasher","Moonworks:BeastWitch","Moonworks:GoldenEgg+1"],"picked":"SKIP","floor":21}],"player_experience":1270167,"relics_obtained":[{"floor":7,"key":"Thread and Needle"},{"floor":9,"key":"FossilizedHelix"},{"floor":12,"key":"StrikeDummy"}],"event_choices":[{"cards_removed":["Moonworks:Strike"],"damage_healed":0,"gold_gain":0,"player_choice":"Card Removal","damage_taken":0,"max_hp_gain":0,"max_hp_loss":0,"event_name":"The Cleric","floor":2,"gold_loss":50},{"damage_healed":0,"gold_gain":0,"player_choice":"Entered Light","damage_taken":12,"max_hp_gain":0,"max_hp_loss":0,"event_name":"Shining Light","floor":3,"gold_loss":0,"cards_upgraded":["Moonworks:SweetBattle","Moonworks:LongDistanceShot"]},{"damage_healed":0,"gold_gain":75,"player_choice":"Gather Gold","damage_taken":11,"max_hp_gain":0,"max_hp_loss":0,"event_name":"World of Goop","floor":5,"gold_loss":0},{"damage_healed":0,"gold_gain":0,"player_choice":"Searched \u00272\u0027 times","damage_taken":0,"relics_obtained":["Unceasing Top"],"max_hp_gain":0,"max_hp_loss":0,"event_name":"Dead Adventurer","floor":10,"gold_loss":0},{"damage_healed":0,"gold_gain":0,"player_choice":"Opened","damage_taken":0,"relics_obtained":["Omamori"],"max_hp_gain":0,"max_hp_loss":0,"event_name":"The Mausoleum","floor":20,"gold_loss":0,"cards_obtained":["Writhe"]}],"is_beta":false,"boss_relics":[{"not_picked":["Coffee Dripper","Snecko Eye"],"picked":"SacredBark"}],"items_purged_floors":[11,22],"is_endless":false,"potions_floor_spawned":[10,12,16,21],"killed_by":"Slavers","ascension_level":2}}