{"host":"126yiuos2nq86se7","time":1614049572,"event":{"mods":["2.2 Compatiblity","AchievementEnabler","Act Like it!","BaseMod","Colored Map","Colored Powertips","Friendly Minions","Hermit","Highlight Path","KomeijiMod","Minty Spire (QoL Compilation)","StSLib","SuperFastMode","The Bug Knight","The Disciple","The Hierophant"],"gold_per_floor":[117,127,139,14,29,29,29,29,53,69,102,102,2,2,2,104,154,164,152,152,59,158,158,158,173,199,199,199,214,214,225,225,327,327,345,361,9,25,25,25,25,25],"floor_reached":41,"language":"ENG","playtime":1022,"items_purged":["Strike_G","Strike_G","Strike_G"],"score":416,"play_id":"780da1ac-baa4-419b-ae72-f6a295468f29","local_time":"20210223140612","is_ascension_mode":false,"campfire_choices":[{"data":"Noxious Fumes","floor":6,"key":"SMITH"},{"data":"Caltrops","floor":12,"key":"SMITH"},{"data":"Caltrops","floor":15,"key":"SMITH"},{"data":"Caltrops","floor":23,"key":"SMITH"},{"floor":28,"key":"REST"},{"floor":30,"key":"REST"},{"floor":32,"key":"REST"},{"floor":40,"key":"REST"}],"circlet_count":0,"master_deck":["Strike_G","Defend_G+1","Defend_G","Defend_G","Defend_G","Defend_G","Survivor","Neutralize","Riddle With Holes","Finisher","Noxious Fumes+1","Cloak And Dagger","Bane","Caltrops+1","Caltrops+1","Caltrops+1","Backflip","Infinite Blades","Footwork","A Thousand Cuts","Backflip","Bandage Up","Terror+1","Confused"],"relics":["Ring of the Snake","GremlinMask","Juzu Bracelet","MealTicket","ThirstyCross","Tiny House","Anchor","Sozu","Bronze Scales"],"acts_visited":["Exordium","TheCity","TheBeyond"],"potions_floor_usage":[16,16,33,33,33,33,33,33],"damage_taken":[{"damage":0,"enemies":"Small Slimes","floor":1,"turns":5},{"damage":6,"enemies":"Cultist","floor":2,"turns":3},{"damage":0,"enemies":"2 Louse","floor":3,"turns":2},{"damage":0,"enemies":"Looter","floor":5,"turns":4},{"damage":10,"enemies":"Exordium Wildlife","floor":10,"turns":8},{"damage":0,"enemies":"HollowMod:MossKnight","floor":11,"turns":8},{"damage":7,"enemies":"The Guardian","floor":16,"turns":8},{"damage":10,"enemies":"Chosen","floor":18,"turns":6},{"damage":7,"enemies":"2 Thieves","floor":19,"turns":4},{"damage":48,"enemies":"Chosen and Byrds","floor":25,"turns":8},{"damage":20,"enemies":"Snecko","floor":29,"turns":5},{"damage":7,"enemies":"Snake Plant","floor":31,"turns":4},{"damage":43,"enemies":"Automaton","floor":33,"turns":11},{"damage":18,"enemies":"Orb Walker","floor":35,"turns":4},{"damage":30,"enemies":"3 Darklings","floor":36,"turns":5},{"damage":16,"enemies":"4 Shapes","floor":38,"turns":6},{"damage":79,"enemies":"Transient","floor":41,"turns":3}],"seed_played":"-5552612957401706288","potions_obtained":[{"floor":5,"key":"Weak Potion"},{"floor":11,"key":"Fire Potion"},{"floor":16,"key":"Strength Potion"},{"floor":17,"key":"Strength Potion"},{"floor":18,"key":"SkillPotion"},{"floor":19,"key":"EntropicBrew"}],"is_trial":false,"path_per_floor":["M","M","M","$","M","R","$","?","T","M","E","R","$","?","R","B",null,"M","M","?","$","?","R","?","M","T","?","R","M","R","M","R","B",null,"M","M","$","M","?","R","M"],"character_chosen":"THE_SILENT","items_purchased":["Cloak And Dagger","Caltrops","Backflip","Bronze Scales","Bandage Up"],"campfire_rested":4,"item_purchase_floors":[4,21,21,37,37],"current_hp_per_floor":[70,64,64,64,64,64,64,64,64,54,54,54,69,69,69,62,75,65,58,73,75,75,75,75,27,27,27,49,29,51,44,66,23,75,57,27,42,30,30,52,0,0],"gold":25,"neow_bonus":"REMOVE_CARD","is_daily":false,"chose_seed":false,"campfire_upgraded":4,"win_rate":0.0,"timestamp":1614049572,"path_taken":["M","M","M","$","M","R","$","?","T","M","E","R","?","?","R","BOSS","M","M","?","$","?","R","?","M","T","?","R","M","R","M","R","BOSS","M","M","$","M","?","R","M"],"items_purchased_type":["Card","Card","Card","Relic","Card"],"build_version":"2020-12-22","purchased_purges":3,"victory":false,"max_hp_per_floor":[70,70,70,70,70,70,70,70,70,70,70,70,70,70,70,70,75,75,75,75,75,75,75,75,75,75,75,75,75,75,75,75,75,75,75,75,75,75,75,75,75,75],"card_choices":[{"not_picked":["Flying Knee","Underhanded Strike"],"picked":"Riddle With Holes","floor":1},{"not_picked":["Quick Slash","Underhanded Strike"],"picked":"Finisher","floor":2},{"not_picked":["Eviscerate","Underhanded Strike"],"picked":"Noxious Fumes","floor":3},{"not_picked":["Outmaneuver","Phantasmal Killer"],"picked":"Bane","floor":5},{"not_picked":["Deflect","Blur"],"picked":"Caltrops","floor":10},{"not_picked":["Dagger Throw","Escape Plan"],"picked":"Caltrops","floor":11},{"not_picked":["Slice","Heel Hook+1","Dodge and Roll"],"picked":"SKIP","floor":18},{"not_picked":["Masterful Stab","Distraction","Poisoned Stab"],"picked":"SKIP","floor":19},{"not_picked":["Dodge and Roll","Flechettes","Predator+1"],"picked":"SKIP","floor":25},{"not_picked":["Flechettes","Heel Hook+1","Eviscerate"],"picked":"SKIP","floor":29},{"not_picked":["Eviscerate","Crippling Poison+1"],"picked":"Footwork","floor":31},{"not_picked":["Venomology","Doppelganger"],"picked":"A Thousand Cuts","floor":33},{"not_picked":["Masterful Stab","Sucker Punch+1","Catalyst+1"],"picked":"SKIP","floor":35},{"not_picked":["Tactician","Riddle With Holes"],"picked":"Backflip","floor":36},{"not_picked":["Quick Slash+1","Skewer"],"picked":"Terror+1","floor":38}],"player_experience":1586263,"relics_obtained":[{"floor":9,"key":"Juzu Bracelet"},{"floor":11,"key":"MealTicket"},{"floor":26,"key":"Anchor"}],"event_choices":[{"damage_healed":0,"gold_gain":0,"player_choice":"Trade","damage_taken":0,"relics_obtained":["GremlinMask"],"max_hp_gain":0,"max_hp_loss":0,"event_name":"FaceTrader","floor":8,"gold_loss":0},{"damage_healed":0,"gold_gain":99,"player_choice":"Stole From Cult","damage_taken":0,"max_hp_gain":0,"max_hp_loss":0,"event_name":"Nest","floor":22,"gold_loss":0},{"damage_healed":0,"gold_gain":0,"player_choice":"Read","damage_taken":0,"max_hp_gain":0,"max_hp_loss":0,"event_name":"The Library","floor":24,"gold_loss":0,"cards_obtained":["Infinite Blades"]},{"damage_healed":0,"gold_gain":0,"player_choice":"0 cards matched","damage_taken":0,"max_hp_gain":0,"max_hp_loss":0,"event_name":"Match and Keep!","floor":27,"gold_loss":0,"cards_obtained":[]}],"is_beta":false,"boss_relics":[{"not_picked":["Velvet Choker","Coffee Dripper"],"picked":"Tiny House"},{"not_picked":["Empty Cage","Astrolabe"],"picked":"Sozu"}],"items_purged_floors":[4,13,37],"is_endless":false,"potions_floor_spawned":[5,11,16,18,19,38],"killed_by":"Transient","ascension_level":0}}