{"host":"lehbxtjrpalkmwwj","time":1614074159,"event":{"mods":["ATMod(°¢èªMod)","Aspiration","BaseMod","Challenge The Spire","Colored Map","Colored Powertips","Conspire","Dota2Spire","Energized Spire","Hunter ÁÔÈË","Minty Spire (QoL Compilation)","Quick Restart","Relic Stats","Reliquary","Replay The Spire","Spicy Shops","StSLib","TestMod","The Cursed","The IronCluck","The Poker Player","Waifu the Spire","Wide Potions","[IsaacMod]ÒÔÈö¼âËþ","¡¾ÒÅÎï¿¨ÅÆ¡¿REMEMod","É³µñ²ÄÖÊ°ümod","óô»ðÖ¸ÄÏ"],"gold_per_floor":[113,127,146,146,146,146,146],"floor_reached":6,"language":"ZHS","playtime":106,"items_purged":[],"score":59,"play_id":"06236c48-9481-44db-8c6a-17d4936a9103","local_time":"20210223175559","is_ascension_mode":true,"campfire_choices":[],"circlet_count":0,"master_deck":["AscendersBane","TheCursedMod:Strike_TheCursed","TheCursedMod:Strike_TheCursed","TheCursedMod:Strike_TheCursed","TheCursedMod:Defend_TheCursed","TheCursedMod:Defend_TheCursed","TheCursedMod:Defend_TheCursed","TheCursedMod:Defend_TheCursed","TheCursedMod:CursedWand","TheCursedMod:CleanUpWorkshop","TheCursedMod:Dregs","EpicFetus","Crow Ritual","AT_Dispersion+1","TheCursedMod:SurpriseAttack","Bomb","TheCursedMod:SoulCrush"],"relics":["TheCursedMod:BlackMagic101","HushsDoor","AT_ATBox","testmod-TestBox","REME_ComplimentaryCards","Damocles","testmod-TurbochargingSystem","NeowsBlessing","AT_SilverBalance","UnicornStump","Divine Protection"],"acts_visited":["Exordium"],"potions_floor_usage":[],"damage_taken":[{"damage":0.0,"enemies":"2 Louse","floor":1.0,"turns":1.0},{"damage":0.0,"enemies":"Small Slimes","floor":2.0,"turns":1.0},{"damage":0.0,"enemies":"Cultist","floor":3.0,"turns":1.0},{"damage":8,"enemies":"Gremlin Nob","floor":6,"turns":2}],"seed_played":"5804105375813289476","potions_obtained":[{"floor":2.0,"key":"Dexterity Potion"}],"is_trial":false,"path_per_floor":["M","M","M","?","?","E"],"character_chosen":"THE_CURSED","items_purchased":[],"campfire_rested":0,"item_purchase_floors":[],"current_hp_per_floor":[68,37,37,37,37,0,0],"gold":146,"neow_bonus":"THREE_ENEMY_KILL","is_daily":false,"chose_seed":false,"campfire_upgraded":0,"win_rate":0.0,"timestamp":1614074159,"path_taken":["M","M","M","?","?","E"],"items_purchased_type":[],"build_version":"2020-12-22","purchased_purges":0,"victory":false,"max_hp_per_floor":[75,75,75,75,75,75,75],"relic_stats":{"counters":[4,5],"obtain_stats":[{"KeepersGift":0,"TheCursedMod:BlackMagic101":0,"Damocles":0,"Divine Protection":3,"UnicornStump":2,"AT_ATBox":0,"testmod-TestBox":0,"NeowsBlessing":0,"AT_SilverBalance":1,"testmod-TurbochargingSystem":0,"HushsDoor":0,"REME_ComplimentaryCards":0},{"KeepersGift":0,"TheCursedMod:BlackMagic101":0,"Damocles":0,"Divine Protection":3,"UnicornStump":2,"AT_ATBox":0,"testmod-TestBox":0,"NeowsBlessing":0,"AT_SilverBalance":1,"testmod-TurbochargingSystem":0,"HushsDoor":0,"REME_ComplimentaryCards":0},{"KeepersGift":0,"TheCursedMod:BlackMagic101":0,"Damocles":0,"Divine Protection":3,"UnicornStump":2,"AT_ATBox":0,"testmod-TestBox":0,"NeowsBlessing":0,"AT_SilverBalance":1,"testmod-TurbochargingSystem":0,"HushsDoor":0,"REME_ComplimentaryCards":0}]},"card_choices":[{"not_picked":[],"picked":"EpicFetus","floor":0.0},{"not_picked":["TheCursedMod:LuckyCharm","TheCursedMod:CursedArmor"],"picked":"TheCursedMod:SurpriseAttack","floor":1.0},{"not_picked":["TheCursedMod:RapidMovement","TheCursedMod:CircleOfWindfury"],"picked":"Bomb","floor":2.0},{"not_picked":["TheCursedMod:Torture","TheCursedMod:TacticalStrike"],"picked":"TheCursedMod:SoulCrush","floor":3.0}],"player_experience":207726,"relics_obtained":[{"floor":1.0,"key":"AT_SilverBalance"},{"floor":2.0,"key":"UnicornStump"},{"floor":3.0,"key":"Divine Protection"}],"event_choices":[{"damage_healed":0.0,"max_hp_gain":0.0,"max_hp_loss":0.0,"gold_gain":0.0,"event_name":"Living Wall","player_choice":"Grow","floor":4.0,"gold_loss":0.0,"damage_taken":0.0,"cards_upgraded":["AT_Dispersion"]},{"cards_removed":["TheCursedMod:Strike_TheCursed"],"damage_healed":0.0,"max_hp_gain":0.0,"max_hp_loss":0.0,"gold_gain":0.0,"event_name":"Purifier","player_choice":"Purged","floor":5.0,"gold_loss":0.0,"damage_taken":0.0}],"is_beta":false,"boss_relics":[],"items_purged_floors":[],"is_endless":false,"potions_floor_spawned":[2],"killed_by":"Gremlin Nob","ascension_level":13}}