{"host":"gk9qdtkqd8dwfeg2","time":1614084288,"event":{"mods":["Act Like it!","Aspiration","BaseMod","Colored Powertips","Gensokyo","Minty Spire (QoL Compilation)","Quick Restart","Reimu£®≤©¿ˆ¡È√Œ£©","Remilia£®¿Ÿ√◊¿Ú—«£©","Replay The Spire","Shop Mod","StSLib","TestMod","The Servant 0.9.4","Waifu the Spire","Youmu£®ªÍ∆«—˝√Œ£©","°æ“≈ŒÔø®≈∆°øREMEMod"],"gold_per_floor":[110,127,127,141,66,93,93,125,125,135,35,35,61,61,61,162,162,181,192,206,206,206,240,240,273,273,287,319,330,365,7,7,106,106,118,9,9,9,9,36,48,80,80,80,33,65,81,101,101,101,101,101,47,77,77],"floor_reached":56,"language":"ZHS","playtime":2377,"items_purged":["Strike_S","Defend_S","Pain"],"score":1939,"play_id":"d7e619ee-603d-42c8-ae2a-4c58496bf230","local_time":"20210223204448","is_ascension_mode":true,"campfire_choices":[{"data":"Manipulate","floor":7.0,"key":"SMITH"},{"data":"BottledTime","floor":12.0,"key":"SMITH"},{"floor":15.0,"key":"REST"},{"floor":24.0,"key":"REST"},{"data":"Apotheosis","floor":32.0,"key":"SMITH"},{"floor":44,"key":"RECALL"},{"data":"REME_CopyPotion","floor":49,"key":"SMITH"},{"data":"SilverMatrix","floor":52,"key":"SMITH"}],"circlet_count":0,"master_deck":["KidneyShot","Exchange","Grand Finale","Potential","Manipulate+1","Finisher","REME_CopyPotion+1","Poisoned Stab+1","FloweringNight","Orbit","BottledTime+1","Solidify","Hightail","Rearm+1","Glass Knife","Leg Sweep","Storm of Steel","Defy+1","SilverMatrix+1","MoonPhase+1","Apotheosis+1","MoonPhase","Dilation","Gensokyo:DreamlikeParadise","Solidify","SilverBlades+1","Contraction","PendulumOfEternity","DualDimension+1"],"relics":["Uniform","testmod-TestBox","REME_ComplimentaryCards","testmod-DragonStarHat","Replay:Bottled Snecko","Whetstone","aspiration:AnachronicSnailShell","Pen Nib","Gensokyo:LunaticRedEyes","aspiration:PoetsPen","MealTicket","Iron Hammer","Bottled Tornado","Durian","MerchantsRug","Coffee Dripper","Pet Ghost","Bronze Scales","Mirror","Replay:Bottled Steam","Bag of Marbles"],"acts_visited":["Exordium","Gensokyo:Gensokyo","Gensokyo:Gensokyoer","TheEnding"],"potions_floor_usage":[54,55,55,55,55],"damage_taken":[{"damage":3.0,"enemies":"Gensokyo:Python","floor":1.0,"turns":4.0},{"damage":1.0,"enemies":"Gensokyo:Gryphon","floor":2.0,"turns":3.0},{"damage":12.0,"enemies":"Gensokyo:2_Kodama","floor":4.0,"turns":3.0},{"damage":8.0,"enemies":"Gensokyo:Cirno","floor":6.0,"turns":5.0},{"damage":0.0,"enemies":"Gensokyo:Mamizou","floor":8.0,"turns":2.0},{"damage":12.0,"enemies":"Gensokyo:5_Fairies","floor":10.0,"turns":4.0},{"damage":4.0,"enemies":"Gensokyo:Aya","floor":13.0,"turns":3.0},{"damage":19.0,"enemies":"Gensokyo:Yukari","floor":16.0,"turns":4.0},{"damage":2.0,"enemies":"Gensokyo:Chomper","floor":18.0,"turns":2.0},{"damage":0.0,"enemies":"Gensokyo:CosmicMonolith","floor":19.0,"turns":1.0},{"damage":2.0,"enemies":"Gensokyo:3_Gloops","floor":20.0,"turns":2.0},{"damage":45.0,"enemies":"Gensokyo:Koishi","floor":23.0,"turns":3.0},{"damage":10.0,"enemies":"Gensokyo:Tenshi","floor":25.0,"turns":3.0},{"damage":2.0,"enemies":"Gensokyo:Slime_Group","floor":27.0,"turns":3.0},{"damage":1.0,"enemies":"Gensokyo:Reisen","floor":28.0,"turns":1.0},{"damage":0.0,"enemies":"Gensokyo:Chomper_and_Gloop","floor":29.0,"turns":2.0},{"damage":0.0,"enemies":"Gensokyo:Tenshi","floor":30.0,"turns":1.0},{"damage":0.0,"enemies":"Gensokyo:Eternal_Rivals","floor":33.0,"turns":5.0},{"damage":1.0,"enemies":"Gensokyo:3_Boulders","floor":35.0,"turns":2.0},{"damage":0,"enemies":"Gensokyo:Doremy","floor":40,"turns":4},{"damage":0,"enemies":"Gensokyo:AncientGuardian","floor":41,"turns":1},{"damage":0,"enemies":"Gensokyo:Kasen","floor":42,"turns":3},{"damage":0,"enemies":"Gensokyo:Marisa","floor":46,"turns":3},{"damage":0,"enemies":"Gensokyo:Sharpion","floor":47,"turns":1},{"damage":0,"enemies":"Gensokyo:4_Bats","floor":48,"turns":2},{"damage":0,"enemies":"Gensokyo:Yuyuko","floor":50,"turns":1},{"damage":0,"enemies":"Shield and Spear","floor":54,"turns":3},{"damage":8,"enemies":"The Heart","floor":55,"turns":6}],"seed_played":"-4611337254125513241","potions_obtained":[{"floor":2.0,"key":"Energy Potion"},{"floor":6.0,"key":"ZuzhouPotion:ReiMu"},{"floor":10.0,"key":"DuplicationPotion"},{"floor":25.0,"key":"LifebloodPotion"},{"floor":29.0,"key":"AttackPotion"},{"floor":46,"key":"SkillPotion"},{"floor":48,"key":"testmod-TestPotion"}],"is_trial":false,"path_per_floor":["M","M","?","M","$","E","R","E","T","M","$","R","E","?","R","B",null,"M","M","M","T","?","E","R","E","T","M","E","M","E","$","R","B",null,"M","$","?","$","?","E","M","E","T","R","$","E","M","M","R","B",null,"R","$","E","B",null],"character_chosen":"THE_SERVANT","items_purchased":["Apotheosis","MerchantsRug","MoonPhase","testmod-SpacePotion","DualDimension+1"],"campfire_rested":2,"item_purchase_floors":[31,31,31,45,53],"current_hp_per_floor":[62,61,61,49,49,41,41,41,41,29,29,29,25,25,44,25,55,53,53,51,51,51,16,38,28,28,26,25,25,30,45,45,45,71,70,80,80,80,80,80,80,80,80,80,80,80,80,80,80,80,80,80,80,80,72],"gold":77,"neow_bonus":"RANDOM_COLORLESS","is_daily":false,"chose_seed":false,"campfire_upgraded":5,"win_rate":0.0,"timestamp":1614084288,"path_taken":["M","M","?","M","?","E","R","E","T","?","?","R","E","?","R","BOSS","M","M","M","?","?","E","R","E","T","M","E","?","E","$","R","BOSS","M","?","?","$","?","E","M","E","T","R","?","E","M","M","R","BOSS","R","$","E","BOSS"],"items_purchased_type":["Card","Relic","Card","Potion","Card"],"build_version":"2020-12-22","purchased_purges":3,"victory":true,"max_hp_per_floor":[65,65,65,65,65,65,65,65,65,65,65,65,65,65,65,65,65,65,65,65,65,65,75,75,75,75,75,75,75,80,80,80,80,80,80,80,80,80,80,80,80,80,80,80,80,80,80,80,80,80,80,80,80,80,80],"card_choices":[{"not_picked":["testmod-WeaknessCounterattack","testmod-Mystery"],"picked":"Flash of Steel","floor":0.0},{"not_picked":["Unruled","Gouge"],"picked":"Potential","floor":1.0},{"not_picked":["Replace","Unruled"],"picked":"Manipulate","floor":2.0},{"not_picked":["Alleviate","Unruled"],"picked":"FloweringNight","floor":4.0},{"not_picked":["Replace","Defy"],"picked":"Orbit","floor":6.0},{"not_picked":["MoonPhase","Revamp","Alleviate"],"picked":"SKIP","floor":8.0},{"not_picked":["StarChef","Defy"],"picked":"BottledTime","floor":10.0},{"not_picked":["FastForward","Potential","PendulumOfEternity"],"picked":"SKIP","floor":13.0},{"not_picked":["Initiator","Sunlight"],"picked":"Solidify","floor":16.0},{"not_picked":["Alleviate","ShiftingGears"],"picked":"Hightail","floor":18.0},{"not_picked":["Potential","Dilation"],"picked":"Rearm+1","floor":19.0},{"not_picked":["Alleviate+1","Ricochet","Snipe"],"picked":"SKIP","floor":20.0},{"not_picked":["FloweringNight","Manipulate"],"picked":"Defy+1","floor":23.0},{"not_picked":["Replace","SoulSculpture"],"picked":"SilverMatrix","floor":25.0},{"not_picked":["Desolation","ShiftingGears","Rewind"],"picked":"SKIP","floor":27.0},{"not_picked":["Gouge+1","ShiftingGears","Spin+1"],"picked":"SKIP","floor":28.0},{"not_picked":["Sabotage+1","Rewind"],"picked":"MoonPhase+1","floor":29.0},{"not_picked":["Collapse+1","BottledTime","RealityMarble+1"],"picked":"SKIP","floor":30.0},{"not_picked":["SoulSculpture","Duplication"],"picked":"Dilation","floor":33.0},{"not_picked":["Moonlight","Replace","MoonPhase"],"picked":"SKIP","floor":35.0},{"not_picked":["Gensokyo:NewMoon","Gensokyo:RainbowDanmaku"],"picked":"Gensokyo:DreamlikeParadise","floor":39},{"not_picked":["ForgedInTime","ShatteredReality"],"picked":"Solidify","floor":40},{"not_picked":["BottledTime","Collapse+1"],"picked":"SilverBlades+1","floor":41},{"not_picked":["ShatteredReality+1","Rewind+1"],"picked":"Contraction","floor":42},{"not_picked":["Desolation+1","Hightail+1"],"picked":"PendulumOfEternity","floor":46},{"not_picked":["Potential","ShatteredReality+1","TimeWarp+1"],"picked":"SKIP","floor":47},{"not_picked":["Manipulate+1","BottledTime","Potential"],"picked":"SKIP","floor":48},{"not_picked":["Unruled","Alleviate+1","Rewind+1"],"picked":"SKIP","floor":54}],"player_experience":824293,"relics_obtained":[{"floor":6.0,"key":"Replay:Bottled Snecko"},{"floor":8.0,"key":"Whetstone"},{"floor":9.0,"key":"aspiration:AnachronicSnailShell"},{"floor":13.0,"key":"Pen Nib"},{"floor":23.0,"key":"Pear"},{"floor":25.0,"key":"MealTicket"},{"floor":26.0,"key":"Iron Hammer"},{"floor":28.0,"key":"Bottled Tornado"},{"floor":30.0,"key":"Durian"},{"floor":40,"key":"Pet Ghost"},{"floor":42,"key":"Bronze Scales"},{"floor":43,"key":"Mirror"},{"floor":46,"key":"Replay:Bottled Steam"},{"floor":54,"key":"Bag of Marbles"}],"event_choices":[],"is_beta":false,"boss_relics":[{"not_picked":["Replay:Bronze Core","Runic Dome"],"picked":"aspiration:PoetsPen"},{"not_picked":["StoneMask","REME_LowDesire"],"picked":"Coffee Dripper"}],"items_purged_floors":[5,11,36],"is_endless":false,"potions_floor_spawned":[2,6,10,13,16,20,23,25,29,30,33,46,48],"ascension_level":5}}