{"host":"bcfh1ntqgeyvyogo","time":1614076465,"event":{"mods":["BaseMod","Downfall","Minty Spire (QoL Compilation)","Quick Restart","Spicy Shops","StSLib"],"gold_per_floor":[99,116,131,151,19,33,88,98,98,129,129,148,148,598,611,611,611,611],"floor_reached":16,"language":"ZHS","playtime":741,"items_purged":[],"score":104,"play_id":"72f51002-b9a5-4a7c-829d-fee347c9af6c","local_time":"20210223183425","is_ascension_mode":false,"campfire_choices":[{"data":"champ:Taunt","floor":1,"key":"SMITH"},{"data":"champ:SkillfulDodge","floor":11,"key":"SMITH"},{"floor":13,"key":"REST"}],"circlet_count":0,"master_deck":["champ:Strike","champ:Strike","champ:Strike","champ:Strike","champ:Defend","champ:Defend","champ:Defend","champ:Defend","champ:Execute","champ:Taunt+1","champ:FanOfKnives","champ:SkillfulDodge+1","champ:IronFortress","champ:ShieldThrow","champ:Backstep","champ:TornadoPunch","downfall:Icky","downfall:Icky","downfall:Icky"],"relics":["champ:ChampionCrown","Orichalcum"],"acts_visited":["Exordium"],"potions_floor_usage":[16,16],"damage_taken":[{"damage":16,"enemies":"Cultist","floor":2,"turns":4},{"damage":0,"enemies":"Small Slimes","floor":3,"turns":3},{"damage":13,"enemies":"2 Louse","floor":4,"turns":2},{"damage":25,"enemies":"downfall:FleeingMerchant","floor":5,"turns":4},{"damage":37,"enemies":"Large Slime","floor":6,"turns":6},{"damage":10,"enemies":"3 Louse","floor":8,"turns":3},{"damage":73,"enemies":"Gremlin Nob","floor":10,"turns":6},{"damage":15,"enemies":"2 Fungi Beasts","floor":12,"turns":4},{"damage":9,"enemies":"Exordium Wildlife","floor":15,"turns":3},{"damage":74,"enemies":"IC_STATUS_ARCHETYPE","floor":16,"turns":10}],"seed_played":"6497822260648722724","potions_obtained":[{"floor":4,"key":"Ancient Potion"},{"floor":15,"key":"champ:CounterPotion"}],"is_trial":false,"path_per_floor":["R","M","M","M","$","M","T","M","?","E","R","M","R","?","M","B"],"character_chosen":"THE_CHAMP","items_purchased":["champ:SkillfulDodge","champ:IronFortress"],"campfire_rested":1,"item_purchase_floors":[5,5],"current_hp_per_floor":[99,98,98,95,90,83,83,83,83,35,35,30,59,59,50,0,0,0],"gold":611,"neow_bonus":"TEN_PERCENT_HP_BONUS","is_daily":false,"chose_seed":false,"campfire_upgraded":2,"win_rate":0.0,"timestamp":1614076465,"path_taken":["R","M","M","M","$","M","T","M","?","E","R","?","R","?","M","BOSS"],"items_purchased_type":["Card","Card"],"build_version":"2020-12-22","purchased_purges":0,"victory":false,"max_hp_per_floor":[99,99,99,99,99,99,99,99,99,99,99,99,99,99,99,99,99,99],"card_choices":[{"not_picked":["champ:Haymaker","champ:GladiatorStyle"],"picked":"champ:FanOfKnives","floor":2},{"not_picked":["champ:CrownThrow","champ:FaceSlap","champ:BladeFlurry"],"picked":"SKIP","floor":3},{"not_picked":["champ:FanOfKnives","champ:GutPunch","champ:BladeFlurry"],"picked":"SKIP","floor":4},{"not_picked":["champ:BladeFlurry","champ:AdrenalArmor","champ:Parry"],"picked":"SKIP","floor":5},{"not_picked":["champ:DefensiveShout","champ:BerserkersShout"],"picked":"champ:ShieldThrow","floor":6},{"not_picked":["champ:PreciseThrust","champ:FanOfKnives"],"picked":"champ:Backstep","floor":8},{"not_picked":["champ:PreemptiveStrike","champ:PreciseThrust","champ:ShieldSlam"],"picked":"SKIP","floor":10},{"not_picked":["champ:Haymaker","champ:Shatter"],"picked":"champ:TornadoPunch","floor":12},{"not_picked":["champ:CrownThrow","champ:AdrenalArmor","champ:TornadoPunch"],"picked":"SKIP","floor":15}],"player_experience":11287,"relics_obtained":[{"floor":10,"key":"Orichalcum"}],"event_choices":[],"is_beta":false,"boss_relics":[],"items_purged_floors":[],"is_endless":false,"potions_floor_spawned":[4,15],"killed_by":"IC_STATUS_ARCHETYPE","ascension_level":0}}