{"host":"bakf0s4odzu8z5xt","time":1614051079,"event":{"mods":["2.2 Compatiblity","BaseMod","Downfall","Friendly Minions","Minty Spire (QoL Compilation)","StSLib"],"gold_per_floor":[99,116,134,153,153,145,172,172,207,482,502,515,82,117,138,236,236,136,146,165,7,28,28,28,28,28,28,28],"floor_reached":26,"language":"ENG","playtime":1881,"items_purged":["Regret","hexamod:Strike"],"score":273,"play_id":"c27d765a-55d5-442d-97e9-0e0de933ac06","local_time":"20210222213119","is_ascension_mode":true,"campfire_choices":[{"data":"hexamod:Float","floor":1.0,"key":"SMITH"},{"data":"hexamod:UnlimitedPower","floor":18.0,"key":"SMITH"}],"circlet_count":0,"master_deck":["hexamod:Defend+1","hexamod:Defend","hexamod:Defend","hexamod:Defend","hexamod:Sear","hexamod:Float+1","hexamod:ApocalypticArmor+1","hexamod:SwordOfDarkness+1","hexamod:HeatMetal","hexamod:InspiringFlames","hexamod:SecondSeal","hexamod:RadiantFlame","hexamod:TimeOfNeed","hexamod:EmpoweredFlame","hexamod:UnlimitedPower+1","hexamod:Hexaguard","hexamod:SpectersWail","hexamod:HeatShield","hexamod:GhostOfSpireFuture","hexamod:GhostOfSpireFuture+1","Writhe"],"relics":["hexamod:UnbrokenSoul","Orichalcum","Whetstone","hexamod:JarOfFuel","Anchor","Tiny Chest","downfall:HeartBlessingGreen","hexamod:InflammatoryLetter"],"acts_visited":["Exordium","TheCity"],"potions_floor_usage":[],"damage_taken":[{"damage":0.0,"enemies":"Small Slimes","floor":2.0,"turns":3.0},{"damage":0.0,"enemies":"2 Louse","floor":3.0,"turns":2.0},{"damage":0.0,"enemies":"Cultist","floor":4.0,"turns":3.0},{"damage":17.0,"enemies":"3 Sentries","floor":9.0,"turns":10.0},{"damage":3.0,"enemies":"2 Fungi Beasts","floor":11.0,"turns":3.0},{"damage":8.0,"enemies":"Exordium Thugs","floor":12.0,"turns":4.0},{"damage":2.0,"enemies":"downfall:FleeingMerchant","floor":13.0,"turns":4.0},{"damage":15.0,"enemies":"Lagavulin","floor":14.0,"turns":7.0},{"damage":8.0,"enemies":"Blue Slaver","floor":15.0,"turns":3.0},{"damage":2.0,"enemies":"SI_SHIV_ARCHETYPE","floor":16.0,"turns":9.0},{"damage":7.0,"enemies":"3 Byrds","floor":19.0,"turns":5.0},{"damage":0.0,"enemies":"Spheric Guardian","floor":20.0,"turns":3.0},{"damage":3.0,"enemies":"downfall:FleeingMerchant","floor":21.0,"turns":4.0},{"damage":15.0,"enemies":"Snecko","floor":22.0,"turns":6.0},{"damage":40,"enemies":"Chosen and Byrds","floor":26,"turns":6}],"seed_played":"-9086763759525501614","potions_obtained":[{"floor":3.0,"key":"BlessingOfTheForge"},{"floor":4.0,"key":"Dexterity Potion"},{"floor":16.0,"key":"AttackPotion"},{"floor":22,"key":"BlessingOfTheForge"}],"is_trial":false,"path_per_floor":["R","M","M","M","?","?","T","?","E","?","M","M","$","E","M","B",null,"R","M","M","$","M","?","T","T","M"],"character_chosen":"THE_SPIRIT","items_purchased":["hexamod:JarOfFuel","Anchor","hexamod:Hexaguard","AttackPotion"],"campfire_rested":0,"item_purchase_floors":[13,13,13,21],"current_hp_per_floor":[70,70,70,70,70,70,70,70,53,53,50,42,40,25,17,15,56,56,49,49,46,31,31,31,31,0,0,0],"gold":28,"neow_bonus":"ONE_RANDOM_RARE_CARD","is_daily":false,"chose_seed":false,"campfire_upgraded":2,"win_rate":0.0,"timestamp":1614051079,"path_taken":["R","M","M","M","?","?","T","?","E","?","M","M","$","E","M","BOSS","R","M","M","$","?","?","T","?","M"],"items_purchased_type":["Relic","Relic","Card","Potion"],"build_version":"2020-12-22","purchased_purges":2,"victory":false,"max_hp_per_floor":[70,70,70,70,70,70,70,70,70,70,70,70,70,70,70,70,70,70,70,70,70,70,70,70,70,70,70,70],"card_choices":[{"not_picked":["hexamod:RainOfEmbers","hexamod:CatchUp"],"picked":"hexamod:SwordOfDarkness","floor":2.0},{"not_picked":["hexamod:GhostLash","hexamod:Firestarter"],"picked":"hexamod:HeatMetal","floor":3.0},{"not_picked":["hexamod:Rewind","hexamod:FlamesFromBeyond"],"picked":"hexamod:InspiringFlames","floor":4.0},{"not_picked":["hexamod:ExtraCrispy","hexamod:ChargedBarrage"],"picked":"hexamod:RadiantFlame","floor":9.0},{"not_picked":["hexamod:BurningTouch","hexamod:Again"],"picked":"hexamod:TimeOfNeed","floor":11.0},{"not_picked":["hexamod:GhostShield","hexamod:Firestarter"],"picked":"hexamod:EmpoweredFlame","floor":12.0},{"not_picked":["hexamod:Haunt","hexamod:SecondSeal"],"picked":"hexamod:UnlimitedPower","floor":13.0},{"not_picked":["hexamod:NightmareGuise","hexamod:ThirdSeal"],"picked":"hexamod:SpectersWail","floor":14.0},{"not_picked":["hexamod:EmpoweredFlame","hexamod:Haunt"],"picked":"hexamod:HeatShield","floor":15.0},{"not_picked":["hexamod:RainOfEmbers","hexamod:ShieldOfDarkness","hexamod:BacktrackSmack+1"],"picked":"SKIP","floor":19.0},{"not_picked":["hexamod:SwordOfDarkness+1","hexamod:PowerFromBeyond"],"picked":"hexamod:GhostOfSpireFuture","floor":20.0},{"not_picked":["hexamod:Firestarter","hexamod:Toasty"],"picked":"hexamod:GhostOfSpireFuture+1","floor":21.0},{"not_picked":["hexamod:NightmareStrike","hexamod:Rewind","hexamod:NightmareGuise"],"picked":"SKIP","floor":22}],"player_experience":2259722,"relics_obtained":[{"floor":7.0,"key":"Orichalcum"},{"floor":9.0,"key":"Whetstone"},{"floor":14.0,"key":"Tiny Chest"},{"floor":25,"key":"hexamod:InflammatoryLetter"}],"event_choices":[{"cards_removed":["downfall:Malfunctioning"],"damage_healed":0.0,"max_hp_gain":0.0,"max_hp_loss":0.0,"gold_gain":0.0,"event_name":"The Cleric","player_choice":"Card Removal","floor":8.0,"gold_loss":0.0,"damage_taken":0.0}],"is_beta":false,"boss_relics":[{"not_picked":["SacredBark","Black Star"],"picked":"hexamod:UnbrokenSoul"}],"items_purged_floors":[13,21],"is_endless":false,"potions_floor_spawned":[3,4,16,22],"killed_by":"Chosen and Byrds","ascension_level":5}}