{"host":"ydujlihd8f5px9gp","time":1614116578,"event":{"mods":["AchievementEnabler","BaseMod","Block Reminder","Colored Map","Minty Spire (QoL Compilation)","StSLib","ojb\u0027s Info Mod"],"gold_per_floor":[110,121,71,86,86,86,99,99,126,102,122,122,137,150,150,255,255,269,282,282,302,302,302,302,302,326,338,338,253,253,24,24,122,122,133,57,76,96,112,112,112],"floor_reached":40,"language":"ENG","playtime":1477,"items_purged":[],"score":456,"play_id":"f93bdc0b-7aeb-4d91-9b45-07f9d814a2b1","local_time":"20210223184258","is_ascension_mode":true,"campfire_choices":[{"data":"Zap","floor":6.0,"key":"SMITH"},{"data":"Go for the Eyes","floor":8,"key":"SMITH"},{"data":"Coolheaded","floor":15,"key":"SMITH"},{"floor":23,"key":"REST"},{"data":"Ball Lightning","floor":28,"key":"SMITH"},{"data":"Ball Lightning","floor":30,"key":"SMITH"},{"data":"Fusion","floor":32,"key":"SMITH"}],"circlet_count":0,"master_deck":["Strike_B+1","Strike_B+1","Strike_B+1","Defend_B+1","Defend_B+1","Defend_B+1","Defend_B+1","Zap+1","Dualcast","FTL+1","Go for the Eyes+1","Go for the Eyes","Parasite","Coolheaded+1","Reboot","Ball Lightning+1","Gash+1","Skim+1","Ball Lightning+1","Fusion+1","Seek","Coolheaded+1","FTL","Gash","Parasite","Reboot","Ball Lightning+1"],"relics":["Cracked Core","Regal Pillow","Inserter","Bag of Marbles","Nunchaku","Lee\u0027s Waffle","Black Star"],"acts_visited":["Exordium","TheCity","TheBeyond"],"potions_floor_usage":[18,27,33,33,39],"damage_taken":[{"damage":2.0,"enemies":"Small Slimes","floor":1.0,"turns":3.0},{"damage":7.0,"enemies":"Jaw Worm","floor":2.0,"turns":3.0},{"damage":0.0,"enemies":"2 Louse","floor":4.0,"turns":3.0},{"damage":2.0,"enemies":"Looter","floor":7.0,"turns":4.0},{"damage":0,"enemies":"Large Slime","floor":11,"turns":5},{"damage":2,"enemies":"2 Fungi Beasts","floor":13,"turns":3},{"damage":0,"enemies":"Exordium Wildlife","floor":14,"turns":3},{"damage":51,"enemies":"The Guardian","floor":16,"turns":14},{"damage":12,"enemies":"2 Thieves","floor":18,"turns":4},{"damage":9,"enemies":"3 Byrds","floor":19,"turns":5},{"damage":57,"enemies":"Sentry and Sphere","floor":21,"turns":6},{"damage":14,"enemies":"Snake Plant","floor":27,"turns":5},{"damage":64,"enemies":"Collector","floor":33,"turns":9},{"damage":0,"enemies":"3 Shapes","floor":35,"turns":4},{"damage":3,"enemies":"Orb Walker","floor":37,"turns":3},{"damage":24,"enemies":"Writhing Mass","floor":38,"turns":7},{"damage":52,"enemies":"Transient","floor":39,"turns":5},{"damage":26,"enemies":"Giant Head","floor":40,"turns":6}],"seed_played":"-6453197627283984468","potions_obtained":[{"floor":1.0,"key":"SteroidPotion"},{"floor":4.0,"key":"SteroidPotion"},{"floor":13,"key":"FocusPotion"},{"floor":19,"key":"SpeedPotion"},{"floor":27,"key":"CultistPotion"},{"floor":37,"key":"AttackPotion"},{"floor":39,"key":"Explosive Potion"}],"is_trial":false,"path_per_floor":["M","M","?","M","?","R","M","R","T","$","M","?","M","M","R","B",null,"M","M","?","M","?","R","?","?","T","M","R","?","R","$","R","B",null,"M","$","M","M","M","E"],"character_chosen":"DEFECT","items_purchased":["Go for the Eyes","Lee\u0027s Waffle","Fusion","FTL"],"campfire_rested":1,"item_purchase_floors":[10,31,31,36],"current_hp_per_floor":[80,73,73,73,73,73,71,71,71,71,71,82,80,80,80,29,82,70,61,61,4,4,43,43,43,43,29,29,29,29,89,89,25,89,89,89,86,62,10,0,0],"gold":112,"neow_bonus":"TEN_PERCENT_HP_BONUS","is_daily":false,"chose_seed":false,"campfire_upgraded":6,"win_rate":0.0,"timestamp":1614116578,"path_taken":["M","M","?","M","?","R","M","R","T","$","M","?","M","M","R","BOSS","M","M","?","M","?","R","?","?","T","M","R","?","R","$","R","BOSS","M","$","M","M","M","E"],"items_purchased_type":["Card","Relic","Card","Card"],"build_version":"2020-12-22","purchased_purges":0,"victory":false,"max_hp_per_floor":[82,82,82,82,82,82,82,82,82,82,82,82,82,82,82,82,82,82,82,82,82,82,82,82,82,82,82,82,82,82,89,89,89,89,89,89,89,89,89,89,89],"card_choices":[{"not_picked":["Steam Power","Melter"],"picked":"FTL","floor":1.0},{"not_picked":["Cold Snap","Conserve Battery","Barrage"],"picked":"SKIP","floor":2.0},{"not_picked":["Fusion","Leap","Consume"],"picked":"SKIP","floor":4.0},{"not_picked":["Barrage","Ball Lightning"],"picked":"Go for the Eyes","floor":7},{"not_picked":["Genetic Algorithm","Creative AI","Recycle"],"picked":"SKIP","floor":11},{"not_picked":["Cold Snap","Ball Lightning"],"picked":"Coolheaded","floor":13},{"not_picked":["Cold Snap","Coolheaded","Rebound"],"picked":"SKIP","floor":14},{"not_picked":["Buffer","Multi-Cast"],"picked":"Reboot","floor":16},{"not_picked":["Beam Cell","Turbo+1"],"picked":"Ball Lightning","floor":18},{"not_picked":["Stack+1","Force Field"],"picked":"Gash+1","floor":19},{"not_picked":["Leap+1","Beam Cell"],"picked":"Skim+1","floor":21},{"not_picked":["Buffer","Redo+1"],"picked":"Ball Lightning","floor":27},{"not_picked":["Multi-Cast","Core Surge"],"picked":"Seek","floor":33},{"not_picked":["Beam Cell","Sweeping Beam"],"picked":"Coolheaded+1","floor":35},{"not_picked":["Reprogram+1","Melter+1"],"picked":"Gash","floor":37},{"not_picked":["Rebound+1","Barrage"],"picked":"Reboot","floor":38},{"not_picked":["Barrage","Aggregate"],"picked":"Ball Lightning+1","floor":39}],"player_experience":166661,"relics_obtained":[{"floor":9,"key":"Regal Pillow"},{"floor":26,"key":"Bag of Marbles"}],"event_choices":[{"cards_removed":["Strike_B"],"damage_healed":0.0,"max_hp_gain":0.0,"max_hp_loss":0.0,"gold_gain":0.0,"event_name":"The Cleric","player_choice":"Card Removal","floor":3.0,"gold_loss":50.0,"damage_taken":0.0},{"damage_healed":0.0,"max_hp_gain":0.0,"max_hp_loss":0.0,"gold_gain":0.0,"event_name":"Living Wall","player_choice":"Grow","floor":5.0,"gold_loss":0.0,"damage_taken":0.0,"cards_upgraded":["FTL"]},{"damage_healed":20,"gold_gain":0,"player_choice":"Healed and dodged fight","damage_taken":0,"max_hp_gain":0,"max_hp_loss":0,"event_name":"Mushrooms","floor":12,"gold_loss":0,"cards_obtained":["Parasite"]},{"damage_healed":0,"gold_gain":0,"player_choice":"Ignored","damage_taken":0,"max_hp_gain":0,"max_hp_loss":0,"event_name":"Vampires","floor":20,"gold_loss":0},{"damage_healed":0,"gold_gain":0,"player_choice":"Simplicity","damage_taken":0,"max_hp_gain":0,"max_hp_loss":0,"event_name":"Back to Basics","floor":22,"gold_loss":0,"cards_upgraded":["Strike_B","Strike_B","Strike_B","Defend_B","Defend_B","Defend_B","Defend_B"]},{"damage_healed":0,"gold_gain":0,"player_choice":"Ignored","damage_taken":0,"max_hp_gain":0,"max_hp_loss":0,"event_name":"Beggar","floor":24,"gold_loss":0},{"damage_healed":0,"gold_gain":0,"player_choice":"Ignored","damage_taken":0,"max_hp_gain":0,"max_hp_loss":0,"event_name":"Ghosts","floor":25,"gold_loss":0},{"damage_healed":0,"gold_gain":0,"player_choice":"Obtained Relic","damage_taken":0,"relics_obtained":["Nunchaku"],"max_hp_gain":0,"max_hp_loss":0,"event_name":"Addict","floor":29,"gold_loss":85}],"is_beta":false,"boss_relics":[{"not_picked":["Velvet Choker","Sozu"],"picked":"Inserter"},{"not_picked":["Philosopher\u0027s Stone","SacredBark"],"picked":"Black Star"}],"items_purged_floors":[],"is_endless":false,"potions_floor_spawned":[1,4,13,19,21,27,37,39],"killed_by":"Giant Head","ascension_level":4}}