{"host":"00f1p9ihhzi7hxfk","time":1614087371,"event":{"mods":["AchievementEnabler","BaseMod","Colored Map","Colored Powertips","Minty Spire (QoL Compilation)","Rare Cards Sparkle","Relic Stats"],"gold_per_floor":[113,133,146,161,174,174,192,211,211,47,47,47,47,81,81,201,264,189,203,203,203,203],"floor_reached":21,"language":"DEU","playtime":1200,"items_purged":[],"score":173,"play_id":"4c9ef90c-caec-414f-b680-094fba753048","local_time":"20210223143611","is_ascension_mode":false,"campfire_choices":[{"floor":6,"key":"REST"},{"floor":15,"key":"REST"}],"circlet_count":0,"master_deck":["Strike_R","Strike_R","Defend_R","Defend_R","Defend_R","Defend_R","Bash","Power Through","Iron Wave","Rupture","Headbutt","Feed","Infernal Blade","HandOfGreed","Demon Form+1","Searing Blow","Armaments","Bludgeon"],"relics":["Burning Blood","Pear","Golden Idol","Tiny House"],"acts_visited":["Exordium","TheCity"],"potions_floor_usage":[],"damage_taken":[{"damage":1,"enemies":"Cultist","floor":1,"turns":3},{"damage":7,"enemies":"2 Louse","floor":2,"turns":4},{"damage":6,"enemies":"Jaw Worm","floor":3,"turns":5},{"damage":15,"enemies":"3 Louse","floor":4,"turns":5},{"damage":8,"enemies":"Red Slaver","floor":5,"turns":6},{"damage":33,"enemies":"Lots of Slimes","floor":7,"turns":8},{"damage":0,"enemies":"Large Slime","floor":8,"turns":8},{"damage":23,"enemies":"Gremlin Gang","floor":14,"turns":5},{"damage":83,"enemies":"The Guardian","floor":16,"turns":17},{"damage":26,"enemies":"2 Thieves","floor":18,"turns":5},{"damage":70,"enemies":"3 Byrds","floor":19,"turns":7},{"damage":13,"enemies":"3 Cultists","floor":21,"turns":3}],"seed_played":"7558490518977693432","potions_obtained":[{"floor":2,"key":"SteroidPotion"},{"floor":3,"key":"GamblersBrew"},{"floor":5,"key":"Regen Potion"},{"floor":14,"key":"LiquidBronze"}],"is_trial":false,"path_per_floor":["M","M","M","M","M","R","M","M","T","$","?","?","$","M","R","B",null,"M","M","?","M"],"character_chosen":"IRONCLAD","items_purchased":["HandOfGreed"],"campfire_rested":2,"item_purchase_floors":[10],"current_hp_per_floor":[61,60,60,51,49,73,46,52,62,62,62,83,83,69,86,9,91,71,7,7,0,0],"gold":203,"neow_bonus":"REMOVE_TWO","is_daily":false,"chose_seed":false,"campfire_upgraded":0,"win_rate":0.0,"timestamp":1614087371,"path_taken":["M","M","M","M","M","R","M","M","T","$","?","?","?","M","R","BOSS","M","M","?","M"],"items_purchased_type":["Card"],"build_version":"2020-12-22","purchased_purges":0,"victory":false,"max_hp_per_floor":[80,80,80,80,80,80,80,80,90,90,83,83,83,86,86,86,91,91,91,91,91,91],"relic_stats":{"counters":[12,76],"Golden Idol":43,"obtain_stats":[{"Pear":9,"Tiny House":17,"Golden Idol":11,"Burning Blood":0},{"Pear":7,"Tiny House":9,"Golden Idol":7,"Burning Blood":0},{"Pear":39,"Tiny House":61,"Golden Idol":39,"Burning Blood":0}],"Burning Blood":66},"card_choices":[{"not_picked":["Pommel Strike","Anger"],"picked":"Power Through","floor":1},{"not_picked":["Dropkick","Power Through"],"picked":"Iron Wave","floor":2},{"not_picked":["Havoc","Sword Boomerang"],"picked":"Rupture","floor":3},{"not_picked":["Feel No Pain","Rampage","Seeing Red"],"picked":"SKIP","floor":4},{"not_picked":["Second Wind","Sentinel"],"picked":"Headbutt","floor":5},{"not_picked":["Spot Weakness","Intimidate"],"picked":"Feed","floor":7},{"not_picked":["Thunderclap","Second Wind"],"picked":"Infernal Blade","floor":8},{"not_picked":["Ghostly Armor","Thunderclap","Body Slam"],"picked":"SKIP","floor":14},{"not_picked":["Double Tap","Barricade"],"picked":"Demon Form","floor":16},{"not_picked":["Clash","Sword Boomerang"],"picked":"Searing Blow","floor":18},{"not_picked":["Body Slam","Anger+1"],"picked":"Armaments","floor":19}],"player_experience":121316,"relics_obtained":[{"floor":9,"key":"Pear"}],"event_choices":[{"damage_healed":0,"gold_gain":0,"player_choice":"Lose Max HP","damage_taken":0,"relics_obtained":["Golden Idol"],"max_hp_gain":0,"max_hp_loss":7,"event_name":"Golden Idol","floor":11,"gold_loss":0},{"damage_healed":27,"gold_gain":0,"player_choice":"Banana","damage_taken":0,"max_hp_gain":0,"max_hp_loss":0,"event_name":"Big Fish","floor":12,"gold_loss":0},{"damage_healed":0,"gold_gain":0,"cards_transformed":["Strike_R"],"player_choice":"Transformed","damage_taken":0,"max_hp_gain":0,"max_hp_loss":0,"event_name":"Transmorgrifier","floor":20,"gold_loss":0,"cards_obtained":["Bludgeon"]}],"is_beta":false,"boss_relics":[{"not_picked":["Black Blood","Philosopher\u0027s Stone"],"picked":"Tiny House"}],"items_purged_floors":[],"is_endless":false,"potions_floor_spawned":[2,3,5,8,14,19],"killed_by":"3 Cultists","ascension_level":0}}