{"host":"1vy6j31128f61x2z","time":1614046393,"event":{"mods":["AchievementEnabler","BaseMod","Colored Powertips","Minty Spire (QoL Compilation)","Permanent Neow"],"gold_per_floor":[109,129,129,153,174,174,205,205,205,226,259,259,259,259],"floor_reached":13,"language":"ENG","playtime":611,"items_purged":[],"score":133,"play_id":"c4868272-fabd-486e-8295-39d8d0c6b597","local_time":"20210222211313","is_ascension_mode":true,"campfire_choices":[{"data":"Armaments","floor":6.0,"key":"SMITH"}],"circlet_count":0,"master_deck":["Strike_R","Strike_R","Strike_R","Strike_R","Defend_R","Defend_R","Defend_R","Defend_R","Bash","True Grit","Hemokinesis","Armaments+1","Shockwave","Offering","Pain","Rupture"],"relics":["Burning Blood","Golden Idol","Kunai","WarpedTongs","StoneCalendar","Thread and Needle"],"acts_visited":["Exordium"],"potions_floor_usage":[11,13,13],"damage_taken":[{"damage":3.0,"enemies":"Jaw Worm","floor":1.0,"turns":5.0},{"damage":4.0,"enemies":"Small Slimes","floor":2.0,"turns":6.0},{"damage":2.0,"enemies":"Cultist","floor":4.0,"turns":3.0},{"damage":13.0,"enemies":"3 Louse","floor":5.0,"turns":6.0},{"damage":33.0,"enemies":"Lagavulin","floor":7.0,"turns":7.0},{"damage":11,"enemies":"2 Fungi Beasts","floor":10,"turns":6},{"damage":34,"enemies":"Gremlin Nob","floor":11,"turns":4},{"damage":8,"enemies":"3 Sentries","floor":13,"turns":2}],"seed_played":"-8172973201493502009","potions_obtained":[{"floor":1.0,"key":"BlessingOfTheForge"},{"floor":10,"key":"Energy Potion"},{"floor":11,"key":"SpeedPotion"}],"is_trial":false,"path_per_floor":["M","M","?","M","M","R","E","?","T","M","E","?","E"],"character_chosen":"IRONCLAD","items_purchased":[],"campfire_rested":0,"item_purchase_floors":[],"current_hp_per_floor":[75,77,74,74,67,67,40,40,40,35,7,4,0,0],"gold":259,"neow_bonus":"TRANSFORM_CARD","is_daily":false,"chose_seed":false,"campfire_upgraded":1,"win_rate":0.0,"timestamp":1614046393,"path_taken":["M","M","?","M","M","R","E","?","T","?","E","?","E"],"items_purchased_type":[],"build_version":"2020-12-22","purchased_purges":0,"victory":false,"max_hp_per_floor":[80,80,74,74,74,74,74,74,74,74,74,74,74,74],"card_choices":[{"not_picked":["Infernal Blade","Havoc","Perfected Strike"],"picked":"SKIP","floor":1.0},{"not_picked":["Feel No Pain","Blood for Blood"],"picked":"Hemokinesis","floor":2.0},{"not_picked":["Thunderclap","Feel No Pain"],"picked":"Armaments","floor":4.0},{"not_picked":["Twin Strike","Power Through"],"picked":"Shockwave","floor":5.0},{"not_picked":["Clash","Sword Boomerang"],"picked":"Offering","floor":7.0},{"not_picked":["Cleave","Shrug It Off"],"picked":"Rupture","floor":10},{"not_picked":["Cleave","Rupture","Flex"],"picked":"SKIP","floor":11}],"player_experience":122999,"relics_obtained":[{"floor":7.0,"key":"Kunai"},{"floor":9,"key":"StoneCalendar"},{"floor":11,"key":"Thread and Needle"}],"event_choices":[{"damage_healed":0.0,"max_hp_gain":0.0,"max_hp_loss":6.0,"gold_gain":0.0,"event_name":"Golden Idol","player_choice":"Lose Max HP","floor":3.0,"gold_loss":0.0,"damage_taken":0.0,"relics_obtained":["Golden Idol"]},{"damage_healed":0.0,"max_hp_gain":0.0,"max_hp_loss":0.0,"gold_gain":0.0,"event_name":"Accursed Blacksmith","player_choice":"Rummage","floor":8.0,"gold_loss":0.0,"damage_taken":0.0,"relics_obtained":["WarpedTongs"],"cards_obtained":["Pain"]},{"damage_healed":0,"gold_gain":0,"player_choice":"Fled","damage_taken":3,"max_hp_gain":0,"max_hp_loss":0,"event_name":"Scrap Ooze","floor":12,"gold_loss":0}],"is_beta":false,"boss_relics":[],"items_purged_floors":[],"is_endless":false,"potions_floor_spawned":[1,10,11],"killed_by":"3 Sentries","ascension_level":8}}