{"host":"t5kis9necmbui802","time":1614071644,"event":{"mods":["100% Spire Juice","Act Like it!","BaseMod","CapriCore","Chen","Colored Powertips","Downfall","Gensokyo","HololiveMod","Koishi","KomeijiMod","Lobotomy","LobotomyExtend","Minty Spire (QoL Compilation)","MostiFishMod","Replay The Spire","Robot Space Explorer","Shop Mod","Spicy Shops","StSLib","The Alterego","The Immortal","TheWitcher","Uncapped","Yuri Mod","noobMod"],"gold_per_floor":[99,109,128,128,142,170,170,170,170,48,48,33,33,60,75,178,178,178,197,197,36,286,317,317,336,286,302,4,16,30,40,56,154,154,154,173,191,191,191,132,132,42,76,76,86,111,731,731,741,741,741],"floor_reached":52,"language":"ZHS","playtime":2088,"items_purged":["Pride","Injury"],"score":907,"play_id":"95d8cf7f-2c04-4dab-8adb-01ce7f2b35bd","local_time":"20210223171404","is_ascension_mode":false,"campfire_choices":[{"data":"bronze:Format","floor":8,"key":"SMITH"},{"data":"bronze:DigitalCarnage","floor":11,"key":"SMITH"},{"data":"bronze:ChosenStrike","floor":18,"key":"SMITH"},{"data":"Gensokyo:FourOfAKind","floor":35,"key":"SMITH"},{"data":"Gensokyo:FourOfAKind","floor":44,"key":"SMITH"}],"circlet_count":0,"master_deck":["bronze:Strike","bronze:Strike","bronze:Strike","bronze:Defend","bronze:Defend","bronze:Defend","bronze:Replicate","bronze:Goto","bronze:Overheat","bronze:Boost","bronze:Fortify","bronze:DigitalCarnage+1","bronze:CleanCode","bronze:AlphaBuild","Gensokyo:FourOfAKind+1","Gensokyo:FourOfAKind+1","Gensokyo:FourOfAKind","bronze:InfiniteBeams+1","bronze:HardenedForm","bronze:OilSpill+1","bronze:BurnOut","bronze:MaxOutput","bronze:Verify","bronze:Verify"],"relics":["bronze:BronzeCore","DaveBox","ice","Hololive_LightStick","Calipers","LetterFromLob","Nloth\u0027s Gift","bronze:BottledCode","bronze:SilverBullet","Gensokyo:OccultBall","Replay:Wax Seal","Question Card","Blood Vial","SlaversCollar","bronze:CableSpool","Replay:Mystery Machine","MerchantsRug","ArrowTower","Singing Bowl","SynthV","Sling","bronze:MakeshiftBattery","ReplayTheSpireMod:Shallot","ChiLing","Chi","Ling","Bag of Marbles","Blue Candle"],"acts_visited":["Gensokyo:Gensokyo","Gensokyo:Gensokyoer","Gensokyo:Gensokyoest"],"potions_floor_usage":[],"damage_taken":[{"damage":0,"enemies":"Gensokyo:Python","floor":2,"turns":3},{"damage":1,"enemies":"Gensokyo:Gryphon","floor":3,"turns":4},{"damage":0,"enemies":"Gensokyo:3_Fairies","floor":5,"turns":4},{"damage":24,"enemies":"Gensokyo:Cirno","floor":6,"turns":7},{"damage":0,"enemies":"downfall:FleeingMerchant","floor":10,"turns":4},{"damage":0,"enemies":"downfall:FleeingMerchant","floor":12,"turns":4},{"damage":0,"enemies":"Gensokyo:2_Rabbits","floor":15,"turns":1},{"damage":45,"enemies":"DF_ARCHETYPE_STREAMLINE","floor":16,"turns":9},{"damage":0,"enemies":"Gensokyo:Chomper","floor":19,"turns":4},{"damage":38,"enemies":"downfall:FleeingMerchant","floor":21,"turns":4},{"damage":0,"enemies":"Gensokyo:Koishi","floor":23,"turns":3},{"damage":0,"enemies":"Gensokyo:AngelMirror","floor":25,"turns":2},{"damage":0,"enemies":"Gensokyo:Chomper_and_Gloop","floor":27,"turns":2},{"damage":0,"enemies":"Gensokyo:Swordslinger","floor":29,"turns":3},{"damage":0,"enemies":"Gensokyo:Monolith_and_Dog","floor":30,"turns":1},{"damage":8,"enemies":"Gensokyo:Wraith","floor":31,"turns":4},{"damage":0,"enemies":"Gensokyo:Swordslinger","floor":32,"turns":3},{"damage":31,"enemies":"SI_MIRROR_ARCHETYPE","floor":33,"turns":4},{"damage":0,"enemies":"Gensokyo:3_Bats","floor":36,"turns":2},{"damage":0,"enemies":"Gensokyo:AncientGuardian","floor":37,"turns":2},{"damage":2,"enemies":"Gensokyo:Kasen","floor":43,"turns":2},{"damage":0,"enemies":"Gensokyo:4_Bats","floor":45,"turns":1},{"damage":17,"enemies":"Gensokyo:Doremy","floor":46,"turns":3},{"damage":60,"enemies":"Gensokyo:AtlasGolem","floor":47,"turns":3},{"damage":0,"enemies":"Gensokyo:3_Boulders","floor":49,"turns":2},{"damage":29,"enemies":"WA_ARCHETYPE_DIVINITY","floor":50,"turns":7}],"seed_played":"2483335016440484913","potions_obtained":[{"floor":3,"key":"Adrenaline Potion"},{"floor":6,"key":"SteroidPotion"},{"floor":16,"key":"Languid Potion"},{"floor":27,"key":"LiquidBronze"},{"floor":30,"key":"Energy Potion"},{"floor":31,"key":"bronze:BurnAndBuffPotion"},{"floor":36,"key":"FearPotion"},{"floor":45,"key":"Energy Potion"},{"floor":47,"key":"Fire Potion"}],"is_trial":false,"path_per_floor":["R","M","M","?","M","E","T","R","?","$","R","$","?","T","M","B",null,"R","M","?","$","?","E","T","M","?","M","COS","M","M","M","M","B",null,"R","M","M","?","?","$","T","$","E","R","M","E","M","?","M","B",null,null],"character_chosen":"THE_AUTOMATON","items_purchased":["Replay:Wax Seal","bronze:CableSpool","bronze:InfiniteBeams","Replay:Mystery Machine","MerchantsRug","ArrowTower","bronze:MaxOutput","ChiLing"],"campfire_rested":0,"item_purchase_floors":[10,21,21,21,21,21,40,42],"current_hp_per_floor":[70,70,69,60,60,36,36,36,36,42,42,42,29,29,31,50,69,69,69,52,14,14,18,18,20,27,31,31,35,39,35,37,8,90,90,92,94,94,94,94,94,94,95,95,95,80,22,42,46,19,19],"gold":741,"neow_bonus":"RANDOM_COMMON_RELIC","is_daily":false,"chose_seed":false,"campfire_upgraded":5,"win_rate":0.0,"timestamp":1614071644,"path_taken":["R","M","M","?","M","E","T","R","?","$","R","$","?","?","M","BOSS","R","M","?","?","?","E","T","M","?","M","COS","?","M","?","M","BOSS","R","M","M","?","?","$","T","?","E","R","M","E","M","?","M","BOSS"],"items_purchased_type":["Relic","Relic","Card","Relic","Relic","Relic","Card","Relic"],"build_version":"2020-12-22","purchased_purges":2,"victory":true,"max_hp_per_floor":[70,70,70,60,60,60,60,60,60,66,66,66,66,66,66,69,69,69,73,52,57,54,59,59,61,68,70,70,75,77,83,86,90,90,90,94,94,94,94,94,94,94,95,95,95,100,100,100,102,109,109],"card_choices":[{"not_picked":["bronze:Separator","bronze:WildBeam"],"picked":"bronze:Overheat","floor":2},{"not_picked":["bronze:ForceShield","bronze:Turbo"],"picked":"bronze:Boost","floor":3},{"not_picked":["bronze:Shield","bronze:Invalidate"],"picked":"bronze:Fortify","floor":5},{"not_picked":["bronze:Boost","bronze:Repair"],"picked":"bronze:Format","floor":6},{"not_picked":["bronze:Deprecate","bronze:DelayedSlice"],"picked":"bronze:DigitalCarnage","floor":10},{"not_picked":["bronze:Flail","bronze:Overheat","bronze:WildBeam"],"picked":"SKIP","floor":12},{"not_picked":["bronze:WhirlingStrike","bronze:ChildClass","bronze:Virus"],"picked":"bronze:ChosenStrike","floor":15},{"not_picked":["bronze:Break","bronze:FindAndReplace","bronze:ShipIt"],"picked":"bronze:CleanCode","floor":16},{"not_picked":["bronze:Iterate","bronze:OilSpill","bronze:WildBeam+1"],"picked":"bronze:AlphaBuild","floor":19},{"not_picked":["bronze:FineTuning","bronze:Branch","bronze:FindAndReplace"],"picked":"bronze:Overload+1","floor":21},{"not_picked":["bronze:Deprecate","bronze:WildBeam","bronze:Fortify+1","bronze:DelayedSlice+1"],"picked":"Singing Bowl","floor":23},{"not_picked":["bronze:ChildClass","bronze:WhirlingStrike","bronze:OilSpill"],"picked":"bronze:HardenedForm","floor":25},{"not_picked":["bronze:Allocate+1","bronze:Separator","bronze:BugBarrage","bronze:CutThrough"],"picked":"Singing Bowl","floor":27},{"not_picked":["bronze:FindAndReplace","bronze:Deprecate","bronze:FollowUp+1","bronze:Overload"],"picked":"Singing Bowl","floor":29},{"not_picked":["bronze:ChosenStrike","bronze:ChildClass+1","bronze:FineTuning+1","bronze:Turbo+1"],"picked":"Singing Bowl","floor":30},{"not_picked":["bronze:BuggyMess+1","bronze:ForceShield","bronze:Branch","bronze:Fortify"],"picked":"Singing Bowl","floor":31},{"not_picked":["bronze:GetLatest+1","bronze:ChosenStrike","bronze:Branch"],"picked":"bronze:OilSpill+1","floor":32},{"not_picked":["bronze:ThunderWave","bronze:HyperBeam","bronze:AlphaBuild"],"picked":"bronze:BurnOut","floor":33},{"not_picked":["bronze:Deprecate","bronze:Fortify+1","bronze:ForLoop","bronze:Repair+1"],"picked":"Singing Bowl","floor":36},{"not_picked":["bronze:Fortify+1","bronze:DelayedGuard+1","bronze:Refactor"],"picked":"bronze:ForceShield+1","floor":37},{"not_picked":["bronze:ShipIt","bronze:Repair+1","bronze:Boost"],"picked":"bronze:Verify","floor":43},{"not_picked":["bronze:Separator","bronze:OilSpill","bronze:MaxOutput+1"],"picked":"bronze:Verify","floor":45},{"not_picked":["bronze:Separator","bronze:InfiniteBeams","bronze:Verify","bronze:Repair+1"],"picked":"Singing Bowl","floor":46},{"not_picked":["bronze:InfiniteBeams","bronze:BuggyMess","bronze:FollowUp+1"],"picked":"bronze:Branch+1","floor":47},{"not_picked":["bronze:ForLoop+1","bronze:Turbo","bronze:Format","bronze:ChosenStrike"],"picked":"Singing Bowl","floor":49}],"player_experience":438197,"relics_obtained":[{"floor":2,"key":"LetterFromLob"},{"floor":6,"key":"bronze:SilverBullet"},{"floor":7,"key":"Darkstone Periapt"},{"floor":10,"key":"Gensokyo:OccultBall"},{"floor":14,"key":"Blood Vial"},{"floor":16,"key":"Gensokyo:OccultBall"},{"floor":23,"key":"Singing Bowl"},{"floor":24,"key":"Potion Belt"},{"floor":33,"key":"Gensokyo:OccultBall"},{"floor":41,"key":"ReplayTheSpireMod:Shallot"},{"floor":43,"key":"Bag of Marbles"},{"floor":46,"key":"Blue Candle"}],"event_choices":[],"is_beta":false,"boss_relics":[{"not_picked":["Replay:Drink Me","Replay:Bronze Core"],"picked":"SlaversCollar"},{"not_picked":["SacredBark","Sozu"],"picked":"bronze:MakeshiftBattery"}],"items_purged_floors":[10,40],"is_endless":false,"potions_floor_spawned":[3,6,16,27,30,31,32,36,37,45,47],"ascension_level":0}}