{"host":"6hzrz31j95f2y1pa","time":1614052787,"event":{"mods":["BaseMod","Colored Map","Downfall","Minty Spire (QoL Compilation)","StSLib"],"gold_per_floor":[99,114,131,143,154,166,166,181,208,208,8,20,20,33,47,124,124,124,139,154,20,20,37,37,37,54,54,87,87,87,87],"floor_reached":29,"language":"ENG","playtime":1231,"items_purged":["hexamod:Strike"],"score":557,"play_id":"c759bd47-ca7b-40ce-bffe-81ab448a0575","local_time":"20210222225947","is_ascension_mode":true,"campfire_choices":[{"floor":1.0,"key":"RECALL"},{"data":"hexamod:SuperheatedStrike","floor":11.0,"key":"SMITH"},{"data":"hexamod:HeatShield","floor":13.0,"key":"SMITH"},{"data":"hexamod:GhostLash","floor":18.0,"key":"SMITH"},{"data":"hexamod:ShieldOfDarkness","floor":25,"key":"SMITH"},{"data":"hexamod:RadiantFlame","floor":27,"key":"SMITH"}],"circlet_count":0,"master_deck":["AscendersBane","hexamod:Strike","hexamod:Strike","hexamod:Defend","hexamod:Defend","hexamod:Defend","hexamod:Sear","hexamod:Float","hexamod:GhostLash+1","hexamod:RecurringNightmare","hexamod:DynamicBlow","hexamod:Hexaguard","hexamod:SwordOfDarkness","hexamod:SuperheatedStrike+1","hexamod:AdvancingGuard","hexamod:HeatShield+1","hexamod:NightmareGuise","hexamod:Hexaguard","hexamod:FlameSwitch","hexamod:Hexaguard","hexamod:FastForward","hexamod:EmpoweredFlame","hexamod:DynamicBlow","hexamod:ShieldOfDarkness+1","hexamod:RadiantFlame+1"],"relics":["hexamod:UnbrokenSoul","Matryoshka","Unceasing Top","downfall:HeartBlessingRed","downfall:HeartBlessingGreen","StrikeDummy","Ancient Tea Set"],"acts_visited":["Exordium","TheCity"],"potions_floor_usage":[],"damage_taken":[{"damage":2.0,"enemies":"Small Slimes","floor":2.0,"turns":3.0},{"damage":0.0,"enemies":"Cultist","floor":3.0,"turns":3.0},{"damage":2.0,"enemies":"Jaw Worm","floor":4.0,"turns":3.0},{"damage":12.0,"enemies":"3 Louse","floor":5.0,"turns":3.0},{"damage":1.0,"enemies":"Blue Slaver","floor":6.0,"turns":4.0},{"damage":5.0,"enemies":"downfall:LooterAlt","floor":8.0,"turns":3.0},{"damage":6.0,"enemies":"3 Sentries","floor":9.0,"turns":8.0},{"damage":0.0,"enemies":"3 Louse","floor":12.0,"turns":2.0},{"damage":0.0,"enemies":"2 Fungi Beasts","floor":14.0,"turns":3.0},{"damage":6.0,"enemies":"Exordium Wildlife","floor":15.0,"turns":4.0},{"damage":0.0,"enemies":"SI_SHIV_ARCHETYPE","floor":16.0,"turns":10.0},{"damage":0.0,"enemies":"Chosen","floor":19.0,"turns":4.0},{"damage":10.0,"enemies":"Spheric Guardian","floor":20.0,"turns":4.0},{"damage":0.0,"enemies":"downfall:FleeingMerchant","floor":21.0,"turns":4.0},{"damage":5,"enemies":"Snecko","floor":23,"turns":4},{"damage":9,"enemies":"Centurion and Healer","floor":26,"turns":6},{"damage":38,"enemies":"Gremlin Leader","floor":28,"turns":7},{"damage":9,"enemies":"Sentry and Sphere","floor":29,"turns":2}],"seed_played":"2863702910210607832","potions_obtained":[{"floor":5.0,"key":"Energy Potion"},{"floor":8.0,"key":"EssenceOfSteel"},{"floor":9.0,"key":"Dexterity Potion"},{"floor":10.0,"key":"Fruit Juice"},{"floor":10.0,"key":"hexamod:DoubleChargePotion"},{"floor":16.0,"key":"Ancient Potion"}],"is_trial":false,"path_per_floor":["R","M","M","M","M","M","T","M","E","?","R","M","R","M","M","B",null,"R","M","M","$","?","M","T","R","M","R","E","M"],"character_chosen":"THE_SPIRIT","items_purchased":["hexamod:EmpoweredFlame"],"campfire_rested":0,"item_purchase_floors":[21],"current_hp_per_floor":[63,61,61,59,47,46,46,41,35,40,40,40,40,40,34,34,64,64,64,54,54,54,49,49,49,40,40,2,0,0,0],"gold":87,"neow_bonus":"TEN_PERCENT_HP_BONUS","is_daily":false,"chose_seed":false,"campfire_upgraded":5,"win_rate":0.0,"timestamp":1614052787,"path_taken":["R","M","M","M","M","M","T","M","E","?","R","M","R","?","M","BOSS","R","M","M","$","?","M","T","R","M","R","E","M"],"items_purchased_type":["Card"],"build_version":"2020-12-22","purchased_purges":1,"victory":false,"max_hp_per_floor":[69,69,69,69,69,69,69,69,69,74,74,74,74,74,74,74,74,74,74,74,74,74,74,74,74,74,74,74,74,74,74],"card_choices":[{"not_picked":["hexamod:NightmareGuise","hexamod:NecessarySacrifice"],"picked":"hexamod:GhostLash","floor":2.0},{"not_picked":["hexamod:BurningTouch","hexamod:RetreatToShadows"],"picked":"hexamod:RecurringNightmare","floor":3.0},{"not_picked":["hexamod:GhostOfSpirePast","hexamod:NightmareStrike"],"picked":"hexamod:DynamicBlow","floor":4.0},{"not_picked":["hexamod:ShieldOfDarkness","hexamod:HeatMetal"],"picked":"hexamod:Hexaguard","floor":5.0},{"not_picked":["hexamod:ShieldOfDarkness","hexamod:SpectralAdrenaline"],"picked":"hexamod:SwordOfDarkness","floor":6.0},{"not_picked":["hexamod:SkipABeat","hexamod:InspiringFlames"],"picked":"hexamod:SuperheatedStrike","floor":8.0},{"not_picked":["hexamod:NightmareGuise","hexamod:PhantomFireball"],"picked":"hexamod:AdvancingGuard","floor":9.0},{"not_picked":["hexamod:Firestarter","hexamod:SpectralAdrenaline"],"picked":"hexamod:HeatShield","floor":12.0},{"not_picked":["hexamod:HeatMetal","hexamod:CatchUp"],"picked":"hexamod:NightmareGuise","floor":14.0},{"not_picked":["hexamod:RetreatToShadows","hexamod:SuperheatedStrike"],"picked":"hexamod:Hexaguard","floor":15.0},{"not_picked":["hexamod:TimeWarp","hexamod:Toasty"],"picked":"hexamod:FlameSwitch","floor":16.0},{"not_picked":["hexamod:Firestarter","hexamod:SwordOfDarkness","hexamod:SuperheatedStrike"],"picked":"SKIP","floor":19.0},{"not_picked":["hexamod:BurningTouch","hexamod:DynamicBlow"],"picked":"hexamod:Hexaguard","floor":20.0},{"not_picked":["hexamod:SuperheatedStrike","hexamod:InspiringFlames"],"picked":"hexamod:FastForward","floor":21.0},{"not_picked":["hexamod:SpectralAdrenaline","hexamod:GhostShield+1","hexamod:BacktrackSmack"],"picked":"SKIP","floor":23},{"not_picked":["hexamod:Rewind","hexamod:SwordOfDarkness"],"picked":"hexamod:RadiantFlame","floor":26},{"not_picked":["hexamod:DynamicBlow","hexamod:BurningTouch","hexamod:ChargedBarrage"],"picked":"SKIP","floor":28}],"player_experience":1472307,"relics_obtained":[{"floor":7.0,"key":"Matryoshka"},{"floor":9.0,"key":"Unceasing Top"},{"floor":24,"key":"StrikeDummy"},{"floor":28,"key":"Ancient Tea Set"}],"event_choices":[{"damage_healed":0.0,"max_hp_gain":0.0,"max_hp_loss":0.0,"gold_gain":0.0,"event_name":"Lab","player_choice":"Got Potions","floor":10.0,"gold_loss":0.0,"damage_taken":0.0},{"damage_healed":0,"gold_gain":0,"cards_transformed":["hexamod:Defend","hexamod:Strike"],"player_choice":"Became Test Subject","damage_taken":0,"max_hp_gain":0,"max_hp_loss":0,"event_name":"Drug Dealer","floor":22,"gold_loss":0,"cards_obtained":["hexamod:DynamicBlow","hexamod:ShieldOfDarkness"]}],"is_beta":false,"boss_relics":[{"not_picked":["Coffee Dripper","SacredBark"],"picked":"hexamod:UnbrokenSoul"}],"items_purged_floors":[21],"is_endless":false,"potions_floor_spawned":[5,8,9,14,16,19,20],"killed_by":"Sentry and Sphere","ascension_level":17}}