{"host":"fjxvvz27jn1pmjgm","time":1614114647,"event":{"mods":["Act Like it!","Astrologer","BaseMod","Bestiary","BetterRewards","Clockwork Mod","Downfall","Friendly Minions","GifTheSpireLib","Glutton Mod","Marisa????????","Minty Spire (QoL Compilation)","Shade Mod","Shop Mod","Somnambulant","StSLib","The Alterego","The Animator","The Bladedancer","The Disciple","The Dragon Tamer","The Hayseed","The Hierophant","The Mystic","The Problem Sleuth","The Runesmith","The Showman","TheSwordswoman"],"gold_per_floor":[111,111,111,124,124,124,162,177,202,238,273,292,0,0,0,119,119,133,149,349,271,294,329,329,362,362,362,401,424,35,79,79,203,203,227,227,252,37,37,75,134,134,134,158,201,201,264,300,300,300,300,300,840,874,874],"floor_reached":56,"language":"ENG","playtime":6024,"items_purged":["Clockwork:Strike","Clockwork:Strike","Clockwork:Strike","Clockwork:Shield","Clockwork:Strike","Clockwork:Shield","Clockwork:Pluck","Clockwork:Randomization","Panache+1","Clockwork:Pluck","Clockwork:RevUp+1","Clockwork:Shield+1"],"score":2266,"play_id":"3d6fa5f9-e3ef-41c5-a827-826498c2699a","local_time":"20210223151047","is_ascension_mode":true,"campfire_choices":[{"data":"1","floor":6,"key":"LIFT"},{"data":"Clockwork:PerfectForm","floor":15,"key":"PURGE"},{"data":"Panache","floor":24,"key":"PURGE"},{"data":"Clockwork:RitualDaggerMk0","floor":32,"key":"SMITH"},{"data":"Clockwork:Pluck","floor":42,"key":"PURGE"},{"floor":46,"key":"RECALL"},{"data":"2","floor":49,"key":"LIFT"},{"data":"3","floor":52,"key":"LIFT"}],"circlet_count":4,"master_deck":["Clockwork:Tinker+1","Clockwork:WarmUp+1","Clockwork:LogisticRegression+1","Clockwork:RitualDaggerMk0+1","Clockwork:ChargingShield+1","Clockwork:EnthusiasticStrike+1","Flash of Steel","Deep Breath+1","Clockwork:TimeWalk+1","Apotheosis+1","Clockwork:SiegeStrike","Clockwork:OccamsRazor+1","Clockwork:TimeOut+1","Clockwork:SystemHardening+1","Clockwork:HeadStart","Good Instincts+1","Clockwork:EnthusiasticStrike+1","Clockwork:RampUp+1","Dramatic Entrance+1","Clockwork:OccamsRazor+1","Clockwork:TimeWalk+1","Clockwork:FalseStart+1","Clockwork:Inspiration+1","Clockwork:TiltAWhirl"],"relics":["Clockwork:MomentumEngine","TungstenRod","Gremlin Horn","Clockwork:BreathingRoom","Torii","Bag of Preparation","StoneCalendar","Girya","Blood Vial","Peace Pipe","Boot","Turnip","HandDrill","Pocketwatch","Singing Bowl","Medical Kit","Bag of Marbles","Ice Cream","Strange Spoon","Incense Burner","Runesmith:AutoHammer","Chemical X","Vajra","Bird Faced Urn","Membership Card","Unceasing Top","Anchor","Clockwork:RubberBall","Thread and Needle","Calipers","Ginger","Ornamental Fan","CaptainsWheel","Pen Nib","Sling","FossilizedHelix","Gambling Chip","Lizard Tail","ClockworkSouvenir","Circlet","Sundial","OrangePellets","Toy Ornithopter","Mummified Hand","Clockwork:Varja","Lantern","Centennial Puzzle","Clockwork:QuicksilverHourglass","Runesmith:Locket","Mercury Hourglass","Clockwork:SomewhatSmoothStone","Clockwork:BootleggersToolkit","MerchantsRug","Juzu Bracelet","Nunchaku","Clockwork:CopperScales","Happy Flower","Shuriken","Oddly Smooth Stone","Clockwork:BloodPhial","SacredBark","theSleuth:Tectrixcalibur","Bottled Flame","CatCart","Kunai","Bottled Tornado","InkBottle","Runesmith:Nanobots"],"acts_visited":["Exordium","TheCity","TheBeyond","TheEnding"],"potions_floor_usage":[18,25,25,25,25,25,25,33,40,40],"damage_taken":[{"damage":0,"enemies":"Small Slimes","floor":1,"turns":1},{"damage":0,"enemies":"2 Louse","floor":4,"turns":1},{"damage":0,"enemies":"Gremlin Nob","floor":7,"turns":2},{"damage":0,"enemies":"Cultist","floor":8,"turns":4},{"damage":0,"enemies":"3 Sentries","floor":10,"turns":2},{"damage":0,"enemies":"Gremlin Nob","floor":11,"turns":2},{"damage":0,"enemies":"Looter","floor":12,"turns":2},{"damage":0,"enemies":"Slime Boss","floor":16,"turns":4},{"damage":0,"enemies":"Spheric Guardian","floor":18,"turns":4},{"damage":0,"enemies":"Chosen","floor":19,"turns":3},{"damage":0,"enemies":"Shelled Parasite and Fungi","floor":22,"turns":3},{"damage":0,"enemies":"Gremlin Leader","floor":23,"turns":1},{"damage":0,"enemies":"Slavers","floor":25,"turns":2},{"damage":0,"enemies":"Book of Stabbing","floor":28,"turns":3},{"damage":0,"enemies":"Snecko","floor":29,"turns":3},{"damage":0,"enemies":"Gremlin Leader","floor":31,"turns":5},{"damage":0,"enemies":"Collector","floor":33,"turns":7},{"damage":0,"enemies":"3 Darklings","floor":35,"turns":4},{"damage":0,"enemies":"3 Shapes","floor":37,"turns":4},{"damage":0,"enemies":"Giant Head","floor":40,"turns":3},{"damage":0,"enemies":"Orin","floor":41,"turns":4},{"damage":0,"enemies":"Spire Growth","floor":44,"turns":4},{"damage":0,"enemies":"Reptomancer","floor":45,"turns":1},{"damage":0,"enemies":"Mind Bloom Boss Battle","floor":47,"turns":1},{"damage":0,"enemies":"Nemesis","floor":48,"turns":1},{"damage":0,"enemies":"Awakened One","floor":50,"turns":3},{"damage":0,"enemies":"Shield and Spear","floor":54,"turns":4},{"damage":0,"enemies":"The Heart","floor":55,"turns":3}],"seed_played":"2365815443411481563","potions_obtained":[{"floor":0,"key":"LiquidMemories"},{"floor":0,"key":"ColorlessPotion"},{"floor":0,"key":"DistilledChaos"},{"floor":0,"key":"sneckomod:MuddlingPotion"},{"floor":0,"key":"sneckomod:MuddlingPotion"},{"floor":18,"key":"Dexterity Potion"},{"floor":22,"key":"Ancient Potion"},{"floor":23,"key":"LiquidBronze"},{"floor":25,"key":"Energy Potion"},{"floor":29,"key":"DistilledChaos"},{"floor":33,"key":"FearPotion"},{"floor":40,"key":"SkillPotion"},{"floor":41,"key":"Fire Potion"},{"floor":45,"key":"AttackPotion"},{"floor":48,"key":"Dexterity Potion"}],"is_trial":false,"path_per_floor":["M","?","?","M","?","R","E","M","T","E","E","M","$","?","R","B",null,"M","M","?","$","M","E","R","E","T","?","E","M","$","E","R","B",null,"M","T","M","$","?","E","?","R","T","M","E","R","?","E","R","B",null,"R","$","E","B",null],"character_chosen":"CLOCKWORK","items_purchased":["Toxic Egg 2","Frozen Eye","Clockwork:LogisticRegression","Clockwork:RitualDaggerMk0","Gremlin Horn","Clockwork:BreathingRoom","Lee\u0027s Waffle","Clockwork:ChargingShield+1","Clockwork:Pluck","Torii","Toolbox","War Paint","Clockwork:CraftVarja+1","Bag of Preparation","Orrery","Strawberry","Blood Vial","Peace Pipe","Flash of Steel","Panache","Clockwork:Pluck","Boot","Deep Breath+1","Clockwork:CraftQuicksilverHourglass","Frozen Egg 2","HandDrill","Bottled Lightning","Clockwork:TimeWalk+1","Apotheosis+1","Singing Bowl","Medical Kit","Matryoshka","Bag of Marbles","Clockwork:SiegeStrike","Strange Spoon","Clockwork:CraftMomentumEngine+1","TheAbacus","Pantograph","Runesmith:AutoHammer","Chemical X","Vajra","Membership Card","Unceasing Top","Clockwork:OccamsRazor+1","Bandage Up+1","Anchor","Clockwork:TimeOut+1","Clockwork:SystemHardening+1","Clockwork:CraftMomentumEngine+1","Clockwork:RubberBall","Thread and Needle","Clockwork:LiteraryArmor+1","Panache+1","Clockwork:HeadStart","Dream Catcher","Regal Pillow","Ornamental Fan","Good Instincts+1","Ancient Tea Set","Pen Nib","Cauldron","Sling","FossilizedHelix","Gambling Chip","Dramatic Entrance","DollysMirror","Pear","ClockworkSouvenir","EntropicBrew","Clockwork:HeadStart","Sundial","OrangePellets","Toy Ornithopter","Clockwork:Randomization","Clockwork:OccamsRazor+1","Mummified Hand","Clockwork:CraftSomewhatSmoothStone+1","Mercury Hourglass","Potion Belt","MerchantsRug","White Beast Statue","Clockwork:Downsize+1","Shuriken","Oddly Smooth Stone","Clockwork:CraftSomewhatSmoothStone+1","Clockwork:CraftCopperScales+1","Whetstone","InkBottle","Runesmith:Nanobots"],"campfire_rested":0,"item_purchase_floors":[0,0,0,0,0,0,0,0,0,0,0,0,0,0,0,0,0,0,0,0,0,0,0,0,0,0,0,0,0,0,0,0,0,0,0,0,0,0,0,0,0,0,0,0,0,0,0,0,0,0,0,0,0,0,0,0,0,0,0,0,0,0,0,0,0,0,0,0,0,0,0,0,0,0,0,0,13,13,21,21,21,30,30,30,38,38,38,53,53],"current_hp_per_floor":[135,135,135,139,106,106,112,124,124,132,147,149,149,145,145,149,149,151,153,153,153,155,155,155,155,155,155,155,159,159,159,159,159,159,163,163,165,165,165,165,167,167,167,171,173,173,175,177,177,177,177,177,177,179,179],"gold":874,"neow_bonus":"","is_daily":false,"chose_seed":false,"campfire_upgraded":1,"win_rate":0.0,"timestamp":1614114647,"path_taken":["M","?","?","M","?","R","E","M","T","E","E","M","$","?","R","BOSS","M","M","?","$","M","E","R","E","T","?","E","M","$","E","R","BOSS","M","?","M","$","?","E","?","R","T","M","E","R","?","E","R","BOSS","R","$","E","BOSS"],"items_purchased_type":["Relic","Relic","Card","Card","Relic","Relic","Relic","Card","Card","Relic","Relic","Relic","Card","Relic","Relic","Relic","Relic","Relic","Card","Card","Card","Relic","Card","Card","Relic","Relic","Relic","Card","Card","Relic","Relic","Relic","Relic","Card","Relic","Card","Relic","Relic","Relic","Relic","Relic","Relic","Relic","Card","Card","Relic","Card","Card","Card","Relic","Relic","Card","Card","Card","Relic","Relic","Relic","Card","Relic","Relic","Relic","Relic","Relic","Relic","Card","Relic","Relic","Relic","Potion","Card","Relic","Relic","Relic","Card","Card","Relic","Card","Relic","Relic","Relic","Relic","Card","Relic","Relic","Card","Card","Relic","Relic","Relic"],"build_version":"2020-12-22","purchased_purges":12,"victory":true,"max_hp_per_floor":[135,135,135,139,139,139,139,143,143,145,147,149,149,149,149,149,149,151,153,153,153,155,155,155,155,155,155,155,159,159,159,159,159,159,163,163,165,165,165,165,167,167,167,171,173,173,175,177,177,177,177,177,177,179,179],"card_choices":[{"not_picked":["Clockwork:SearchingStrike","Clockwork:Pluck"],"picked":"Clockwork:PerfectForm","floor":0},{"not_picked":["Clockwork:ChargingShield+1","Clockwork:Scour+1"],"picked":"Clockwork:EnthusiasticStrike","floor":0},{"not_picked":["Clockwork:ChargingBlade","Clockwork:ReserveSystems+1"],"picked":"Clockwork:Pluck","floor":0},{"not_picked":["Clockwork:PerfectForm+1","Clockwork:MechanicalMass","Clockwork:Enhance+1"],"picked":"Singing Bowl","floor":0},{"not_picked":["Clockwork:AssemblyLine+1","Clockwork:Redundancy","Clockwork:ForgeStrike"],"picked":"Singing Bowl","floor":0},{"not_picked":["Clockwork:SearchingStrike","Clockwork:Pluck","Clockwork:PerfectForm"],"picked":"Singing Bowl","floor":0},{"not_picked":["Clockwork:ChargingShield+1","Clockwork:Scour+1"],"picked":"Clockwork:EnthusiasticStrike","floor":0},{"not_picked":["Clockwork:PerfectForm+1","Clockwork:MechanicalMass","Clockwork:Enhance+1"],"picked":"Singing Bowl","floor":0},{"not_picked":["Clockwork:Minimalism+1","Clockwork:CogToss"],"picked":"Clockwork:RampUp+1","floor":0},{"not_picked":["Clockwork:CogToss","Clockwork:Friction","Clockwork:SearingStrike"],"picked":"Singing Bowl","floor":1},{"not_picked":["Clockwork:ForgeStrike","Clockwork:AdaptiveShield+1","Clockwork:SpringShield+1"],"picked":"Singing Bowl","floor":1},{"not_picked":["Clockwork:ForgeStrike","Clockwork:AeonShield+1","Clockwork:ReserveSystems+1"],"picked":"Singing Bowl","floor":4},{"not_picked":["Clockwork:RampUp+1","Clockwork:HoardingStrike","Clockwork:Efficiency"],"picked":"Singing Bowl","floor":4},{"not_picked":["Clockwork:Improve+1","Clockwork:SearchingStrike"],"picked":"Clockwork:CraftVarja+1","floor":7},{"not_picked":["Clockwork:CogShield+1","Clockwork:Clone+1","Clockwork:SystemHardening+1"],"picked":"Singing Bowl","floor":8},{"not_picked":["Clockwork:ForgeStrike","Clockwork:QuantumStrike","Clockwork:SystemHardening+1"],"picked":"Singing Bowl","floor":8},{"not_picked":["Clockwork:SearingStrike","Clockwork:SystemHardening+1","Clockwork:Efficiency"],"picked":"Singing Bowl","floor":10},{"not_picked":["Clockwork:CogBarrier+1","Clockwork:SnapKeep","Clockwork:Clone+1"],"picked":"Singing Bowl","floor":11},{"not_picked":["Clockwork:TimeOut+1","Clockwork:AdaptiveCannon","Clockwork:Improve+1"],"picked":"Singing Bowl","floor":12},{"not_picked":["Clockwork:Strangle","Clockwork:Friction"],"picked":"Clockwork:SmithsMallet","floor":12},{"not_picked":["Clockwork:SiegeStrike","Clockwork:ZeroPointEnergy+1"],"picked":"Clockwork:TimeWalk+1","floor":16},{"not_picked":["Clockwork:HoardingStrike","Clockwork:Minimalism+1"],"picked":"Clockwork:CraftSomewhatSmoothStone+1","floor":18},{"not_picked":["Clockwork:SnapKeep","Clockwork:ForgeStrike","Clockwork:EnthusiasticStrike"],"picked":"Singing Bowl","floor":18},{"not_picked":["Clockwork:Redundancy","Clockwork:Selectivity+1","Clockwork:LogisticRegression+1"],"picked":"Singing Bowl","floor":19},{"not_picked":["Clockwork:SearingStrike+1","Clockwork:Enhance+1"],"picked":"Clockwork:CraftSomewhatSmoothStone+1","floor":19},{"not_picked":["Clockwork:PerfectedShield+1","Clockwork:CogShield+1"],"picked":"Clockwork:SmithsMallet+1","floor":22},{"not_picked":["Clockwork:Minimalism+1","Clockwork:CogBarrier+1","Clockwork:AdaptiveCannon+1"],"picked":"Singing Bowl","floor":22},{"not_picked":["Clockwork:Roundhouse","Clockwork:Selectivity+1"],"picked":"Clockwork:CraftCopperScales+1","floor":23},{"not_picked":["Clockwork:HoardingStrike","Clockwork:AdaptiveShield+1"],"picked":"Clockwork:CraftVarja+1","floor":25},{"not_picked":["Clockwork:AdaptiveCannon","Clockwork:InertialShield+1"],"picked":"Clockwork:FalseStart+1","floor":28},{"not_picked":["Clockwork:LiteraryArmor+1","Clockwork:CogShield+1","Clockwork:Minimalism+1"],"picked":"Singing Bowl","floor":29},{"not_picked":["Clockwork:AdaptiveShield+1","Clockwork:CogShield+1","Clockwork:Pluck+1"],"picked":"Singing Bowl","floor":29},{"not_picked":["Clockwork:HoardingStrike","Clockwork:SnapKeep"],"picked":"Clockwork:Inspiration+1","floor":31},{"not_picked":["Clockwork:AeonShield+1","Clockwork:SiegeStrike"],"picked":"Clockwork:CraftMomentumEngine+1","floor":33},{"not_picked":["Clockwork:SystemScan+1","Clockwork:SearchingStrike+1","Clockwork:Friction"],"picked":"Singing Bowl","floor":35},{"not_picked":["Clockwork:Roundhouse+1","Clockwork:Improve+1","Clockwork:CogShield+1"],"picked":"Singing Bowl","floor":35},{"not_picked":["Clockwork:AdaptiveCannon","Clockwork:Pluck+1"],"picked":"Clockwork:CraftVarja+1","floor":37},{"not_picked":["Clockwork:Pluck+1","Clockwork:Improve+1","Clockwork:AssemblyLine+1"],"picked":"Singing Bowl","floor":37},{"not_picked":["Clockwork:SpringShield+1","Clockwork:SpurOn+1"],"picked":"Clockwork:TiltAWhirl","floor":40},{"not_picked":["Clockwork:StasisBreak","Clockwork:SpringShield+1","Clockwork:SnapKeep"],"picked":"Singing Bowl","floor":41},{"not_picked":["Clockwork:HoardingStrike","Clockwork:Roundhouse","Clockwork:Redundancy+1"],"picked":"Singing Bowl","floor":44},{"not_picked":["Clockwork:AdaptiveCannon","Clockwork:SystemScan+1","Clockwork:Strangle"],"picked":"Singing Bowl","floor":44},{"not_picked":["Clockwork:ForgeStrike","Clockwork:CogBarrier+1","Clockwork:Redundancy"],"picked":"Singing Bowl","floor":45},{"not_picked":["Clockwork:SearchingStrike+1","Clockwork:Pluck","Clockwork:SmithsMallet"],"picked":"Singing Bowl","floor":47},{"not_picked":["Clockwork:InertialShield+1","Clockwork:CogBarrier+1","Clockwork:ChargingBlade+1"],"picked":"Singing Bowl","floor":48},{"not_picked":["Clockwork:Selectivity","Clockwork:RevUp+1","Clockwork:UnlimitedCogworks"],"picked":"Singing Bowl","floor":54}],"player_experience":483876,"relics_obtained":[{"floor":7,"key":"Lantern"},{"floor":9,"key":"Tiny Chest"},{"floor":9,"key":"Centennial Puzzle"},{"floor":10,"key":"Orichalcum"},{"floor":11,"key":"Runesmith:Locket"},{"floor":23,"key":"Circlet"},{"floor":25,"key":"Meat on the Bone"},{"floor":26,"key":"Juzu Bracelet"},{"floor":26,"key":"Nunchaku"},{"floor":28,"key":"Happy Flower"},{"floor":31,"key":"Omamori"},{"floor":40,"key":"Bottled Flame"},{"floor":41,"key":"CatCart"},{"floor":43,"key":"Kunai"},{"floor":45,"key":"Bottled Tornado"},{"floor":47,"key":"Circlet"},{"floor":48,"key":"Eternal Feather"},{"floor":54,"key":"Circlet"}],"event_choices":[{"damage_healed":0,"gold_gain":0,"player_choice":"Ignored","damage_taken":0,"max_hp_gain":0,"max_hp_loss":0,"event_name":"Liars Game","floor":2,"gold_loss":0},{"damage_healed":0,"gold_gain":0,"player_choice":"Take Damage","damage_taken":34,"relics_obtained":["Golden Idol"],"max_hp_gain":0,"max_hp_loss":0,"event_name":"Golden Idol","floor":5,"gold_loss":0},{"damage_healed":0,"gold_gain":200,"player_choice":"Gold","damage_taken":0,"max_hp_gain":0,"max_hp_loss":0,"event_name":"Wheel of Change","floor":20,"gold_loss":0},{"damage_healed":0,"gold_gain":0,"cards_transformed":["Clockwork:SmithsMallet","Bandage Up"],"player_choice":"Became Test Subject","damage_taken":0,"max_hp_gain":0,"max_hp_loss":0,"event_name":"Drug Dealer","floor":27,"gold_loss":0,"cards_obtained":["Clockwork:RevUp","Good Instincts"]},{"damage_healed":0,"gold_gain":0,"player_choice":"Fight","damage_taken":0,"max_hp_gain":0,"max_hp_loss":0,"event_name":"OrinTheCat","floor":41,"gold_loss":0},{"damage_healed":0,"gold_gain":0,"player_choice":"Fight","damage_taken":0,"max_hp_gain":0,"max_hp_loss":0,"event_name":"MindBloom","floor":47,"gold_loss":0}],"is_beta":false,"boss_relics":[{"not_picked":["bronze:MakeshiftBattery","Empty Cage"],"picked":"Clockwork:BootleggersToolkit"},{"not_picked":["Velvet Choker","Runic Dome"],"picked":"SacredBark"}],"items_purged_floors":[0,0,0,0,0,0,0,13,21,30,38,53],"is_endless":false,"potions_floor_spawned":[4,8,12,18,19,22,23,25,28,29,31,33,35,37,40,41,44,45,47,48],"ascension_level":1}}