{"host":"q79dm2j0pr18ov08","time":1614091161,"event":{"mods":["Act Like it!","BaseMod","CapriCore","Colored Powertips","Gensokyo","Googly Eyes","Koishi","Marisa（F雨　魔理沙）","Minty Spire (QoL Compilation)","MostiFishMod","Pale of the Ancients","Reimu（博丽灵梦）","Replay The Spire","RumiaBox-露米娅的神秘盒子","StSLib","TestMod","The Administrix","The Construct","The Immortal","The IronCluck","The Jungle","The Servant 0.9.4","UnlockEverythingMod","Waifu the Spire","[IsaacMod]以撒尖塔","【遗物卡牌】REMEMod"],"gold_per_floor":[110,110,35,35,210,210,239,239,239,257,257,284,108,108,108,205,205,224,242,253,253,263,294,294,140,191,218,311,311,321,235,235,338,338,358,371,391,440,440,474,487,506,506,506,213,405,100,196,285,285,285,285,50,83,83],"floor_reached":56,"language":"ZHS","playtime":4287,"items_purged":["Strike_S","Writhe"],"score":1348,"play_id":"4ffdddc3-cba0-48d3-8829-061c2497ec0c","local_time":"20210223223921","is_ascension_mode":false,"campfire_choices":[{"data":"testmod-AssimilatedRune","floor":6.0,"key":"SMITH"},{"data":"MurderousAura","floor":8.0,"key":"SMITH"},{"data":"KidneyShot","floor":11.0,"key":"SMITH"},{"data":"Defend_S","floor":11.0,"key":"SMITH"},{"data":"REME_WheelOfFate","floor":15.0,"key":"SMITH"},{"data":"Defend_S","floor":15.0,"key":"SMITH"},{"floor":24,"key":"REST"},{"floor":29,"key":"REST"},{"data":"MurderousAura","floor":32,"key":"SMITH"},{"data":"BottledTime","floor":32,"key":"SMITH"},{"floor":44,"key":"RECALL"},{"data":"REME_Flogging","floor":52,"key":"SMITH"},{"data":"LightFlow","floor":52,"key":"SMITH"}],"circlet_count":0,"master_deck":["Strike_S","Defend_S+1","Defend_S+1","Defend_S","KidneyShot+1","Exchange","testmod-AssimilatedRune+1","Initiator+1","MurderousAura+1","REME_WheelOfFate+1","MurderousAura+1","LightFlow+1","BestPractice","Moonlight+1","BottledTime+1","SoulSculpture","Comet+1","Snipe+1","InstantArmor+1","SilverBlades+1","Rearm+1","REME_Flogging+1","Dilation","KillingDoll"],"relics":["SplendidAttire","HushsDoor","DaveBox","REME_ComplimentaryCards","JellyFishMachine","testmod-Fortitude","DeadEye","NeowsBlessing","SynthV:TestCard","testmod-Antiphasic","Replay:Arrowhead","ArrowTower","Juzu Bracelet","Empty Cage","Nilry\u0027s Codex","Vajra","MealTicket","REME_HandOfSuture","Gremlin Food","Lantern","Blood Vial","CatCart","Centennial Puzzle","Quantum Egg","Replay:WaspNest","SSSystem"],"acts_visited":["Exordium","TheCity","TheBeyond","TheEnding"],"potions_floor_usage":[23,23,23,23,27,55,55,55],"damage_taken":[{"damage":0.0,"enemies":"2 Louse","floor":1.0,"turns":1.0},{"damage":0.0,"enemies":"Gremlin Nob","floor":7.0,"turns":1.0},{"damage":0.0,"enemies":"Small Slimes","floor":10.0,"turns":1.0},{"damage":12.0,"enemies":"Replay:BlueRogue","floor":12.0,"turns":4.0},{"damage":6.0,"enemies":"Fading Forest","floor":16.0,"turns":11.0},{"damage":10.0,"enemies":"Chosen","floor":18.0,"turns":2.0},{"damage":2.0,"enemies":"Shell Parasite","floor":19.0,"turns":5.0},{"damage":10.0,"enemies":"Chosen and Byrds","floor":20.0,"turns":3.0},{"damage":0.0,"enemies":"Sentry and Sphere","floor":22.0,"turns":2.0},{"damage":16,"enemies":"Book of Stabbing","floor":23,"turns":5},{"damage":0,"enemies":"Slavers","floor":27,"turns":2},{"damage":7,"enemies":"Snecko","floor":28,"turns":3},{"damage":18,"enemies":"Centurion and Healer","floor":30,"turns":4},{"damage":15,"enemies":"Automaton","floor":33,"turns":3},{"damage":6,"enemies":"3 Darklings","floor":35,"turns":2},{"damage":0,"enemies":"Orb Walker","floor":36,"turns":1},{"damage":16,"enemies":"4 Shapes","floor":37,"turns":4},{"damage":9,"enemies":"Orin","floor":38,"turns":5},{"damage":0,"enemies":"R_Hoarder","floor":40,"turns":3},{"damage":3,"enemies":"Writhing Mass","floor":41,"turns":3},{"damage":0,"enemies":"Transient","floor":42,"turns":5},{"damage":0,"enemies":"Jaw Worm Horde","floor":48,"turns":2},{"damage":44,"enemies":"Time Eater","floor":50,"turns":3},{"damage":24,"enemies":"Shield and Spear","floor":54,"turns":2},{"damage":25,"enemies":"The Heart","floor":55,"turns":5}],"seed_played":"-7193853725326780185","potions_obtained":[{"floor":1.0,"key":"FearPotion"},{"floor":10.0,"key":"SkillPotion"},{"floor":16.0,"key":"Languid Potion"},{"floor":22.0,"key":"Dexterity Potion"},{"floor":23,"key":"testmod-TimePotion"},{"floor":27,"key":"Swift Potion"},{"floor":36,"key":"Swift Potion"}],"is_trial":false,"path_per_floor":["M","?","$","?","?","R","E","R","T","M","R","E","$","?","R","B",null,"M","M","M","?","M","E","R","$","T","E","M","R","M","$","R","B",null,"M","M","M","?","?","E","M","M","T","R","$","?","$","M","R","B",null,"R","$","E","B",null],"character_chosen":"THE_SERVANT","items_purchased":["REME_WheelOfFate","LightFlow","EntropicBrew","REME_HandOfSuture","Bomb","REME_Flogging","Damocles","KillingDoll","testmod-TestPotion"],"campfire_rested":2,"item_purchase_floors":[13,17,17,25,31,45,47,53,53],"current_hp_per_floor":[65,65,65,65,65,65,65,65,65,65,65,53,53,53,53,59,57,47,45,35,19,19,3,20,35,35,35,28,45,27,42,42,27,57,53,53,37,30,45,47,46,59,59,59,59,59,59,59,59,20,64,64,64,45,27],"gold":83,"neow_bonus":"THREE_ENEMY_KILL","is_daily":false,"chose_seed":false,"campfire_upgraded":10,"win_rate":0.0,"timestamp":1614091161,"path_taken":["M","?","$","?","?","R","E","R","T","M","R","E","$","?","R","BOSS","M","M","M","?","M","E","R","?","T","E","M","R","M","$","R","BOSS","M","M","M","?","?","E","M","M","T","R","?","?","$","M","R","BOSS","R","$","E","BOSS"],"items_purchased_type":["Card","Card","Potion","Relic","Card","Card","Relic","Card","Potion"],"build_version":"2020-12-22","purchased_purges":2,"victory":true,"max_hp_per_floor":[65,65,65,65,65,65,65,65,65,65,65,65,65,65,65,65,57,57,57,57,57,57,57,57,57,57,57,57,57,57,57,57,57,57,59,59,59,59,59,59,59,59,59,59,59,59,59,59,59,64,64,64,64,69,74],"card_choices":[{"not_picked":["Gouge","Advance","WasteNot"],"picked":"SKIP","floor":1.0},{"not_picked":["Starlight","FanOfKnives","Shuttle","SurpressingFire"],"picked":"MurderousAura","floor":7.0},{"not_picked":["Ricochet","BestPractice","Comet","SpecialFormula"],"picked":"Bomb","floor":10.0},{"not_picked":["RealityMarble","BestPractice","SpecialFormula","Shuttle"],"picked":"Bomb","floor":12.0},{"not_picked":["Dilation","Deny","SoulSculpture","Sunlight"],"picked":"MurderousAura","floor":16.0},{"not_picked":["FastForward","Revamp","Defy+1","Replace","Rewind"],"picked":"SKIP","floor":18.0},{"not_picked":["ShiftingGears+1","Spin+1","Defy+1","Ricochet","Rewind"],"picked":"SKIP","floor":19.0},{"not_picked":["ShatteredReality+1","BestPractice","Starlight","Defy+1","BottledTime"],"picked":"SKIP","floor":20.0},{"not_picked":["ShatteredReality+1","Starlight","Defy+1","BottledTime"],"picked":"BestPractice","floor":20.0},{"not_picked":["Revamp","FastForward","SurpressingFire","DoubleEdge+1"],"picked":"Moonlight","floor":22.0},{"not_picked":["Sunlight","Defy","ShiftingGears","DualDimension"],"picked":"BottledTime","floor":23},{"not_picked":["Ricochet","Revamp","Read","Desolation","Defy"],"picked":"SKIP","floor":27},{"not_picked":["ShatteredReality","Contraction","Replace","StarChef","Ricochet"],"picked":"SKIP","floor":28},{"not_picked":["Reset","Solidify","Foresight","DoubleEdge","SpecialFormula"],"picked":"SKIP","floor":30},{"not_picked":["Solidify","PendulumOfEternity","FloweringNight","Duplication"],"picked":"SoulSculpture","floor":33},{"not_picked":["FastForward","Unruled+1","Ricochet","Snipe"],"picked":"Comet+1","floor":35},{"not_picked":["ShatteredReality","Read+1","Ricochet+1","TimeWarp+1"],"picked":"Snipe+1","floor":36},{"not_picked":["Starlight+1","Foresight","Rewind+1","ShatteredReality+1"],"picked":"InstantArmor+1","floor":37},{"not_picked":["Rewind+1","SilverBlades","Defy+1","Revamp+1","Unruled+1"],"picked":"SKIP","floor":40},{"not_picked":["InstantArmor+1","Moonlight","Rewind","Rearm"],"picked":"SilverBlades+1","floor":41},{"not_picked":["Unruled+1","Luminosity","Snipe","Spin"],"picked":"Rearm+1","floor":42},{"not_picked":["Revamp","Unruled","SilverBlades+1","SurpressingFire"],"picked":"Dilation","floor":46},{"not_picked":["MoonPhase+1","Sabotage","DualDimension+1","ReturningBlade+1","Contraction"],"picked":"SKIP","floor":48},{"not_picked":["Shuttle+1","Replace+1","Deny","RealityMarble","BestPractice+1"],"picked":"SKIP","floor":54}],"player_experience":356240,"relics_obtained":[{"floor":1.0,"key":"SynthV:TestCard"},{"floor":7.0,"key":"testmod-Antiphasic"},{"floor":9.0,"key":"Replay:Arrowhead"},{"floor":12.0,"key":"ArrowTower"},{"floor":21.0,"key":"Nilry\u0027s Codex"},{"floor":23,"key":"MealTicket"},{"floor":27,"key":"Gremlin Food"},{"floor":38,"key":"CatCart"},{"floor":40,"key":"Centennial Puzzle"},{"floor":43,"key":"Quantum Egg"},{"floor":48,"key":"Replay:WaspNest"},{"floor":54,"key":"SSSystem"}],"event_choices":[{"cards_removed":["Strike_S"],"damage_healed":0.0,"max_hp_gain":0.0,"max_hp_loss":0.0,"gold_gain":0.0,"event_name":"Bonfire Elementals","player_choice":"Offered Basic","floor":4.0,"gold_loss":0.0,"damage_taken":0.0},{"damage_healed":0.0,"max_hp_gain":0.0,"max_hp_loss":0.0,"gold_gain":175.0,"event_name":"Liars Game","player_choice":"AGREE","floor":5.0,"gold_loss":0.0,"damage_taken":0.0,"cards_obtained":["Doubt"]},{"damage_healed":0.0,"max_hp_gain":0.0,"max_hp_loss":0.0,"gold_gain":0.0,"event_name":"给自己的盒子","player_choice":"Swap Relic","floor":14.0,"relics_lost":["testmod-TestBox"],"gold_loss":0.0,"damage_taken":0.0,"relics_obtained":["Juzu Bracelet"]},{"damage_healed":0.0,"max_hp_gain":0.0,"max_hp_loss":0.0,"gold_gain":0.0,"event_name":"Cursed Tome","player_choice":"Obtained Book","floor":21.0,"gold_loss":0.0,"damage_taken":16.0},{"damage_healed":0,"gold_gain":0,"player_choice":"Fight","damage_taken":0,"max_hp_gain":0,"max_hp_loss":0,"event_name":"OrinTheCat","floor":38,"gold_loss":0},{"damage_healed":15,"gold_gain":0,"player_choice":"Writhe","damage_taken":0,"max_hp_gain":0,"max_hp_loss":0,"event_name":"Winding Halls","floor":39,"gold_loss":0,"cards_obtained":["Writhe"]}],"is_beta":false,"boss_relics":[{"not_picked":["EE1DDrone","ReplayTheSpireMod:DimensionalGlitch"],"picked":"Empty Cage"},{"not_picked":[]},{"not_picked":["TimeKeys","RhineFirstAidKit"],"picked":"SplendidAttire"},{"not_picked":[]}],"items_purged_floors":[3,45],"is_endless":false,"potions_floor_spawned":[1,10,16,19,22,23,27,36,37,40],"ascension_level":0}}