{"host":"cd9ii0p4lcq6b7m2","time":1614108303,"event":{"mods":["BaseMod","Block Reminder","Colored Map","Highlight Path","Minty Spire (QoL Compilation)"],"gold_per_floor":[119,139,150,150,163,198,198,230,230,244,244,279,279,354,354,478,478,503,517,517,432,163,206,206,239,289,309,309,234,234,234,234,365,365,378,394,19,39,39,72,72,88,88,88,151,151,151,176,176,176],"floor_reached":51,"language":"ENG","playtime":3998,"items_purged":["Defend_B"],"score":747,"play_id":"27c1fe22-a4a4-4cc8-93af-9ac4cf831433","local_time":"20210223192503","is_ascension_mode":true,"campfire_choices":[{"data":"Go for the Eyes","floor":7,"key":"SMITH"},{"data":"Zap","floor":15,"key":"SMITH"},{"floor":24,"key":"REST"},{"floor":30,"key":"REST"},{"floor":32,"key":"REST"},{"floor":41,"key":"REST"},{"data":"Cold Snap","floor":49,"key":"SMITH"}],"circlet_count":0,"master_deck":["Strike_B","Strike_B","Defend_B","Defend_B","Defend_B","Zap+1","Dualcast","Cold Snap+1","Cold Snap+1","Ball Lightning","Go for the Eyes+1","Machine Learning","Ball Lightning+1","Stack","Electrodynamics","Static Discharge","Conserve Battery+1","Beam Cell+1","Self Repair+1","Necronomicurse","Seek+1","Storm+1","Force Field+1","Fusion+1","Amplify+1","Heatsinks","Pain","Fission+1"],"relics":["Cracked Core","Turnip","Pear","Molten Egg 2","Pantograph","Golden Idol","Nunchaku","Cables","Empty Cage","Shuriken","Toxic Egg 2","Runic Capacitor","Lantern","Darkstone Periapt","Art of War","MutagenicStrength","Necronomicon","Cursed Key","Toy Ornithopter","Mercury Hourglass","Unceasing Top"],"acts_visited":["Exordium","TheCity","TheBeyond"],"potions_floor_usage":[6,8,16,23,25,33,46,50,50,50],"damage_taken":[{"damage":8,"enemies":"Cultist","floor":1,"turns":3},{"damage":8,"enemies":"Jaw Worm","floor":2,"turns":3},{"damage":0,"enemies":"2 Louse","floor":3,"turns":3},{"damage":2,"enemies":"Large Slime","floor":5,"turns":5},{"damage":9,"enemies":"Gremlin Nob","floor":6,"turns":3},{"damage":17,"enemies":"Lagavulin","floor":8,"turns":5},{"damage":5,"enemies":"Looter","floor":10,"turns":2},{"damage":2,"enemies":"Gremlin Nob","floor":12,"turns":3},{"damage":35,"enemies":"The Guardian","floor":16,"turns":9},{"damage":8,"enemies":"3 Byrds","floor":18,"turns":3},{"damage":23,"enemies":"Shell Parasite","floor":19,"turns":4},{"damage":22,"enemies":"Gremlin Leader","floor":23,"turns":5},{"damage":10,"enemies":"Slavers","floor":25,"turns":4},{"damage":28,"enemies":"Snake Plant","floor":27,"turns":4},{"damage":38,"enemies":"Champ","floor":33,"turns":10},{"damage":0,"enemies":"Orb Walker","floor":35,"turns":3},{"damage":31,"enemies":"3 Darklings","floor":36,"turns":3},{"damage":0,"enemies":"Transient","floor":38,"turns":5},{"damage":53,"enemies":"Reptomancer","floor":40,"turns":5},{"damage":0,"enemies":"Sphere and 2 Shapes","floor":42,"turns":1},{"damage":8,"enemies":"Mind Bloom Boss Battle","floor":45,"turns":6},{"damage":20,"enemies":"Giant Head","floor":46,"turns":5},{"damage":18,"enemies":"3 Darklings","floor":48,"turns":3},{"damage":96,"enemies":"Time Eater","floor":50,"turns":8}],"seed_played":"-4479575673563974615","potions_obtained":[{"floor":1,"key":"BlessingOfTheForge"},{"floor":3,"key":"Block Potion"},{"floor":10,"key":"SpeedPotion"},{"floor":12,"key":"DistilledChaos"},{"floor":19,"key":"FocusPotion"},{"floor":27,"key":"BlessingOfTheForge"},{"floor":36,"key":"SmokeBomb"},{"floor":45,"key":"EssenceOfDarkness"},{"floor":48,"key":"AttackPotion"}],"is_trial":false,"path_per_floor":["M","M","M","?","M","E","R","E","T","M","?","E","?","?","R","B",null,"M","M","?","?","$","E","R","E","T","M","?","?","R","?","R","B",null,"M","M","$","M","?","E","R","M","T","$","?","E","?","M","R","B",null],"character_chosen":"DEFECT","items_purchased":["Runic Capacitor","Conserve Battery+1","Fusion+1","Amplify+1","Heatsinks","CultistPotion"],"campfire_rested":4,"item_purchase_floors":[22,22,37,37,37,37],"current_hp_per_floor":[67,59,59,59,57,58,58,41,41,36,36,34,34,23,23,13,79,71,48,48,48,48,26,49,39,39,11,11,11,34,24,49,46,85,85,64,64,84,81,28,52,52,58,58,87,82,82,74,74,12],"gold":176,"neow_bonus":"ONE_RARE_RELIC","is_daily":false,"chose_seed":false,"campfire_upgraded":3,"win_rate":0.0,"timestamp":1614108303,"path_taken":["M","M","M","?","M","E","R","E","T","M","?","E","?","?","R","BOSS","M","M","?","?","$","E","R","E","T","M","?","?","R","?","R","BOSS","M","M","$","M","?","E","R","M","T","$","?","E","?","M","R","BOSS"],"items_purchased_type":["Relic","Card","Card","Card","Card","Potion"],"build_version":"2020-12-22","purchased_purges":1,"victory":true,"max_hp_per_floor":[75,75,75,75,75,85,85,85,85,85,79,79,79,79,79,79,79,79,79,79,79,79,79,79,79,79,79,79,79,79,85,85,85,85,85,85,85,85,81,81,81,81,87,87,87,87,87,87,87,87],"card_choices":[{"not_picked":["Beam Cell","Sweeping Beam"],"picked":"Cold Snap","floor":1},{"not_picked":["Leap","Steam"],"picked":"Cold Snap","floor":2},{"not_picked":["Turbo","Barrage"],"picked":"Ball Lightning","floor":3},{"not_picked":["Turbo","Steam"],"picked":"Go for the Eyes","floor":5},{"not_picked":["Sweeping Beam","White Noise"],"picked":"Machine Learning","floor":6},{"not_picked":["Coolheaded","Reinforced Body"],"picked":"Ball Lightning+1","floor":8},{"not_picked":["Ball Lightning+1","Turbo"],"picked":"Stack","floor":10},{"not_picked":["Steam","Coolheaded","Hello World"],"picked":"SKIP","floor":12},{"not_picked":["Creative AI","Meteor Strike+1"],"picked":"Electrodynamics","floor":16},{"not_picked":["Reprogram","Compile Driver+1","Ball Lightning+1"],"picked":"SKIP","floor":18},{"not_picked":["Ball Lightning+1","Aggregate"],"picked":"Static Discharge","floor":19},{"not_picked":["Gash+1","Redo+1"],"picked":"Beam Cell+1","floor":23},{"not_picked":["Undo+1","Hello World"],"picked":"Self Repair+1","floor":25},{"not_picked":["Rebound+1","Hello World","Cold Snap+1"],"picked":"SKIP","floor":27},{"not_picked":["Biased Cognition","Multi-Cast+1"],"picked":"Seek+1","floor":33},{"not_picked":["Blizzard+1","Go for the Eyes+1"],"picked":"Storm+1","floor":35},{"not_picked":["Stack+1","Self Repair"],"picked":"Force Field+1","floor":36},{"not_picked":["Coolheaded+1","Gash+1","Hologram+1"],"picked":"SKIP","floor":38},{"not_picked":["Streamline+1","Machine Learning","Gash+1"],"picked":"SKIP","floor":40},{"not_picked":["Cold Snap+1","Steam+1","Coolheaded+1"],"picked":"SKIP","floor":42},{"not_picked":["Compile Driver+1","Glacier+1"],"picked":"Fission+1","floor":48}],"player_experience":174446,"relics_obtained":[{"floor":6,"key":"Pear"},{"floor":8,"key":"Molten Egg 2"},{"floor":9,"key":"Pantograph"},{"floor":12,"key":"Nunchaku"},{"floor":23,"key":"Lantern"},{"floor":25,"key":"Darkstone Periapt"},{"floor":26,"key":"Art of War"},{"floor":31,"key":"Necronomicon"},{"floor":40,"key":"Toy Ornithopter"},{"floor":43,"key":"Mercury Hourglass"},{"floor":45,"key":"Unceasing Top"}],"event_choices":[{"damage_healed":0,"gold_gain":0,"player_choice":"Ignored","damage_taken":0,"max_hp_gain":0,"max_hp_loss":0,"event_name":"Liars Game","floor":4,"gold_loss":0},{"damage_healed":0,"gold_gain":0,"player_choice":"Lose Max HP","damage_taken":0,"relics_obtained":["Golden Idol"],"max_hp_gain":0,"max_hp_loss":6,"event_name":"Golden Idol","floor":11,"gold_loss":0},{"damage_healed":0,"gold_gain":0,"player_choice":"Searched \u00271\u0027 times","damage_taken":0,"relics_obtained":["Cables"],"max_hp_gain":0,"max_hp_loss":0,"event_name":"Dead Adventurer","floor":13,"gold_loss":0},{"damage_healed":0,"gold_gain":75,"player_choice":"Gather Gold","damage_taken":11,"max_hp_gain":0,"max_hp_loss":0,"event_name":"World of Goop","floor":14,"gold_loss":0},{"damage_healed":0,"gold_gain":0,"player_choice":"Opened","damage_taken":0,"relics_obtained":["Shuriken"],"max_hp_gain":0,"max_hp_loss":0,"event_name":"The Mausoleum","floor":20,"gold_loss":0},{"damage_healed":0,"gold_gain":0,"player_choice":"Obtained Relic","damage_taken":0,"relics_obtained":["Toxic Egg 2"],"max_hp_gain":0,"max_hp_loss":0,"event_name":"Addict","floor":21,"gold_loss":85},{"damage_healed":0,"gold_gain":0,"player_choice":"Inject Mutagens","damage_taken":0,"relics_obtained":["MutagenicStrength"],"max_hp_gain":0,"max_hp_loss":0,"event_name":"Drug Dealer","floor":28,"gold_loss":0},{"cards_removed":["Strike_B"],"damage_healed":0,"gold_gain":0,"player_choice":"Gave Gold","damage_taken":0,"max_hp_gain":0,"max_hp_loss":0,"event_name":"Beggar","floor":29,"gold_loss":75},{"damage_healed":0,"gold_gain":0,"player_choice":"Obtained Book","damage_taken":16,"max_hp_gain":0,"max_hp_loss":0,"event_name":"Cursed Tome","floor":31,"gold_loss":0},{"damage_healed":0,"gold_gain":0,"player_choice":"Max HP","damage_taken":0,"max_hp_gain":0,"max_hp_loss":4,"event_name":"Winding Halls","floor":39,"gold_loss":0},{"damage_healed":0,"gold_gain":0,"player_choice":"Fight","damage_taken":0,"max_hp_gain":0,"max_hp_loss":0,"event_name":"MindBloom","floor":45,"gold_loss":0},{"damage_healed":0,"gold_gain":0,"player_choice":"Upgraded","damage_taken":0,"max_hp_gain":0,"max_hp_loss":0,"event_name":"Upgrade Shrine","floor":47,"gold_loss":0,"cards_upgraded":["Cold Snap"]}],"is_beta":false,"boss_relics":[{"not_picked":["Tiny House","SacredBark"],"picked":"Empty Cage"},{"not_picked":["Sozu","Busted Crown"],"picked":"Cursed Key"}],"items_purged_floors":[22],"is_endless":false,"potions_floor_spawned":[1,3,10,12,19,27,36,45,46,48],"ascension_level":1}}