{"host":"91p5m5j8ww8vjhdm","time":1614063640,"event":{"mods":["Act Like it!","BaseMod","Colored Powertips","Marisa£®ÏF”Í°°ƒß¿Ì…≥£©","Minty Spire (QoL Compilation)","Remilia£®¿Ÿ√◊¿Ú—«£©","StSLib","The Bug Knight","The Cursed","Youmu£®ªÍ∆«—˝√Œ£©","[IsaacMod]“‘»ˆº‚À˛"],"gold_per_floor":[110,126,140,215,65,96,128,160,231,231,287,462,462,462,462,561,561,592,610,610,610,647,687,725,725,752,667,693,320,347,364,364,485,485,568,568,646,646,238,294,356,414,463,547,221,221,245,245,245,294],"floor_reached":51,"language":"ZHS","playtime":4289,"items_purged":["Doubt"],"score":937,"play_id":"744a26b5-9e0f-41b2-9e94-d4040d6eae9f","local_time":"20210223150040","is_ascension_mode":false,"campfire_choices":[{"floor":10.0,"key":"REST"},{"data":"RedMoon","floor":13.0,"key":"SMITH"},{"data":"ScarletCoffin","floor":15.0,"key":"SMITH"},{"data":"DemonKingCradle","floor":25.0,"key":"SMITH"},{"floor":32.0,"key":"REST"},{"data":"BadLadyScramble","floor":46,"key":"SMITH"},{"data":"QueenOfMidnight","floor":49,"key":"SMITH"}],"circlet_count":0,"master_deck":["Strike_RM","Strike_RM","Strike_RM","Strike_RM","Defend_RM","Defend_RM","Defend_RM","Defend_RM","RedMoon+1","ScarletShoot","BlasphemousPunishment","Stigmanizer","StarOfDavid","ScarletCoffin+1","EmergencyRegeneration","MastersStateliness","ForbiddenFruit","CharismaGuard","DemonKingCradle+1","ScarletNetherworld+1","VampireKiss","Bandage Up","HunterOfTheNight","CharismaGuard+1","MillenniumVampire","EndlessAdversity","VampireKiss","BloodHunter+1","BloodAndWine","ScarletDream+1","ForecastOfChange","QueenOfMidnight+1","Discovery","MillenniumVampire+1","BombardNight","VampireFantasy+1","BadLadyScramble+1","SuperhumanBloodyKnife","NightDance+1"],"relics":["ScarletHat","HushsDoor","HowToJump","NeowsBlessing","SalivaCoin","Ornamental Fan","Matryoshka","PreservedInsect","HollowMod:StagPassRelic","Black Star","Strawberry","Bag of Preparation","Centennial Puzzle","Bag of Marbles","Ice Cream","Strange Spoon","APieceOfRedMist","Letter Opener","Omamori","Torii","Question Card","Anchor","RedBat","HollowMod:PaleOreRelic","CatCart","Lee\u0027s Waffle"],"acts_visited":["Exordium","TheCity","TheBeyond"],"potions_floor_usage":[40,42,42,45,50,50],"damage_taken":[{"damage":0.0,"enemies":"Cultist","floor":1.0,"turns":1.0},{"damage":0.0,"enemies":"2 Louse","floor":2.0,"turns":1.0},{"damage":0.0,"enemies":"Jaw Worm","floor":3.0,"turns":1.0},{"damage":6.0,"enemies":"3 Sentries","floor":6.0,"turns":8.0},{"damage":8.0,"enemies":"Gremlin Gang","floor":7.0,"turns":6.0},{"damage":32.0,"enemies":"2 Fungi Beasts","floor":8.0,"turns":3.0},{"damage":33.0,"enemies":"HollowMod:MossKnight","floor":11.0,"turns":2.0},{"damage":0.0,"enemies":"Hexaghost","floor":16.0,"turns":11.0},{"damage":13.0,"enemies":"Chosen","floor":18.0,"turns":6.0},{"damage":10.0,"enemies":"Spheric Guardian","floor":19.0,"turns":7.0},{"damage":11.0,"enemies":"Cultist and Chosen","floor":22.0,"turns":8.0},{"damage":10.0,"enemies":"Gremlin Leader","floor":23.0,"turns":6.0},{"damage":20.0,"enemies":"Sentry and Sphere","floor":24.0,"turns":9.0},{"damage":8.0,"enemies":"Snecko","floor":28.0,"turns":7.0},{"damage":11.0,"enemies":"Shelled Parasite and Fungi","floor":30.0,"turns":6.0},{"damage":10.0,"enemies":"Snake Plant","floor":31.0,"turns":2.0},{"damage":50.0,"enemies":"Collector","floor":33.0,"turns":7.0},{"damage":95.0,"enemies":"3 Shapes","floor":35.0,"turns":5.0},{"damage":53.0,"enemies":"3 Darklings","floor":37.0,"turns":7.0},{"damage":42,"enemies":"Giant Head","floor":40,"turns":9},{"damage":22,"enemies":"4 Shapes","floor":41,"turns":5},{"damage":135,"enemies":"HollowMod:StalkingDevout","floor":42,"turns":7},{"damage":89,"enemies":"Orin","floor":44,"turns":8},{"damage":15,"enemies":"Sphere and 2 Shapes","floor":47,"turns":6},{"damage":51,"enemies":"Time Eater","floor":50,"turns":13}],"seed_played":"-820870600861391364","potions_obtained":[{"floor":3.0,"key":"BlessingOfTheForge"},{"floor":6.0,"key":"Fire Potion"},{"floor":7.0,"key":"LiquidBronze"},{"floor":7.0,"key":"EssenceOfSteel"},{"floor":8.0,"key":"DestinyDice"},{"floor":11.0,"key":"SkillPotion"},{"floor":16.0,"key":"Ancient Potion"},{"floor":19.0,"key":"PowerPotion"},{"floor":22.0,"key":"AttackPotion"},{"floor":28.0,"key":"LiquidMemories"},{"floor":30.0,"key":"FearPotion"},{"floor":33.0,"key":"Explosive Potion"},{"floor":35.0,"key":"SpeedPotion"},{"floor":37.0,"key":"Energy Potion"},{"floor":40,"key":"GamblersBrew"},{"floor":41,"key":"AttackPotion"},{"floor":44,"key":"Ancient Potion"},{"floor":47,"key":"Fire Potion"}],"is_trial":false,"path_per_floor":["M","M","M","?","$","E","M","M","T","R","E","?","R","T","R","B",null,"M","M","?","?","M","E","M","R","T","?","M","$","M","M","R","B",null,"M","?","M","?","$","E","M","E","T","?","$","R","M","?","R","B",null],"character_chosen":"REMILIA","items_purchased":["ScarletCoffin","Strange Spoon","BloodHunter","Fruit Juice","QueenOfMidnight","Letter Opener","Omamori","SuperhumanBloodyKnife","Lee\u0027s Waffle","Fruit Juice"],"campfire_rested":2,"item_purchase_floors":[5,29,29,29,34,39,39,45,45,45],"current_hp_per_floor":[75,75,75,64,64,61,53,43,43,65,55,55,55,55,55,71,75,62,52,52,52,52,63,55,55,55,55,53,58,51,45,71,51,84,84,84,63,63,63,84,84,84,84,84,96,96,96,96,96,96],"gold":294,"neow_bonus":"THREE_ENEMY_KILL","is_daily":false,"chose_seed":false,"campfire_upgraded":5,"win_rate":0.0,"timestamp":1614063640,"path_taken":["M","M","?","?","$","E","M","?","T","R","E","?","R","?","R","BOSS","M","M","?","?","?","E","M","R","T","?","?","$","M","M","R","BOSS","M","?","?","?","$","E","M","E","T","?","?","R","?","?","R","BOSS"],"items_purchased_type":["Card","Relic","Card","Potion","Card","Relic","Relic","Card","Relic","Potion"],"build_version":"2020-12-22","purchased_purges":1,"victory":true,"max_hp_per_floor":[75,75,75,75,75,75,75,75,75,75,75,75,75,75,75,75,75,75,75,75,75,75,82,82,82,82,82,82,87,87,87,87,87,84,84,84,84,84,84,84,84,84,84,84,96,96,96,96,96,96],"card_choices":[{"not_picked":[],"picked":"DoctorFetus","floor":0.0},{"not_picked":["BadLadyScramble","VampireKiss"],"picked":"BlasphemousPunishment","floor":1.0},{"not_picked":["VampireKiss","ForbiddenFruit"],"picked":"Stigmanizer","floor":2.0},{"not_picked":["BlasphemousPunishment","EndlessAdversity"],"picked":"StarOfDavid","floor":3.0},{"not_picked":["VampireKiss","ScarletGensokyo"],"picked":"EmergencyRegeneration","floor":6.0},{"not_picked":["Ultimatum","TransientEternity"],"picked":"MastersStateliness","floor":7.0},{"not_picked":["BlasphemousPunishment","BombardNight"],"picked":"ForbiddenFruit","floor":8.0},{"not_picked":["BloodyTrap","ReincarnationDial"],"picked":"CharismaGuard","floor":11.0},{"not_picked":["BloodyCatastrophe","ChaoticDestiny"],"picked":"DemonKingCradle","floor":16.0},{"not_picked":["EndlessAdversity","CharismaGuard","Ultimatum"],"picked":"SKIP","floor":18.0},{"not_picked":["CharismaGuard","UnstableMagic"],"picked":"ScarletNetherworld+1","floor":19.0},{"not_picked":["ScarletNetherworld","BlasphemousPunishment"],"picked":"VampireKiss","floor":19.0},{"not_picked":["UnstableMagic+1","ScarletDevil+1"],"picked":"HunterOfTheNight","floor":22.0},{"not_picked":["VampireKiss+1","BombardNight"],"picked":"CharismaGuard+1","floor":23.0},{"not_picked":["ForbiddenFruit+1","VampireKiss"],"picked":"MillenniumVampire","floor":24.0},{"not_picked":["BlasphemousPunishment+1","BloodyHallows"],"picked":"EndlessAdversity","floor":28.0},{"not_picked":["UnderTheZenith","ScarletNetherworld"],"picked":"VampireKiss","floor":28.0},{"not_picked":["DiffusionOfMisfortune","HunterOfTheNight"],"picked":"BloodAndWine","floor":30.0},{"not_picked":["RedMagic","UnstableMagic"],"picked":"ScarletDream+1","floor":31.0},{"not_picked":["DemonKingCradle","BloodRain"],"picked":"ForecastOfChange","floor":33.0},{"not_picked":["FavorOfDestiny","DiffusionOfMisfortune","UnstableMagic+1"],"picked":"SKIP","floor":35.0},{"not_picked":["Battery","Finesse"],"picked":"Discovery","floor":36.0},{"not_picked":["EndlessAdversity","FavorOfDestiny+1"],"picked":"MillenniumVampire+1","floor":37.0},{"not_picked":["BlasphemousPunishment+1","FavorOfDestiny+1","UnderTheZenith+1"],"picked":"SKIP","floor":40},{"not_picked":["EternalNight","UnstableMagic","BlasphemousPunishment"],"picked":"BombardNight","floor":41},{"not_picked":["BloodyHallows","DevilSight+1","BlasphemousPunishment+1"],"picked":"VampireFantasy+1","floor":42},{"not_picked":["DiffusionOfMisfortune+1","NightDance","EndlessAdversity"],"picked":"BadLadyScramble","floor":44},{"not_picked":["RedMagic+1","FavorOfDestiny","EndlessAdversity+1"],"picked":"NightDance+1","floor":47}],"player_experience":241001,"relics_obtained":[{"floor":6.0,"key":"SalivaCoin"},{"floor":9.0,"key":"Ornamental Fan"},{"floor":11.0,"key":"Matryoshka"},{"floor":14.0,"key":"PreservedInsect"},{"floor":14.0,"key":"HollowMod:StagPassRelic"},{"floor":23.0,"key":"Strawberry"},{"floor":23.0,"key":"Bag of Preparation"},{"floor":26.0,"key":"Centennial Puzzle"},{"floor":26.0,"key":"Bag of Marbles"},{"floor":40,"key":"Torii"},{"floor":40,"key":"Question Card"},{"floor":42,"key":"Anchor"},{"floor":42,"key":"RedBat"},{"floor":43,"key":"HollowMod:PaleOreRelic"},{"floor":44,"key":"CatCart"}],"event_choices":[{"damage_healed":0.0,"max_hp_gain":0.0,"max_hp_loss":0.0,"gold_gain":75.0,"event_name":"World of Goop","player_choice":"Gather Gold","floor":4.0,"gold_loss":0.0,"damage_taken":11.0},{"damage_healed":0.0,"max_hp_gain":0.0,"max_hp_loss":0.0,"gold_gain":175.0,"event_name":"Liars Game","player_choice":"AGREE","floor":12.0,"gold_loss":0.0,"damage_taken":0.0,"cards_obtained":["Doubt"]},{"damage_healed":0.0,"max_hp_gain":0.0,"max_hp_loss":0.0,"gold_gain":0.0,"cards_transformed":["DoctorFetus"],"event_name":"Transmorgrifier","player_choice":"Transformed","floor":20.0,"gold_loss":0.0,"damage_taken":0.0,"cards_obtained":["Bandage Up"]},{"damage_healed":0.0,"max_hp_gain":0.0,"max_hp_loss":0.0,"gold_gain":0.0,"event_name":"Addict","player_choice":"Obtained Relic","floor":27.0,"gold_loss":85.0,"damage_taken":0.0,"relics_obtained":["Ice Cream"]},{"damage_healed":0.0,"max_hp_gain":0.0,"max_hp_loss":0.0,"gold_gain":0.0,"event_name":"SensoryStone","player_choice":"Memory 1","floor":36.0,"gold_loss":0.0,"damage_taken":0.0},{"damage_healed":0,"gold_gain":0,"player_choice":"Ignored","damage_taken":0,"max_hp_gain":0,"max_hp_loss":0,"event_name":"Mysterious Sphere","floor":38,"gold_loss":0},{"damage_healed":0,"gold_gain":0,"player_choice":"Fight","damage_taken":0,"max_hp_gain":0,"max_hp_loss":0,"event_name":"OrinTheCat","floor":44,"gold_loss":0}],"is_beta":false,"boss_relics":[{"not_picked":["SlaversCollar","Snecko Eye"],"picked":"Black Star"},{"not_picked":[]},{"not_picked":["Busted Crown","SacredBark"],"picked":"APieceOfRedMist"},{"not_picked":[]}],"items_purged_floors":[29],"is_endless":false,"potions_floor_spawned":[3,7,8,11,19,22,28,30,33,37,40,41,44,47],"ascension_level":0}}