{"host":"mp4nw1ahnxiisuiw","time":1614111666,"event":{"mods":["AchievementEnabler","BaseMod","Better Note","Block Reminder","Colored Map","Colored Powertips","Curses Come First","DeckTracker","Dio Mod","Hero for Fun","Highlight Path","Koishi","Marisa????????","Minty Spire (QoL Compilation)","Permanent Neow","Quick Restart","Rare Cards Sparkle","Relic Sorter","Relic Stats","Remilia??????","Small Relic Pack","Spikes Relics","StSLib","Td1madao Mod","The Animator","The Bug Knight","Waifu the Spire"],"gold_per_floor":[119,137,147,163,163,188,188,188,188,204,204,223,247,262,262,262,262],"floor_reached":16,"language":"ENG","playtime":818,"items_purged":[],"score":104,"play_id":"91bcd356-9d88-404f-bd4a-0f4614bddebc","local_time":"20210223212106","is_ascension_mode":false,"campfire_choices":[{"floor":7,"key":"REST"},{"floor":11,"key":"RECALL"},{"floor":15,"key":"REST"}],"circlet_count":0,"master_deck":["Koishi:BasicStrike","Koishi:BasicStrike","Koishi:BasicStrike","Koishi:BasicStrike","Koishi:BasicDefend+1","Koishi:BasicDefend+1","Koishi:BasicDefend","Koishi:BasicDefend","Koishi:Provoke","Koishi:HauntingSlash","Koishi:RacingHeart","Koishi:DanmakuParanoia","Koishi:BloodcurdlingScream","Koishi:StrangeCloudFist","Koishi:RacingHeart","Koishi:UnseenTerror","Koishi:SpiritedAway"],"relics":["Koishi:ImaginaryFriend","Bag of Preparation","The Courier","War Paint"],"acts_visited":["Exordium"],"potions_floor_usage":[],"damage_taken":[{"damage":0,"enemies":"Cultist","floor":1,"turns":5},{"damage":0,"enemies":"2 Louse","floor":2,"turns":3},{"damage":2,"enemies":"Jaw Worm","floor":3,"turns":5},{"damage":2,"enemies":"Looter","floor":4,"turns":5},{"damage":36,"enemies":"3 Sentries","floor":6,"turns":12},{"damage":9,"enemies":"2 Fungi Beasts","floor":10,"turns":6},{"damage":6,"enemies":"Red Slaver","floor":12,"turns":5},{"damage":9,"enemies":"Looter","floor":14,"turns":4},{"damage":53,"enemies":"Hexaghost","floor":16,"turns":14}],"seed_played":"-2604170161810292640","potions_obtained":[{"floor":2,"key":"EssenceOfSteel"},{"floor":10,"key":"DistilledChaos"}],"is_trial":false,"path_per_floor":["M","M","M","M","$","E","R","?","T","M","R","M","T","M","R","B"],"character_chosen":"KOISHI","items_purchased":[],"campfire_rested":2,"item_purchase_floors":[],"current_hp_per_floor":[60,60,60,59,59,24,42,42,42,38,38,35,35,31,49,0,0],"gold":262,"neow_bonus":"RANDOM_COMMON_RELIC","is_daily":false,"chose_seed":false,"campfire_upgraded":0,"win_rate":0.0,"timestamp":1614111666,"path_taken":["M","?","M","M","$","E","R","?","T","M","R","M","?","M","R","BOSS"],"items_purchased_type":[],"build_version":"2020-12-22","purchased_purges":0,"victory":false,"max_hp_per_floor":[60,60,60,60,60,60,60,60,60,60,60,60,60,60,60,60,60],"relic_stats":{"counters":[9,59],"Bag of Preparation":[18],"War Paint":["Koishi:BasicDefend","Koishi:BasicDefend"],"obtain_stats":[{"The Courier":6,"Bag of Preparation":0,"War Paint":13,"Koishi:ImaginaryFriend":0},{"The Courier":5,"Bag of Preparation":0,"War Paint":7,"Koishi:ImaginaryFriend":0},{"The Courier":30,"Bag of Preparation":0,"War Paint":41,"Koishi:ImaginaryFriend":0}]},"card_choices":[{"not_picked":["Koishi:CatchAndRose","Koishi:Catatonia"],"picked":"Koishi:RacingHeart","floor":1},{"not_picked":["Koishi:Jaunt","Koishi:UnconsciousUprising"],"picked":"Koishi:DanmakuParanoia","floor":2},{"not_picked":["Koishi:JumpScare","Koishi:FleetingPhantom"],"picked":"Koishi:BloodcurdlingScream","floor":3},{"not_picked":["Koishi:FidgetySnatcher","Koishi:SuperEgo"],"picked":"Koishi:StrangeCloudFist","floor":4},{"not_picked":["Koishi:SpiritedAway","Koishi:ConditionedTeleport"],"picked":"Koishi:RacingHeart","floor":6},{"not_picked":["Koishi:SprinkleStarAndHeart","Koishi:SubterraneanRose"],"picked":"Koishi:UnseenTerror","floor":10},{"not_picked":["Koishi:PhantomStrike","Koishi:BloodcurdlingScream","Koishi:BramblyRoseGarden"],"picked":"SKIP","floor":12},{"not_picked":["Koishi:HeartfeltFancy","Koishi:ReleaseOfTheId"],"picked":"Koishi:SpiritedAway","floor":14}],"player_experience":117206,"relics_obtained":[{"floor":6,"key":"The Courier"},{"floor":13,"key":"War Paint"}],"event_choices":[{"damage_healed":0,"gold_gain":0,"player_choice":"Ignored","damage_taken":0,"max_hp_gain":0,"max_hp_loss":0,"event_name":"Shining Light","floor":8,"gold_loss":0}],"is_beta":false,"boss_relics":[],"items_purged_floors":[],"is_endless":false,"potions_floor_spawned":[2,10],"killed_by":"Hexaghost","ascension_level":0}}