{"host":"iv24d026eac8pm4e","time":1614117219,"event":{"mods":["BaseMod","Minty Spire (QoL Compilation)"],"gold_per_floor":[119,130,149,161,179,179,193,211,211,211,230,230,230,230,230],"floor_reached":14,"language":"ENG","playtime":596,"items_purged":[],"score":172,"play_id":"bc1d492e-9793-4e01-a9d1-d69f2f2d9f04","local_time":"20210223135339","is_ascension_mode":true,"campfire_choices":[{"data":"Flechettes","floor":6,"key":"SMITH"},{"floor":10,"key":"REST"},{"data":"Catalyst","floor":12,"key":"SMITH"}],"circlet_count":0,"master_deck":["AscendersBane","Strike_G","Strike_G","Strike_G","Strike_G","Strike_G","Defend_G","Defend_G","Defend_G","Defend_G","Defend_G","Survivor","Neutralize","Well Laid Plans","Poisoned Stab","Flechettes+1","Blade Dance","Deadly Poison","Blade Dance","Catalyst+1","Venomology"],"relics":["Ring of the Snake","Bronze Scales"],"acts_visited":["Exordium"],"potions_floor_usage":[8],"damage_taken":[{"damage":1,"enemies":"2 Louse","floor":1,"turns":4},{"damage":1,"enemies":"Small Slimes","floor":2,"turns":6},{"damage":13,"enemies":"Jaw Worm","floor":3,"turns":4},{"damage":25,"enemies":"Exordium Thugs","floor":4,"turns":6},{"damage":10,"enemies":"Lots of Slimes","floor":5,"turns":5},{"damage":0,"enemies":"2 Fungi Beasts","floor":7,"turns":4},{"damage":5,"enemies":"Gremlin Gang","floor":8,"turns":4},{"damage":11,"enemies":"Large Slime","floor":11,"turns":4},{"damage":10,"enemies":"3 Sentries","floor":14,"turns":1}],"seed_played":"-3361215994758330521","potions_obtained":[{"floor":5,"key":"Strength Potion"},{"floor":7,"key":"Ancient Potion"}],"is_trial":false,"path_per_floor":["M","M","M","M","M","R","M","M","T","R","M","R","?","E"],"character_chosen":"THE_SILENT","items_purchased":[],"campfire_rested":1,"item_purchase_floors":[],"current_hp_per_floor":[64,63,50,25,15,15,15,10,10,31,20,20,2,0,0],"gold":230,"neow_bonus":"TEN_PERCENT_HP_BONUS","is_daily":false,"chose_seed":false,"campfire_upgraded":2,"win_rate":0.0,"timestamp":1614117219,"path_taken":["M","M","M","M","M","R","M","M","T","R","M","R","?","E"],"items_purchased_type":[],"build_version":"2020-12-22","purchased_purges":0,"victory":false,"max_hp_per_floor":[72,72,72,72,72,72,72,72,72,72,72,72,72,72,72],"card_choices":[{"not_picked":["Outmaneuver","Acrobatics"],"picked":"Well Laid Plans","floor":1},{"not_picked":["Expertise","Backflip"],"picked":"Poisoned Stab","floor":2},{"not_picked":["Prepared","Poisoned Stab"],"picked":"Flechettes","floor":3},{"not_picked":["Sucker Punch","Well Laid Plans"],"picked":"Blade Dance","floor":4},{"not_picked":["Acrobatics","Dagger Throw"],"picked":"Deadly Poison","floor":5},{"not_picked":["Sucker Punch","Flechettes"],"picked":"Blade Dance","floor":7},{"not_picked":["Setup","Skewer"],"picked":"Catalyst","floor":8},{"not_picked":["Underhanded Strike","Sucker Punch"],"picked":"Venomology","floor":11}],"player_experience":2611069,"relics_obtained":[{"floor":9,"key":"Bronze Scales"}],"event_choices":[{"damage_healed":0,"gold_gain":0,"player_choice":"Fled","damage_taken":18,"max_hp_gain":0,"max_hp_loss":0,"event_name":"Scrap Ooze","floor":13,"gold_loss":0}],"is_beta":false,"boss_relics":[],"items_purged_floors":[],"is_endless":false,"potions_floor_spawned":[5,7],"killed_by":"3 Sentries","ascension_level":20}}