{"host":"29uuqgkzqd703i93","time":1614081258,"event":{"mods":["BaseMod","Colored Powertips","Minty Spire (QoL Compilation)"],"gold_per_floor":[110,124,20,20,20,47,47,60,87,87,104,104,104,179,179,284,284,299,299,299,318,331,331,358,358,435,446,446,471,488,516,516,615,615,635,245,1244,1244,1258,1258,37,67,117,137,137,157,157,157,157,157],"floor_reached":51,"language":"ENG","playtime":3006,"items_purged":["Normality"],"score":786,"play_id":"79f617ee-830b-414d-a646-8af9f9c5f386","local_time":"20210223125418","is_ascension_mode":false,"campfire_choices":[{"floor":7,"key":"REST"},{"data":"Crippling Poison","floor":10,"key":"SMITH"},{"data":"Leg Sweep","floor":12,"key":"SMITH"},{"data":"Bouncing Flask","floor":15,"key":"SMITH"},{"data":"After Image","floor":23,"key":"SMITH"},{"floor":25,"key":"REST"},{"floor":28,"key":"REST"},{"floor":32,"key":"REST"},{"floor":40,"key":"REST"},{"floor":45,"key":"REST"},{"floor":49,"key":"REST"}],"circlet_count":0,"master_deck":["Strike_G","Strike_G","Strike_G","Strike_G","Strike_G","Defend_G+1","Defend_G","Defend_G","Defend_G","Defend_G","Survivor","Neutralize","Flying Knee+1","Leg Sweep+1","Bouncing Flask+1","Poisoned Stab","Catalyst","Crippling Poison+1","PiercingWail","Parasite","After Image+1","Prepared+1","Catalyst","Prepared","Deflect","Flying Knee+1","Regret","Crippling Poison","Crippling Poison","Deadly Poison","Die Die Die","Outmaneuver","Adrenaline","Jack Of All Trades","Normality","Neutralize","Bullet Time","Noxious Fumes","Madness","The Bomb","Footwork+1","Shame","Deadly Poison+1","Acrobatics","Madness","Madness","Magnetism","Mind Blast","Madness"],"relics":["Ring of the Snake","Strawberry","Nunchaku","Cursed Key","Enchiridion","Blood Vial","The Courier","PreservedInsect","Red Mask","Fusion Hammer","Mercury Hourglass","CaptainsWheel","MealTicket","Happy Flower","Bag of Marbles","Bottled Lightning","Paper Crane","Lantern"],"acts_visited":["Exordium","TheCity","TheBeyond"],"potions_floor_usage":[31,33,33,50,50,50,50],"damage_taken":[{"damage":0,"enemies":"Small Slimes","floor":1,"turns":4},{"damage":5,"enemies":"Jaw Worm","floor":2,"turns":6},{"damage":10,"enemies":"Lagavulin","floor":6,"turns":5},{"damage":6,"enemies":"2 Louse","floor":8,"turns":2},{"damage":2,"enemies":"Large Slime","floor":11,"turns":5},{"damage":32,"enemies":"The Guardian","floor":16,"turns":9},{"damage":3,"enemies":"Chosen","floor":18,"turns":5},{"damage":5,"enemies":"2 Thieves","floor":21,"turns":4},{"damage":0,"enemies":"3 Cultists","floor":22,"turns":6},{"damage":31,"enemies":"Gremlin Leader","floor":24,"turns":6},{"damage":12,"enemies":"Shelled Parasite and Fungi","floor":27,"turns":5},{"damage":32,"enemies":"Slavers","floor":29,"turns":5},{"damage":10,"enemies":"Sentry and Sphere","floor":30,"turns":5},{"damage":16,"enemies":"Masked Bandits","floor":31,"turns":3},{"damage":24,"enemies":"Automaton","floor":33,"turns":13},{"damage":5,"enemies":"3 Shapes","floor":35,"turns":5},{"damage":6,"enemies":"Orb Walker","floor":39,"turns":4},{"damage":17,"enemies":"Reptomancer","floor":42,"turns":6},{"damage":0,"enemies":"Maw","floor":44,"turns":6},{"damage":5,"enemies":"Sphere and 2 Shapes","floor":46,"turns":5},{"damage":50,"enemies":"Time Eater","floor":50,"turns":14}],"seed_played":"391162138425137421","potions_obtained":[{"floor":0,"key":"EssenceOfSteel"},{"floor":0,"key":"ColorlessPotion"},{"floor":0,"key":"GhostInAJar"},{"floor":6,"key":"DuplicationPotion"},{"floor":24,"key":"DuplicationPotion"}],"is_trial":false,"path_per_floor":["M","M","$","?","$","E","R","M","T","R","M","R","?","?","R","B",null,"M","?","?","M","M","R","E","R","T","M","R","E","M","?","R","B",null,"M","$","?","?","M","R","$","E","T","M","R","M","?","?","R","B",null],"character_chosen":"THE_SILENT","items_purchased":["Bouncing Flask","Poisoned Stab","Adrenaline","Mercury Hourglass","Jack Of All Trades","Madness","SkillPotion","EntropicBrew","SkillPotion","CaptainsWheel","MealTicket","Happy Flower","Bag of Marbles","Bottled Lightning","The Bomb"],"campfire_rested":7,"item_purchase_floors":[3,3,36,36,36,41,41,41,41,41,41,41,41,41,41],"current_hp_per_floor":[70,65,65,51,51,48,71,65,65,65,63,63,77,66,66,34,77,74,58,58,53,53,53,22,45,45,35,58,28,20,6,29,7,77,72,72,72,72,68,77,77,60,60,62,77,72,62,52,75,36],"gold":157,"neow_bonus":"THREE_SMALL_POTIONS","is_daily":false,"chose_seed":false,"campfire_upgraded":4,"win_rate":0.0,"timestamp":1614081258,"path_taken":["M","M","$","?","$","E","R","M","T","R","M","R","?","?","R","BOSS","M","?","?","M","M","R","E","R","T","M","R","E","M","?","R","BOSS","M","$","?","?","M","R","$","E","T","M","R","?","?","?","R","BOSS"],"items_purchased_type":["Card","Card","Card","Relic","Card","Card","Potion","Potion","Potion","Relic","Relic","Relic","Relic","Relic","Card"],"build_version":"2020-12-22","purchased_purges":1,"victory":true,"max_hp_per_floor":[70,70,70,70,70,77,77,77,77,77,77,77,77,77,77,77,77,77,77,77,77,77,77,77,77,77,77,77,77,77,77,77,77,77,77,77,77,77,77,77,77,77,77,77,77,77,77,77,77,77],"card_choices":[{"not_picked":["Finisher","Bane"],"picked":"Flying Knee","floor":1},{"not_picked":["Bane","Expertise"],"picked":"Leg Sweep","floor":2},{"not_picked":["Predator","Underhanded Strike"],"picked":"Catalyst","floor":6},{"not_picked":["Poisoned Stab","Dodge and Roll"],"picked":"Crippling Poison","floor":8},{"not_picked":["Deflect","Cloak And Dagger"],"picked":"PiercingWail","floor":11},{"not_picked":["Glass Knife","Wraith Form v2"],"picked":"After Image","floor":16},{"not_picked":["Acrobatics","Accuracy+1"],"picked":"Prepared+1","floor":18},{"not_picked":["Dagger Throw","Dagger Spray"],"picked":"Prepared","floor":21},{"not_picked":["Masterful Stab","Quick Slash"],"picked":"Deflect","floor":22},{"not_picked":["Underhanded Strike","Sucker Punch"],"picked":"Flying Knee+1","floor":24},{"not_picked":["Quick Slash","Escape Plan"],"picked":"Crippling Poison","floor":27},{"not_picked":["Grand Finale","Dagger Throw"],"picked":"Crippling Poison","floor":29},{"not_picked":["Slice","Dagger Throw+1"],"picked":"Deadly Poison","floor":30},{"not_picked":["Malaise","Doppelganger"],"picked":"Die Die Die","floor":33},{"not_picked":["Calculated Gamble+1","Dodge and Roll"],"picked":"Outmaneuver","floor":35},{"not_picked":["Accuracy","Dagger Spray"],"picked":"Noxious Fumes","floor":39},{"not_picked":["Heel Hook+1","Outmaneuver"],"picked":"Footwork+1","floor":42},{"not_picked":["Underhanded Strike","Calculated Gamble"],"picked":"Deadly Poison+1","floor":44},{"not_picked":["Sucker Punch+1","Bane"],"picked":"Acrobatics","floor":46},{"not_picked":["Good Instincts","Deep Breath"],"picked":"Magnetism","floor":48},{"not_picked":["Chrysalis","Metamorphosis"],"picked":"Mind Blast","floor":48},{"not_picked":["Impatience","Blind"],"picked":"Madness","floor":48}],"player_experience":141809,"relics_obtained":[{"floor":6,"key":"Strawberry"},{"floor":9,"key":"Nunchaku"},{"floor":19,"key":"Enchiridion"},{"floor":24,"key":"Blood Vial"},{"floor":26,"key":"The Courier"},{"floor":29,"key":"PreservedInsect"},{"floor":31,"key":"Red Mask"},{"floor":42,"key":"Paper Crane"},{"floor":43,"key":"Lantern"}],"event_choices":[{"damage_healed":0,"gold_gain":0,"player_choice":"Entered Light","damage_taken":14,"max_hp_gain":0,"max_hp_loss":0,"event_name":"Shining Light","floor":4,"gold_loss":0,"cards_upgraded":["Flying Knee","Defend_G"]},{"damage_healed":19,"gold_gain":0,"player_choice":"Healed and dodged fight","damage_taken":0,"max_hp_gain":0,"max_hp_loss":0,"event_name":"Mushrooms","floor":13,"gold_loss":0,"cards_obtained":["Parasite"]},{"damage_healed":0,"gold_gain":75,"player_choice":"Gather Gold","damage_taken":11,"max_hp_gain":0,"max_hp_loss":0,"event_name":"World of Goop","floor":14,"gold_loss":0},{"damage_healed":0,"gold_gain":0,"player_choice":"Obtained Book","damage_taken":16,"max_hp_gain":0,"max_hp_loss":0,"event_name":"Cursed Tome","floor":19,"gold_loss":0},{"damage_healed":0,"gold_gain":0,"player_choice":"Read","damage_taken":0,"max_hp_gain":0,"max_hp_loss":0,"event_name":"The Library","floor":20,"gold_loss":0,"cards_obtained":["Catalyst"]},{"damage_healed":0,"gold_gain":0,"player_choice":"Fought Bandits","damage_taken":0,"max_hp_gain":0,"max_hp_loss":0,"event_name":"Masked Bandits","floor":31,"gold_loss":0},{"damage_healed":0,"gold_gain":999,"player_choice":"Gold","damage_taken":0,"max_hp_gain":0,"max_hp_loss":0,"event_name":"MindBloom","floor":37,"gold_loss":0,"cards_obtained":["Normality","Normality"]},{"damage_healed":0,"gold_gain":0,"player_choice":"2 cards matched","damage_taken":0,"max_hp_gain":0,"max_hp_loss":0,"event_name":"Match and Keep!","floor":38,"gold_loss":0,"cards_obtained":["Neutralize","Bullet Time"]},{"damage_healed":0,"gold_gain":0,"player_choice":"Embrace Madness","damage_taken":10,"max_hp_gain":0,"max_hp_loss":0,"event_name":"Winding Halls","floor":47,"gold_loss":0,"cards_obtained":["Madness","Madness"]},{"damage_healed":0,"gold_gain":0,"player_choice":"Memory 3","damage_taken":10,"max_hp_gain":0,"max_hp_loss":0,"event_name":"SensoryStone","floor":48,"gold_loss":0}],"is_beta":false,"boss_relics":[{"not_picked":["SlaversCollar","Ectoplasm"],"picked":"Cursed Key"},{"not_picked":["Sozu","WristBlade"],"picked":"Fusion Hammer"}],"items_purged_floors":[41],"is_endless":false,"potions_floor_spawned":[1,6,18,24,27,29,30,42,44,46],"ascension_level":0}}