{"host":"iudiqz5bwex5meyb","time":1614114533,"event":{"mods":["AchievementEnabler","BaseMod","Block Reminder","Colored Map","Minty Spire (QoL Compilation)","StSLib","ojb\u0027s Better Paths Mod","ojb\u0027s Info Mod"],"gold_per_floor":[112,126,126,140,151,180,198,214,214,248,248,268,268,280,280,383,383,401,401,16,35,35,35,70,70,70,70,80,107,119,137,137,241,241,253,253,273,285,285,311,58,90,90,108,136,146,146,180,180,180,180],"floor_reached":50,"language":"ENG","playtime":3552,"items_purged":["Strike_G","Strike_G"],"score":1169,"play_id":"f2a73a63-48fa-4130-ad9a-e1264c8719bf","local_time":"20210223150853","is_ascension_mode":true,"campfire_choices":[{"data":"Blade Dance","floor":11,"key":"SMITH"},{"data":"Cloak And Dagger","floor":13,"key":"SMITH"},{"data":"Adrenaline","floor":15,"key":"SMITH"},{"data":"Adrenaline","floor":23,"key":"SMITH"},{"floor":27,"key":"REST"},{"data":"Prepared","floor":32,"key":"SMITH"},{"data":"Choke","floor":47,"key":"SMITH"},{"data":"Cloak And Dagger","floor":49,"key":"SMITH"}],"circlet_count":0,"master_deck":["Strike_G","Strike_G","Strike_G","Defend_G","Defend_G","Defend_G","Defend_G","Defend_G","Survivor","Neutralize","Infinite Blades","Finisher","Sucker Punch","Blade Dance+1","Cloak And Dagger+1","Adrenaline+1","PiercingWail+1","Terror+1","Prepared+1","Blade Dance+1","RitualDagger","Adrenaline+1","Choke+1","Caltrops+1","Blade Dance+1","Dash+1","Eviscerate","Doppelganger+1","Blade Dance+1","Envenom","After Image","Cloak And Dagger+1"],"relics":["WristBlade","Vajra","Mercury Hourglass","Bottled Lightning","Odd Mushroom","Snecko Eye","Pen Nib","Enchiridion","Mummified Hand","Bronze Scales","Letter Opener","Sozu","Turnip","Blood Vial","ClockworkSouvenir","Bottled Flame","Ornamental Fan","War Paint"],"acts_visited":["Exordium","TheCity","TheBeyond"],"potions_floor_usage":[5,6,24,33,33,50],"damage_taken":[{"damage":0,"enemies":"2 Louse","floor":1,"turns":3},{"damage":2,"enemies":"Jaw Worm","floor":2,"turns":4},{"damage":0,"enemies":"Small Slimes","floor":4,"turns":3},{"damage":7,"enemies":"Exordium Wildlife","floor":5,"turns":6},{"damage":0,"enemies":"Lagavulin","floor":6,"turns":4},{"damage":0,"enemies":"3 Louse","floor":7,"turns":2},{"damage":0,"enemies":"Exordium Thugs","floor":8,"turns":2},{"damage":7,"enemies":"3 Sentries","floor":10,"turns":4},{"damage":4,"enemies":"The Mushroom Lair","floor":12,"turns":2},{"damage":0,"enemies":"Red Slaver","floor":14,"turns":1},{"damage":8,"enemies":"Hexaghost","floor":16,"turns":7},{"damage":11,"enemies":"Spheric Guardian","floor":18,"turns":3},{"damage":1,"enemies":"3 Byrds","floor":21,"turns":3},{"damage":2,"enemies":"Gremlin Leader","floor":24,"turns":3},{"damage":7,"enemies":"Snecko","floor":28,"turns":3},{"damage":0,"enemies":"Slavers","floor":29,"turns":2},{"damage":0,"enemies":"Centurion and Healer","floor":30,"turns":1},{"damage":0,"enemies":"Snake Plant","floor":31,"turns":2},{"damage":0,"enemies":"Collector","floor":33,"turns":5},{"damage":0,"enemies":"Orb Walker","floor":35,"turns":1},{"damage":0,"enemies":"3 Darklings","floor":37,"turns":1},{"damage":0,"enemies":"Spire Growth","floor":38,"turns":1},{"damage":18,"enemies":"Reptomancer","floor":40,"turns":3},{"damage":0,"enemies":"Nemesis","floor":42,"turns":3},{"damage":10,"enemies":"Writhing Mass","floor":44,"turns":2},{"damage":0,"enemies":"Reptomancer","floor":45,"turns":2},{"damage":0,"enemies":"Transient","floor":46,"turns":5},{"damage":0,"enemies":"Nemesis","floor":48,"turns":1},{"damage":55,"enemies":"Time Eater","floor":50,"turns":6}],"seed_played":"750370420901195918","potions_obtained":[{"floor":1,"key":"LiquidMemories"},{"floor":4,"key":"Explosive Potion"},{"floor":8,"key":"DuplicationPotion"},{"floor":10,"key":"Strength Potion"},{"floor":18,"key":"SmokeBomb"},{"floor":24,"key":"Block Potion"},{"floor":33,"key":"BlessingOfTheForge"}],"is_trial":false,"path_per_floor":["M","M","?","M","M","E","M","M","T","E","R","?","R","M","R","B",null,"M","?","$","M","?","R","E","?","T","R","M","E","M","M","R","B",null,"M","?","M","M","?","E","$","E","T","M","E","M","R","E","R","B"],"character_chosen":"THE_SILENT","items_purchased":["Adrenaline","Pen Nib","ClockworkSouvenir"],"campfire_rested":1,"item_purchase_floors":[20,20,41],"current_hp_per_floor":[63,61,61,61,54,54,54,54,54,47,47,43,43,43,43,35,61,50,44,44,43,27,27,25,18,18,39,32,32,32,32,32,32,61,61,61,61,61,61,43,43,45,45,37,39,41,41,43,43,0,0],"gold":180,"neow_bonus":"BOSS_RELIC","is_daily":false,"chose_seed":false,"campfire_upgraded":7,"win_rate":0.0,"timestamp":1614114533,"path_taken":["M","M","?","M","M","E","M","M","T","E","R","?","R","M","R","BOSS","M","?","$","M","?","R","E","?","T","R","M","E","M","?","R","BOSS","M","?","M","?","?","E","?","E","T","M","E","M","R","E","R","BOSS"],"items_purchased_type":["Card","Relic","Relic"],"build_version":"2020-12-22","purchased_purges":2,"victory":false,"max_hp_per_floor":[70,70,70,70,70,70,70,70,70,70,70,70,70,70,70,70,70,70,70,70,70,70,70,70,70,70,70,70,70,70,70,70,70,70,70,70,70,70,70,70,70,70,70,70,70,70,70,70,70,70,70],"card_choices":[{"not_picked":["Flechettes","Sucker Punch"],"picked":"Infinite Blades","floor":1},{"not_picked":["Acrobatics","Dagger Spray"],"picked":"Finisher","floor":2},{"not_picked":["Acrobatics","Dagger Spray"],"picked":"Sucker Punch","floor":4},{"not_picked":["Concentrate","Reflex"],"picked":"Blade Dance","floor":5},{"not_picked":["Slice","Blur"],"picked":"Cloak And Dagger","floor":6},{"not_picked":["Endless Agony","Sucker Punch","Catalyst"],"picked":"SKIP","floor":7},{"not_picked":["Quick Slash","Deadly Poison"],"picked":"Adrenaline","floor":8},{"not_picked":["Sucker Punch","Flechettes"],"picked":"PiercingWail","floor":10},{"not_picked":["Dagger Spray","Dodge and Roll"],"picked":"Terror","floor":12},{"not_picked":["Dash","Eviscerate"],"picked":"Prepared","floor":14},{"not_picked":["Dagger Spray","Dagger Throw+1"],"picked":"Blade Dance+1","floor":18},{"not_picked":["Dagger Spray+1","Heel Hook","Predator"],"picked":"SKIP","floor":21},{"not_picked":["Noxious Fumes","PiercingWail"],"picked":"Choke","floor":24},{"not_picked":["All Out Attack","Quick Slash"],"picked":"Caltrops+1","floor":28},{"not_picked":["Cloak And Dagger+1","Masterful Stab"],"picked":"Blade Dance+1","floor":29},{"not_picked":["Slice","Quick Slash"],"picked":"Dash+1","floor":30},{"not_picked":["Catalyst","Deflect"],"picked":"Eviscerate","floor":31},{"not_picked":["Malaise","Glass Knife"],"picked":"Doppelganger","floor":33},{"not_picked":["Blur+1","Finisher","Quick Slash"],"picked":"SKIP","floor":35},{"not_picked":["Escape Plan+1","All Out Attack","Bane"],"picked":"SKIP","floor":37},{"not_picked":["Flying Knee","Catalyst+1","Quick Slash+1"],"picked":"SKIP","floor":38},{"not_picked":["Flying Knee","Catalyst+1","Quick Slash+1"],"picked":"SKIP","floor":38},{"not_picked":["Choke+1","PiercingWail+1"],"picked":"Blade Dance+1","floor":40},{"not_picked":["Distraction+1","Deflect+1"],"picked":"Envenom","floor":42},{"not_picked":["Acrobatics","Slice+1","PiercingWail+1"],"picked":"SKIP","floor":44},{"not_picked":["Blur","Masterful Stab+1","Prepared"],"picked":"SKIP","floor":45},{"not_picked":["Concentrate+1","Poisoned Stab+1"],"picked":"After Image","floor":46},{"not_picked":["Dagger Throw+1","Dagger Spray+1"],"picked":"Cloak And Dagger","floor":48}],"player_experience":367037,"relics_obtained":[{"floor":6,"key":"Vajra"},{"floor":9,"key":"Mercury Hourglass"},{"floor":10,"key":"Bottled Lightning"},{"floor":12,"key":"Odd Mushroom"},{"floor":22,"key":"Enchiridion"},{"floor":24,"key":"Mummified Hand"},{"floor":26,"key":"Bronze Scales"},{"floor":29,"key":"Letter Opener"},{"floor":40,"key":"Blood Vial"},{"floor":42,"key":"Bottled Flame"},{"floor":45,"key":"Ornamental Fan"},{"floor":48,"key":"War Paint"}],"event_choices":[{"damage_healed":0,"gold_gain":0,"player_choice":"Ignored","damage_taken":0,"max_hp_gain":0,"max_hp_loss":0,"event_name":"Liars Game","floor":3,"gold_loss":0},{"damage_healed":0,"gold_gain":0,"player_choice":"Fought Mushrooms","damage_taken":0,"max_hp_gain":0,"max_hp_loss":0,"event_name":"Mushrooms","floor":12,"gold_loss":0},{"damage_healed":0,"gold_gain":0,"player_choice":"Joined the Cult","damage_taken":6,"max_hp_gain":0,"max_hp_loss":0,"event_name":"Nest","floor":19,"gold_loss":0,"cards_obtained":["RitualDagger"]},{"damage_healed":0,"gold_gain":0,"player_choice":"Obtained Book","damage_taken":16,"max_hp_gain":0,"max_hp_loss":0,"event_name":"Cursed Tome","floor":22,"gold_loss":0},{"damage_healed":0,"gold_gain":0,"player_choice":"Damaged","damage_taken":7,"max_hp_gain":0,"max_hp_loss":0,"event_name":"Wheel of Change","floor":25,"gold_loss":0},{"damage_healed":0,"gold_gain":0,"player_choice":"Gave Potion","damage_taken":0,"relics_obtained":["Turnip"],"max_hp_gain":0,"max_hp_loss":0,"event_name":"WeMeetAgain","floor":36,"gold_loss":0},{"damage_healed":0,"gold_gain":0,"player_choice":"Forge","damage_taken":0,"max_hp_gain":0,"max_hp_loss":0,"event_name":"Accursed Blacksmith","floor":39,"gold_loss":0,"cards_upgraded":["Doppelganger"]}],"is_beta":false,"boss_relics":[{"not_picked":["Empty Cage","HoveringKite"],"picked":"Snecko Eye"},{"not_picked":["Philosopher\u0027s Stone","Black Star"],"picked":"Sozu"}],"items_purged_floors":[20,41],"is_endless":false,"potions_floor_spawned":[1,4,8,10,18,24,33,37,44,45,46],"killed_by":"Time Eater","ascension_level":9}}