{"host":"btkbr53c3gip0r7d","time":1614123220,"event":{"mods":["BaseMod","Better Altar","Better Match","Better Note","Better Sensory Stone","Better Skull","Better Third Choice","Colored Map","Curses Come First","Downfall","Minty Spire (QoL Compilation)","StSLib","The Cursed","The Marked"],"gold_per_floor":[99,115,128,148,248,248,272,372,372,391,410,6,24,51,63,63,63,63],"floor_reached":16,"language":"ENG","playtime":5475,"items_purged":[],"score":104,"play_id":"db65b8d6-6490-4efe-a879-40d64bff4efa","local_time":"20210223163340","is_ascension_mode":false,"campfire_choices":[{"floor":1.0,"key":"RECALL"}],"circlet_count":0,"master_deck":["champ:Strike","champ:Strike","champ:Defend","champ:Defend","champ:Defend","champ:Defend","champ:Execute","champ:Taunt","champ:FanOfKnives","champ:GladiatorStyle","champ:GladiatorStyle","Sunder+1","champ:CrownThrow","champ:TripleStrike+1","Sunder+1","champ:SetATrap","champ:SetATrap","champ:EndlessRage","champ:VampiricStrike","champ:DefensiveShout"],"relics":["champ:ChampionCrown","Centennial Puzzle","Anchor","ClockworkSouvenir","Blue Candle","Du-Vu Doll"],"acts_visited":["Exordium"],"potions_floor_usage":[8,14,14,16],"damage_taken":[{"damage":11.0,"enemies":"Jaw Worm","floor":2.0,"turns":4.0},{"damage":10.0,"enemies":"Small Slimes","floor":3.0,"turns":3.0},{"damage":10.0,"enemies":"Cultist","floor":4.0,"turns":3.0},{"damage":27,"enemies":"downfall:Heads","floor":8,"turns":6},{"damage":0,"enemies":"Exordium Wildlife","floor":10,"turns":1},{"damage":1,"enemies":"Gremlin Gang","floor":11,"turns":3},{"damage":25,"enemies":"downfall:FleeingMerchant","floor":12,"turns":4},{"damage":10,"enemies":"2 Fungi Beasts","floor":13,"turns":3},{"damage":26,"enemies":"Lagavulin","floor":14,"turns":5},{"damage":0,"enemies":"Large Slime","floor":15,"turns":3},{"damage":39,"enemies":"WA_ARCHETYPE_RETAIN","floor":16,"turns":4}],"seed_played":"1315666926680663415","potions_obtained":[{"floor":3.0,"key":"PowerPotion"},{"floor":11,"key":"ColorlessPotion"},{"floor":13,"key":"champ:TechniquePotion"},{"floor":14,"key":"GamblersBrew"}],"is_trial":false,"path_per_floor":["R","M","M","M","?","?","T","?","?","M","M","$","M","E","M","B"],"character_chosen":"THE_CHAMP","items_purchased":["ClockworkSouvenir","Blue Candle"],"campfire_rested":0,"item_purchase_floors":[12,12],"current_hp_per_floor":[99,98,98,98,98,81,81,54,54,54,53,48,48,22,22,0,0,0],"gold":63,"neow_bonus":"TEN_PERCENT_HP_BONUS","is_daily":false,"chose_seed":false,"campfire_upgraded":0,"win_rate":0.0,"timestamp":1614123220,"path_taken":["R","M","M","M","?","?","T","?","?","M","?","$","M","E","M","BOSS"],"items_purchased_type":["Relic","Relic"],"build_version":"2020-12-22","purchased_purges":0,"victory":false,"max_hp_per_floor":[99,99,99,99,99,99,99,99,99,99,99,99,99,99,99,99,99,99],"card_choices":[{"not_picked":["champ:StanceDance","champ:GutPunch"],"picked":"champ:FanOfKnives","floor":2.0},{"not_picked":["champ:AdrenalArmor","champ:ShieldSlam"],"picked":"champ:GladiatorStyle","floor":3.0},{"not_picked":["champ:FlashCut","champ:FalseCounter"],"picked":"champ:GladiatorStyle","floor":4.0},{"not_picked":["champ:BringItOn","champ:EnGarde"],"picked":"champ:CrownThrow","floor":8},{"not_picked":["champ:CrownThrow","champ:EnGarde"],"picked":"champ:SetATrap","floor":10},{"not_picked":["champ:FlashCut","champ:DefensiveShout","champ:Backstep"],"picked":"SKIP","floor":11},{"not_picked":["champ:Backstep","champ:DefensiveShout"],"picked":"champ:SetATrap","floor":12},{"not_picked":["champ:RisingSlash","champ:PreciseThrust"],"picked":"champ:EndlessRage","floor":13},{"not_picked":["champ:Shatter","champ:FocusedDefense"],"picked":"champ:VampiricStrike","floor":14},{"not_picked":["champ:Circumvent","champ:Shatter"],"picked":"champ:DefensiveShout","floor":15}],"player_experience":1524247,"relics_obtained":[{"floor":7.0,"key":"Anchor"},{"floor":14,"key":"Du-Vu Doll"}],"event_choices":[],"is_beta":false,"boss_relics":[],"items_purged_floors":[],"is_endless":false,"potions_floor_spawned":[3,11,13,14],"killed_by":"WA_ARCHETYPE_RETAIN","ascension_level":0}}