{"host":"njb27ds59h4j3ikk","time":1614097258,"event":{"mods":["AchievementEnabler","BaseMod","Better Altar","Better Match","Better Note","Better Sensory Stone","Better Skull","Better Third Choice","BetterRewards","Downfall","Hermit","Hubris","Minty Spire (QoL Compilation)","Permanent Neow","Quarter Circle Forward PUNCH!","Quick Restart","Rare Cards Sparkle","Replay The Spire","Shop Mod","StSLib","Trackpad","Transform Curses"],"gold_per_floor":[117,178,178,178,198,198,198,198,198,54,0,31,51,82,82,177,177,189,208,41,55,55,5,33,133,159,176,206,226,235,261,261,372,381,401,401,401,420,420,462,485,88,227,227,83,83,83],"floor_reached":51,"language":"ENG","playtime":2269,"items_purged":[],"score":1449,"play_id":"5cdc8b76-70dd-40ca-a3f0-14f35d578009","local_time":"20210223112058","is_ascension_mode":true,"campfire_choices":[{"data":"hermit:TrackingShot","floor":6.0,"key":"SMITH"},{"data":"hermit:Snipe","floor":15.0,"key":"SMITH"},{"floor":32.0,"key":"REST"},{"floor":40.0,"key":"REST"},{"floor":49.0,"key":"REST"}],"circlet_count":0,"master_deck":["hermit:Strike_Hermit","hermit:Strike_Hermit+1","hermit:Strike_Hermit","hermit:Strike_Hermit","hermit:Defend_Hermit+1","hermit:Defend_Hermit+1","hermit:Defend_Hermit+1","hermit:Defend_Hermit","hermit:Snapshot","hermit:Covet","hermit:Snipe+1","hermit:Misfire","hermit:Vantage+1","hermit:TrackingShot+1","hermit:SprayPray","Enlightenment","hermit:Adapt","hermit:HighCaliber","hermit:ShadowCloak","hermit:BlackWind+1","hermit:Roulette+1","hermit:EyeOfTheStorm+1","hermit:WideOpen","hermit:FlashPowder+1","hermit:Spite+1","ReplayTheSpireMod:IOU","hermit:Horror","hermit:FullyLoaded+1","Shame","hermit:Enervate+1","hermit:HeroicBravado","CurseOfTheBell","hermit:Coalescence+1","hermit:Gestalt+1","hermit:BlackWind","ReplayTheSpireMod:Splinters","hermit:FlashPowder+1","hermit:Maintenance+1","hermit:HighCaliber+1"],"relics":["hermit:Momento","trackpad:ZombieHeart","MerchantsRug","Matryoshka","hubris:CuriousFeather","Juzu Bracelet","qcfpunch:Unceasing_Flame","Thread and Needle","trackpad:WritersBlock","Regal Pillow","Shuriken","Sling","Replay:PocketPolymizer","Du-Vu Doll","Durian","Replay:Wax Seal","trackpad:WindUpAutoDealer","ReplayFunnel","Blood Vial","trackpad:CultistFigurine","CeramicFish","Calling Bell","Gremlin Food","Mirror","hubris:Teleporter","hubris:Icosahedron","War Paint","Bag of Marbles","Garlic","qcfpunch:Red_Headband","Medical Kit"],"acts_visited":["Exordium","TheCity","TheBeyond"],"potions_floor_usage":[50,50],"damage_taken":[{"damage":8.0,"enemies":"Small Slimes","floor":1.0,"turns":4.0},{"damage":1.0,"enemies":"Cultist","floor":5.0,"turns":2.0},{"damage":11.0,"enemies":"Lagavulin","floor":12.0,"turns":4.0},{"damage":1.0,"enemies":"2 Louse","floor":13.0,"turns":2.0},{"damage":7.0,"enemies":"Replay:BlueRogue","floor":14.0,"turns":4.0},{"damage":32.0,"enemies":"Fading Forest","floor":16.0,"turns":11.0},{"damage":15.0,"enemies":"2 Thieves","floor":18.0,"turns":2.0},{"damage":0.0,"enemies":"Chosen","floor":19.0,"turns":4.0},{"damage":1.0,"enemies":"Snecko","floor":21.0,"turns":6.0},{"damage":12.0,"enemies":"Replay:Snechameleon","floor":24.0,"turns":4.0},{"damage":6.0,"enemies":"Shelled Parasite and Fungi","floor":27.0,"turns":3.0},{"damage":0.0,"enemies":"Gremlin Leader","floor":28.0,"turns":5.0},{"damage":9.0,"enemies":"Chosen and Byrds","floor":29.0,"turns":5.0},{"damage":0.0,"enemies":"Sentry and Sphere","floor":31.0,"turns":4.0},{"damage":63.0,"enemies":"Automaton","floor":33.0,"turns":8.0},{"damage":38.0,"enemies":"3 Darklings","floor":35.0,"turns":8.0},{"damage":14.0,"enemies":"3 Shapes","floor":38.0,"turns":3.0},{"damage":27.0,"enemies":"Reptomancer","floor":41.0,"turns":5.0},{"damage":11,"enemies":"hubris:GrandSnecko","floor":50,"turns":14}],"seed_played":"227197998776393569","potions_obtained":[{"floor":12.0,"key":"Flashbang"},{"floor":14.0,"key":"LiquidBronze"},{"floor":16.0,"key":"hermit:Tonic"},{"floor":21.0,"key":"Explosive Potion"},{"floor":27.0,"key":"Block Potion"},{"floor":28.0,"key":"champ:CounterPotion"},{"floor":33.0,"key":"CultistPotion"},{"floor":38.0,"key":"LiquidMemories"}],"is_trial":false,"path_per_floor":["M","?","?","?","M","R","?","$","T","$","?","E","M","E","R","B",null,"M","M","$","M","?","?","E","$","T","M","E","M","?","M","R","B",null,"M","?","?","M","R","E","T","$","?","?","$","R","B",null],"character_chosen":"HERMIT","items_purchased":["hermit:Snipe","MerchantsRug","Matryoshka","hermit:Misfire","BlessingOfTheForge","Juzu Bracelet","qcfpunch:Unceasing_Flame","hermit:Vantage+1","Adrenaline Potion","Sling","Durian","Garlic","qcfpunch:Red_Headband","Medical Kit"],"campfire_rested":3,"item_purchase_floors":[0,0,0,0,0,0,0,0,0,10,20,44,44,47],"current_hp_per_floor":[62,62,62,62,62,62,67,67,67,67,73,63,64,58,58,26,73,60,61,66,66,66,66,55,55,55,53,56,51,51,55,101,41,90,64,64,64,55,105,81,81,81,81,81,81,120,110],"gold":83,"neow_bonus":"","is_daily":false,"chose_seed":false,"campfire_upgraded":2,"win_rate":0.0,"timestamp":1614097258,"path_taken":["M","?","?","?","M","R","?","$","T","?","?","E","M","E","R","BOSS","M","M","$","M","?","?","E","?","T","M","E","M","?","M","R","BOSS","M","?","?","M","R","E","T","$","?","?","$","R","BOSS"],"items_purchased_type":["Card","Relic","Relic","Card","Potion","Relic","Relic","Card","Potion","Relic","Relic","Relic","Relic","Relic"],"build_version":"2020-12-22","purchased_purges":0,"victory":true,"max_hp_per_floor":[77,77,77,77,78,78,78,78,78,78,84,85,87,88,88,88,88,90,91,96,97,97,97,98,98,98,100,101,103,103,105,105,106,106,116,116,116,119,119,120,120,120,120,120,120,120,121],"card_choices":[{"not_picked":["hermit:Vantage","hermit:GhostlyPresence"],"picked":"hermit:TrackingShot","floor":1.0},{"not_picked":["hermit:Manifest","hermit:Feint"],"picked":"hermit:SprayPray","floor":5.0},{"not_picked":["hermit:BodyArmor","hermit:Glare"],"picked":"hermit:Adapt","floor":12.0},{"not_picked":["hermit:SprayPray","hermit:ItchyTrigger"],"picked":"hermit:HighCaliber","floor":13.0},{"not_picked":["hermit:Misfire","hermit:BodyArmor"],"picked":"hermit:ShadowCloak","floor":14.0},{"not_picked":["hermit:HighNoon","hermit:Roughhouse"],"picked":"hermit:BlackWind","floor":16.0},{"not_picked":["hermit:ItchyTrigger","hermit:Vantage"],"picked":"hermit:Roulette+1","floor":18.0},{"not_picked":["hermit:HoleUp","hermit:Ricochet"],"picked":"hermit:EyeOfTheStorm+1","floor":19.0},{"not_picked":["hermit:Manifest","hermit:HoleUp"],"picked":"hermit:WideOpen","floor":21.0},{"not_picked":["hermit:Ricochet","hermit:Midnight+1"],"picked":"hermit:Spite+1","floor":24.0},{"not_picked":["hermit:TakeAim","hermit:Ricochet"],"picked":"hermit:Horror","floor":27.0},{"not_picked":["hermit:Adapt","hermit:Vantage","hermit:HighCaliber"],"picked":"SKIP","floor":28.0},{"not_picked":["hermit:LuckOfTheDraw","hermit:Glare"],"picked":"hermit:FullyLoaded+1","floor":29.0},{"not_picked":["hermit:Ricochet","hermit:DeadMansHand"],"picked":"hermit:Enervate+1","floor":31.0},{"not_picked":["hermit:EternalForm","hermit:DeadOrAlive"],"picked":"hermit:HeroicBravado","floor":33.0},{"not_picked":["hermit:EyeOfTheStorm+1","hermit:Midnight+1"],"picked":"hermit:Coalescence+1","floor":35.0},{"not_picked":["hermit:CalledShot","hermit:Virtue+1"],"picked":"hermit:Gestalt+1","floor":38.0},{"not_picked":["hermit:HighCaliber","hermit:Misfire"],"picked":"hermit:BlackWind","floor":41.0},{"not_picked":["hermit:Cheat+1","hermit:Vantage"],"picked":"hermit:FlashPowder+1","floor":45.0},{"not_picked":["hermit:ItchyTrigger","hermit:TakeAim+1"],"picked":"hermit:Maintenance+1","floor":45.0},{"not_picked":["hermit:Vantage+1","hermit:WideOpen+1"],"picked":"hermit:HighCaliber+1","floor":45.0}],"player_experience":1395525,"relics_obtained":[{"floor":9.0,"key":"Regal Pillow"},{"floor":9.0,"key":"Shuriken"},{"floor":12.0,"key":"Replay:PocketPolymizer"},{"floor":14.0,"key":"Du-Vu Doll"},{"floor":24.0,"key":"trackpad:WindUpAutoDealer"},{"floor":26.0,"key":"ReplayFunnel"},{"floor":26.0,"key":"Blood Vial"},{"floor":28.0,"key":"trackpad:CultistFigurine"},{"floor":34.0,"key":"Gremlin Food"},{"floor":34.0,"key":"Mirror"},{"floor":34.0,"key":"hubris:Teleporter"},{"floor":41.0,"key":"War Paint"},{"floor":43.0,"key":"Bag of Marbles"}],"event_choices":[{"damage_healed":0.0,"max_hp_gain":0.0,"max_hp_loss":0.0,"gold_gain":61.0,"event_name":"Golden Wing","player_choice":"Gained Gold","floor":2.0,"gold_loss":0.0,"damage_taken":0.0},{"damage_healed":0.0,"max_hp_gain":0.0,"max_hp_loss":0.0,"gold_gain":0.0,"event_name":"Big Fish","player_choice":"Box","floor":3.0,"gold_loss":0.0,"damage_taken":0.0,"relics_obtained":["trackpad:WritersBlock"],"cards_obtained":["Regret"]},{"damage_healed":0.0,"max_hp_gain":0.0,"max_hp_loss":0.0,"gold_gain":0.0,"cards_transformed":["Regret"],"event_name":"Transmorgrifier","player_choice":"Transformed","floor":4.0,"gold_loss":0.0,"damage_taken":0.0,"cards_obtained":["hermit:Misfire"]},{"cards_removed":["hermit:Misfire"],"damage_healed":5.0,"max_hp_gain":0.0,"max_hp_loss":0.0,"gold_gain":0.0,"event_name":"Bonfire Elementals","player_choice":"Offered Common","floor":7.0,"gold_loss":0.0,"damage_taken":0.0},{"cards_removed":["hermit:Misfire"],"damage_healed":5.0,"max_hp_gain":0.0,"max_hp_loss":0.0,"gold_gain":0.0,"event_name":"Bonfire Elementals","player_choice":"Offered Special","floor":7.0,"gold_loss":0.0,"damage_taken":0.0},{"damage_healed":0.0,"max_hp_gain":0.0,"max_hp_loss":0.0,"gold_gain":0.0,"event_name":"betterThird:BetterSerpent","player_choice":"RENOUNCE","floor":11.0,"gold_loss":54.0,"damage_taken":54.0,"cards_obtained":["Enlightenment"]},{"cards_removed":["hermit:Vantage"],"damage_healed":0.0,"max_hp_gain":0.0,"max_hp_loss":0.0,"gold_gain":0.0,"event_name":"betterNote:BetterNote","player_choice":"Take \u0026 Give","floor":22.0,"gold_loss":0.0,"damage_taken":0.0,"cards_obtained":["hermit:FlashPowder"]},{"damage_healed":0.0,"max_hp_gain":0.0,"max_hp_loss":0.0,"gold_gain":0.0,"event_name":"WeMeetAgain","player_choice":"Paid Gold","floor":23.0,"gold_loss":50.0,"damage_taken":0.0,"relics_obtained":["Replay:Wax Seal"]},{"damage_healed":0.0,"max_hp_gain":0.0,"max_hp_loss":0.0,"gold_gain":0.0,"event_name":"Addict","player_choice":"Stole Relic","floor":30.0,"gold_loss":0.0,"damage_taken":0.0,"relics_obtained":["CeramicFish"],"cards_obtained":["Shame"]},{"damage_healed":0.0,"max_hp_gain":0.0,"max_hp_loss":0.0,"gold_gain":0.0,"event_name":"Tomb of Lord Red Mask","player_choice":"Ignored","floor":46.0,"gold_loss":0.0,"damage_taken":0.0}],"is_beta":false,"boss_relics":[{"not_picked":["Ring of Chaos","Fusion Hammer"],"picked":"hubris:VirtuousBlindfold"},{"not_picked":["Velvet Choker","qcfpunch:Dark_Gi"],"picked":"Calling Bell"}],"items_purged_floors":[],"is_endless":false,"potions_floor_spawned":[12,14,16,21,27,28,33,38],"ascension_level":8}}