{"host":"l1pzlbpva2o8t11s","time":1614086539,"event":{"mods":["AchievementEnabler","BaseMod","Block Reminder","Colored Map","Minty Spire (QoL Compilation)","Random Character Button","Relic Stats","StSLib","The Jungle"],"gold_per_floor":[109,123,169,188,32,61,61,79,79,79,97,22,22,54,66,179,191,223,235,257,288,300,340,363,375,375],"floor_reached":25,"language":"ENG","playtime":1255,"items_purged":["Body Slam"],"score":284,"play_id":"d09fd9b5-7719-4715-8257-c7949fddd6e7","local_time":"20210223142219","is_ascension_mode":true,"campfire_choices":[{"data":"Inflame","floor":7.0,"key":"SMITH"},{"data":"Flex","floor":10.0,"key":"SMITH"},{"floor":13.0,"key":"REST"},{"data":"Heavy Blade","floor":15.0,"key":"SMITH"}],"circlet_count":0,"master_deck":["Strike_R","Strike_R","Strike_R","Strike_R","Strike_R+1","Defend_R","Defend_R","Defend_R","Defend_R","Bash+1","Armaments","Inflame+1","Flex+1","Heavy Blade+1","Limit Break","J.A.X.","Twin Strike","Flex","Rupture+1"],"relics":["Burning Blood","NeowsBlessing","Akabeko","HandDrill","Red Skull","Pocketwatch","MawBank","Black Star","Whetstone","Meat on the Bone"],"acts_visited":["Exordium","TheCity"],"potions_floor_usage":[25,25,25],"damage_taken":[{"damage":0.0,"enemies":"Cultist","floor":1.0,"turns":1.0},{"damage":0.0,"enemies":"Small Slimes","floor":2.0,"turns":1.0},{"damage":0.0,"enemies":"Jaw Worm","floor":4.0,"turns":1.0},{"damage":39.0,"enemies":"Lagavulin","floor":6.0,"turns":7.0},{"damage":12.0,"enemies":"Gremlin Gang","floor":8.0,"turns":5.0},{"damage":12.0,"enemies":"Exordium Thugs","floor":11.0,"turns":4.0},{"damage":19.0,"enemies":"3 Sentries","floor":14.0,"turns":5.0},{"damage":23.0,"enemies":"The Guardian","floor":16.0,"turns":7.0},{"damage":14.0,"enemies":"Shell Parasite","floor":18.0,"turns":4.0},{"damage":18.0,"enemies":"Chosen","floor":20.0,"turns":5.0},{"damage":37.0,"enemies":"Centurion and Healer","floor":21.0,"turns":4.0},{"damage":28.0,"enemies":"Book of Stabbing","floor":23.0,"turns":3.0},{"damage":22.0,"enemies":"Sentry and Sphere","floor":24.0,"turns":5.0},{"damage":34,"enemies":"Slavers","floor":25,"turns":2}],"seed_played":"500193967742493024","potions_obtained":[{"floor":2.0,"key":"PowerPotion"},{"floor":14.0,"key":"Explosive Potion"},{"floor":21.0,"key":"EntropicBrew"},{"floor":22.0,"key":"BloodPotion"},{"floor":22.0,"key":"SpeedPotion"},{"floor":24.0,"key":"Regen Potion"}],"is_trial":false,"path_per_floor":["M","M","T","M","$","E","R","M","T","R","M","$","R","E","R","B",null,"M","?","M","M","?","E","M","E"],"character_chosen":"IRONCLAD","items_purchased":["HandDrill"],"campfire_rested":1,"item_purchase_floors":[5],"current_hp_per_floor":[80,80,80,80,80,47,47,41,41,41,35,35,59,46,46,29,80,72,72,60,29,45,23,19,0,0],"gold":375,"neow_bonus":"THREE_ENEMY_KILL","is_daily":false,"chose_seed":false,"campfire_upgraded":3,"win_rate":0.0,"timestamp":1614086539,"path_taken":["M","?","?","M","$","E","R","M","T","R","M","$","R","E","R","BOSS","M","?","M","M","?","E","M","E"],"items_purchased_type":["Relic"],"build_version":"2020-12-22","purchased_purges":1,"victory":false,"max_hp_per_floor":[80,80,80,80,80,80,80,80,80,80,80,80,80,80,80,80,80,80,80,80,80,80,80,80,80,80],"relic_stats":{"counters":[14,54],"HandDrill":[10],"Black Star":1,"Whetstone":["Strike_R","Bash"],"MawBank":132,"obtain_stats":[{"NeowsBlessing":0,"HandDrill":5,"Black Star":17,"Whetstone":23,"MawBank":14,"Burning Blood":0,"Akabeko":3,"Red Skull":6,"Pocketwatch":9,"Meat on the Bone":23},{"NeowsBlessing":0,"HandDrill":3,"Black Star":8,"Whetstone":12,"MawBank":7,"Burning Blood":0,"Akabeko":2,"Red Skull":4,"Pocketwatch":5,"Meat on the Bone":12},{"NeowsBlessing":0,"HandDrill":3,"Black Star":31,"Whetstone":47,"MawBank":24,"Burning Blood":0,"Akabeko":2,"Red Skull":10,"Pocketwatch":15,"Meat on the Bone":47}],"Burning Blood":60,"Pocketwatch":[54],"Meat on the Bone":12},"card_choices":[{"not_picked":["Flex","Thunderclap"],"picked":"Armaments","floor":1.0},{"not_picked":["Uppercut","Thunderclap"],"picked":"Body Slam","floor":2.0},{"not_picked":["Shrug It Off","Wild Strike"],"picked":"Inflame","floor":4.0},{"not_picked":["Wild Strike","Rampage"],"picked":"Flex","floor":6.0},{"not_picked":["Anger","Shrug It Off","Havoc"],"picked":"SKIP","floor":8.0},{"not_picked":["Havoc","Wild Strike"],"picked":"Heavy Blade","floor":11.0},{"not_picked":["Pummel","Clothesline","Power Through"],"picked":"SKIP","floor":14.0},{"not_picked":["Immolate","Offering"],"picked":"Limit Break","floor":16.0},{"not_picked":["Body Slam","Metallicize","Rupture"],"picked":"SKIP","floor":18.0},{"not_picked":["Pommel Strike","Perfected Strike"],"picked":"Twin Strike","floor":20.0},{"not_picked":["Intimidate","True Grit","Twin Strike"],"picked":"SKIP","floor":21.0},{"not_picked":["Second Wind","Iron Wave"],"picked":"Flex","floor":23.0},{"not_picked":["Armaments","Infernal Blade"],"picked":"Rupture+1","floor":24.0}],"player_experience":215876,"relics_obtained":[{"floor":3.0,"key":"Akabeko"},{"floor":6.0,"key":"Red Skull"},{"floor":9.0,"key":"Pocketwatch"},{"floor":14.0,"key":"MawBank"},{"floor":23.0,"key":"Whetstone"},{"floor":23.0,"key":"Meat on the Bone"}],"event_choices":[{"damage_healed":0.0,"max_hp_gain":0.0,"max_hp_loss":0.0,"gold_gain":0.0,"event_name":"Drug Dealer","player_choice":"Obtain J.A.X.","floor":19.0,"gold_loss":0.0,"damage_taken":0.0,"cards_obtained":["J.A.X."]},{"damage_healed":0.0,"max_hp_gain":0.0,"max_hp_loss":0.0,"gold_gain":0.0,"event_name":"Lab","player_choice":"Got Potions","floor":22.0,"gold_loss":0.0,"damage_taken":0.0}],"is_beta":false,"boss_relics":[{"not_picked":["Empty Cage","Runic Pyramid"],"picked":"Black Star"}],"items_purged_floors":[12],"is_endless":false,"potions_floor_spawned":[2,14,21,23,24],"killed_by":"Slavers","ascension_level":2}}