{"host":"h7dgy2mp13cbhzus","time":1614060625,"event":{"mods":["Act Like it!","BaseMod","GifTheSpireLib","Minty Spire (QoL Compilation)","Relic Stats","StSLib"],"gold_per_floor":[114,189,203,173,183,211,227,252,279,306,306,335,335,38,38,111,111,111,111],"floor_reached":18,"language":"ENG","playtime":612,"items_purged":["Strike_R"],"score":338,"play_id":"6c6f8cb2-c7d5-4139-85af-09cda06c5d2a","local_time":"20210223001025","is_ascension_mode":true,"campfire_choices":[{"floor":13.0,"key":"REST"},{"data":"Bludgeon","floor":15.0,"key":"SMITH"}],"circlet_count":0,"master_deck":["AscendersBane","Strike_R","Strike_R","Strike_R","Strike_R","Defend_R","Defend_R","Defend_R","Defend_R","Bash","Hemokinesis","Shrug It Off","Bludgeon+1","Twin Strike","Impervious","CurseOfTheBell"],"relics":["Burning Blood","NeowsBlessing","Tiny Chest","Anchor","Happy Flower","Ancient Tea Set","Odd Mushroom","OrangePellets","Calling Bell","Vajra","Gremlin Horn","Lizard Tail"],"acts_visited":["Exordium","TheCity"],"potions_floor_usage":[],"damage_taken":[{"damage":0.0,"enemies":"Small Slimes","floor":1.0,"turns":1.0},{"damage":0.0,"enemies":"Jaw Worm","floor":3.0,"turns":1.0},{"damage":0.0,"enemies":"Cultist","floor":5.0,"turns":1.0},{"damage":16.0,"enemies":"Gremlin Nob","floor":6.0,"turns":3.0},{"damage":10.0,"enemies":"Blue Slaver","floor":7.0,"turns":4.0},{"damage":41.0,"enemies":"3 Sentries","floor":8.0,"turns":10.0},{"damage":19.0,"enemies":"Lagavulin","floor":10.0,"turns":5.0},{"damage":2.0,"enemies":"The Mushroom Lair","floor":12.0,"turns":3.0},{"damage":58.0,"enemies":"Slime Boss","floor":16.0,"turns":10.0},{"damage":43,"enemies":"3 Byrds","floor":18,"turns":4}],"seed_played":"-7446006798460688320","potions_obtained":[{"floor":4.0,"key":"GamblersBrew"},{"floor":4.0,"key":"PowerPotion"},{"floor":5.0,"key":"SkillPotion"},{"floor":8.0,"key":"Explosive Potion"},{"floor":10.0,"key":"Fruit Juice"},{"floor":12.0,"key":"SneckoOil"},{"floor":16.0,"key":"BlessingOfTheForge"}],"is_trial":false,"path_per_floor":["M","?","M","?","M","E","M","E","T","E","?","?","R","$","R","B",null,"M"],"character_chosen":"IRONCLAD","items_purchased":["OrangePellets","BloodPotion"],"campfire_rested":1,"item_purchase_floors":[14,14],"current_hp_per_floor":[74,63,69,69,75,65,61,26,26,13,13,22,46,46,46,10,63,20,20],"gold":111,"neow_bonus":"THREE_ENEMY_KILL","is_daily":false,"chose_seed":false,"campfire_upgraded":1,"win_rate":0.0,"timestamp":1614060625,"path_taken":["M","?","M","?","?","E","M","E","T","E","?","?","R","$","R","BOSS","M"],"items_purchased_type":["Relic","Potion"],"build_version":"2020-12-22","purchased_purges":1,"victory":false,"max_hp_per_floor":[75,75,75,75,75,75,75,75,75,75,75,80,80,80,80,80,80,80,80],"relic_stats":{"OrangePellets":[0],"Lizard Tail":0,"Happy Flower":[7],"Gremlin Horn":[0,0],"counters":[10,42],"Tiny Chest":0,"obtain_stats":[{"Calling Bell":17,"OrangePellets":14,"Anchor":8,"Lizard Tail":17,"NeowsBlessing":0,"Happy Flower":9,"Gremlin Horn":17,"Vajra":17,"Tiny Chest":6,"Odd Mushroom":12,"Ancient Tea Set":10,"Burning Blood":0},{"Calling Bell":9,"OrangePellets":8,"Anchor":6,"Lizard Tail":9,"NeowsBlessing":0,"Happy Flower":6,"Gremlin Horn":9,"Vajra":9,"Tiny Chest":4,"Odd Mushroom":8,"Ancient Tea Set":7,"Burning Blood":0},{"Calling Bell":38,"OrangePellets":28,"Anchor":20,"Lizard Tail":38,"NeowsBlessing":0,"Happy Flower":20,"Gremlin Horn":38,"Vajra":38,"Tiny Chest":6,"Odd Mushroom":28,"Ancient Tea Set":25,"Burning Blood":0}],"Burning Blood":54},"card_choices":[{"not_picked":["Clothesline","Burning Pact"],"picked":"Hemokinesis","floor":1.0},{"not_picked":["Havoc","Warcry","Clash"],"picked":"SKIP","floor":3.0},{"not_picked":["Havoc","Perfected Strike"],"picked":"Shrug It Off","floor":5.0},{"not_picked":["Sentinel","Headbutt","Whirlwind"],"picked":"SKIP","floor":6.0},{"not_picked":["Wild Strike","Iron Wave","Anger"],"picked":"SKIP","floor":7.0},{"not_picked":["Burning Pact","Exhume"],"picked":"Bludgeon","floor":8.0},{"not_picked":["Dark Embrace","Shrug It Off"],"picked":"Twin Strike","floor":10.0},{"not_picked":["Brutality","Immolate"],"picked":"Impervious","floor":16.0}],"player_experience":619056,"relics_obtained":[{"floor":6.0,"key":"Tiny Chest"},{"floor":8.0,"key":"Anchor"},{"floor":9.0,"key":"Happy Flower"},{"floor":10.0,"key":"Ancient Tea Set"},{"floor":12.0,"key":"Odd Mushroom"},{"floor":17,"key":"Vajra"},{"floor":17,"key":"Gremlin Horn"},{"floor":17,"key":"Lizard Tail"}],"event_choices":[{"damage_healed":0.0,"max_hp_gain":0.0,"max_hp_loss":0.0,"gold_gain":75.0,"event_name":"World of Goop","player_choice":"Gather Gold","floor":2.0,"gold_loss":0.0,"damage_taken":11.0},{"damage_healed":0.0,"max_hp_gain":0.0,"max_hp_loss":0.0,"gold_gain":0.0,"event_name":"The Woman in Blue","player_choice":"Bought 2 Potions","floor":4.0,"gold_loss":0.0,"damage_taken":0.0},{"damage_healed":0.0,"max_hp_gain":0.0,"max_hp_loss":0.0,"gold_gain":0.0,"event_name":"Dead Adventurer","player_choice":"Searched \u00270\u0027 times","floor":11.0,"gold_loss":0.0,"damage_taken":0.0},{"damage_healed":0.0,"max_hp_gain":0.0,"max_hp_loss":0.0,"gold_gain":0.0,"event_name":"Mushrooms","player_choice":"Fought Mushrooms","floor":12.0,"gold_loss":0.0,"damage_taken":0.0}],"is_beta":false,"boss_relics":[{"not_picked":["SacredBark","Runic Cube"],"picked":"Calling Bell"}],"items_purged_floors":[14],"is_endless":false,"potions_floor_spawned":[5,8,10,12,16],"killed_by":"3 Byrds","ascension_level":18}}