{"host":"dv29tre2e7vje47n","time":1614092558,"event":{"mods":["AchievementEnabler","BaseMod","Beaked The Cultist","Better Altar","Better Match","Better Note","Better Skull","Better Third Choice","BetterRewards","Block Reminder","Bossed Relics","Colored Map","Colored Powertips","DeckTracker","Displayed Cursed Tome","Downfall","Friendly Minions","Googly Eyes","Highlight Path","Key Reminder","Minty Spire (QoL Compilation)","Quick Restart","Random Character Button","Rare Cards Sparkle","Relic Sorter","Relic Stats","Replay The Spire","Spire Arcade","Spire Birthday Party","StSLib","SuperFastMode","Unceasing Turn Reminder","Weighted Paths"],"gold_per_floor":[114,37,37,50,63,63,76,101,101,136,189,203,230,230,230,328,328,345,358,358,358,373,373,373,373],"floor_reached":23,"language":"ENG","playtime":903,"items_purged":[],"score":247,"play_id":"1cc84be3-d75d-4798-8083-610a07002e81","local_time":"20210223160238","is_ascension_mode":true,"campfire_choices":[{"data":"sneckomod:SnekBite","floor":6,"key":"SMITH"},{"floor":15,"key":"REST"}],"circlet_count":0,"master_deck":["sneckomod:TailWhip","sneckomod:SnekBite+1","sneckomod:Unknown","sneckomod:Unknown","sneckomod:UnendingSupply","beaked:CrazyRituals+1","sneckomod:SlitherStrike","sneckomod:UnknownExhaust","sneckomod:IronFang","sneckomod:UnknownX","sneckomod:PureSnecko","sneckomod:MorePower","sneckomod:UnknownUncommonAttack+1","sneckomod:ImprovisedGuard","sneckomod:UnknownDexterity+1","sneckomod:UnknownBlock","sneckomod:Unknown1Cost","sneckomod:UnknownVulnerable","sneckomod:UnknownDraw","sneckomod:UnknownExhaust","sneckomod:UnknownDraw","sneckomod:Unknown3Cost+1","sneckomod:UnknownX+1"],"relics":["sneckomod:SneckoSoul","Dream Catcher","sneckomod:BlankCard","Darkstone Periapt","Bottled Lightning","Vajra","sneckomod:SneckoTalon","Blue Candle"],"acts_visited":["Exordium","TheCity"],"potions_floor_usage":[],"damage_taken":[{"damage":0,"enemies":"Small Slimes","floor":1,"turns":3},{"damage":0,"enemies":"Cultist","floor":4,"turns":4},{"damage":6,"enemies":"Jaw Worm","floor":5,"turns":2},{"damage":11,"enemies":"Large Slime","floor":7,"turns":5},{"damage":22,"enemies":"Lagavulin","floor":8,"turns":6},{"damage":23,"enemies":"3 Sentries","floor":10,"turns":7},{"damage":3,"enemies":"Exordium Thugs","floor":12,"turns":6},{"damage":17,"enemies":"Lagavulin","floor":13,"turns":6},{"damage":43,"enemies":"Slime Boss","floor":16,"turns":8},{"damage":20,"enemies":"Spheric Guardian","floor":18,"turns":4},{"damage":26,"enemies":"Chosen","floor":19,"turns":5},{"damage":36,"enemies":"Snecko","floor":22,"turns":5},{"damage":0,"enemies":"Slavers","floor":23,"turns":1}],"seed_played":"8309568341908586259","potions_obtained":[{"floor":4,"key":"SteroidPotion"},{"floor":12,"key":"Explosive Potion"},{"floor":13,"key":"Adrenaline Potion"}],"is_trial":false,"path_per_floor":["M","$","?","M","M","R","M","E","T","E","?","M","E","?","R","B",null,"M","M","?","?","M","E"],"character_chosen":"THE_SNECKO","items_purchased":["sneckomod:UnendingSupply"],"campfire_rested":1,"item_purchase_floors":[2],"current_hp_per_floor":[99,99,99,99,93,93,82,61,61,38,44,41,24,24,55,12,105,85,59,54,54,24,24,24,24],"gold":373,"neow_bonus":"TEN_PERCENT_HP_BONUS","is_daily":false,"chose_seed":false,"campfire_upgraded":1,"win_rate":0.0,"timestamp":1614092558,"path_taken":["M","$","?","M","?","R","M","E","T","E","?","M","E","?","R","BOSS","M","M","?","?","M","E"],"items_purchased_type":["Card"],"build_version":"2020-12-22","purchased_purges":0,"victory":false,"max_hp_per_floor":[99,99,99,99,99,99,99,99,99,99,105,105,105,105,105,105,105,105,105,105,105,105,105,105,105],"relic_stats":{"Darkstone Periapt":6,"Dream Catcher":1,"counters":[13,62],"Blue Candle":[0],"obtain_stats":[{"Darkstone Periapt":10,"Dream Catcher":8,"sneckomod:BlankCard":9,"Blue Candle":20,"Vajra":13,"Bottled Lightning":11,"sneckomod:SneckoSoul":0,"sneckomod:SneckoTalon":17},{"Darkstone Periapt":6,"Dream Catcher":5,"sneckomod:BlankCard":5,"Blue Candle":11,"Vajra":8,"Bottled Lightning":6,"sneckomod:SneckoSoul":0,"sneckomod:SneckoTalon":9},{"Darkstone Periapt":27,"Dream Catcher":20,"sneckomod:BlankCard":20,"Blue Candle":56,"Vajra":39,"Bottled Lightning":27,"sneckomod:SneckoSoul":0,"sneckomod:SneckoTalon":47}]},"card_choices":[{"not_picked":["sneckomod:UnknownVulnerable","sneckomod:UnknownDraw","sneckomod:DiceCrush"],"picked":"SKIP","floor":1},{"not_picked":["sneckomod:UnknownStrength","sneckomod:SnekBeam"],"picked":"sneckomod:SlitherStrike","floor":4},{"not_picked":["sneckomod:Nope","sneckomod:UnknownStrike"],"picked":"sneckomod:UnknownExhaust","floor":5},{"not_picked":["sneckomod:QuickBite","sneckomod:SoulRoll"],"picked":"sneckomod:IronFang","floor":7},{"not_picked":["sneckomod:UnlimitedRolls","sneckomod:DiceCrush","sneckomod:DangerNoodle"],"picked":"SKIP","floor":8},{"not_picked":["sneckomod:RainOfDice","sneckomod:SoulDraw"],"picked":"sneckomod:UnknownX","floor":10},{"not_picked":["sneckomod:MasterEye","sneckomod:Unknown1Cost"],"picked":"sneckomod:PureSnecko","floor":11},{"not_picked":["sneckomod:UnknownCommonSkill","sneckomod:DiceCrush","sneckomod:UnknownVulnerable"],"picked":"SKIP","floor":12},{"not_picked":["sneckomod:IronFang","sneckomod:QuickBite","sneckomod:MixItUp"],"picked":"SKIP","floor":13},{"not_picked":["sneckomod:UnknownBoss","sneckomod:Restock"],"picked":"sneckomod:MorePower","floor":16},{"not_picked":["sneckomod:Unknown1Cost+1","sneckomod:UnknownUncommonSkill+1"],"picked":"sneckomod:UnknownUncommonAttack+1","floor":18},{"not_picked":["sneckomod:TrashToTreasure","sneckomod:RainOfDice"],"picked":"sneckomod:ImprovisedGuard","floor":18},{"not_picked":["sneckomod:UnknownCommonAttack+1","sneckomod:UnknownUncommonSkill+1"],"picked":"sneckomod:UnknownDexterity+1","floor":19},{"not_picked":["sneckomod:SoulDraw+1","sneckomod:UnknownDraw","sneckomod:UnknownClassRED"],"picked":"SKIP","floor":19},{"not_picked":["sneckomod:UnknownExhaust+1","sneckomod:Unknown1Cost+1"],"picked":"sneckomod:Unknown3Cost+1","floor":22},{"not_picked":["sneckomod:UnknownExhaust+1","sneckomod:UnknownCommonSkill+1"],"picked":"sneckomod:UnknownX+1","floor":22},{"not_picked":["sneckomod:QuickBite","sneckomod:UnknownColorless+1","sneckomod:UnknownClassBLUE"],"picked":"SKIP","floor":22}],"player_experience":162720,"relics_obtained":[{"floor":8,"key":"Dream Catcher"},{"floor":9,"key":"sneckomod:BlankCard"},{"floor":10,"key":"Darkstone Periapt"},{"floor":11,"key":"Bottled Lightning"},{"floor":13,"key":"Vajra"}],"event_choices":[{"damage_healed":0,"gold_gain":0,"player_choice":"Take","damage_taken":0,"max_hp_gain":0,"max_hp_loss":0,"event_name":"betterNote:BetterNote","floor":3,"gold_loss":0,"cards_obtained":["beaked:CrazyRituals"]},{"cards_removed":["ReplayTheSpireMod:Splinters"],"damage_healed":0,"gold_gain":0,"player_choice":"Removed Curses","damage_taken":0,"max_hp_gain":0,"max_hp_loss":0,"event_name":"Fountain of Cleansing","floor":14,"gold_loss":0}],"is_beta":false,"boss_relics":[{"not_picked":["ReplayTheSpireMod:DimensionalGlitch","ChewingGum"],"picked":"sneckomod:SneckoTalon"}],"items_purged_floors":[],"is_endless":false,"potions_floor_spawned":[4,12,13,16,18],"killed_by":"Slavers","ascension_level":1}}