{"host":"52xbckta4bkesypx","time":1614093843,"event":{"mods":["AchievementEnabler","AlwaysNeverKeys","BaseMod","Card Forge","Minty Spire (QoL Compilation)","Remove Card Discount Mod","Shop Mod","StSLib","SuperFastMode"],"gold_per_floor":[115,166,166,179,27,61,61,86,86,117,117,117,135,135,135,232,232,250,250,262,273,283,309,309,338,365,398,414,414,425,439,439,541,541,560,156,0,13,66,94,94,121,146,146,171,188,188,207,207,207,207,207,11,45,45],"floor_reached":56,"language":"ENG","playtime":3443,"items_purged":[],"score":1926,"play_id":"919dd096-5156-4753-b8fe-c0fcf6e279f5","local_time":"20210223152403","is_ascension_mode":true,"campfire_choices":[{"floor":7,"key":"RECALL"},{"floor":12,"key":"REST"},{"floor":15,"key":"REST"},{"floor":24,"key":"REST"},{"floor":29,"key":"REST"},{"floor":32,"key":"REST"},{"floor":41,"key":"REST"},{"floor":47,"key":"REST"},{"floor":49,"key":"REST"},{"floor":52,"key":"REST"}],"circlet_count":0,"master_deck":["Brilliance+1","Devotion+1","Judgement+1","MasterReality+1","PathToVictory+1","ReachHeaven+1","Worship+1","Protect+1","Perseverance+1","Establishment+1","Brilliance+1","PathToVictory+1","Protect+1","Perseverance+1","WheelKick+1","PathToVictory+1","Brilliance+1","Protect+1","Sanctity+1","Sanctity+1","Worship+1"],"relics":["PureWater","Hammer of Thor","Seething Fire","Anvil of the Gods","Pear","Omamori","Bag of Preparation","Anchor","Bird Faced Urn","Damaru","Busted Crown","Ancient Tea Set","Question Card","Lantern","Fusion Hammer","Ornamental Fan","Orichalcum","Red Mask","Turnip","War Paint","TeardropLocket","Happy Flower","Bronze Scales","Pen Nib","Whetstone"],"acts_visited":["Exordium","TheCity","TheBeyond","TheEnding"],"potions_floor_usage":[39,42,50,50,54,55],"damage_taken":[{"damage":3,"enemies":"Jaw Worm","floor":1,"turns":3},{"damage":0,"enemies":"2 Louse","floor":4,"turns":3},{"damage":10,"enemies":"3 Sentries","floor":6,"turns":5},{"damage":0,"enemies":"Lagavulin","floor":8,"turns":4},{"damage":0,"enemies":"3 Sentries","floor":10,"turns":4},{"damage":0,"enemies":"Small Slimes","floor":13,"turns":2},{"damage":0,"enemies":"Slime Boss","floor":16,"turns":3},{"damage":1,"enemies":"2 Thieves","floor":18,"turns":3},{"damage":0,"enemies":"Chosen","floor":20,"turns":3},{"damage":0,"enemies":"Snecko","floor":21,"turns":4},{"damage":17,"enemies":"Centurion and Healer","floor":22,"turns":3},{"damage":0,"enemies":"Book of Stabbing","floor":23,"turns":5},{"damage":15,"enemies":"Slavers","floor":25,"turns":3},{"damage":0,"enemies":"Gremlin Leader","floor":27,"turns":5},{"damage":0,"enemies":"Snake Plant","floor":28,"turns":3},{"damage":0,"enemies":"Shelled Parasite and Fungi","floor":30,"turns":2},{"damage":2,"enemies":"Centurion and Healer","floor":31,"turns":3},{"damage":19,"enemies":"Collector","floor":33,"turns":3},{"damage":0,"enemies":"3 Shapes","floor":35,"turns":3},{"damage":5,"enemies":"3 Darklings","floor":38,"turns":4},{"damage":0,"enemies":"2 Orb Walkers","floor":39,"turns":4},{"damage":0,"enemies":"Giant Head","floor":40,"turns":4},{"damage":0,"enemies":"Nemesis","floor":42,"turns":3},{"damage":0,"enemies":"Reptomancer","floor":45,"turns":4},{"damage":0,"enemies":"4 Shapes","floor":46,"turns":3},{"damage":0,"enemies":"Transient","floor":48,"turns":5},{"damage":0,"enemies":"Awakened One","floor":50,"turns":6},{"damage":0,"enemies":"Shield and Spear","floor":54,"turns":4},{"damage":64,"enemies":"The Heart","floor":55,"turns":5}],"seed_played":"-8234023627386145892","potions_obtained":[{"floor":8,"key":"BlessingOfTheForge"},{"floor":10,"key":"StancePotion"},{"floor":16,"key":"Block Potion"},{"floor":18,"key":"EssenceOfSteel"},{"floor":23,"key":"AttackPotion"},{"floor":28,"key":"Block Potion"},{"floor":40,"key":"Dexterity Potion"},{"floor":45,"key":"AttackPotion"},{"floor":54,"key":"GamblersBrew"}],"is_trial":false,"path_per_floor":["M","?","?","M","$","E","R","E","T","E","?","R","M","$","R","B",null,"M","?","M","M","M","E","R","E","T","E","M","R","M","M","R","B",null,"M","$","?","M","?","E","R","E","T","?","E","M","R","M","R","B",null,"R","$","E","B",null],"character_chosen":"WATCHER","items_purchased":["Omamori","Ornamental Fan","Orichalcum","Pen Nib","ColorlessPotion"],"campfire_rested":9,"item_purchase_floors":[5,36,36,53,53],"current_hp_per_floor":[76,76,83,83,83,73,73,73,73,79,79,89,89,89,89,89,89,89,81,87,89,72,78,89,78,78,84,89,89,89,89,89,70,89,89,89,89,84,89,89,89,89,89,89,89,89,89,89,89,89,89,89,89,89,25],"gold":45,"neow_bonus":"TEN_PERCENT_HP_BONUS","is_daily":false,"chose_seed":false,"campfire_upgraded":0,"win_rate":0.0,"timestamp":1614093843,"path_taken":["M","?","?","M","?","E","R","E","T","E","?","R","?","$","R","BOSS","M","?","M","M","M","E","R","E","T","E","M","R","?","M","R","BOSS","M","$","?","M","?","E","R","E","T","?","E","M","R","?","R","BOSS","R","$","E","BOSS"],"items_purchased_type":["Relic","Relic","Relic","Relic","Potion"],"build_version":"2020-12-22","purchased_purges":0,"victory":true,"max_hp_per_floor":[79,79,89,89,89,89,89,89,89,89,89,89,89,89,89,89,89,89,89,89,89,89,89,89,89,89,89,89,89,89,89,89,89,89,89,89,89,89,89,89,89,89,89,89,89,89,89,89,89,89,89,89,89,89,89],"card_choices":[{"not_picked":["Evaluate","Swivel","EmptyBody"],"picked":"SKIP","floor":1},{"not_picked":["Weave","Adaptation","Protect"],"picked":"SKIP","floor":4},{"not_picked":["Swivel","Vengeance","FlyingSleeves"],"picked":"SKIP","floor":6},{"not_picked":["EmptyBody","ClearTheMind","Meditate"],"picked":"SKIP","floor":8},{"not_picked":["SandsOfTime","Nirvana","Evaluate"],"picked":"SKIP","floor":10},{"not_picked":["ReachHeaven","Meditate","Devotion"],"picked":"SKIP","floor":13},{"not_picked":["EmptyBody"],"picked":"SKIP","floor":18},{"not_picked":["Collect"],"picked":"SKIP","floor":20},{"not_picked":["ClearTheMind"],"picked":"SKIP","floor":21},{"not_picked":["Crescendo"],"picked":"SKIP","floor":22},{"not_picked":["Nirvana"],"picked":"SKIP","floor":23},{"not_picked":["FlyingSleeves+1"],"picked":"SKIP","floor":25},{"not_picked":["WaveOfTheHand+1","Sanctity+1"],"picked":"SKIP","floor":27},{"not_picked":["ThirdEye","LikeWater"],"picked":"SKIP","floor":28},{"not_picked":["Protect","Crescendo"],"picked":"SKIP","floor":30},{"not_picked":["EmptyBody+1","ClearTheMind"],"picked":"SKIP","floor":31},{"not_picked":["EmptyFist+1","Perseverance+1"],"picked":"SKIP","floor":35},{"not_picked":["Halt","WreathOfFlame+1"],"picked":"SKIP","floor":38},{"not_picked":["Omniscience","PathToVictory"],"picked":"SKIP","floor":40},{"not_picked":["ReachHeaven","Swivel+1"],"picked":"SKIP","floor":42},{"not_picked":["Collect+1","Protect+1"],"picked":"SKIP","floor":45},{"not_picked":["Consecrate","Sanctity+1"],"picked":"SKIP","floor":46},{"not_picked":["SashWhip","Evaluate"],"picked":"SKIP","floor":48},{"not_picked":["FollowUp","FearNoEvil+1"],"picked":"SKIP","floor":54}],"player_experience":298753,"relics_obtained":[{"floor":6,"key":"Bag of Preparation"},{"floor":8,"key":"Anchor"},{"floor":9,"key":"Bird Faced Urn"},{"floor":10,"key":"Damaru"},{"floor":23,"key":"Ancient Tea Set"},{"floor":25,"key":"Question Card"},{"floor":27,"key":"Lantern"},{"floor":39,"key":"Turnip"},{"floor":40,"key":"War Paint"},{"floor":42,"key":"TeardropLocket"},{"floor":43,"key":"Happy Flower"},{"floor":45,"key":"Bronze Scales"},{"floor":54,"key":"Whetstone"}],"event_choices":[{"damage_healed":0,"gold_gain":51,"player_choice":"Gained Gold","damage_taken":0,"max_hp_gain":0,"max_hp_loss":0,"event_name":"Golden Wing","floor":2,"gold_loss":0},{"damage_healed":0,"gold_gain":0,"player_choice":"Success","damage_taken":3,"relics_obtained":["Pear"],"max_hp_gain":0,"max_hp_loss":0,"event_name":"Scrap Ooze","floor":3,"gold_loss":0},{"damage_healed":0,"gold_gain":0,"player_choice":"Ignored","damage_taken":0,"max_hp_gain":0,"max_hp_loss":0,"event_name":"Transmorgrifier","floor":11,"gold_loss":0},{"damage_healed":0,"gold_gain":0,"player_choice":"Damaged","damage_taken":8,"max_hp_gain":0,"max_hp_loss":0,"event_name":"Wheel of Change","floor":19,"gold_loss":0},{"damage_healed":0,"gold_gain":0,"player_choice":"Paid","damage_taken":0,"relics_obtained":["Red Mask"],"max_hp_gain":0,"max_hp_loss":0,"event_name":"Tomb of Lord Red Mask","floor":37,"gold_loss":156},{"damage_healed":0,"gold_gain":0,"player_choice":"Fight","damage_taken":0,"max_hp_gain":0,"max_hp_loss":0,"event_name":"Mysterious Sphere","floor":39,"gold_loss":0},{"damage_healed":0,"gold_gain":0,"player_choice":"Memory 1","damage_taken":0,"max_hp_gain":0,"max_hp_loss":0,"event_name":"SensoryStone","floor":44,"gold_loss":0}],"is_beta":false,"boss_relics":[{"not_picked":["Cursed Key","Ectoplasm"],"picked":"Busted Crown"},{"not_picked":["Runic Pyramid","HolyWater"],"picked":"Fusion Hammer"}],"items_purged_floors":[],"is_endless":false,"potions_floor_spawned":[8,10,16,18,23,27,28,30,33,35,40,45,48,54],"ascension_level":4}}