{"host":"s229x1smnerk6mew","time":1614084063,"event":{"mods":["BaseMod","Bestiary","Minty Spire (QoL Compilation)","Relic Stats"],"gold_per_floor":[144,189,159,204,204,294,306,408,420,522,624,711,198,258,258,558,558,603,603,203,163,208,298,298,388,388,663,38,128,173,263,263,563,563,608,1058,1058,1058,434,524,614,614,639,684,684,684,5,95,95,95],"floor_reached":51,"language":"ENG","playtime":2477,"items_purged":["Regret","Pain"],"score":1281,"play_id":"53f14027-490f-4a92-af94-ad89f89a41f5","local_time":"20210223234103","daily_mods":["Draft","Flight","Midas"],"is_ascension_mode":false,"campfire_choices":[{"floor":15,"key":"REST"},{"floor":32,"key":"REST"},{"data":"1","floor":42,"key":"LIFT"},{"data":"2","floor":45,"key":"LIFT"},{"data":"3","floor":49,"key":"LIFT"}],"circlet_count":0,"master_deck":["Spot Weakness","Evolve","Armaments+1","Shrug It Off+1","Heavy Blade","Clash+1","Thunderclap+1","Iron Wave","Pommel Strike","Headbutt","Cleave","Anger","Iron Wave","Uppercut+1","True Grit","Shrug It Off","Rage","Fiend Fire","Iron Wave","Headbutt+1","Offering+1","Heavy Blade+1","Uppercut+1","Power Through+1","Spot Weakness+1","Entrench+1","Sword Boomerang+1","Shrug It Off+1","Barricade","True Grit+1","Armaments+1","Dual Wield+1","Flame Barrier+1","Shrug It Off+1","Heavy Blade+1","Armaments+1","Feel No Pain","Impervious+1"],"relics":["Burning Blood","MawBank","InkBottle","Centennial Puzzle","Molten Egg 2","Calipers","Ginger","Strange Spoon","Snecko Eye","Paper Frog","ClockworkSouvenir","Akabeko","Enchiridion","Bird Faced Urn","Toxic Egg 2","Happy Flower","Toolbox","Pantograph","Dream Catcher","War Paint","Black Star","Old Coin","WarpedTongs","Brimstone","Vajra","Whetstone","Singing Bowl","Red Skull","Girya","Anchor","Orichalcum","Gremlin Horn","Orrery","FossilizedHelix","Toy Ornithopter","Eternal Feather","HornCleat"],"acts_visited":["Exordium","TheCity","TheBeyond"],"potions_floor_usage":[10,16,23,36,50,50],"damage_taken":[{"damage":0,"enemies":"Jaw Worm","floor":1,"turns":3},{"damage":0,"enemies":"Cultist","floor":2,"turns":2},{"damage":0,"enemies":"2 Louse","floor":4,"turns":2},{"damage":11,"enemies":"Gremlin Nob","floor":6,"turns":4},{"damage":18,"enemies":"3 Sentries","floor":8,"turns":5},{"damage":0,"enemies":"Lagavulin","floor":10,"turns":3},{"damage":14,"enemies":"Gremlin Nob","floor":11,"turns":3},{"damage":23,"enemies":"Hexaghost","floor":16,"turns":8},{"damage":0,"enemies":"Chosen","floor":18,"turns":4},{"damage":2,"enemies":"Shell Parasite","floor":22,"turns":3},{"damage":3,"enemies":"Gremlin Leader","floor":23,"turns":6},{"damage":12,"enemies":"Slavers","floor":25,"turns":3},{"damage":0,"enemies":"Book of Stabbing","floor":29,"turns":2},{"damage":12,"enemies":"Centurion and Healer","floor":30,"turns":3},{"damage":0,"enemies":"Slavers","floor":31,"turns":3},{"damage":6,"enemies":"Collector","floor":33,"turns":7},{"damage":0,"enemies":"Orb Walker","floor":35,"turns":1},{"damage":0,"enemies":"Mind Bloom Boss Battle","floor":36,"turns":4},{"damage":0,"enemies":"Reptomancer","floor":40,"turns":3},{"damage":0,"enemies":"Nemesis","floor":41,"turns":1},{"damage":0,"enemies":"3 Darklings","floor":44,"turns":4},{"damage":0,"enemies":"Giant Head","floor":48,"turns":3},{"damage":0,"enemies":"Awakened One","floor":50,"turns":7}],"seed_played":"-7386017133472573341","potions_obtained":[{"floor":1,"key":"DistilledChaos"},{"floor":2,"key":"Dexterity Potion"},{"floor":3,"key":"PowerPotion"},{"floor":8,"key":"Fire Potion"},{"floor":29,"key":"DuplicationPotion"},{"floor":30,"key":"BlessingOfTheForge"},{"floor":33,"key":"SkillPotion"},{"floor":36,"key":"FearPotion"},{"floor":41,"key":"SneckoOil"}],"is_trial":false,"path_per_floor":["M","M","?","M","?","E","?","E","T","E","E","?","$","?","R","B",null,"M","?","$","?","M","E","?","E","T","?","$","E","M","E","R","B",null,"M","?","?","?","$","E","E","R","T","M","R","T","$","E","R","B",null],"character_chosen":"IRONCLAD","items_purchased":["Ginger","DistilledChaos","Strange Spoon","Paper Frog","ClockworkSouvenir","Happy Flower","Toolbox","Pantograph","Brimstone","Vajra","Whetstone","Dual Wield+1","Orrery","FossilizedHelix","Toy Ornithopter","Feel No Pain"],"campfire_rested":2,"item_purchase_floors":[13,13,13,20,20,28,28,28,39,39,39,39,47,47,47,47],"current_hp_per_floor":[80,80,80,80,80,75,75,63,63,69,61,50,50,50,74,57,80,80,80,80,80,80,80,64,58,58,58,58,68,64,72,80,80,80,80,80,80,80,80,80,80,80,80,82,82,82,88,88,88,88],"gold":95,"neow_bonus":"","is_daily":true,"chose_seed":false,"campfire_upgraded":0,"win_rate":0.0,"timestamp":1614084063,"path_taken":["M","M","?","?","?","E","?","E","T","E","E","?","?","?","R","BOSS","M","?","$","?","?","E","?","E","T","?","$","E","?","E","R","BOSS","M","?","?","?","$","E","E","R","T","?","R","?","$","E","R","BOSS"],"items_purchased_type":["Relic","Potion","Relic","Relic","Relic","Relic","Relic","Relic","Relic","Relic","Relic","Card","Relic","Relic","Relic","Card"],"build_version":"2020-12-22","purchased_purges":2,"victory":true,"max_hp_per_floor":[80,80,80,80,80,80,80,80,80,80,80,80,80,80,80,80,80,80,80,80,80,80,80,80,80,80,80,80,80,80,80,80,80,80,80,80,80,80,80,80,80,80,80,82,82,82,88,88,88,88],"relic_stats":{"Happy Flower":[12],"Singing Bowl":8,"Gremlin Horn":[3,3],"counters":[23,84],"Eternal Feather":0,"Ginger":[4],"Whetstone":["Thunderclap","Clash"],"War Paint":["Shrug It Off","Offering"],"Orichalcum":[0],"MawBank":84,"Burning Blood":65,"WarpedTongs":[16],"Strange Spoon":[15],"Centennial Puzzle":[21],"Dream Catcher":1,"Bird Faced Urn":[8],"Pantograph":0,"Snecko Eye":[119,113,118,111],"Black Star":3,"obtain_stats":[{"Calipers":11,"Singing Bowl":40,"Gremlin Horn":46,"Enchiridion":24,"Vajra":39,"Ginger":13,"Whetstone":39,"Burning Blood":0,"ClockworkSouvenir":20,"Old Coin":36,"Centennial Puzzle":9,"Dream Catcher":29,"HornCleat":48,"Pantograph":28,"Toolbox":28,"Toxic Egg 2":26,"InkBottle":8,"Red Skull":40,"Paper Frog":20,"Girya":41,"Happy Flower":28,"Eternal Feather":48,"War Paint":31,"Orichalcum":43,"MawBank":6,"Akabeko":23,"WarpedTongs":38,"Strange Spoon":13,"Anchor":41,"Brimstone":39,"Bird Faced Urn":25,"Snecko Eye":17,"Orrery":47,"Molten Egg 2":10,"Black Star":34,"FossilizedHelix":47,"Toy Ornithopter":47},{"Calipers":7,"Singing Bowl":19,"Gremlin Horn":21,"Enchiridion":11,"Vajra":18,"Ginger":7,"Whetstone":18,"Burning Blood":0,"ClockworkSouvenir":9,"Old Coin":18,"Centennial Puzzle":5,"Dream Catcher":13,"HornCleat":22,"Pantograph":12,"Toolbox":12,"Toxic Egg 2":12,"InkBottle":5,"Red Skull":19,"Paper Frog":9,"Girya":20,"Happy Flower":12,"Eternal Feather":22,"War Paint":15,"Orichalcum":20,"MawBank":4,"Akabeko":11,"WarpedTongs":18,"Strange Spoon":7,"Anchor":20,"Brimstone":18,"Bird Faced Urn":12,"Snecko Eye":8,"Orrery":21,"Molten Egg 2":6,"Black Star":16,"FossilizedHelix":21,"Toy Ornithopter":21},{"Calipers":22,"Singing Bowl":69,"Gremlin Horn":74,"Enchiridion":43,"Vajra":66,"Ginger":22,"Whetstone":66,"Burning Blood":0,"ClockworkSouvenir":34,"Old Coin":66,"Centennial Puzzle":16,"Dream Catcher":48,"HornCleat":77,"Pantograph":46,"Toolbox":46,"Toxic Egg 2":46,"InkBottle":16,"Red Skull":69,"Paper Frog":34,"Girya":70,"Happy Flower":46,"Eternal Feather":77,"War Paint":54,"Orichalcum":70,"MawBank":11,"Akabeko":43,"WarpedTongs":66,"Strange Spoon":22,"Anchor":70,"Brimstone":66,"Bird Faced Urn":46,"Snecko Eye":30,"Orrery":74,"Molten Egg 2":19,"Black Star":61,"FossilizedHelix":74,"Toy Ornithopter":74}],"InkBottle":[26],"Toy Ornithopter":0},"card_choices":[{"not_picked":["Entrench","Thunderclap"],"picked":"Spot Weakness","floor":0},{"not_picked":["True Grit","Battle Trance"],"picked":"Evolve","floor":0},{"not_picked":["Body Slam","Iron Wave"],"picked":"Armaments","floor":0},{"not_picked":["Searing Blow","Flame Barrier"],"picked":"Shrug It Off","floor":0},{"not_picked":["Flex","Shockwave"],"picked":"Heavy Blade","floor":0},{"not_picked":["Wild Strike","Heavy Blade"],"picked":"Clash","floor":0},{"not_picked":["Flex","Infernal Blade"],"picked":"Thunderclap","floor":0},{"not_picked":["Heavy Blade","Body Slam"],"picked":"Iron Wave","floor":0},{"not_picked":["True Grit","Rampage"],"picked":"Pommel Strike","floor":0},{"not_picked":["Pummel","Reckless Charge"],"picked":"Headbutt","floor":0},{"not_picked":["Flex","Body Slam"],"picked":"Cleave","floor":0},{"not_picked":["Perfected Strike","Heavy Blade"],"picked":"Anger","floor":0},{"not_picked":["Heavy Blade","Warcry"],"picked":"Iron Wave","floor":0},{"not_picked":["Pommel Strike","Battle Trance"],"picked":"Uppercut","floor":0},{"not_picked":["Perfected Strike","Headbutt"],"picked":"True Grit","floor":0},{"not_picked":["Heavy Blade","Anger","Sword Boomerang"],"picked":"SKIP","floor":1},{"not_picked":["Armaments","Entrench"],"picked":"Shrug It Off","floor":2},{"not_picked":["Reckless Charge","Flex"],"picked":"Rage","floor":4},{"not_picked":["Iron Wave","Body Slam"],"picked":"Fiend Fire","floor":6},{"not_picked":["Heavy Blade","Shrug It Off"],"picked":"Iron Wave","floor":8},{"not_picked":["Bloodletting","Intimidate"],"picked":"Headbutt+1","floor":10},{"not_picked":["Perfected Strike+1","Combust","Fire Breathing"],"picked":"SKIP","floor":11},{"not_picked":["Exhume","Berserk"],"picked":"Offering","floor":16},{"not_picked":["Thunderclap+1","Dropkick+1"],"picked":"Heavy Blade+1","floor":18},{"not_picked":["Sword Boomerang+1","Whirlwind+1"],"picked":"Power Through+1","floor":22},{"not_picked":["Clothesline+1","Heavy Blade+1"],"picked":"Spot Weakness+1","floor":23},{"not_picked":["Headbutt+1","Double Tap","Fire Breathing"],"picked":"SKIP","floor":25},{"not_picked":["Sword Boomerang+1","Flex+1","Sever Soul+1"],"picked":"SKIP","floor":29},{"not_picked":["Reckless Charge+1","Bloodletting+1"],"picked":"Entrench+1","floor":30},{"not_picked":["Hemokinesis+1","Perfected Strike+1"],"picked":"Sword Boomerang+1","floor":31},{"not_picked":["Clothesline+1","Power Through+1"],"picked":"Shrug It Off+1","floor":32},{"not_picked":["Exhume+1","Offering+1"],"picked":"Barricade","floor":33},{"not_picked":["Power Through+1","Thunderclap+1"],"picked":"True Grit+1","floor":35},{"not_picked":["Pommel Strike+1","Havoc+1"],"picked":"Armaments+1","floor":36},{"not_picked":["Anger+1","Barricade"],"picked":"Flame Barrier+1","floor":40},{"not_picked":["Thunderclap+1","Blood for Blood+1"],"picked":"Shrug It Off+1","floor":41},{"not_picked":["Headbutt+1","Pommel Strike+1","Infernal Blade+1"],"picked":"Singing Bowl","floor":44},{"not_picked":["Sword Boomerang+1","Clothesline+1","Flex+1"],"picked":"Singing Bowl","floor":47},{"not_picked":["Sword Boomerang+1","Iron Wave+1","Headbutt+1"],"picked":"Singing Bowl","floor":47},{"not_picked":["Shrug It Off+1","Wild Strike+1"],"picked":"Heavy Blade+1","floor":47},{"not_picked":["Twin Strike+1","Armaments+1","Thunderclap+1"],"picked":"Singing Bowl","floor":47},{"not_picked":["Combust+1","Spot Weakness+1"],"picked":"Armaments+1","floor":47},{"not_picked":["Warcry+1","Dropkick+1"],"picked":"Impervious+1","floor":48}],"player_experience":2098700,"relics_obtained":[{"floor":6,"key":"MawBank"},{"floor":8,"key":"InkBottle"},{"floor":9,"key":"Centennial Puzzle"},{"floor":10,"key":"Molten Egg 2"},{"floor":11,"key":"Calipers"},{"floor":23,"key":"Akabeko"},{"floor":24,"key":"Enchiridion"},{"floor":25,"key":"Bird Faced Urn"},{"floor":26,"key":"Toxic Egg 2"},{"floor":29,"key":"Dream Catcher"},{"floor":31,"key":"War Paint"},{"floor":36,"key":"Old Coin"},{"floor":40,"key":"Singing Bowl"},{"floor":40,"key":"Red Skull"},{"floor":41,"key":"Girya"},{"floor":41,"key":"Anchor"},{"floor":43,"key":"Orichalcum"},{"floor":46,"key":"Gremlin Horn"},{"floor":48,"key":"Eternal Feather"},{"floor":48,"key":"HornCleat"}],"event_choices":[{"damage_healed":0,"gold_gain":0,"player_choice":"Bought 2 Potions","damage_taken":0,"max_hp_gain":0,"max_hp_loss":0,"event_name":"The Woman in Blue","floor":3,"gold_loss":0},{"damage_healed":0,"gold_gain":0,"player_choice":"Leave","damage_taken":0,"max_hp_gain":0,"max_hp_loss":0,"event_name":"The Cleric","floor":5,"gold_loss":0},{"damage_healed":0,"gold_gain":0,"player_choice":"Grow","damage_taken":0,"max_hp_gain":0,"max_hp_loss":0,"event_name":"Living Wall","floor":7,"gold_loss":0,"cards_upgraded":["Uppercut"]},{"damage_healed":0,"gold_gain":75,"player_choice":"Gather Gold","damage_taken":11,"max_hp_gain":0,"max_hp_loss":0,"event_name":"World of Goop","floor":12,"gold_loss":0},{"damage_healed":0,"gold_gain":60,"player_choice":"Gained Gold","damage_taken":0,"max_hp_gain":0,"max_hp_loss":0,"event_name":"Golden Wing","floor":14,"gold_loss":0},{"damage_healed":0,"gold_gain":0,"player_choice":"Read","damage_taken":0,"max_hp_gain":0,"max_hp_loss":0,"event_name":"The Library","floor":19,"gold_loss":0,"cards_obtained":["Uppercut"]},{"damage_healed":0,"gold_gain":0,"player_choice":"Upgrade","damage_taken":0,"max_hp_gain":0,"max_hp_loss":0,"event_name":"Designer","floor":21,"gold_loss":40,"cards_upgraded":["Armaments"]},{"damage_healed":0,"gold_gain":0,"player_choice":"Obtained Book","damage_taken":16,"max_hp_gain":0,"max_hp_loss":0,"event_name":"Cursed Tome","floor":24,"gold_loss":0},{"damage_healed":0,"gold_gain":275,"player_choice":"Desecrate","damage_taken":0,"max_hp_gain":0,"max_hp_loss":0,"event_name":"Golden Shrine","floor":27,"gold_loss":0,"cards_obtained":["Regret"]},{"damage_healed":0,"gold_gain":0,"player_choice":"Fight","damage_taken":0,"max_hp_gain":0,"max_hp_loss":0,"event_name":"MindBloom","floor":36,"gold_loss":0},{"damage_healed":0,"gold_gain":0,"player_choice":"Ignored","damage_taken":0,"max_hp_gain":0,"max_hp_loss":0,"event_name":"Tomb of Lord Red Mask","floor":37,"gold_loss":0},{"damage_healed":0,"gold_gain":0,"player_choice":"Rummage","damage_taken":0,"relics_obtained":["WarpedTongs"],"max_hp_gain":0,"max_hp_loss":0,"event_name":"Accursed Blacksmith","floor":38,"gold_loss":0,"cards_obtained":["Pain"]}],"is_beta":false,"boss_relics":[{"not_picked":["Sozu","Astrolabe"],"picked":"Snecko Eye"},{"not_picked":["SlaversCollar","Tiny House"],"picked":"Black Star"}],"items_purged_floors":[28,39],"is_endless":false,"potions_floor_spawned":[1,2,8,29,30,31,33,36,41,48],"ascension_level":0}}