{"host":"dk2z91z2zpxxiy2a","time":1614115004,"event":{"mods":["Act Like it!","Aspiration","BaseMod","BetterRewards","Colored Map","Colored Powertips","Conspire","DeckTracker","Energized Spire","Halation","Hermit","Hubris","Key Reminder","Minty Spire (QoL Compilation)","Relic Stats","Replay The Spire","Shop Mod","StSLib","The Bladedancer","The Necromancer"],"gold_per_floor":[366,384,139,154,227,256,281,295,321,321,348,348,348,363,363,468,468,499,513,40,40,58,58,124,124,147,223,235,279,279,319,319,331,331],"floor_reached":33,"language":"ENG","playtime":2759,"items_purged":["hermit:Strike_Hermit","hermit:Defend_Hermit"],"score":320,"play_id":"1f1e026e-6fc5-4546-b393-71f276beee04","local_time":"20210223161644","is_ascension_mode":false,"campfire_choices":[{"data":"hermit:Determination","floor":10,"key":"SMITH"},{"data":"hermit:FlashPowder","floor":13,"key":"SMITH"},{"data":"hermit:WideOpen","floor":15,"key":"SMITH"},{"floor":23,"key":"REST"},{"floor":30,"key":"REST"},{"floor":32,"key":"REST"}],"circlet_count":0,"master_deck":["hermit:Strike_Hermit","hermit:Strike_Hermit","hermit:Strike_Hermit","hermit:Defend_Hermit","hermit:Defend_Hermit","hermit:Defend_Hermit","hermit:Snapshot","hermit:Covet","hermit:Feint","hermit:Dive","hermit:WideOpen+1","hermit:Coalescence","hermit:Determination+1","hermit:Spite","ReplayTheSpireMod:Splinters","hermit:TrackingShot","hermit:ItchyTrigger","hermit:HoleUp","hermit:Vantage","hermit:FlashPowder+1","hermit:DeadOrAlive","hermit:Midnight","hermit:LowProfile","hermit:TakeAim","hermit:Glare","hermit:Determination","hermit:Snipe","hermit:Quickdraw+1","hermit:HighNoon","hermit:Coalescence"],"relics":["hermit:Momento","Dream Catcher","Onion Ring","Odd Mushroom","Nunchaku","Bronze Scales","keyreminder:keyreminder","halation:SmartPhone","Iron Hammer","hubris:CuriousFeather","Replay:Bandana","Molten Egg 2"],"acts_visited":["Exordium","TheCity"],"potions_floor_usage":[11,11,22,29,33,33],"damage_taken":[{"damage":2,"enemies":"Small Slimes","floor":1,"turns":2},{"damage":0,"enemies":"2 Louse","floor":2,"turns":3},{"damage":0,"enemies":"conspire:RoseBush","floor":4,"turns":3},{"damage":9,"enemies":"Replay:BlueRogue","floor":6,"turns":7},{"damage":8,"enemies":"The Mushroom Lair","floor":7,"turns":3},{"damage":2,"enemies":"3 Louse","floor":8,"turns":3},{"damage":16,"enemies":"Gremlin Nob","floor":11,"turns":4},{"damage":5,"enemies":"Red Slaver","floor":14,"turns":4},{"damage":17,"enemies":"Hexaghost","floor":16,"turns":10},{"damage":12,"enemies":"conspire:FuzzyDice","floor":18,"turns":8},{"damage":15,"enemies":"Spheric Guardian","floor":19,"turns":4},{"damage":12,"enemies":"Cultist and Chosen","floor":22,"turns":7},{"damage":0,"enemies":"Replay:Snechameleon","floor":24,"turns":4},{"damage":9,"enemies":"conspire:SneckoGhost","floor":27,"turns":7},{"damage":8,"enemies":"Colosseum Slavers","floor":28,"turns":5},{"damage":0,"enemies":"Snake Plant","floor":29,"turns":2},{"damage":0,"enemies":"conspire:HollyBat","floor":31,"turns":8},{"damage":55,"enemies":"Collector","floor":33,"turns":7}],"seed_played":"-516750485069961454","potions_obtained":[{"floor":1,"key":"Swift Potion"},{"floor":5,"key":"DistilledChaos"},{"floor":6,"key":"DuplicationPotion"},{"floor":7,"key":"Block Potion"},{"floor":19,"key":"Weak Potion"},{"floor":22,"key":"hermit:Tonic"},{"floor":27,"key":"SteroidPotion"},{"floor":31,"key":"Ancient Potion"}],"is_trial":false,"path_per_floor":["M","M","$","M","?","E","?","M","T","R","E","?","R","M","R","B",null,"M","M","$","$","M","R","E","?","T","E","?","M","R","M","R","B"],"character_chosen":"HERMIT","items_purchased":["hermit:WideOpen","hermit:Coalescence","hermit:Determination","hermit:TakeAim","hermit:Glare","Iron Hammer"],"campfire_rested":3,"item_purchase_floors":[3,3,3,20,20,20],"current_hp_per_floor":[66,66,66,66,66,57,49,47,47,47,31,68,68,63,63,46,68,56,41,41,41,23,37,31,31,31,22,14,14,28,28,48,0,0],"gold":331,"neow_bonus":"TWO_FIFTY_GOLD","is_daily":false,"chose_seed":false,"campfire_upgraded":3,"win_rate":0.0,"timestamp":1614115004,"path_taken":["M","M","$","M","?","E","?","M","T","R","E","?","R","M","R","BOSS","M","M","?","$","M","R","E","?","T","E","?","M","R","M","R","BOSS"],"items_purchased_type":["Card","Card","Card","Card","Card","Relic"],"build_version":"2020-12-22","purchased_purges":2,"victory":false,"max_hp_per_floor":[68,68,68,68,68,68,68,68,68,68,68,68,68,68,68,68,68,68,68,68,68,68,68,68,68,68,68,68,68,68,68,68,68,68],"relic_stats":{"Dream Catcher":3,"Nunchaku":[10],"counters":[18,91],"Bronze Scales":[170],"obtain_stats":[{"keyreminder:keyreminder":11,"halation:SmartPhone":17,"Dream Catcher":5,"Nunchaku":9,"Replay:Bandana":26,"Bronze Scales":11,"Onion Ring":6,"Molten Egg 2":27,"Iron Hammer":20,"hubris:CuriousFeather":24,"Odd Mushroom":7,"hermit:Momento":0},{"keyreminder:keyreminder":7,"halation:SmartPhone":9,"Dream Catcher":3,"Nunchaku":6,"Replay:Bandana":13,"Bronze Scales":7,"Onion Ring":4,"Molten Egg 2":14,"Iron Hammer":11,"hubris:CuriousFeather":13,"Odd Mushroom":5,"hermit:Momento":0},{"keyreminder:keyreminder":25,"halation:SmartPhone":39,"Dream Catcher":8,"Nunchaku":21,"Replay:Bandana":62,"Bronze Scales":25,"Onion Ring":15,"Molten Egg 2":69,"Iron Hammer":51,"hubris:CuriousFeather":62,"Odd Mushroom":18,"hermit:Momento":0}]},"card_choices":[{"not_picked":["hermit:DeadMansHand","hermit:Misfire"],"picked":"hermit:Feint","floor":1},{"not_picked":["hermit:Malice","hermit:LoneWolf"],"picked":"hermit:Dive","floor":2},{"not_picked":["hermit:Misfire","hermit:LoneWolf"],"picked":"hermit:Spite","floor":4},{"not_picked":["hermit:Maintenance","hermit:LowProfile"],"picked":"hermit:TrackingShot","floor":5},{"not_picked":["hermit:Shortfuse","hermit:FatalDesire"],"picked":"hermit:ItchyTrigger","floor":6},{"not_picked":["hermit:DeadMansHand","hermit:HighCaliber"],"picked":"hermit:HoleUp","floor":7},{"not_picked":["hermit:WideOpen","hermit:Feint"],"picked":"hermit:Vantage","floor":8},{"not_picked":["hermit:EternalForm","hermit:Snipe"],"picked":"hermit:FlashPowder","floor":11},{"not_picked":["hermit:DeadMansHand","hermit:Showdown","hermit:Coalescence"],"picked":"SKIP","floor":14},{"not_picked":["hermit:EternalForm","hermit:HeroicBravado"],"picked":"hermit:DeadOrAlive","floor":16},{"not_picked":["hermit:Horror","hermit:HoleUp"],"picked":"hermit:Midnight","floor":18},{"not_picked":["hermit:FlashPowder","hermit:HighCaliber"],"picked":"hermit:LowProfile","floor":19},{"not_picked":["hermit:Showdown+1","hermit:Misfire"],"picked":"hermit:Determination","floor":22},{"not_picked":["hermit:Combo","hermit:Quickdraw"],"picked":"hermit:Snipe","floor":23},{"not_picked":["hermit:LuckOfTheDraw+1","hermit:Desperado"],"picked":"hermit:Quickdraw+1","floor":24},{"not_picked":["hermit:Dive","hermit:TakeCover"],"picked":"hermit:HighNoon","floor":27},{"not_picked":["hermit:Ricochet+1","hermit:TrackingShot+1","hermit:LuckOfTheDraw"],"picked":"SKIP","floor":29},{"not_picked":["hermit:Spite+1","hermit:CalledShot+1"],"picked":"hermit:Coalescence","floor":30},{"not_picked":["hermit:DeadOrAlive+1","hermit:Misfire+1","hermit:Midnight"],"picked":"SKIP","floor":31}],"player_experience":472451,"relics_obtained":[{"floor":5,"key":"Dream Catcher"},{"floor":6,"key":"Onion Ring"},{"floor":7,"key":"Odd Mushroom"},{"floor":9,"key":"Nunchaku"},{"floor":11,"key":"Bronze Scales"},{"floor":24,"key":"hubris:CuriousFeather"},{"floor":26,"key":"Replay:Bandana"},{"floor":27,"key":"Molten Egg 2"}],"event_choices":[{"damage_healed":0,"gold_gain":0,"player_choice":"Fought Mushrooms","damage_taken":0,"max_hp_gain":0,"max_hp_loss":0,"event_name":"Mushrooms","floor":7,"gold_loss":0},{"damage_healed":37,"gold_gain":0,"player_choice":"Full Heal","damage_taken":0,"max_hp_gain":0,"max_hp_loss":0,"event_name":"Wheel of Change","floor":12,"gold_loss":0},{"damage_healed":0,"gold_gain":0,"player_choice":"Fight","damage_taken":0,"max_hp_gain":0,"max_hp_loss":0,"event_name":"Colosseum","floor":28,"gold_loss":0},{"damage_healed":0,"gold_gain":0,"player_choice":"Fled From Nobs","damage_taken":0,"max_hp_gain":0,"max_hp_loss":0,"event_name":"Colosseum","floor":28,"gold_loss":0}],"is_beta":false,"boss_relics":[{"not_picked":["hermit:BartenderGlass","conspire:SeveredTorchhead"],"picked":"halation:SmartPhone"}],"items_purged_floors":[3,20],"is_endless":false,"potions_floor_spawned":[1,6,7,8,19,22,27,31],"killed_by":"Collector","ascension_level":0}}