{"host":"i29s15dsg0c43zmx","time":1614104246,"event":{"mods":["AchievementEnabler","BaseMod","Colored Map","Minty Spire (QoL Compilation)","StSLib"],"gold_per_floor":[112,37,37,47,67,97,124,36,36,52,81,81,107,120,120,216,216,235,246,265,278,278,278,278,278,302,302,302],"floor_reached":27,"language":"ENG","playtime":1060,"items_purged":["Defend_P","Strike_P"],"score":235,"play_id":"59744c79-6384-494d-9727-3a0012a1aadd","local_time":"20210223191726","is_ascension_mode":false,"campfire_choices":[{"data":"CutThroughFate","floor":12.0,"key":"SMITH"},{"floor":15.0,"key":"REST"},{"data":"DevaForm","floor":23,"key":"SMITH"}],"circlet_count":0,"master_deck":["Strike_P","Defend_P","Defend_P","Eruption+1","Vigilance","Brilliance","Wallop","FlurryOfBlows","DeceiveReality","FlurryOfBlows+1","EmptyBody","EmptyBody","CutThroughFate+1","Worship","Protect","DevaForm+1","BattleHymn+1","Collect+1","CutThroughFate+1","Prostrate","Worship","EmptyFist"],"relics":["PureWater","MawBank","Bag of Marbles","Blue Candle","Whetstone","Astrolabe","Bottled Lightning","Omamori"],"acts_visited":["Exordium","TheCity"],"potions_floor_usage":[21,21],"damage_taken":[{"damage":0.0,"enemies":"Cultist","floor":1.0,"turns":2.0},{"damage":6.0,"enemies":"Jaw Worm","floor":4.0,"turns":3.0},{"damage":0.0,"enemies":"2 Louse","floor":5.0,"turns":2.0},{"damage":12.0,"enemies":"Gremlin Nob","floor":6.0,"turns":3.0},{"damage":19.0,"enemies":"Blue Slaver","floor":7.0,"turns":2.0},{"damage":4.0,"enemies":"Red Slaver","floor":10.0,"turns":3.0},{"damage":1.0,"enemies":"3 Sentries","floor":11.0,"turns":8.0},{"damage":2.0,"enemies":"Lagavulin","floor":13.0,"turns":3.0},{"damage":0.0,"enemies":"2 Fungi Beasts","floor":14.0,"turns":2.0},{"damage":47.0,"enemies":"The Guardian","floor":16.0,"turns":7.0},{"damage":3,"enemies":"Spheric Guardian","floor":18,"turns":3},{"damage":10,"enemies":"Chosen","floor":19,"turns":3},{"damage":13,"enemies":"Snecko","floor":20,"turns":4},{"damage":31,"enemies":"Snake Plant","floor":21,"turns":5},{"damage":15,"enemies":"Centurion and Healer","floor":27,"turns":2}],"seed_played":"8874136010136790314","potions_obtained":[{"floor":5.0,"key":"SpeedPotion"},{"floor":10.0,"key":"Fire Potion"},{"floor":11.0,"key":"AttackPotion"},{"floor":13.0,"key":"DistilledChaos"}],"is_trial":false,"path_per_floor":["M","$","?","M","M","E","M","$","T","M","E","R","E","M","R","B",null,"M","M","M","M","?","R","?","T","T","M"],"character_chosen":"WATCHER","items_purchased":[],"campfire_rested":1,"item_purchase_floors":[],"current_hp_per_floor":[72,72,72,66,66,54,35,35,35,31,30,30,28,28,49,2,72,69,59,46,15,15,15,15,15,15,0,0],"gold":302,"neow_bonus":"ONE_RANDOM_RARE_CARD","is_daily":false,"chose_seed":false,"campfire_upgraded":2,"win_rate":0.0,"timestamp":1614104246,"path_taken":["M","$","?","M","M","E","M","?","T","M","E","R","E","M","R","BOSS","M","M","M","M","?","R","?","?","T","M"],"items_purchased_type":[],"build_version":"2020-12-22","purchased_purges":2,"victory":false,"max_hp_per_floor":[72,72,72,72,72,72,72,72,72,72,72,72,72,72,72,72,72,72,72,72,72,72,72,72,72,72,72,72],"card_choices":[{"not_picked":["Crescendo","SandsOfTime"],"picked":"Wallop","floor":1.0},{"not_picked":["MentalFortress","ReachHeaven"],"picked":"FlurryOfBlows","floor":4.0},{"not_picked":["CrushJoints","SashWhip"],"picked":"DeceiveReality","floor":5.0},{"not_picked":["BattleHymn","ClearTheMind"],"picked":"FlurryOfBlows","floor":6.0},{"not_picked":["Vengeance","Meditate"],"picked":"EmptyBody","floor":7.0},{"not_picked":["FollowUp","Collect"],"picked":"EmptyBody","floor":10.0},{"not_picked":["Brilliance","Evaluate"],"picked":"CutThroughFate","floor":11.0},{"not_picked":["PathToVictory","FollowUp"],"picked":"Worship","floor":13.0},{"not_picked":["Swivel","Vengeance"],"picked":"Protect","floor":14.0},{"not_picked":["ConjureBlade","SpiritShield"],"picked":"DevaForm","floor":16.0},{"not_picked":["EmptyBody","ReachHeaven","Indignation"],"picked":"SKIP","floor":18},{"not_picked":["Consecrate","CutThroughFate"],"picked":"Prostrate","floor":19},{"not_picked":["Protect","CrushJoints","Alpha"],"picked":"SKIP","floor":20},{"not_picked":["Perseverance","ThirdEye"],"picked":"Worship","floor":21}],"player_experience":124732,"relics_obtained":[{"floor":6.0,"key":"MawBank"},{"floor":9.0,"key":"Bag of Marbles"},{"floor":11.0,"key":"Blue Candle"},{"floor":13.0,"key":"Whetstone"},{"floor":25,"key":"Bottled Lightning"},{"floor":26,"key":"Omamori"}],"event_choices":[{"damage_healed":0.0,"max_hp_gain":0.0,"max_hp_loss":0.0,"gold_gain":0.0,"event_name":"Accursed Blacksmith","player_choice":"Forge","floor":3.0,"gold_loss":0.0,"damage_taken":0.0,"cards_upgraded":["Eruption"]},{"damage_healed":0,"gold_gain":0,"player_choice":"Read","damage_taken":0,"max_hp_gain":0,"max_hp_loss":0,"event_name":"The Library","floor":22,"gold_loss":0,"cards_obtained":["EmptyFist"]},{"damage_healed":0,"gold_gain":0,"player_choice":"Ignored","damage_taken":0,"max_hp_gain":0,"max_hp_loss":0,"event_name":"Ghosts","floor":24,"gold_loss":0}],"is_beta":false,"boss_relics":[{"not_picked":["Black Star","Cursed Key"],"picked":"Astrolabe"}],"items_purged_floors":[2,8],"is_endless":false,"potions_floor_spawned":[5,10,11,13,19,20],"killed_by":"Centurion and Healer","ascension_level":0}}