{"host":"lexjlbpq6ib1pogf","time":1614074688,"event":{"mods":["BaseMod","BetterRewards","Minty Spire (QoL Compilation)"],"gold_per_floor":[118,136,153,153,169,197,197,272,272,272,272,301,319,329,329,431,431,445,460,19,19,19],"floor_reached":21,"language":"ENG","playtime":2111,"items_purged":[],"score":191,"play_id":"50d251af-9dda-4448-b36a-af9bdcf7c8ea","local_time":"20210223210448","is_ascension_mode":false,"campfire_choices":[{"floor":7,"key":"REST"},{"floor":10,"key":"REST"},{"floor":15,"key":"REST"}],"circlet_count":0,"master_deck":["Strike_G","Strike_G","Strike_G","Strike_G","Strike_G","Defend_G","Defend_G","Defend_G","Defend_G","Defend_G","Survivor","Neutralize","Flying Knee","Deadly Poison","Noxious Fumes","Flying Knee","Heel Hook","Infinite Blades","Accuracy","Regret","Blur","Backflip","Cloak And Dagger","Deflect","A Thousand Cuts","Poisoned Stab+1","Deadly Poison","Magnetism"],"relics":["Ring of the Snake","NeowsBlessing","Dream Catcher","Mercury Hourglass","Incense Burner","Bag of Preparation","Black Star","Meat on the Bone"],"acts_visited":["Exordium","TheCity"],"potions_floor_usage":[6,16,16,19,19],"damage_taken":[{"damage":0,"enemies":"Jaw Worm","floor":1,"turns":1},{"damage":0,"enemies":"Small Slimes","floor":2,"turns":1},{"damage":0,"enemies":"2 Louse","floor":3,"turns":1},{"damage":8,"enemies":"Red Slaver","floor":5,"turns":4},{"damage":28,"enemies":"3 Sentries","floor":6,"turns":7},{"damage":17,"enemies":"Lagavulin","floor":12,"turns":5},{"damage":2,"enemies":"Large Slime","floor":13,"turns":4},{"damage":16,"enemies":"Lots of Slimes","floor":14,"turns":3},{"damage":26,"enemies":"Slime Boss","floor":16,"turns":8},{"damage":25,"enemies":"Shell Parasite","floor":18,"turns":6},{"damage":33,"enemies":"2 Thieves","floor":19,"turns":3},{"damage":14,"enemies":"Chosen and Byrds","floor":21,"turns":5}],"seed_played":"4614993738995630148","potions_obtained":[{"floor":1,"key":"Fire Potion"},{"floor":3,"key":"Explosive Potion"},{"floor":5,"key":"FearPotion"},{"floor":12,"key":"LiquidBronze"},{"floor":16,"key":"Explosive Potion"}],"is_trial":false,"path_per_floor":["M","M","M","?","M","E","R","?","T","R","?","E","M","M","R","B",null,"M","M","$","M"],"character_chosen":"THE_SILENT","items_purchased":["Meat on the Bone","Magnetism"],"campfire_rested":3,"item_purchase_floors":[20,20],"current_hp_per_floor":[70,70,70,70,62,34,55,44,44,65,65,48,46,30,51,25,70,45,12,12,0,0],"gold":19,"neow_bonus":"THREE_ENEMY_KILL","is_daily":false,"chose_seed":false,"campfire_upgraded":0,"win_rate":0.0,"timestamp":1614074688,"path_taken":["M","M","M","?","M","E","R","?","T","R","?","E","?","M","R","BOSS","M","M","$","M"],"items_purchased_type":["Relic","Card"],"build_version":"2020-12-22","purchased_purges":0,"victory":false,"max_hp_per_floor":[70,70,70,70,70,70,70,70,70,70,70,70,70,70,70,70,70,70,70,70,70,70],"card_choices":[{"not_picked":["Choke","Backflip"],"picked":"Flying Knee","floor":1},{"not_picked":["Bane","Burst"],"picked":"Deadly Poison","floor":2},{"not_picked":["Finisher","Acrobatics"],"picked":"Noxious Fumes","floor":3},{"not_picked":["Slice","Prepared"],"picked":"Flying Knee","floor":5},{"not_picked":["Underhanded Strike","Outmaneuver"],"picked":"Heel Hook","floor":6},{"not_picked":["Finisher","Slice"],"picked":"Infinite Blades","floor":7},{"not_picked":["Tools of the Trade","Deadly Poison"],"picked":"Accuracy","floor":10},{"not_picked":["Riddle With Holes","Outmaneuver"],"picked":"Blur","floor":12},{"not_picked":["Skewer","Deflect"],"picked":"Backflip","floor":13},{"not_picked":["Finisher","Distraction"],"picked":"Cloak And Dagger","floor":14},{"not_picked":["Acrobatics","Sucker Punch"],"picked":"Deflect","floor":15},{"not_picked":["Storm of Steel","Unload"],"picked":"A Thousand Cuts","floor":16},{"not_picked":["Blur","Prepared"],"picked":"Poisoned Stab+1","floor":18},{"not_picked":["Endless Agony","Deflect+1"],"picked":"Deadly Poison","floor":19}],"player_experience":90373,"relics_obtained":[{"floor":6,"key":"Dream Catcher"},{"floor":9,"key":"Mercury Hourglass"},{"floor":12,"key":"Bag of Preparation"}],"event_choices":[{"damage_healed":0,"gold_gain":0,"player_choice":"Leave","damage_taken":0,"max_hp_gain":0,"max_hp_loss":0,"event_name":"The Cleric","floor":4,"gold_loss":0},{"damage_healed":0,"gold_gain":75,"player_choice":"Gather Gold","damage_taken":11,"max_hp_gain":0,"max_hp_loss":0,"event_name":"World of Goop","floor":8,"gold_loss":0},{"damage_healed":0,"gold_gain":0,"player_choice":"Box","damage_taken":0,"relics_obtained":["Incense Burner"],"max_hp_gain":0,"max_hp_loss":0,"event_name":"Big Fish","floor":11,"gold_loss":0,"cards_obtained":["Regret"]}],"is_beta":false,"boss_relics":[{"not_picked":["SlaversCollar","WristBlade"],"picked":"Black Star"}],"items_purged_floors":[],"is_endless":false,"potions_floor_spawned":[1,3,5,12,13,16],"killed_by":"Chosen and Byrds","ascension_level":0}}