{"host":"bpr07pynnqpe5ded","time":1614101733,"event":{"mods":["2.2 Compatiblity","Aspiration","BaseMod","Better Note","Better Third Choice","BetterRewards","Downfall","Jorbs\u0027s Wanderer Trilogy","Minty Spire (QoL Compilation)","Replay The Spire","Shop Mod","StSLib","The Marked","??????REMEMod"],"gold_per_floor":[17,29,29,84,30,59,59,75,75,104,114,127,127,158,158,253,253,271,281,291,306,317,349,349,349,374,374,374,374],"floor_reached":28,"language":"ENG","playtime":1448,"items_purged":[],"score":260,"play_id":"fdde9d11-98b0-4fba-a29f-ed9c799728e2","local_time":"20210223173533","is_ascension_mode":false,"campfire_choices":[{"floor":7,"key":"REST"},{"data":"Disarm","floor":13,"key":"SMITH"},{"data":"Bash","floor":15,"key":"SMITH"},{"data":"Double Tap","floor":24,"key":"SMITH"}],"circlet_count":0,"master_deck":["Strike_R","Strike_R","Strike_R","Strike_R","Strike_R","Defend_R","Defend_R","Defend_R","Defend_R","Bash+1","Berserk","Iron Wave","Dropkick+1","Clothesline+1","Thunderclap+1","Disarm+1","Rage","Corruption","Battle Trance","Pommel Strike+1","REME_Cut+1","Double Tap+1","REME_Cut+1"],"relics":["Burning Blood","REME_ComplimentaryCards","ReplayFunnel","Molten Egg 2","Nunchaku","Garlic","Happy Flower","Replay:Bottled Flurry","SlaversCollar","Replay:Rubber Ducky"],"acts_visited":["Exordium","TheCity"],"potions_floor_usage":[6,6,6,10,23,23],"damage_taken":[{"damage":10,"enemies":"Small Slimes","floor":1,"turns":3},{"damage":14,"enemies":"2 Louse","floor":2,"turns":2},{"damage":19,"enemies":"3 Sentries","floor":6,"turns":10},{"damage":6,"enemies":"Cultist","floor":8,"turns":3},{"damage":15,"enemies":"Gremlin Nob","floor":10,"turns":4},{"damage":4,"enemies":"Blue Slaver","floor":11,"turns":3},{"damage":8,"enemies":"Exordium Thugs","floor":12,"turns":4},{"damage":16,"enemies":"Lagavulin","floor":14,"turns":7},{"damage":24,"enemies":"Slime Boss","floor":16,"turns":11},{"damage":1,"enemies":"Chosen","floor":18,"turns":5},{"damage":5,"enemies":"Shell Parasite","floor":19,"turns":5},{"damage":21,"enemies":"Snecko","floor":20,"turns":7},{"damage":4,"enemies":"Snake Plant","floor":21,"turns":5},{"damage":11,"enemies":"Centurion and Healer","floor":22,"turns":7},{"damage":13,"enemies":"Slavers","floor":23,"turns":5},{"damage":0,"enemies":"Sentry and Sphere","floor":28,"turns":2}],"seed_played":"-3259805031403753064","potions_obtained":[{"floor":1,"key":"Regen Potion"},{"floor":2,"key":"SpeedPotion"},{"floor":4,"key":"BlessingOfTheForge"},{"floor":6,"key":"DistilledChaos"},{"floor":19,"key":"LiquidBronze"},{"floor":21,"key":"Milkshake"},{"floor":23,"key":"ColorlessPotion"}],"is_trial":false,"path_per_floor":["M","M","?","?","$","E","R","M","T","E","M","M","R","E","R","B",null,"M","M","M","M","M","E","R","?","T","?","M"],"character_chosen":"IRONCLAD","items_purchased":["Clothesline+1"],"campfire_rested":1,"item_purchase_floors":[5],"current_hp_per_floor":[76,68,61,29,29,30,54,54,54,45,47,45,45,35,35,17,80,80,80,65,67,62,55,55,55,55,55,55,55],"gold":374,"neow_bonus":"THREE_RARE_CARDS","is_daily":false,"chose_seed":false,"campfire_upgraded":3,"win_rate":0.0,"timestamp":1614101733,"path_taken":["M","M","?","?","$","E","R","M","T","E","?","M","R","E","R","BOSS","M","M","M","M","M","E","R","?","T","?","M"],"items_purchased_type":["Card"],"build_version":"2020-12-22","purchased_purges":0,"victory":false,"max_hp_per_floor":[80,80,80,80,80,80,80,80,80,80,80,80,80,80,80,80,80,80,80,80,80,80,80,80,80,80,80,80,80],"card_choices":[{"not_picked":["Eclipse","Fiend Fire"],"picked":"Berserk","floor":0},{"not_picked":["REME_SingleHolding","Havoc"],"picked":"Iron Wave","floor":1},{"not_picked":["Twin Strike","ReplayTheSpireMod:Corrosion Curse","Clash"],"picked":"SKIP","floor":2},{"not_picked":["Sever Soul+1","Heavy Blade+1"],"picked":"Dropkick+1","floor":4},{"not_picked":["Spot Weakness","Demon Form","Abandon"],"picked":"SKIP","floor":6},{"not_picked":["Reckless Charge+1","Thunderclap+1","REME_Cut"],"picked":"SKIP","floor":8},{"not_picked":["Feel No Pain","Flex"],"picked":"Thunderclap+1","floor":10},{"not_picked":["True Grit","Body Slam+1","Havoc"],"picked":"SKIP","floor":11},{"not_picked":["Cleave+1","Dark Embrace"],"picked":"Disarm","floor":12},{"not_picked":["REME_SingleHolding","Barricade"],"picked":"Rage","floor":14},{"not_picked":["Hemogenesis+1","Demon Form"],"picked":"Corruption","floor":16},{"not_picked":["ReplayTheSpireMod:Stacked","Shockwave","Second Wind"],"picked":"SKIP","floor":18},{"not_picked":["Body Slam+1","Seeing Red+1"],"picked":"Battle Trance","floor":19},{"not_picked":["Headbutt+1","Perfected Strike+1"],"picked":"Pommel Strike+1","floor":20},{"not_picked":["Searing Blow+1","ReplayTheSpireMod:Strike From Hell+1","Bloodletting"],"picked":"SKIP","floor":21},{"not_picked":["Headbutt+1","Twin Strike+1"],"picked":"REME_Cut+1","floor":22},{"not_picked":["Clothesline+1","ReplayTheSpireMod:Muscle Training"],"picked":"Double Tap","floor":23}],"player_experience":1224868,"relics_obtained":[{"floor":4,"key":"Molten Egg 2"},{"floor":6,"key":"Nunchaku"},{"floor":9,"key":"Garlic"},{"floor":10,"key":"Happy Flower"},{"floor":14,"key":"Replay:Bottled Flurry"},{"floor":23,"key":"Replay:Rubber Ducky"}],"event_choices":[{"damage_healed":0,"gold_gain":0,"player_choice":"Relic ","damage_taken":7,"max_hp_gain":0,"max_hp_loss":0,"event_name":"betterThird:BetterScrap","floor":3,"gold_loss":0,"cards_obtained":["REME_CRH"]},{"damage_healed":0,"gold_gain":0,"player_choice":"Ignored","damage_taken":0,"max_hp_gain":0,"max_hp_loss":0,"event_name":"Ghosts","floor":27,"gold_loss":0}],"is_beta":false,"boss_relics":[{"not_picked":["Ooze Armor","REME_ChargedStone"],"picked":"SlaversCollar"}],"items_purged_floors":[],"is_endless":false,"potions_floor_spawned":[1,2,6,19,21,23],"killed_by":"Sentry and Sphere","ascension_level":0}}