{"host":"lr7e131drr5jge75","time":1614107082,"event":{"mods":["BaseMod","BetterRewards","Minty Spire (QoL Compilation)","Permanent Neow","Quick Restart","StSLib"],"gold_per_floor":[219,238,248,260,272,11,37,37,37,48,48,48,123,137,137,239,239,251,251,251],"floor_reached":19,"language":"ENG","playtime":1003,"items_purged":[],"score":221,"play_id":"2232cba1-f79b-4253-bcdf-eb5156df4229","local_time":"20210223110442","is_ascension_mode":false,"campfire_choices":[{"floor":8,"key":"REST"},{"data":"Eruption","floor":12,"key":"SMITH"},{"data":"Crescendo","floor":15,"key":"SMITH"}],"circlet_count":0,"master_deck":["Strike_P","Strike_P","Strike_P","Strike_P","Defend_P","Defend_P","Defend_P","Defend_P","Eruption+1","Vigilance","ClearTheMind","FearNoEvil","Crescendo+1","FollowUp","Study+1","Establishment+1"],"relics":["PureWater","Gremlin Horn","Frozen Egg 2","InkBottle","VioletLotus"],"acts_visited":["Exordium","TheCity"],"potions_floor_usage":[16],"damage_taken":[{"damage":0.0,"enemies":"2 Louse","floor":1.0,"turns":4.0},{"damage":6.0,"enemies":"Small Slimes","floor":2.0,"turns":2.0},{"damage":0.0,"enemies":"Jaw Worm","floor":3.0,"turns":3.0},{"damage":0.0,"enemies":"Large Slime","floor":4.0,"turns":5.0},{"damage":6.0,"enemies":"Exordium Wildlife","floor":5.0,"turns":3.0},{"damage":16,"enemies":"Gremlin Nob","floor":7,"turns":4},{"damage":10,"enemies":"3 Louse","floor":10,"turns":2},{"damage":0,"enemies":"2 Fungi Beasts","floor":14,"turns":2},{"damage":0,"enemies":"Slime Boss","floor":16,"turns":5},{"damage":18,"enemies":"Spheric Guardian","floor":18,"turns":4},{"damage":24,"enemies":"3 Byrds","floor":19,"turns":5}],"seed_played":"4538886133321827387","potions_obtained":[{"floor":5.0,"key":"EssenceOfSteel"},{"floor":10,"key":"BlessingOfTheForge"},{"floor":16,"key":"FearPotion"}],"is_trial":false,"path_per_floor":["M","M","M","M","M","$","E","R","T","M","?","R","?","M","R","B",null,"M","M"],"character_chosen":"WATCHER","items_purchased":["Gremlin Horn"],"campfire_rested":1,"item_purchase_floors":[6],"current_hp_per_floor":[72,66,66,66,60,60,44,65,65,55,72,72,61,61,61,61,72,54,30,30],"gold":251,"neow_bonus":"HUNDRED_GOLD","is_daily":false,"chose_seed":false,"campfire_upgraded":2,"win_rate":0.0,"timestamp":1614107082,"path_taken":["M","M","M","M","M","$","E","R","T","M","?","R","?","M","R","BOSS","M","M"],"items_purchased_type":["Relic"],"build_version":"2020-12-22","purchased_purges":0,"victory":false,"max_hp_per_floor":[72,72,72,72,72,72,72,72,72,72,72,72,72,72,72,72,72,72,72,72],"card_choices":[{"not_picked":["CutThroughFate","JustLucky"],"picked":"ClearTheMind","floor":1.0},{"not_picked":["Meditate","FlurryOfBlows"],"picked":"FearNoEvil","floor":2.0},{"not_picked":["EmptyBody","CutThroughFate","Perseverance"],"picked":"SKIP","floor":3.0},{"not_picked":["ThirdEye","WaveOfTheHand","Alpha"],"picked":"SKIP","floor":4.0},{"not_picked":["SashWhip","PathToVictory"],"picked":"Crescendo","floor":5.0},{"not_picked":["TalkToTheHand","ReachHeaven","Blasphemy"],"picked":"SKIP","floor":7},{"not_picked":["JustLucky","WreathOfFlame"],"picked":"FollowUp","floor":10},{"not_picked":["ThirdEye","Perseverance"],"picked":"Study+1","floor":14},{"not_picked":["MasterReality+1","ConjureBlade"],"picked":"Establishment+1","floor":16},{"not_picked":["Protect","WreathOfFlame+1","CarveReality"],"picked":"SKIP","floor":18}],"player_experience":33550,"relics_obtained":[{"floor":7,"key":"Frozen Egg 2"},{"floor":9,"key":"InkBottle"}],"event_choices":[{"damage_healed":24,"gold_gain":0,"player_choice":"Banana","damage_taken":0,"max_hp_gain":0,"max_hp_loss":0,"event_name":"Big Fish","floor":11,"gold_loss":0},{"damage_healed":0,"gold_gain":75,"player_choice":"Gather Gold","damage_taken":11,"max_hp_gain":0,"max_hp_loss":0,"event_name":"World of Goop","floor":13,"gold_loss":0}],"is_beta":false,"boss_relics":[{"not_picked":["Busted Crown","Velvet Choker"],"picked":"VioletLotus"}],"items_purged_floors":[],"is_endless":false,"potions_floor_spawned":[5,10,16],"killed_by":"3 Byrds","ascension_level":0}}