{"host":"c1oza4x7xlyuasvd","time":1614051333,"event":{"mods":["ATMod(∞¢Ë™Mod)","Act Like it!","BaseMod","Better Vampires","Colored Powertips","Gensokyo","Marisa£®ÏF”Í°°ƒß¿Ì…≥£©","Minty Spire (QoL Compilation)","MostiFishMod","Reimu£®≤©¿ˆ¡È√Œ£©","StSLib","TestMod","The Animator","Waifu the Spire","Youmu£®ªÍ∆«—˝√Œ£©"],"gold_per_floor":[115,127,144,176,186,231,231,266,266,280,303,334,334,334,334,731,731,750,464,476,786,786,786],"floor_reached":22,"language":"ZHS","playtime":1919,"items_purged":[],"score":283,"play_id":"efda537c-a7db-438d-8eab-4a0ba2545a54","local_time":"20210223113533","is_ascension_mode":true,"campfire_choices":[{"data":"AT_LightSaberMaster","floor":7.0,"key":"SMITH"},{"data":"MostiFishMod:SephirahHod","floor":13.0,"key":"SMITH"},{"floor":15.0,"key":"RECALL"}],"circlet_count":0,"master_deck":["animator:Strike_GoblinSlayer","animator:Defend_GoblinSlayer","animator:Strike","animator:Strike","animator:Strike","animator:Defend","animator:Defend","animator:Defend","animator:LizardPriest","animator:DwarfShaman","AT_LightSaberMaster+1","MostiFishMod:SephirahHod+1","animator:Entoma+8","animator:PandorasActor","animator:MetalKnight","animator:Priestess","animator:Alexander","animator:MamiTomoe","animator:DolaRiku","animator:HomuraAkemi","animator:Mikaela+1","Gensokyo:TarnishedGold","animator:MadokaKaname","animator:Melzalgald+1"],"relics":["animator:LivingPicture","animator:ColorlessFragment","testmod-TestBox","AT_ATBox","DaveBox","animator:PurgingStone","testmod-IncinerationGenerator","MostiFishMod:Hod","NeowsBlessing","SynthV:TestCard","Philosopher\u0027s Stone","AT_ChloranthyRing","testmod-IndustrialRevolution","Strawberry","Gensokyo:OccultBall","JellyFishMachine","Happy Flower"],"acts_visited":["Exordium","Gensokyo:Gensokyo"],"potions_floor_usage":[16,16,20,21],"damage_taken":[{"damage":0.0,"enemies":"Gensokyo:Gryphon","floor":1.0,"turns":1.0},{"damage":0.0,"enemies":"Gensokyo:2_Kodama","floor":2.0,"turns":4.0},{"damage":0.0,"enemies":"Gensokyo:3_Fairies","floor":3.0,"turns":1.0},{"damage":0.0,"enemies":"Gensokyo:3_Kodama","floor":4.0,"turns":4.0},{"damage":0.0,"enemies":"Gensokyo:2_Rabbits","floor":5.0,"turns":4.0},{"damage":8.0,"enemies":"Gensokyo:Cirno","floor":6.0,"turns":5.0},{"damage":0.0,"enemies":"Gensokyo:Mamizou","floor":8.0,"turns":9.0},{"damage":0.0,"enemies":"Gensokyo:Kitsune","floor":10.0,"turns":2.0},{"damage":0.0,"enemies":"Gensokyo:Gryphon_and_Rabbit","floor":11.0,"turns":4.0},{"damage":0.0,"enemies":"Gensokyo:Aya","floor":12.0,"turns":5.0},{"damage":31,"enemies":"Gensokyo:Reimu","floor":16,"turns":8},{"damage":0,"enemies":"Gensokyo:CosmicMonolith","floor":18,"turns":4},{"damage":31,"enemies":"Gensokyo:2_Gloops","floor":20,"turns":6},{"damage":24,"enemies":"Gensokyo:Wraith","floor":21,"turns":6},{"damage":1,"enemies":"Gensokyo:Chomper_and_Gloop","floor":22,"turns":3}],"seed_played":"1112500989629246154","potions_obtained":[{"floor":2.0,"key":"ColorlessPotion"},{"floor":4.0,"key":"Fire Potion"},{"floor":6.0,"key":"DistilledChaos"},{"floor":8.0,"key":"SteroidPotion"},{"floor":10.0,"key":"ZuzhouPotion:ReiMu"},{"floor":12.0,"key":"animator:FalseLifePotion"},{"floor":18,"key":"ColorlessPotion"},{"floor":21,"key":"SmokeBomb"}],"is_trial":false,"path_per_floor":["M","M","M","M","M","E","R","E","T","M","M","E","R","?","R","B",null,"M","COS","M","M","M"],"character_chosen":"THE_ANIMATOR","items_purchased":[],"campfire_rested":0,"item_purchase_floors":[],"current_hp_per_floor":[66,68,68,68,40,34,34,34,34,36,38,46,46,46,46,15,54,54,54,25,1,0,0],"gold":786,"neow_bonus":"THREE_ENEMY_KILL","is_daily":false,"chose_seed":false,"campfire_upgraded":2,"win_rate":0.0,"timestamp":1614051333,"path_taken":["M","M","M","M","M","E","R","E","T","M","M","E","R","?","R","BOSS","M","COS","M","M","M"],"items_purchased_type":[],"build_version":"2020-12-22","purchased_purges":0,"victory":false,"max_hp_per_floor":[66,68,68,68,40,42,42,42,42,44,46,54,54,54,54,54,54,54,54,56,56,56,56],"card_choices":[{"not_picked":["animator:Cocytus","animator:RinTohsaka"],"picked":"animator:Entoma","floor":1.0},{"not_picked":["animator:Assassin","animator:Spearman","animator:Gillette","animator:Sebas"],"picked":"animator:PandorasActor","floor":2.0},{"not_picked":["animator:DwarfShaman","animator:FielNirvalen","animator:Tet","animator:Sonic"],"picked":"animator:MetalKnight","floor":3.0},{"not_picked":["animator:Pride","animator:Sloth","animator:ElricAlphonse","animator:Gluttony"],"picked":"animator:Father","floor":4.0},{"not_picked":["animator:WinryRockbell","animator:Genos","animator:Sebas","animator:Assassin"],"picked":"animator:Entoma","floor":5.0},{"not_picked":["animator:Melzalgald","animator:Fredrika","animator:OrikoMikuni","animator:MadokaKaname"],"picked":"animator:Priestess","floor":6.0},{"not_picked":["animator:DwarfShaman","animator:Evileye","animator:DolaCouronne","animator:AcuraTooru"],"picked":"animator:Alexander","floor":8.0},{"not_picked":["animator:OrikoMikuni","animator:IrohaTamaki","animator:YuiTsuruno","animator:SayakaMiki"],"picked":"animator:MamiTomoe","floor":10.0},{"not_picked":["animator:Mitsuba","animator:RinTohsaka","animator:MumenRider","animator:MamiTomoe"],"picked":"animator:Tet","floor":11.0},{"not_picked":["animator:EmiyaShirou","animator:NagisaMomoe","animator:Genos","animator:Mitsuba"],"picked":"animator:DolaRiku","floor":12.0},{"not_picked":["animator:Ainz","animator:AcuraShin","animator:Envy","animator:Guren"],"picked":"animator:HomuraAkemi","floor":16},{"not_picked":["animator:Tatsumaki","animator:Viivi","animator:AcuraAkari","animator:ChaikaBohdan"],"picked":"animator:Mikaela+1","floor":18},{"not_picked":["animator:Fredrika","animator:ElricAlphonse","animator:Sebas+1","animator:Caster"],"picked":"animator:Entoma","floor":20},{"not_picked":["animator:Ainz","animator:Saitama","animator:Jibril","animator:DolaCouronne"],"picked":"animator:MadokaKaname","floor":21},{"not_picked":["animator:ElricEdward","animator:Mikaela+1","animator:MamiTomoe","animator:Yuuichirou"],"picked":"animator:Melzalgald+1","floor":21}],"player_experience":250299,"relics_obtained":[{"floor":1.0,"key":"SynthV:TestCard"},{"floor":6.0,"key":"AT_ChloranthyRing"},{"floor":8.0,"key":"testmod-IndustrialRevolution"},{"floor":12.0,"key":"Strawberry"},{"floor":16,"key":"Gensokyo:OccultBall"}],"event_choices":[],"is_beta":false,"boss_relics":[{"not_picked":["testmod-EnergyCheck","Cursed Key"],"picked":"JellyFishMachine"}],"items_purged_floors":[],"is_endless":false,"potions_floor_spawned":[2,4,6,8,10,12,18,21],"killed_by":"Gensokyo:Chomper_and_Gloop","ascension_level":2}}