{"host":"snggrqcauaf0m8fe","time":1614116159,"event":{"mods":["BaseMod","Minty Spire (QoL Compilation)","Quick Restart"],"gold_per_floor":[116,116,116,116,139,139,159,159,184,66,93,67,82,82,82,202,202,223,223,223,246,22,61,77,77,77,110,21,35,7,7,7,135,135,153,217,217,240,315,315,349,384,466,478,503,538,403,415,415],"floor_reached":48,"language":"ENG","playtime":1659,"items_purged":["Neutralize"],"score":817,"play_id":"8f1c0faf-1ce3-46c3-bf53-b8c0801785ee","local_time":"20210223223559","is_ascension_mode":true,"campfire_choices":[{"data":"Survivor","floor":6,"key":"SMITH"},{"data":"Finisher","floor":8,"key":"SMITH"},{"data":"Cloak And Dagger","floor":15,"key":"SMITH"},{"floor":25,"key":"REST"},{"data":"Accuracy","floor":32,"key":"SMITH"},{"floor":40,"key":"REST"}],"circlet_count":0,"master_deck":["AscendersBane","Strike_G+1","Strike_G+1","Strike_G+1","Strike_G+1","Defend_G+1","Defend_G+1","Defend_G+1","Defend_G+1","Defend_G+1","Survivor+1","Finisher+1","Outmaneuver","Cloak And Dagger+1","Footwork","Cloak And Dagger","Adrenaline","Accuracy+1","Accuracy","Cloak And Dagger","Blade Dance","Infinite Blades","Footwork","Footwork","Footwork+1","Infinite Blades+1","Parasite"],"relics":["Ring of the Snake","Ancient Tea Set","Golden Idol","Eternal Feather","Nunchaku","PreservedInsect","WristBlade","Regal Pillow","Blood Vial","The Courier","Centennial Puzzle","Enchiridion","Unceasing Top","Paper Crane","MawBank","Pantograph","Pen Nib"],"acts_visited":["Exordium","TheCity","TheBeyond"],"potions_floor_usage":[18,21,29,36,45,45,45,45,46],"damage_taken":[{"damage":3,"enemies":"Small Slimes","floor":1,"turns":5},{"damage":0,"enemies":"2 Louse","floor":5,"turns":3},{"damage":0,"enemies":"Jaw Worm","floor":7,"turns":3},{"damage":9,"enemies":"Exordium Thugs","floor":13,"turns":6},{"damage":10,"enemies":"The Guardian","floor":16,"turns":17},{"damage":20,"enemies":"Chosen","floor":18,"turns":7},{"damage":1,"enemies":"Spheric Guardian","floor":21,"turns":3},{"damage":4,"enemies":"Book of Stabbing","floor":23,"turns":5},{"damage":15,"enemies":"Shelled Parasite and Fungi","floor":24,"turns":7},{"damage":0,"enemies":"Slavers","floor":27,"turns":6},{"damage":8,"enemies":"Centurion and Healer","floor":29,"turns":4},{"damage":36,"enemies":"Automaton","floor":33,"turns":9},{"damage":8,"enemies":"3 Shapes","floor":35,"turns":5},{"damage":33,"enemies":"2 Orb Walkers","floor":36,"turns":5},{"damage":0,"enemies":"Orb Walker","floor":38,"turns":3},{"damage":15,"enemies":"Nemesis","floor":41,"turns":5},{"damage":3,"enemies":"Sphere and 2 Shapes","floor":42,"turns":3},{"damage":19,"enemies":"Transient","floor":45,"turns":5},{"damage":32,"enemies":"Writhing Mass","floor":46,"turns":5},{"damage":53,"enemies":"Jaw Worm Horde","floor":48,"turns":3}],"seed_played":"-6046160285038488397","potions_obtained":[{"floor":7,"key":"SpeedPotion"},{"floor":18,"key":"SkillPotion"},{"floor":21,"key":"FairyPotion"},{"floor":27,"key":"SkillPotion"},{"floor":35,"key":"ColorlessPotion"},{"floor":38,"key":"Dexterity Potion"},{"floor":44,"key":"EntropicBrew"},{"floor":45,"key":"Fire Potion"}],"is_trial":false,"path_per_floor":["M","?","?","T","M","R","M","R","T","$","T","$","M","?","R","B",null,"M","?","?","M","$","E","M","R","T","E","$","M","$","?","R","B",null,"M","?","?","M","T","R","E","M","T","?","M","M","?","M"],"character_chosen":"THE_SILENT","items_purchased":["Cloak And Dagger","Footwork","Cloak And Dagger","Accuracy","Regal Pillow","Infinite Blades","Footwork"],"campfire_rested":2,"item_purchase_floors":[10,10,12,22,22,28,30],"current_hp_per_floor":[60,60,47,47,47,53,53,62,62,62,62,62,53,53,62,52,62,42,42,42,41,41,37,24,65,65,65,65,57,57,41,53,19,54,48,17,17,19,19,65,50,49,49,49,32,2,2,0,0],"gold":415,"neow_bonus":"RANDOM_COMMON_RELIC","is_daily":false,"chose_seed":false,"campfire_upgraded":4,"win_rate":0.0,"timestamp":1614116159,"path_taken":["M","?","?","?","?","R","M","R","T","$","?","$","M","?","R","BOSS","M","?","?","M","$","E","M","R","T","E","$","M","?","?","R","BOSS","M","?","?","M","?","R","E","M","T","?","M","?","?","M"],"items_purchased_type":["Card","Card","Card","Card","Relic","Card","Card"],"build_version":"2020-12-22","purchased_purges":1,"victory":false,"max_hp_per_floor":[70,65,65,65,65,65,65,65,65,65,65,65,65,65,65,65,65,65,65,65,65,65,65,65,65,65,65,65,65,65,65,65,65,65,65,65,65,65,65,65,65,65,65,65,65,65,65,65,65],"card_choices":[{"not_picked":["Underhanded Strike","Sucker Punch","All Out Attack"],"picked":"SKIP","floor":1},{"not_picked":["Blur","Distraction"],"picked":"Finisher","floor":5},{"not_picked":["Flying Knee","Escape Plan"],"picked":"Outmaneuver","floor":7},{"not_picked":["Concentrate","Setup","Prepared"],"picked":"SKIP","floor":13},{"not_picked":["Phantasmal Killer","Die Die Die"],"picked":"Adrenaline","floor":16},{"not_picked":["Acrobatics","Dodge and Roll","Sucker Punch+1"],"picked":"SKIP","floor":18},{"not_picked":["Outmaneuver","Prepared"],"picked":"Accuracy","floor":21},{"not_picked":["Quick Slash","Bane","Distraction"],"picked":"SKIP","floor":23},{"not_picked":["Dagger Throw","Choke"],"picked":"Cloak And Dagger","floor":24},{"not_picked":["Finisher","Crippling Poison+1"],"picked":"Blade Dance","floor":27},{"not_picked":["Terror+1","Prepared+1"],"picked":"Footwork","floor":29},{"not_picked":["Dagger Throw+1","Acrobatics","Backflip"],"picked":"SKIP","floor":35},{"not_picked":["Backflip","Poisoned Stab"],"picked":"Footwork+1","floor":36},{"not_picked":["Sucker Punch","Backflip","Underhanded Strike+1"],"picked":"SKIP","floor":38},{"not_picked":["Flying Knee","Noxious Fumes+1"],"picked":"Infinite Blades+1","floor":41},{"not_picked":["Bane+1","Doppelganger","Sucker Punch"],"picked":"SKIP","floor":42},{"not_picked":["Acrobatics+1","PiercingWail","Deadly Poison+1"],"picked":"SKIP","floor":45},{"not_picked":["Endless Agony","PiercingWail+1","Dodge and Roll+1"],"picked":"SKIP","floor":46}],"player_experience":811796,"relics_obtained":[{"floor":4,"key":"Eternal Feather"},{"floor":9,"key":"Nunchaku"},{"floor":11,"key":"PreservedInsect"},{"floor":23,"key":"Blood Vial"},{"floor":26,"key":"The Courier"},{"floor":27,"key":"Centennial Puzzle"},{"floor":31,"key":"Enchiridion"},{"floor":36,"key":"Unceasing Top"},{"floor":39,"key":"Paper Crane"},{"floor":41,"key":"MawBank"},{"floor":43,"key":"Pantograph"}],"event_choices":[{"damage_healed":0,"gold_gain":0,"player_choice":"Lose Max HP","damage_taken":0,"relics_obtained":["Golden Idol"],"max_hp_gain":0,"max_hp_loss":5,"event_name":"Golden Idol","floor":2,"gold_loss":0},{"damage_healed":0,"gold_gain":0,"player_choice":"Entered Light","damage_taken":13,"max_hp_gain":0,"max_hp_loss":0,"event_name":"Shining Light","floor":3,"gold_loss":0,"cards_upgraded":["Defend_G","Defend_G"]},{"cards_removed":["Strike_G"],"damage_healed":0,"gold_gain":0,"player_choice":"Forget","damage_taken":0,"max_hp_gain":0,"max_hp_loss":0,"event_name":"Living Wall","floor":14,"gold_loss":0},{"damage_healed":0,"gold_gain":0,"player_choice":"Simplicity","damage_taken":0,"max_hp_gain":0,"max_hp_loss":0,"event_name":"Back to Basics","floor":19,"gold_loss":0,"cards_upgraded":["Strike_G","Strike_G","Strike_G","Strike_G","Defend_G","Defend_G","Defend_G"]},{"damage_healed":0,"gold_gain":0,"player_choice":"Ignored","damage_taken":0,"max_hp_gain":0,"max_hp_loss":0,"event_name":"Ghosts","floor":20,"gold_loss":0},{"damage_healed":0,"gold_gain":0,"player_choice":"Obtained Book","damage_taken":16,"max_hp_gain":0,"max_hp_loss":0,"event_name":"Cursed Tome","floor":31,"gold_loss":0},{"damage_healed":0,"gold_gain":0,"player_choice":"Fight","damage_taken":0,"max_hp_gain":0,"max_hp_loss":0,"event_name":"Mysterious Sphere","floor":36,"gold_loss":0},{"damage_healed":0,"gold_gain":0,"player_choice":"Memory 1","damage_taken":0,"max_hp_gain":0,"max_hp_loss":0,"event_name":"SensoryStone","floor":37,"gold_loss":0},{"damage_healed":0,"gold_gain":0,"player_choice":"Got Potions","damage_taken":0,"max_hp_gain":0,"max_hp_loss":0,"event_name":"Lab","floor":44,"gold_loss":0},{"damage_healed":0,"gold_gain":0,"player_choice":"Paid Gold","damage_taken":0,"relics_obtained":["Pen Nib"],"max_hp_gain":0,"max_hp_loss":0,"event_name":"WeMeetAgain","floor":47,"gold_loss":147}],"is_beta":false,"boss_relics":[{"not_picked":["SacredBark","Cursed Key"],"picked":"WristBlade"},{"not_picked":["Runic Dome","Sozu","Coffee Dripper"]}],"items_purged_floors":[28],"is_endless":false,"potions_floor_spawned":[7,18,21,27,35,38,45],"killed_by":"Jaw Worm Horde","ascension_level":10}}