{"host":"s2xhrqek2k470vtc","time":1614113198,"event":{"mods":["AchievementEnabler","BaseMod","Better Match","Better Note","Block Reminder","Colored Map","Colored Powertips","Curses Come First","DeckTracker","Highlight Path","Minty Spire (QoL Compilation)","Quick Restart","Random Character Button","StSLib","SuperFastMode","Unceasing Turn Reminder"],"gold_per_floor":[116,116,71,90,49,76,76,93,173,200,200,234,249,249,249,323,323,338,263,295,270,270,270],"floor_reached":22,"language":"ENG","playtime":1477,"items_purged":["Strike_B"],"score":454,"play_id":"44c603c0-2e4b-4515-9544-0bb4110d36b0","local_time":"20210223144638","is_ascension_mode":true,"campfire_choices":[{"data":"Defragment","floor":7.0,"key":"SMITH"},{"data":"Zap","floor":11.0,"key":"SMITH"},{"floor":15,"key":"REST"}],"circlet_count":0,"master_deck":["AscendersBane","Strike_B","Defend_B","Defend_B","Defend_B","Defend_B","Zap+1","Dualcast","Hologram","Defragment+1","Ball Lightning","Loop","Echo Form","BootSequence","White Noise","Defragment","Genetic Algorithm","Tempest","Biased Cognition","Glacier","Reinforced Body"],"relics":["Cracked Core","NeowsBlessing","Potion Belt","Molten Egg 2","Toy Ornithopter","Blue Candle","Sozu","Red Mask"],"acts_visited":["Exordium","TheCity"],"potions_floor_usage":[16],"damage_taken":[{"damage":0.0,"enemies":"Cultist","floor":1.0,"turns":1.0},{"damage":0.0,"enemies":"2 Louse","floor":4.0,"turns":1.0},{"damage":0.0,"enemies":"3 Sentries","floor":6.0,"turns":1.0},{"damage":11.0,"enemies":"Small Slimes","floor":8.0,"turns":3.0},{"damage":15.0,"enemies":"Lagavulin","floor":10.0,"turns":7.0},{"damage":32.0,"enemies":"Gremlin Nob","floor":12.0,"turns":4.0},{"damage":0,"enemies":"2 Fungi Beasts","floor":13,"turns":3},{"damage":30,"enemies":"Slime Boss","floor":16,"turns":7},{"damage":14,"enemies":"Shell Parasite","floor":18,"turns":3},{"damage":35,"enemies":"Masked Bandits","floor":20,"turns":5},{"damage":0,"enemies":"2 Thieves","floor":21,"turns":4},{"damage":14,"enemies":"Snake Plant","floor":22,"turns":2}],"seed_played":"5989398895379288985","potions_obtained":[{"floor":6.0,"key":"Regen Potion"},{"floor":12.0,"key":"Strength Potion"}],"is_trial":false,"path_per_floor":["M","?","$","M","$","E","R","M","T","E","R","E","M","?","R","B",null,"M","$","?","M","M"],"character_chosen":"DEFECT","items_purchased":["Defragment","Loop"],"campfire_rested":1,"item_purchase_floors":[3,5],"current_hp_per_floor":[64,64,64,64,64,64,64,53,53,38,38,20,20,20,41,16,57,43,43,8,8,0,0],"gold":270,"neow_bonus":"THREE_ENEMY_KILL","is_daily":false,"chose_seed":false,"campfire_upgraded":2,"win_rate":0.0,"timestamp":1614113198,"path_taken":["M","?","$","?","$","E","R","M","T","E","R","E","M","?","R","BOSS","M","$","?","M","M"],"items_purchased_type":["Card","Card"],"build_version":"2020-12-22","purchased_purges":1,"victory":false,"max_hp_per_floor":[71,71,71,71,71,71,71,71,71,71,71,71,71,71,71,71,71,71,71,71,71,71,71],"card_choices":[{"not_picked":["Stack","Loop"],"picked":"Hologram","floor":1.0},{"not_picked":["Rebound","Capacitor"],"picked":"Ball Lightning","floor":4.0},{"not_picked":["Auto Shields","Leap"],"picked":"Echo Form","floor":6.0},{"not_picked":["Stack","Doom and Gloom"],"picked":"BootSequence","floor":8.0},{"not_picked":["Go for the Eyes+1","Static Discharge"],"picked":"White Noise","floor":10.0},{"not_picked":["Rebound+1","Turbo"],"picked":"Defragment","floor":12.0},{"not_picked":["Leap","Barrage+1"],"picked":"Genetic Algorithm","floor":13},{"not_picked":["Seek","Core Surge+1"],"picked":"Biased Cognition","floor":16},{"not_picked":["Leap","Compile Driver+1"],"picked":"Glacier","floor":18},{"not_picked":["Sunder+1","Hologram"],"picked":"Reinforced Body","floor":20},{"not_picked":["Beam Cell+1","Barrage+1","Loop"],"picked":"SKIP","floor":21}],"player_experience":2308124,"relics_obtained":[{"floor":6.0,"key":"Potion Belt"},{"floor":9.0,"key":"Molten Egg 2"},{"floor":10.0,"key":"Toy Ornithopter"},{"floor":12.0,"key":"Blue Candle"},{"floor":20,"key":"Red Mask"}],"event_choices":[{"cards_removed":["Strike_B"],"damage_healed":0.0,"max_hp_gain":0.0,"max_hp_loss":0.0,"gold_gain":0.0,"event_name":"Purifier","player_choice":"Purged","floor":2.0,"gold_loss":0.0,"damage_taken":0.0},{"damage_healed":0,"gold_gain":0,"cards_transformed":["Strike_B"],"player_choice":"Change","damage_taken":0,"max_hp_gain":0,"max_hp_loss":0,"event_name":"Living Wall","floor":14,"gold_loss":0,"cards_obtained":["Tempest"]},{"damage_healed":0,"gold_gain":0,"player_choice":"Fought Bandits","damage_taken":0,"max_hp_gain":0,"max_hp_loss":0,"event_name":"Masked Bandits","floor":20,"gold_loss":0}],"is_beta":false,"boss_relics":[{"not_picked":["Calling Bell","Tiny House"],"picked":"Sozu"}],"items_purged_floors":[19],"is_endless":false,"potions_floor_spawned":[6,12,21],"killed_by":"Snake Plant","ascension_level":20}}