{"host":"hygln5axy5suw4oc","time":1614063183,"event":{"mods":["BaseMod","Colored Powertips","Custom Start","Infinite Spire","Minty Spire (QoL Compilation)","Replay The Spire","StSLib"],"gold_per_floor":[99480,99480,99495,99495,98434,98434,97659,97659,97659,97694,97056,97056,97056,97085,97085,97190,97190,97207,97207,97207,97223,97223,97253,97253,96389,96389,96389,96389,96084,96110,96125,96125,96222,96222,96233,95176,95185,95185,94680,94680,94680,94680,94689,94689,94707,94707,94625,94639,94639,94639],"floor_reached":51,"language":"ENG","playtime":2362,"items_purged":["Strike_G","Defend_G","Defend_G","Defend_G","Strike_G","Defend_G","Wraith Form v2","Hidden Blade","Voices","Survivor"],"score":749,"play_id":"0ea3b198-7646-4308-95c0-0838ac6f69af","local_time":"20210223015303","daily_mods":["Flight"],"is_ascension_mode":false,"campfire_choices":[{"data":"Echo Form","floor":6,"key":"SMITH"},{"data":"Leg Sweep","floor":8,"key":"SMITH"},{"floor":12,"key":"REST"},{"data":"Strike_G","floor":15,"key":"PURGE"},{"floor":24,"key":"REST"},{"data":"Replay:Bag of Tricks","floor":27,"key":"SMITH"},{"data":"infinitespire:FutureSight","floor":28,"key":"SMITH"},{"data":"Apotheosis","floor":32,"key":"SMITH"},{"data":"Adrenaline","floor":40,"key":"SMITH"},{"data":"Infinite Blades","floor":41,"key":"SMITH"},{"data":"infinitespire:SevenWalls","floor":42,"key":"SMITH"},{"data":"ReplayTheSpireMod:Shiv Toss","floor":44,"key":"SMITH"},{"data":"infinitespire:Collect","floor":46,"key":"SMITH"},{"data":"infinitespire:FutureSight","floor":49,"key":"SMITH"}],"circlet_count":0,"master_deck":["Demon Form+1","Echo Form+1","Neutralize","Leg Sweep+1","Dagger Spray","Reflex+1","Sadistic Nature+1","Infinite Blades+1","ReplayTheSpireMod:Shiv Toss+1","Poison Darts+1","Noxious Fumes+1","Caltrops+1","Replay:Bag of Tricks+1","infinitespire:SevenWalls+1","infinitespire:FutureSight+1","Accuracy+1","Apotheosis+1","ReplayTheSpireMod:Private Reserves","Adrenaline+1","infinitespire:FutureSight+1","infinitespire:Collect+1"],"relics":["Ring of the Snake","InkBottle","Toolbox","Toy Ornithopter","Ginger","MealTicket","Guide Book","Lee\u0027s Waffle","Frozen Egg 2","Darkstone Periapt","infinitespire:WardingShard","Blue Doll","Chemical X","Bag of Marbles","Bronze Scales","Odd Mushroom","Empty Cage","WristBlade","Snake Skull","Vajra","CeramicFish","Replay:Bottled Eggs","infinitespire:FocusingShard","Sling","Snack Pack","ReplayTheSpireMod:ShopPack","Ancient Tea Set","Cursed Key","Meat on the Bone","Counterbalance","PrismaticShard","Ring of Peace","Iron Hammer","Painkiller Herb","Replay:Bottled Snecko"],"acts_visited":["Exordium","TheCity","TheBeyond"],"potions_floor_usage":[],"damage_taken":[{"damage":6,"enemies":"Cultist","floor":3,"turns":7},{"damage":74,"enemies":"Gremlin Nob","floor":10,"turns":6},{"damage":16,"enemies":"The Mushroom Lair","floor":14,"turns":2},{"damage":18,"enemies":"Hexaghost","floor":16,"turns":6},{"damage":23,"enemies":"Chosen","floor":18,"turns":5},{"damage":12,"enemies":"Shell Parasite","floor":21,"turns":3},{"damage":11,"enemies":"Gremlin Leader","floor":23,"turns":4},{"damage":6,"enemies":"Sentry and Sphere","floor":31,"turns":3},{"damage":36,"enemies":"Collector","floor":33,"turns":5},{"damage":7,"enemies":"3 Darklings","floor":35,"turns":4},{"damage":0,"enemies":"3 Shapes","floor":47,"turns":2},{"damage":0,"enemies":"Maw","floor":48,"turns":3},{"damage":11,"enemies":"Time Eater","floor":50,"turns":4}],"seed_played":"-1608878580432374862","potions_obtained":[{"floor":3,"key":"Explosive Potion"},{"floor":31,"key":"Reflective Coating"},{"floor":33,"key":"GamblersBrew"}],"is_trial":true,"path_per_floor":["$","?","M","T","$","R","$","R","T","E","$","R","?","?","R","B",null,"M","?","AVR","M","?","E","R","$","T","R","R","$","T","M","R","B",null,"M","$","?","?","$","R","R","R","T","R","AVR","T","?","?","T","B",null],"character_chosen":"THE_SILENT","items_purchased":["Leg Sweep","InkBottle","Toolbox","Dagger Spray","Ginger","MealTicket","Sadistic Nature","Infinite Blades","ReplayTheSpireMod:Shiv Toss","Guide Book","Lee\u0027s Waffle","Frozen Egg 2","Darkstone Periapt","Chemical X","Bag of Marbles","Bronze Scales","Noxious Fumes+1","Replay:Bottled Eggs","infinitespire:FocusingShard","Sling","Accuracy+1","ReplayTheSpireMod:ShopPack","Meat on the Bone","Counterbalance","PrismaticShard","Adrenaline","Iron Hammer"],"campfire_rested":2,"item_purchase_floors":[1,1,1,1,5,5,5,5,5,5,7,7,7,11,11,11,11,25,25,25,25,29,36,36,36,36,39],"current_hp_per_floor":[70,70,64,64,64,64,77,77,77,3,18,41,41,25,25,7,77,54,54,54,42,42,31,54,69,69,69,69,77,77,71,71,41,77,70,77,83,83,83,83,83,83,89,89,89,89,89,89,89,78],"gold":94639,"neow_bonus":"","is_daily":false,"chose_seed":false,"campfire_upgraded":11,"win_rate":0.0,"timestamp":1614063183,"path_taken":["?","?","?","?","$","R","$","R","T","E","$","R","?","?","R","BOSS","M","?","AVR","?","?","E","R","$","T","R","R","$","?","M","R","BOSS","M","$","?","?","$","R","R","R","T","R","AVR","T","?","?","T","BOSS"],"items_purchased_type":["Card","Relic","Relic","Card","Relic","Relic","Card","Card","Card","Relic","Relic","Relic","Relic","Relic","Relic","Relic","Card","Relic","Relic","Relic","Card","Relic","Relic","Relic","Relic","Card","Relic"],"build_version":"2020-12-22","purchased_purges":10,"victory":true,"max_hp_per_floor":[70,70,70,70,70,70,77,77,77,77,77,77,77,77,77,77,77,77,77,77,77,77,77,77,77,77,77,77,77,77,77,77,77,77,77,77,83,83,83,83,83,83,89,89,89,89,89,89,89,89],"card_choices":[{"not_picked":["Dodge and Roll","Flechettes"],"picked":"Hidden Blade","floor":3},{"not_picked":["Footwork+1","Choke"],"picked":"Poison Darts","floor":10},{"not_picked":["Infinite Blades+1","Blade Dance"],"picked":"Caltrops+1","floor":14},{"not_picked":["Atom Bomb","Grand Finale"],"picked":"Replay:Bag of Tricks","floor":16},{"not_picked":["Dodge and Roll","Poisoned Stab","Dagger Throw"],"picked":"SKIP","floor":18},{"not_picked":["Bouncing Flask+1","Eviscerate","Prepared"],"picked":"SKIP","floor":21},{"not_picked":["Sucker Punch","Heel Hook","Dagger Spray"],"picked":"SKIP","floor":23},{"not_picked":["Replay:Dark Deal","Secret Weapon"],"picked":"Apotheosis","floor":29},{"not_picked":["Bandage Up","Replay:Dark Deal"],"picked":"ReplayTheSpireMod:Private Reserves","floor":29},{"not_picked":["PiercingWail","Quick Slash+1","Blade Dance+1"],"picked":"SKIP","floor":31},{"not_picked":["Dodge and Roll+1","Deflect+1","Bane+1"],"picked":"SKIP","floor":35},{"not_picked":["Power Through","ReplayTheSpireMod:GoodbyeWorld+1","Anger+1"],"picked":"SKIP","floor":47},{"not_picked":["Clash+1","Underhanded Strike+1","ReplayTheSpireMod:Strike From Hell+1"],"picked":"SKIP","floor":48}],"player_experience":443796,"relics_obtained":[{"floor":4,"key":"Toy Ornithopter"},{"floor":9,"key":"infinitespire:WardingShard"},{"floor":10,"key":"Blue Doll"},{"floor":14,"key":"Odd Mushroom"},{"floor":23,"key":"CeramicFish"},{"floor":26,"key":"Snack Pack"},{"floor":30,"key":"Ancient Tea Set"},{"floor":37,"key":"Ring of Peace"}],"event_choices":[{"damage_healed":0,"gold_gain":0,"player_choice":"Searched \u00270\u0027 times","damage_taken":0,"max_hp_gain":0,"max_hp_loss":0,"event_name":"Dead Adventurer","floor":13,"gold_loss":0},{"damage_healed":0,"gold_gain":0,"player_choice":"Fought Mushrooms","damage_taken":0,"max_hp_gain":0,"max_hp_loss":0,"event_name":"Mushrooms","floor":14,"gold_loss":0},{"cards_removed":["Strike_G"],"damage_healed":0,"gold_gain":0,"player_choice":"Offered Basic","damage_taken":0,"max_hp_gain":0,"max_hp_loss":0,"event_name":"Bonfire Elementals","floor":19,"gold_loss":0},{"damage_healed":0,"gold_gain":0,"player_choice":"Ignored","damage_taken":0,"max_hp_gain":0,"max_hp_loss":0,"event_name":"Tomb of Lord Red Mask","floor":38,"gold_loss":0}],"is_beta":false,"boss_relics":[{"not_picked":["Pandora\u0027s Box","infinitespire:Cupcake"],"picked":"Empty Cage"},{"not_picked":["Replay:Grab Bag","Black Star"],"picked":"Cursed Key"}],"items_purged_floors":[1,5,7,11,20,25,29,36,39,45],"is_endless":false,"potions_floor_spawned":[3,31,33],"ascension_level":0}}