{"host":"f7jml7vkwn3tj7tu","time":1614098650,"event":{"mods":["BaseMod","Block Reminder","Minty Spire (QoL Compilation)","Relic Stats","Slay-I"],"gold_per_floor":[110,129,139,139,156,156,12,12,12,12,12,44,44,74,74,171,171,187,198,218,236,236,236],"floor_reached":22,"language":"ENG","playtime":1093,"items_purged":[],"score":244,"play_id":"d38060c1-3f4c-48d7-bd83-f01b0835c7f2","local_time":"20210223114410","is_ascension_mode":true,"campfire_choices":[{"data":"A Thousand Cuts","floor":6,"key":"SMITH"},{"data":"Dodge and Roll","floor":8,"key":"SMITH"},{"data":"Neutralize","floor":11,"key":"SMITH"},{"data":"Dagger Spray","floor":13,"key":"SMITH"},{"floor":15,"key":"REST"}],"circlet_count":0,"master_deck":["Strike_G","Strike_G","Strike_G","Strike_G","Strike_G","Defend_G","Defend_G","Defend_G","Defend_G","Defend_G","Survivor","Neutralize+1","Dagger Spray+1","Dodge and Roll+1","A Thousand Cuts+1","Deflect","After Image","Masterful Stab","Venomology"],"relics":["Ring of the Snake","FossilizedHelix","Spirit Poop","Vajra","Singing Bowl","Pantograph","Runic Pyramid"],"acts_visited":["Exordium","TheCity"],"potions_floor_usage":[12,16,19],"damage_taken":[{"damage":0,"enemies":"Small Slimes","floor":1,"turns":3},{"damage":4,"enemies":"Cultist","floor":2,"turns":5},{"damage":6,"enemies":"Jaw Worm","floor":3,"turns":7},{"damage":19,"enemies":"3 Louse","floor":5,"turns":3},{"damage":11,"enemies":"Lagavulin","floor":12,"turns":6},{"damage":10,"enemies":"3 Sentries","floor":14,"turns":5},{"damage":15,"enemies":"Hexaghost","floor":16,"turns":11},{"damage":18,"enemies":"3 Byrds","floor":18,"turns":5},{"damage":0,"enemies":"Chosen","floor":19,"turns":6},{"damage":18,"enemies":"Snake Plant","floor":20,"turns":6},{"damage":8,"enemies":"Centurion and Healer","floor":21,"turns":5},{"damage":31,"enemies":"3 Cultists","floor":22,"turns":4}],"seed_played":"548333106990773252","potions_obtained":[{"floor":1,"key":"SneckoOil"},{"floor":3,"key":"SkillPotion"},{"floor":5,"key":"SmokeBomb"},{"floor":12,"key":"FearPotion"},{"floor":20,"key":"Poison Potion"}],"is_trial":false,"path_per_floor":["M","M","M","?","M","R","$","R","T","$","R","E","R","E","R","B",null,"M","M","M","M","M"],"character_chosen":"THE_SILENT","items_purchased":["Vajra"],"campfire_rested":1,"item_purchase_floors":[7],"current_hp_per_floor":[70,66,60,60,41,41,41,41,41,41,41,32,32,24,46,56,70,54,54,38,30,0,0],"gold":236,"neow_bonus":"ONE_RARE_RELIC","is_daily":false,"chose_seed":false,"campfire_upgraded":4,"win_rate":0.0,"timestamp":1614098650,"path_taken":["M","M","M","?","M","R","$","R","T","$","R","E","R","E","R","BOSS","M","M","M","M","M"],"items_purchased_type":["Relic"],"build_version":"2020-12-22","purchased_purges":0,"victory":false,"max_hp_per_floor":[70,70,70,70,70,70,70,70,70,70,70,72,72,74,74,74,74,76,76,78,78,78,78],"relic_stats":{"Singing Bowl":8,"counters":[12,66],"Pantograph":25,"obtain_stats":[{"Singing Bowl":12,"Pantograph":14,"Spirit Poop":4,"Vajra":7,"FossilizedHelix":0,"Ring of the Snake":0,"Runic Pyramid":17},{"Singing Bowl":5,"Pantograph":6,"Spirit Poop":3,"Vajra":4,"FossilizedHelix":0,"Ring of the Snake":0,"Runic Pyramid":7},{"Singing Bowl":24,"Pantograph":29,"Spirit Poop":15,"Vajra":18,"FossilizedHelix":0,"Ring of the Snake":0,"Runic Pyramid":40}],"Ring of the Snake":[24]},"card_choices":[{"not_picked":["Dagger Throw","Leg Sweep"],"picked":"Dagger Spray","floor":1},{"not_picked":["PiercingWail","Outmaneuver"],"picked":"Dodge and Roll","floor":2},{"not_picked":["Well Laid Plans","PiercingWail"],"picked":"A Thousand Cuts","floor":3},{"not_picked":["Riddle With Holes","Dagger Spray"],"picked":"Deflect","floor":5},{"not_picked":["Bouncing Flask","Underhanded Strike","Dodge and Roll"],"picked":"Singing Bowl","floor":12},{"not_picked":["Outmaneuver","Tools of the Trade","Dagger Spray"],"picked":"Singing Bowl","floor":14},{"not_picked":["Storm of Steel","Doppelganger"],"picked":"After Image","floor":16},{"not_picked":["All Out Attack","Poisoned Stab+1","Backflip"],"picked":"Singing Bowl","floor":18},{"not_picked":["Dash","Escape Plan"],"picked":"Masterful Stab","floor":19},{"not_picked":["Quick Slash+1","Bouncing Flask","Dodge and Roll"],"picked":"Singing Bowl","floor":20},{"not_picked":["Outmaneuver","Endless Agony+1"],"picked":"Venomology","floor":21}],"player_experience":621491,"relics_obtained":[{"floor":12,"key":"Singing Bowl"},{"floor":14,"key":"Pantograph"}],"event_choices":[{"cards_removed":["Pain"],"damage_healed":0,"gold_gain":0,"player_choice":"Offered Curse","damage_taken":0,"relics_obtained":["Spirit Poop"],"max_hp_gain":0,"max_hp_loss":0,"event_name":"Bonfire Elementals","floor":4,"gold_loss":0}],"is_beta":false,"boss_relics":[{"not_picked":["WristBlade","Ectoplasm"],"picked":"Runic Pyramid"}],"items_purged_floors":[],"is_endless":false,"potions_floor_spawned":[1,3,5,12,20],"killed_by":"3 Cultists","ascension_level":5}}