{"host":"c1oza4x7xlyuasvd","time":1614072756,"event":{"mods":["ATMod(∞¢Ë™Mod)","Act Like it!","BaseMod","Better Vampires","Colored Powertips","Gensokyo","Marisa£®ÏF”Í°°ƒß¿Ì…≥£©","Minty Spire (QoL Compilation)","MostiFishMod","Reimu£®≤©¿ˆ¡È√Œ£©","StSLib","TestMod","The Animator","Waifu the Spire","Youmu£®ªÍ∆«—˝√Œ£©"],"gold_per_floor":[116,116,144,155,155,185,185,215,215,244,13,13,13,32,32,160,160,170,185,405,405,422,453,453,481,559,572,592,55,90,105,105,230,230,230,230],"floor_reached":35,"language":"ZHS","playtime":1399,"items_purged":[],"score":1084,"play_id":"e4b6fc8b-2392-4100-a03e-47b2a6fb6eff","local_time":"20210223173236","is_ascension_mode":true,"campfire_choices":[{"data":"MostiFishMod:Opportunism","floor":12.0,"key":"SMITH"},{"data":"Expertise","floor":15.0,"key":"SMITH"},{"data":"Acrobatics","floor":24,"key":"SMITH"},{"data":"Acrobatics","floor":32,"key":"SMITH"}],"circlet_count":0,"master_deck":["AscendersBane","Strike_G","Strike_G","Defend_G","Defend_G","Defend_G","Defend_G","Defend_G","Survivor","Neutralize","MostiFishMod:WinterMarkForm","Expertise+1","AT_EssenceShift","MostiFishMod:Opportunism+1","MostiFishMod:HiddenBlade+1","MostiFishMod:GrandStart+1","AT_WomanClash+1","Crippling Poison+1","Phantasmal Killer+1","Acrobatics+1","MostiFishMod:ShivMaster+1","MostiFishMod:Listen+1","Acrobatics+1","MostiFishMod:FrostNova+1","Gensokyo:RustyChest","Gensokyo:TarnishedGold","MostiFishMod:LethalBlade+1","Footwork+1","Venomology+1"],"relics":["Ring of the Snake","testmod-TestBox","AT_ATBox","DaveBox","testmod-AscensionHeart","FeatherPendant","NeowsBlessing","SynthV:TestCard","Gensokyo:YoukaiFlower","Orichalcum","AT_TimeSand","StrikeDummy","Mango","AT_EbonyIvory","Blue Candle","BrkXgEgg","Anchor","Astrolabe","Gensokyo:SongOfSouls","Art of War","testmod-RandomTest","Eternal Feather","Medical Kit","Civilization","testmod-Register","FossilizedHelix","testmod-Antiphasic","testmod-Recursion"],"acts_visited":["Exordium","Gensokyo:Gensokyo","Gensokyo:Gensokyoer"],"potions_floor_usage":[35],"damage_taken":[{"damage":0.0,"enemies":"Gensokyo:3_Fairies","floor":1.0,"turns":2.0},{"damage":0.0,"enemies":"Gensokyo:Aya","floor":3.0,"turns":1.0},{"damage":0.0,"enemies":"Gensokyo:Gryphon","floor":4.0,"turns":1.0},{"damage":7.0,"enemies":"Gensokyo:Aya","floor":6.0,"turns":4.0},{"damage":0.0,"enemies":"Gensokyo:Mamizou","floor":8.0,"turns":2.0},{"damage":2.0,"enemies":"Gensokyo:Cirno","floor":10.0,"turns":7.0},{"damage":0.0,"enemies":"Gensokyo:Python","floor":14.0,"turns":2.0},{"damage":2.0,"enemies":"Gensokyo:Reimu","floor":16.0,"turns":3.0},{"damage":0.0,"enemies":"Gensokyo:3_Dogs","floor":18.0,"turns":1.0},{"damage":0.0,"enemies":"Gensokyo:Chomper","floor":19.0,"turns":1.0},{"damage":0.0,"enemies":"Gensokyo:Slime_Group","floor":20.0,"turns":3.0},{"damage":0.0,"enemies":"Gensokyo:Chomper_and_Gloop","floor":22.0,"turns":1.0},{"damage":0,"enemies":"Gensokyo:Koishi","floor":23,"turns":2},{"damage":1,"enemies":"Gensokyo:Tenshi","floor":25,"turns":3},{"damage":0,"enemies":"Gensokyo:Wraith","floor":27,"turns":2},{"damage":0,"enemies":"Gensokyo:3_Gloops","floor":28,"turns":1},{"damage":4,"enemies":"Gensokyo:Koishi","floor":30,"turns":3},{"damage":0,"enemies":"Gensokyo:Slime_Group","floor":31,"turns":2},{"damage":14,"enemies":"Gensokyo:Kaguya","floor":33,"turns":4},{"damage":0,"enemies":"Gensokyo:3_Boulders","floor":35,"turns":1}],"seed_played":"-2271669442381617408","potions_obtained":[{"floor":1.0,"key":"ZuzhouPotion:ReiMu"},{"floor":3.0,"key":"Explosive Potion"},{"floor":22,"key":"Swift Potion"},{"floor":27,"key":"Regen Potion"}],"is_trial":false,"path_per_floor":["M","?","?","M","?","E","?","E","T","E","COS","R","$","M","R","B",null,"M","M","M","?","M","E","R","E","T","M","M","COS","E","M","R","B",null,"M"],"character_chosen":"THE_SILENT","items_purchased":[],"campfire_rested":0,"item_purchase_floors":[],"current_hp_per_floor":[60,60,62,63,50,45,38,40,40,40,40,40,40,41,41,45,78,79,80,81,81,82,84,84,85,85,86,87,87,86,90,96,90,101,104,104],"gold":230,"neow_bonus":"THREE_ENEMY_KILL","is_daily":false,"chose_seed":false,"campfire_upgraded":4,"win_rate":0.0,"timestamp":1614072756,"path_taken":["M","?","?","?","?","E","?","E","T","E","COS","R","?","M","R","BOSS","M","M","M","?","?","E","R","E","T","M","M","COS","E","M","R","BOSS","M"],"items_purchased_type":[],"build_version":"2020-12-22","purchased_purges":0,"victory":false,"max_hp_per_floor":[66,66,67,67,67,68,82,83,83,84,84,84,84,84,84,89,89,89,89,89,89,89,90,90,91,91,91,91,91,93,96,96,104,104,104,104],"card_choices":[{"not_picked":["Distraction","Skewer","Poisoned Stab"],"picked":"SKIP","floor":1.0},{"not_picked":["Malaise","Bullet Time","Die Die Die","Die Die Die"],"picked":"MostiFishMod:WinterMarkForm","floor":3.0},{"not_picked":["Dagger Throw","Dagger Spray","Prepared","Deflect"],"picked":"Expertise","floor":4.0},{"not_picked":["A Thousand Cuts","Burst","Adrenaline","Grand Finale"],"picked":"AT_EssenceShift","floor":6.0},{"not_picked":["MostiFishMod:AdrenalineArouse","Adrenaline","Night Terror","Unload"],"picked":"MostiFishMod:Opportunism","floor":8.0},{"not_picked":["A Thousand Cuts","Venomology","Doppelganger","Glass Knife"],"picked":"MostiFishMod:HiddenBlade","floor":10.0},{"not_picked":["AT_WomanClash","Underhanded Strike","MostiFishMod:ThornCasing","AT_WindFlip","AT_WindRun"],"picked":"SKIP","floor":14.0},{"not_picked":["Bullet Time+1","MostiFishMod:Confrontation+1","AT_MyraUnstableElement+1","AT_KingSlayer+1"],"picked":"MostiFishMod:GrandStart+1","floor":16.0},{"not_picked":["Dagger Throw","Blade Dance","Flechettes","Flying Knee","Bane"],"picked":"SKIP","floor":18.0},{"not_picked":["Outmaneuver","Crippling Poison","Dagger Spray","Dodge and Roll","PiercingWail"],"picked":"SKIP","floor":19.0},{"not_picked":["Backflip","Outmaneuver","Distraction","PiercingWail"],"picked":"Acrobatics","floor":20.0},{"not_picked":["Dagger Spray","Noxious Fumes","Flying Knee","Distraction","Acrobatics"],"picked":"SKIP","floor":22},{"not_picked":["MostiFishMod:GrandStart+1","Doppelganger","MostiFishMod:GrandStart","MostiFishMod:Wind"],"picked":"MostiFishMod:ShivMaster+1","floor":23},{"not_picked":["Bullet Time","MostiFishMod:ShivMaster","MostiFishMod:SpreadingSpore","MostiFishMod:HiddenBlade"],"picked":"MostiFishMod:Listen","floor":25},{"not_picked":["Acrobatics","Dash","MostiFishMod:PoisonShield","Catalyst","AT_WindFlip"],"picked":"SKIP","floor":27},{"not_picked":["Dash","MostiFishMod:PoisonShield","Catalyst","AT_WindFlip"],"picked":"Acrobatics","floor":27},{"not_picked":["Outmaneuver","Escape Plan+1","MostiFishMod:ThornCasing","AT_WindFlip"],"picked":"MostiFishMod:FrostNova+1","floor":28},{"not_picked":["Envenom","AT_EssenceShift","MostiFishMod:ShivMaster","Die Die Die"],"picked":"MostiFishMod:LethalBlade","floor":30},{"not_picked":["Predator","Deflect","Riddle With Holes+1","Dagger Spray"],"picked":"Footwork","floor":31},{"not_picked":["MostiFishMod:SpreadingSpore+1","AT_MyraUnstableElement+1","Envenom+1","Bullet Time+1"],"picked":"Venomology+1","floor":33}],"player_experience":259690,"relics_obtained":[{"floor":1.0,"key":"SynthV:TestCard"},{"floor":3.0,"key":"Orichalcum"},{"floor":6.0,"key":"StrikeDummy"},{"floor":8.0,"key":"AT_EbonyIvory"},{"floor":10.0,"key":"Blue Candle"},{"floor":23,"key":"Art of War"},{"floor":25,"key":"testmod-RandomTest"},{"floor":26,"key":"Eternal Feather"},{"floor":30,"key":"FossilizedHelix"}],"event_choices":[],"is_beta":false,"boss_relics":[{"not_picked":["EE1DDrone","RhineCircuit"],"picked":"Astrolabe"},{"not_picked":["testmod-DeterminationOfClimber","BloodWine"],"picked":"testmod-Recursion"}],"items_purged_floors":[],"is_endless":false,"potions_floor_spawned":[1,3,8,20,22,23,27],"killed_by":"Gensokyo:3_Boulders","ascension_level":14}}