{"host":"bplbr8uekuotory4","time":1614064346,"event":{"mods":["Act Like it!","BaseMod","Custom Start","GungeonMod","Hermit","KinomotoSakuraMod(木之本樱)","Marisa（F雨　魔理沙）","Minty Spire (QoL Compilation)","Prisma Mod","Quick Restart","Reimu（博丽灵梦）","SOS（斯巴达之子）","Spicy Shops","StSLib","TestMod","The Blackbeard","The Cursed","The Mystic","The Saiyan","The Senshi","The Servant 0.9.4","Yuri Mod","[IsaacMod]以撒尖塔"],"gold_per_floor":[114,126,51,126,126,157,157,190,244,244,276,326,352,362,362,439,439,456,456,466,139,157,187,62,81,81,81,110,129,157,207,207,288,288,308,308,326,62,62,108,31,31,31,31,101,101,501,238,238,253,253,253,63,104,119],"floor_reached":56,"language":"ZHS","playtime":1411,"items_purged":["Defend_G","Defend_G","Strike_G","Strike_G","Defend_G","Defend_G","Strike_G","Strike_G","Survivor+1"],"score":2803,"play_id":"fb527c09-c447-4ff2-96f1-3ef4a5074432","local_time":"20210223151226","is_ascension_mode":true,"campfire_choices":[{"data":"Neutralize","floor":7,"key":"SMITH"},{"data":"Blade Dance","floor":10,"key":"SMITH"},{"data":"Survivor","floor":15,"key":"SMITH"},{"data":"Finisher","floor":27,"key":"SMITH"},{"data":"Malaise","floor":32,"key":"SMITH"},{"data":"Adrenaline","floor":42,"key":"SMITH"},{"data":"Storm of Steel","floor":44,"key":"SMITH"},{"floor":49,"key":"RECALL"},{"data":"Defend_G","floor":52,"key":"SMITH"}],"circlet_count":0,"master_deck":["AscendersBane","Defend_G+1","Neutralize+1","Blade Dance+1","Malaise+1","Backstab+1","Finisher+1","Storm of Steel+1","Masterful Stab+1","Adrenaline+1"],"relics":["Ring of the Snake","HushsDoor","TheBean","testmod-ThousandKnives","Ice Cream","Boot","testmod-ArcanaOfDestiny","Juzu Bracelet","testmod-Hope","DemoMod:JetPack","Anchor","DemoMod:GlassGuonStoneRelic","AnarchistCookbook","testmod-TimeTraveler","GuppysHead","Mastiff:ReiMu","BookOfRevelations","testmod-ObsoleteBoomerang","testmod-Acrobat","Sozu","GuppysHairball","Membership Card","BelialBook","Prayer Wheel","Chemical X","InkBottle","CatCart","BFFS","Bag of Preparation","Centennial Puzzle"],"acts_visited":["Exordium","TheCity","TheBeyond","TheEnding"],"potions_floor_usage":[6,12,16,16,28,55,55],"damage_taken":[{"damage":0,"enemies":"Cultist","floor":1,"turns":4},{"damage":1,"enemies":"2 Louse","floor":2,"turns":2},{"damage":7,"enemies":"Lagavulin","floor":6,"turns":7},{"damage":0,"enemies":"3 Sentries","floor":8,"turns":2},{"damage":0,"enemies":"Lagavulin","floor":11,"turns":4},{"damage":0,"enemies":"Hiden Room Battle","floor":12,"turns":3},{"damage":0,"enemies":"3 Sentries","floor":13,"turns":6},{"damage":0,"enemies":"Jaw Worm","floor":14,"turns":2},{"damage":0,"enemies":"The Guardian","floor":16,"turns":9},{"damage":0,"enemies":"2 Thieves","floor":18,"turns":3},{"damage":0,"enemies":"Shell Parasite","floor":20,"turns":3},{"damage":0,"enemies":"3 Cultists","floor":22,"turns":2},{"damage":0,"enemies":"Slavers","floor":23,"turns":5},{"damage":0,"enemies":"Snake Plant","floor":25,"turns":1},{"damage":0,"enemies":"Gremlin Leader","floor":28,"turns":4},{"damage":0,"enemies":"Centurion and Healer","floor":29,"turns":3},{"damage":0,"enemies":"Book of Stabbing","floor":30,"turns":1},{"damage":0,"enemies":"Champ","floor":33,"turns":4},{"damage":0,"enemies":"3 Shapes","floor":35,"turns":1},{"damage":0,"enemies":"Orb Walker","floor":37,"turns":1},{"damage":0,"enemies":"Reptomancer","floor":40,"turns":2},{"damage":0,"enemies":"Orin","floor":45,"turns":3},{"damage":0,"enemies":"Donu and Deca","floor":50,"turns":1},{"damage":0,"enemies":"Shield and Spear","floor":54,"turns":1},{"damage":0,"enemies":"The Heart","floor":55,"turns":3}],"seed_played":"-933462140367939054","potions_obtained":[{"floor":1,"key":"ZuzhouPotion:ReiMu"},{"floor":8,"key":"Poison Potion"},{"floor":11,"key":"Fire Potion"},{"floor":13,"key":"SpeedPotion"},{"floor":16,"key":"testmod-SpacePotion"},{"floor":20,"key":"Block Potion"},{"floor":25,"key":"ZuzhouPotion:ReiMu"},{"floor":28,"key":"Weak Potion"}],"is_trial":false,"path_per_floor":["M","M","$","?","?","E","R","E","T","R","E","?","E","M","R","B",null,"M","?","M","$","M","E","$","M","T","R","E","M","E","?","R","B",null,"M","?","M","$","?","E","$","R","T","R","?","?","?","$","R","B",null,"R","$","E","B",null],"character_chosen":"THE_SILENT","items_purchased":["GuppysHead","Finisher","Mastiff:ReiMu","GuppysHairball","Membership Card","BelialBook","Chemical X","BFFS","Bag of Preparation"],"campfire_rested":0,"item_purchase_floors":[17,21,21,34,38,38,41,48,53],"current_hp_per_floor":[65,64,64,53,27,20,20,20,20,20,20,5,5,5,5,5,44,44,44,44,44,44,44,44,44,44,44,44,44,44,44,44,44,40,40,25,25,25,25,25,25,25,25,25,25,25,25,25,25,25,36,36,36,36,36],"gold":119,"neow_bonus":"TEN_PERCENT_HP_BONUS","is_daily":false,"chose_seed":false,"campfire_upgraded":8,"win_rate":0.0,"timestamp":1614064346,"path_taken":["M","?","$","?","?","E","R","E","T","R","E","?","E","M","R","BOSS","M","?","M","$","M","E","$","M","T","R","E","M","E","?","R","BOSS","M","?","M","$","?","E","?","R","T","R","?","?","?","?","R","BOSS","R","$","E","BOSS"],"items_purchased_type":["Relic","Card","Relic","Relic","Relic","Relic","Relic","Relic","Relic"],"build_version":"2020-12-22","purchased_purges":9,"victory":true,"max_hp_per_floor":[72,72,72,72,72,72,72,72,72,72,72,72,72,72,72,72,57,57,57,57,57,57,57,57,57,57,57,57,57,57,57,57,57,40,40,40,40,40,40,40,40,40,40,40,40,40,40,40,40,40,40,40,40,40,40],"card_choices":[{"not_picked":[],"picked":"Bomb","floor":0},{"not_picked":["Dodge and Roll","Tactician","Dagger Spray"],"picked":"SKIP","floor":1},{"not_picked":["Heel Hook","Escape Plan","Reflex"],"picked":"SKIP","floor":2},{"not_picked":["Venomology","Dodge and Roll"],"picked":"Blade Dance","floor":6},{"not_picked":["Unload","Well Laid Plans","Slice"],"picked":"SKIP","floor":8},{"not_picked":["Blade Dance","Poisoned Stab","Riddle With Holes"],"picked":"SKIP","floor":11},{"not_picked":["Eviscerate","Bouncing Flask","Prepared"],"picked":"SKIP","floor":13},{"not_picked":["Blade Dance","Outmaneuver","Caltrops"],"picked":"SKIP","floor":14},{"not_picked":["Corpse Explosion","Tools of the Trade"],"picked":"Malaise","floor":16},{"not_picked":["Underhanded Strike+1","Blur"],"picked":"Backstab+1","floor":18},{"not_picked":["Outmaneuver","Flechettes","Dagger Spray"],"picked":"SKIP","floor":20},{"not_picked":["Quick Slash","Backflip+1","Dodge and Roll"],"picked":"SKIP","floor":22},{"not_picked":["Finisher","Distraction","After Image"],"picked":"SKIP","floor":23},{"not_picked":["Dash","Sucker Punch","Outmaneuver"],"picked":"SKIP","floor":25},{"not_picked":["Acrobatics","Tactician","Dagger Throw"],"picked":"SKIP","floor":28},{"not_picked":["Quick Slash","Acrobatics","Storm of Steel"],"picked":"SKIP","floor":29},{"not_picked":["Well Laid Plans+1","Setup","Underhanded Strike"],"picked":"SKIP","floor":30},{"not_picked":["Grand Finale","A Thousand Cuts"],"picked":"Storm of Steel","floor":33},{"not_picked":["Dagger Throw","Bane","Backflip+1"],"picked":"SKIP","floor":35},{"not_picked":["Acrobatics","Heel Hook"],"picked":"Masterful Stab+1","floor":37},{"not_picked":["All Out Attack","Bane"],"picked":"Adrenaline","floor":40},{"not_picked":["Blade Dance","Predator","Catalyst"],"picked":"SKIP","floor":54}],"player_experience":1178823,"relics_obtained":[{"floor":6,"key":"Boot"},{"floor":8,"key":"testmod-ArcanaOfDestiny"},{"floor":9,"key":"Juzu Bracelet"},{"floor":11,"key":"testmod-Hope"},{"floor":12,"key":"DemoMod:JetPack"},{"floor":12,"key":"Anchor"},{"floor":13,"key":"AnarchistCookbook"},{"floor":23,"key":"BookOfRevelations"},{"floor":28,"key":"testmod-ObsoleteBoomerang"},{"floor":30,"key":"testmod-Acrobat"},{"floor":40,"key":"Prayer Wheel"},{"floor":43,"key":"InkBottle"},{"floor":45,"key":"CatCart"},{"floor":54,"key":"Centennial Puzzle"}],"event_choices":[{"damage_healed":0,"gold_gain":75,"player_choice":"Gather Gold","damage_taken":11,"max_hp_gain":0,"max_hp_loss":0,"event_name":"World of Goop","floor":4,"gold_loss":0},{"damage_healed":0,"gold_gain":0,"player_choice":"Success","damage_taken":26,"relics_obtained":["Ice Cream"],"max_hp_gain":0,"max_hp_loss":0,"event_name":"Scrap Ooze","floor":5,"gold_loss":0},{"damage_healed":0,"gold_gain":0,"player_choice":"Fight","damage_taken":0,"max_hp_gain":0,"max_hp_loss":0,"event_name":"HidenRoomEvent","floor":12,"gold_loss":0},{"damage_healed":0,"gold_gain":50,"player_choice":"Stole From Cult","damage_taken":0,"max_hp_gain":0,"max_hp_loss":0,"event_name":"Nest","floor":31,"gold_loss":0},{"cards_removed":["Strike_G"],"damage_healed":0,"gold_gain":0,"player_choice":"Removed Attack","damage_taken":0,"max_hp_gain":0,"max_hp_loss":0,"event_name":"Falling","floor":39,"gold_loss":0},{"damage_healed":0,"gold_gain":0,"player_choice":"Fight","damage_taken":0,"max_hp_gain":0,"max_hp_loss":0,"event_name":"OrinTheCat","floor":45,"gold_loss":0},{"damage_healed":0,"gold_gain":0,"player_choice":"0 cards matched","damage_taken":0,"max_hp_gain":0,"max_hp_loss":0,"event_name":"Match and Keep!","floor":46,"gold_loss":0,"cards_obtained":[]},{"damage_healed":0,"gold_gain":400,"player_choice":"Sell","damage_taken":0,"max_hp_gain":0,"max_hp_loss":0,"event_name":"恩洛斯的盘子","floor":47,"relics_lost":["testmod-TestBox"],"gold_loss":0}],"is_beta":false,"boss_relics":[{"not_picked":["testmod-Prudence","Ectoplasm"],"picked":"testmod-TimeTraveler"},{"not_picked":[]},{"not_picked":["testmod-Fanaticism","testmod-GoldenSoul"],"picked":"Sozu"},{"not_picked":[]}],"items_purged_floors":[3,17,21,24,34,38,48,48,53],"is_endless":false,"potions_floor_spawned":[1,8,11,13,16,20,25,28,30,45],"ascension_level":15}}