{"host":"4i5my69dv6e41930","time":1614055494,"event":{"mods":["AchievementEnabler","BaseMod","Minty Spire (QoL Compilation)","Relic Stats"],"gold_per_floor":[117,130,130,146,157,157,173,173,252,277,277,288,313,346,346,346,346],"floor_reached":16,"language":"ENG","playtime":1356,"items_purged":[],"score":220,"play_id":"5834e6a5-92b8-4ae7-a59f-332e59a04b13","local_time":"20210222234454","is_ascension_mode":true,"campfire_choices":[{"data":"Searing Blow","floor":6.0,"key":"SMITH"},{"data":"Searing Blow+1","floor":8.0,"key":"SMITH"},{"floor":11,"key":"REST"},{"data":"Searing Blow+2","floor":15,"key":"SMITH"}],"circlet_count":0,"master_deck":["AscendersBane","Strike_R","Strike_R","Strike_R","Strike_R","Strike_R","Defend_R","Defend_R","Defend_R","Defend_R","Bash","Searing Blow+3","Clothesline","Shrug It Off","Headbutt","Metallicize","Shrug It Off","Brutality","Disarm"],"relics":["Burning Blood","Shovel","Kunai","WingedGreaves","Anchor","Boot"],"acts_visited":["Exordium"],"potions_floor_usage":[11,13,16],"damage_taken":[{"damage":9.0,"enemies":"Small Slimes","floor":1.0,"turns":5.0},{"damage":8.0,"enemies":"Jaw Worm","floor":2.0,"turns":5.0},{"damage":0.0,"enemies":"2 Louse","floor":4.0,"turns":2.0},{"damage":17.0,"enemies":"Gremlin Gang","floor":5.0,"turns":7.0},{"damage":18.0,"enemies":"Exordium Wildlife","floor":7.0,"turns":7.0},{"damage":37.0,"enemies":"3 Sentries","floor":10.0,"turns":8.0},{"damage":4,"enemies":"3 Louse","floor":12,"turns":3},{"damage":17,"enemies":"Lagavulin","floor":13,"turns":6},{"damage":21,"enemies":"3 Sentries","floor":14,"turns":8},{"damage":36,"enemies":"The Guardian","floor":16,"turns":8}],"seed_played":"-3684944645173738086","potions_obtained":[{"floor":1.0,"key":"Fruit Juice"},{"floor":5.0,"key":"FearPotion"},{"floor":12,"key":"SteroidPotion"},{"floor":13,"key":"SpeedPotion"}],"is_trial":false,"path_per_floor":["M","M","?","M","M","R","M","R","T","E","R","M","E","E","R","B"],"character_chosen":"IRONCLAD","items_purchased":[],"campfire_rested":1,"item_purchase_floors":[],"current_hp_per_floor":[65,63,68,73,62,62,50,50,50,19,47,49,38,23,23,0,0],"gold":346,"neow_bonus":"ONE_RARE_RELIC","is_daily":false,"chose_seed":false,"campfire_upgraded":3,"win_rate":0.0,"timestamp":1614055494,"path_taken":["M","M","?","M","M","R","M","R","T","E","R","M","E","E","R","BOSS"],"items_purchased_type":[],"build_version":"2020-12-22","purchased_purges":0,"victory":false,"max_hp_per_floor":[68,68,73,73,73,73,73,73,73,73,78,78,78,78,78,78,78],"relic_stats":{"Shovel":0,"counters":[10,59],"Kunai":[4],"Boot":[2],"obtain_stats":[{"Anchor":13,"Shovel":0,"WingedGreaves":10,"Kunai":9,"Boot":14,"Burning Blood":0},{"Anchor":8,"Shovel":0,"WingedGreaves":6,"Kunai":5,"Boot":9,"Burning Blood":0},{"Anchor":43,"Shovel":0,"WingedGreaves":34,"Kunai":26,"Boot":51,"Burning Blood":0}],"Burning Blood":53},"card_choices":[{"not_picked":["Ghostly Armor","Body Slam"],"picked":"Searing Blow","floor":1.0},{"not_picked":["Warcry","Havoc"],"picked":"Clothesline","floor":2.0},{"not_picked":["Blood for Blood","Clash"],"picked":"Shrug It Off","floor":4.0},{"not_picked":["Second Wind","True Grit","Twin Strike"],"picked":"SKIP","floor":5.0},{"not_picked":["Sentinel","Body Slam"],"picked":"Headbutt","floor":7.0},{"not_picked":["Dual Wield","Bloodletting"],"picked":"Metallicize","floor":10.0},{"not_picked":["Pommel Strike","Iron Wave"],"picked":"Shrug It Off","floor":12},{"not_picked":["Havoc","Headbutt"],"picked":"Brutality","floor":13},{"not_picked":["Second Wind","Battle Trance"],"picked":"Disarm","floor":14}],"player_experience":118014,"relics_obtained":[{"floor":9.0,"key":"Kunai"},{"floor":10.0,"key":"WingedGreaves"},{"floor":13,"key":"Anchor"},{"floor":14,"key":"Boot"}],"event_choices":[{"damage_healed":0.0,"max_hp_gain":5.0,"max_hp_loss":0.0,"gold_gain":0.0,"event_name":"Big Fish","player_choice":"Donut","floor":3.0,"gold_loss":0.0,"damage_taken":0.0}],"is_beta":false,"boss_relics":[],"items_purged_floors":[],"is_endless":false,"potions_floor_spawned":[1,5,12,13],"killed_by":"The Guardian","ascension_level":16}}