{"host":"lufzn74xe9ct3rkf","time":1614057470,"event":{"mods":["AchievementEnabler","BaseMod","Evolution","Minty Spire (QoL Compilation)","StSLib","Treasure Hunter"],"gold_per_floor":[114,114,16,35,35,54,70,82,82,82,116,116,135,147,147,250,250,268,268,268,268,178,178,190,190,214,214,214],"floor_reached":27,"language":"ENG","playtime":1241,"items_purged":[],"score":263,"play_id":"1b64cb64-f230-46d3-87cc-d06dbd0ab0b8","local_time":"20210222211750","is_ascension_mode":false,"campfire_choices":[{"data":"TH:DeckOfManyThings","floor":10,"key":"SMITH"},{"data":"Carnage","floor":12,"key":"SMITH"},{"data":"Swift Strike","floor":15,"key":"SMITH"},{"data":"Bash","floor":23,"key":"SMITH"},{"floor":25,"key":"REST"}],"circlet_count":0,"master_deck":["Pommel Strike","Pommel Strike","Pommel Strike","Pommel Strike","Pommel Strike","Armaments","Armaments+1","Armaments","Armaments","Bash+1","Flex+1","Clothesline","Swift Strike+1","Rampage","Headbutt","Twin Strike","Pommel Strike+1","TH:DeckOfManyThings+1","TH:DeckOfManyThings","Combust","Flame Barrier","TH:TreasureMap","Limit Break","Seeing Red+1","RitualDagger","Necronomicurse","Cleave","TH:DeckOfManyThings+1"],"relics":["Burning Blood","EVO:Axolotl","Centennial Puzzle","War Paint","Runic Pyramid","TH:Anvil","Necronomicon","Toy Ornithopter"],"acts_visited":["Exordium","TheCity"],"potions_floor_usage":[7,11,16,24,27],"damage_taken":[{"damage":0,"enemies":"Small Slimes","floor":1,"turns":3},{"damage":1,"enemies":"Jaw Worm","floor":4,"turns":2},{"damage":0,"enemies":"Cultist","floor":6,"turns":2},{"damage":5,"enemies":"Looter","floor":7,"turns":2},{"damage":0,"enemies":"2 Fungi Beasts","floor":8,"turns":2},{"damage":16,"enemies":"Gremlin Nob","floor":11,"turns":3},{"damage":12,"enemies":"Exordium Thugs","floor":13,"turns":4},{"damage":11,"enemies":"Large Slime","floor":14,"turns":3},{"damage":24,"enemies":"Slime Boss","floor":16,"turns":8},{"damage":50,"enemies":"Shell Parasite","floor":18,"turns":5},{"damage":12,"enemies":"3 Byrds","floor":24,"turns":3},{"damage":24,"enemies":"Cultist and Chosen","floor":27,"turns":6}],"seed_played":"6458160135764125632","potions_obtained":[{"floor":1,"key":"Ancient Potion"},{"floor":4,"key":"AttackPotion"},{"floor":7,"key":"DuplicationPotion"},{"floor":11,"key":"Dexterity Potion"},{"floor":18,"key":"LiquidMemories"}],"is_trial":false,"path_per_floor":["M","?","$","M","?","M","M","M","T","R","E","R","M","M","R","B",null,"M","?","?","?","?","R","M","R","T","M"],"character_chosen":"IRONCLAD","items_purchased":["Swift Strike"],"campfire_rested":1,"item_purchase_floors":[3],"current_hp_per_floor":[84,84,84,84,89,89,89,89,89,89,79,79,73,68,68,50,89,45,45,39,23,23,23,17,43,43,24,24],"gold":214,"neow_bonus":"THREE_CARDS","is_daily":false,"chose_seed":false,"campfire_upgraded":4,"win_rate":0.0,"timestamp":1614057470,"path_taken":["M","?","$","M","?","M","M","M","T","R","E","R","M","M","R","BOSS","M","?","?","?","?","R","?","R","T","M"],"items_purchased_type":["Card"],"build_version":"2020-12-22","purchased_purges":0,"victory":false,"max_hp_per_floor":[84,84,84,84,89,89,89,89,89,89,89,89,89,89,89,89,89,89,89,89,89,89,89,89,89,89,89,89],"card_choices":[{"not_picked":["Perfected Strike","Second Wind"],"picked":"Flex","floor":0},{"not_picked":["Rage","True Grit"],"picked":"Clothesline","floor":1},{"not_picked":["Flex","Cleave"],"picked":"Rampage","floor":4},{"not_picked":["Pummel","Clash"],"picked":"Headbutt","floor":6},{"not_picked":["Dropkick","Power Through"],"picked":"Twin Strike","floor":7},{"not_picked":["Metallicize","Cleave"],"picked":"Pommel Strike","floor":8},{"not_picked":["TH:Mimic"],"picked":"TH:DeckOfManyThings","floor":9},{"not_picked":["TH:TreasureMap"],"picked":"TH:DeckOfManyThings","floor":11},{"not_picked":["Reckless Charge","Warcry"],"picked":"Carnage","floor":11},{"not_picked":["Clash","Searing Blow"],"picked":"Combust","floor":13},{"not_picked":["Entrench","Flex"],"picked":"Flame Barrier","floor":14},{"not_picked":["TH:DeckOfManyThings"],"picked":"TH:TreasureMap","floor":16},{"not_picked":["Impervious","Fiend Fire"],"picked":"Limit Break","floor":16},{"not_picked":["Anger","Battle Trance+1"],"picked":"Seeing Red+1","floor":18},{"not_picked":["Flex","Wild Strike"],"picked":"Cleave","floor":24},{"not_picked":["TH:PixieDust"],"picked":"TH:DeckOfManyThings","floor":26}],"player_experience":27045,"relics_obtained":[{"floor":9,"key":"Centennial Puzzle"},{"floor":11,"key":"War Paint"},{"floor":21,"key":"Necronomicon"},{"floor":26,"key":"Toy Ornithopter"}],"event_choices":[{"damage_healed":0,"gold_gain":0,"player_choice":"Leave","damage_taken":0,"max_hp_gain":0,"max_hp_loss":0,"event_name":"The Cleric","floor":2,"gold_loss":0},{"damage_healed":0,"gold_gain":0,"player_choice":"Donut","damage_taken":0,"max_hp_gain":5,"max_hp_loss":0,"event_name":"Big Fish","floor":5,"gold_loss":0},{"damage_healed":0,"gold_gain":0,"player_choice":"Opened","damage_taken":0,"relics_obtained":["TH:Anvil"],"max_hp_gain":0,"max_hp_loss":0,"event_name":"The Mausoleum","floor":19,"gold_loss":0},{"damage_healed":0,"gold_gain":0,"player_choice":"Joined the Cult","damage_taken":6,"max_hp_gain":0,"max_hp_loss":0,"event_name":"Nest","floor":20,"gold_loss":0,"cards_obtained":["RitualDagger"]},{"damage_healed":0,"gold_gain":0,"player_choice":"Obtained Book","damage_taken":16,"max_hp_gain":0,"max_hp_loss":0,"event_name":"Cursed Tome","floor":21,"gold_loss":0},{"cards_removed":["Carnage"],"damage_healed":0,"gold_gain":0,"player_choice":"Upgrade and Remove","damage_taken":0,"max_hp_gain":0,"max_hp_loss":0,"event_name":"Designer","floor":22,"gold_loss":90,"cards_upgraded":["Pommel Strike"]}],"is_beta":false,"boss_relics":[{"not_picked":["Coffee Dripper","Busted Crown"],"picked":"Runic Pyramid"}],"items_purged_floors":[],"is_endless":false,"potions_floor_spawned":[1,4,7,11,18],"killed_by":"Cultist and Chosen","ascension_level":0}}