{"host":"d2gh6suihlstufn7","time":1614066915,"event":{"mods":["AchievementEnabler","BaseMod","Colored Map","Colored Powertips","Minty Spire (QoL Compilation)","Permanent Neow","Quick Restart","StSLib","SuperFastMode"],"gold_per_floor":[119,131,131,131,131,131,131,143,192,202,202,202,202],"floor_reached":12,"language":"KOR","playtime":256,"items_purged":[],"score":68,"play_id":"ff7a0a2f-a2b8-4c26-b5ac-fb7fd7bebd69","local_time":"20210223165515","is_ascension_mode":false,"campfire_choices":[{"data":"Barricade","floor":6.0,"key":"SMITH"},{"data":"Body Slam","floor":11.0,"key":"SMITH"}],"circlet_count":0,"master_deck":["Strike_R","Strike_R","Strike_R","Strike_R","Strike_R","Defend_R","Defend_R","Defend_R","Defend_R","Bash","Barricade+1","Metallicize+1","Body Slam","Body Slam+1"],"relics":["Burning Blood","Blue Candle","Anchor"],"acts_visited":["Exordium"],"potions_floor_usage":[],"damage_taken":[{"damage":7.0,"enemies":"Small Slimes","floor":1.0,"turns":4.0},{"damage":3.0,"enemies":"Jaw Worm","floor":2.0,"turns":5.0},{"damage":12.0,"enemies":"2 Louse","floor":8.0,"turns":4.0},{"damage":7.0,"enemies":"Exordium Thugs","floor":10.0,"turns":10.0},{"damage":29,"enemies":"Gremlin Nob","floor":12,"turns":5}],"seed_played":"361937141055813518","potions_obtained":[{"floor":2.0,"key":"BloodPotion"}],"is_trial":false,"path_per_floor":["M","M","?","?","$","R","?","M","T","M","R","E"],"character_chosen":"IRONCLAD","items_purchased":[],"campfire_rested":0,"item_purchase_floors":[],"current_hp_per_floor":[71,72,39,39,39,39,39,47,47,46,46,17,17],"gold":202,"neow_bonus":"THREE_RARE_CARDS","is_daily":false,"chose_seed":false,"campfire_upgraded":2,"win_rate":0.0,"timestamp":1614066915,"path_taken":["M","M","?","?","?","R","?","M","T","?","R","E"],"items_purchased_type":[],"build_version":"2020-12-22","purchased_purges":0,"victory":false,"max_hp_per_floor":[72,72,72,72,72,72,72,72,72,72,72,72,72],"card_choices":[{"not_picked":["Brutality","Impervious"],"picked":"Barricade","floor":0.0},{"not_picked":["Anger","Dual Wield"],"picked":"Metallicize","floor":1.0},{"not_picked":["Uppercut","Cleave"],"picked":"Body Slam","floor":2.0},{"not_picked":["Twin Strike","Dropkick","Headbutt"],"picked":"SKIP","floor":8.0},{"not_picked":["Searing Blow","Headbutt"],"picked":"Body Slam","floor":10.0}],"player_experience":165181,"relics_obtained":[{"floor":9.0,"key":"Anchor"}],"event_choices":[{"damage_healed":0.0,"max_hp_gain":0.0,"max_hp_loss":0.0,"gold_gain":0.0,"event_name":"Scrap Ooze","player_choice":"Success","floor":3.0,"gold_loss":0.0,"damage_taken":33.0,"relics_obtained":["Blue Candle"]},{"damage_healed":0.0,"max_hp_gain":0.0,"max_hp_loss":0.0,"gold_gain":0.0,"event_name":"Golden Wing","player_choice":"Ignored","floor":4.0,"gold_loss":0.0,"damage_taken":0.0},{"damage_healed":0.0,"max_hp_gain":0.0,"max_hp_loss":0.0,"gold_gain":0.0,"event_name":"Upgrade Shrine","player_choice":"Upgraded","floor":7.0,"gold_loss":0.0,"damage_taken":0.0,"cards_upgraded":["Metallicize"]}],"is_beta":false,"boss_relics":[],"items_purged_floors":[],"is_endless":false,"potions_floor_spawned":[2],"killed_by":"Gremlin Nob","ascension_level":0}}