{"host":"93bjq340p293ukqy","time":1614117970,"event":{"mods":["BaseMod","Hermit","Minty Spire (QoL Compilation)","StSLib","The Cursed"],"gold_per_floor":[117,117,135,145,145,145,183,183,183,183,214,194,219,254,254,379,379,397,411,95,120,120,120],"floor_reached":22,"language":"ENG","playtime":1358,"items_purged":[],"score":292,"play_id":"2d5ca319-37e6-481a-8102-fc296bf36ea0","local_time":"20210224000610","is_ascension_mode":true,"campfire_choices":[{"data":"Eruption","floor":6,"key":"SMITH"},{"data":"Evaluate","floor":8,"key":"SMITH"},{"floor":10,"key":"REST"},{"data":"DeceiveReality","floor":15,"key":"SMITH"}],"circlet_count":0,"master_deck":["Strike_P","Strike_P","Strike_P","Strike_P","Defend_P","Defend_P","Defend_P","Defend_P","Eruption+1","Vigilance+1","Consecrate+1","ReachHeaven+1","EmptyBody+1","Evaluate+1","Swivel","DeceiveReality+1","LessonLearned","FlyingSleeves+1","Thinking Ahead"],"relics":["SlaversCollar","Golden Idol","InkBottle","Bottled Lightning","Eternal Feather","Orichalcum","Philosopher\u0027s Stone","Vajra"],"acts_visited":["Exordium","TheCity"],"potions_floor_usage":[11,16,18,19,21,22],"damage_taken":[{"damage":11,"enemies":"Cultist","floor":1,"turns":6},{"damage":0,"enemies":"Small Slimes","floor":3,"turns":3},{"damage":7,"enemies":"Jaw Worm","floor":4,"turns":3},{"damage":6,"enemies":"3 Sentries","floor":7,"turns":6},{"damage":0,"enemies":"Gremlin Nob","floor":11,"turns":2},{"damage":6,"enemies":"3 Louse","floor":13,"turns":4},{"damage":0,"enemies":"3 Sentries","floor":14,"turns":4},{"damage":20,"enemies":"The Guardian","floor":16,"turns":8},{"damage":2,"enemies":"3 Byrds","floor":18,"turns":7},{"damage":33,"enemies":"Spheric Guardian","floor":19,"turns":11},{"damage":0,"enemies":"Centurion and Healer","floor":21,"turns":5},{"damage":33,"enemies":"Snake Plant","floor":22,"turns":5}],"seed_played":"-4357416372318418493","potions_obtained":[{"floor":1,"key":"SteroidPotion"},{"floor":11,"key":"Dexterity Potion"},{"floor":12,"key":"AttackPotion"},{"floor":13,"key":"BlessingOfTheForge"},{"floor":16,"key":"LiquidMemories"},{"floor":21,"key":"Weak Potion"}],"is_trial":false,"path_per_floor":["M","?","M","M","?","R","E","R","T","R","E","?","M","E","R","B",null,"M","M","$","M","M"],"character_chosen":"WATCHER","items_purchased":["Thinking Ahead","Vajra"],"campfire_rested":1,"item_purchase_floors":[20,20],"current_hp_per_floor":[61,61,61,54,54,54,48,48,48,67,67,67,61,61,67,47,67,65,32,32,32,0,0],"gold":120,"neow_bonus":"BOSS_RELIC","is_daily":false,"chose_seed":false,"campfire_upgraded":3,"win_rate":0.0,"timestamp":1614117970,"path_taken":["M","?","?","M","?","R","E","R","T","R","E","?","M","E","R","BOSS","M","?","$","M","?"],"items_purchased_type":["Card","Relic"],"build_version":"2020-12-22","purchased_purges":0,"victory":false,"max_hp_per_floor":[72,72,72,72,67,67,67,67,67,67,67,67,67,67,67,67,67,67,67,67,67,67,67],"card_choices":[{"not_picked":["BowlingBash","Evaluate"],"picked":"Consecrate","floor":1},{"not_picked":["Sanctity","WheelKick"],"picked":"ReachHeaven","floor":3},{"not_picked":["FlurryOfBlows","FollowUp"],"picked":"EmptyBody","floor":4},{"not_picked":["JustLucky","Halt"],"picked":"Evaluate","floor":7},{"not_picked":["MentalFortress","Prostrate"],"picked":"Swivel","floor":11},{"not_picked":["JustLucky","FlurryOfBlows","Conclude"],"picked":"SKIP","floor":13},{"not_picked":["Adaptation","EmptyBody"],"picked":"DeceiveReality","floor":14},{"not_picked":["Judgement","DeusExMachina"],"picked":"LessonLearned","floor":16},{"not_picked":["Indignation","CrushJoints"],"picked":"FlyingSleeves+1","floor":18},{"not_picked":["MentalFortress","Sanctity","Prostrate+1"],"picked":"SKIP","floor":19},{"not_picked":["JustLucky","Crescendo+1","Halt+1"],"picked":"SKIP","floor":21}],"player_experience":280056,"relics_obtained":[{"floor":7,"key":"InkBottle"},{"floor":9,"key":"Bottled Lightning"},{"floor":11,"key":"Eternal Feather"},{"floor":14,"key":"Orichalcum"}],"event_choices":[{"damage_healed":0,"gold_gain":0,"player_choice":"Upgraded","damage_taken":0,"max_hp_gain":0,"max_hp_loss":0,"event_name":"Upgrade Shrine","floor":2,"gold_loss":0,"cards_upgraded":["Vigilance"]},{"damage_healed":0,"gold_gain":0,"player_choice":"Lose Max HP","damage_taken":0,"relics_obtained":["Golden Idol"],"max_hp_gain":0,"max_hp_loss":5,"event_name":"Golden Idol","floor":5,"gold_loss":0},{"damage_healed":0,"gold_gain":0,"player_choice":"Bought 1 Potion","damage_taken":0,"max_hp_gain":0,"max_hp_loss":0,"event_name":"The Woman in Blue","floor":12,"gold_loss":0}],"is_beta":false,"boss_relics":[{"not_picked":["VioletLotus","Coffee Dripper"],"picked":"Philosopher\u0027s Stone"}],"items_purged_floors":[],"is_endless":false,"potions_floor_spawned":[1,11,13,16,21],"killed_by":"Snake Plant","ascension_level":3}}