{"host":"ronyeowk3fr4dw6n","time":1614079589,"event":{"mods":["AchievementEnabler","BaseMod","Bestiary","Better Note","DeckTracker","Minty Spire (QoL Compilation)","Permanent Neow","Quick Restart","Relic Stats","StSLib","SuperFastMode"],"gold_per_floor":[118,129,149,159,159,159,188,188,211,211,211,239,250,268,268,369,369,388,408,175,175,192,192,202,202,202],"floor_reached":25,"language":"ENG","playtime":2322,"items_purged":["Strike_B"],"score":312,"play_id":"e675a5c5-62bc-4cf5-b0fa-7d98f47d668c","local_time":"20210223182629","is_ascension_mode":true,"campfire_choices":[{"data":"Sunder","floor":6.0,"key":"SMITH"},{"data":"Cold Snap","floor":8,"key":"SMITH"},{"data":"Turbo","floor":10,"key":"SMITH"},{"data":"Storm","floor":15,"key":"SMITH"},{"data":"Defragment","floor":23,"key":"SMITH"}],"circlet_count":0,"master_deck":["Strike_B","Defend_B","Defend_B","Defend_B","Zap","Dualcast","Rainbow+1","Leap+1","Creative AI+1","Sunder+1","Cold Snap+1","Turbo+1","Core Surge","Storm+1","Meteor Strike","Compile Driver","Conserve Battery","Loop","Defragment+1","Capacitor","Loop+1","Static Discharge","Force Field"],"relics":["Astrolabe","Happy Flower","Orichalcum","Bag of Marbles","The Courier","Sozu"],"acts_visited":["Exordium","TheCity"],"potions_floor_usage":[7,24,25],"damage_taken":[{"damage":0.0,"enemies":"Cultist","floor":1.0,"turns":6.0},{"damage":7.0,"enemies":"Jaw Worm","floor":2.0,"turns":5.0},{"damage":1.0,"enemies":"2 Louse","floor":3.0,"turns":3.0},{"damage":5.0,"enemies":"Lots of Slimes","floor":4.0,"turns":4.0},{"damage":6,"enemies":"3 Sentries","floor":7,"turns":5},{"damage":18,"enemies":"Gremlin Nob","floor":12,"turns":4},{"damage":0,"enemies":"Gremlin Gang","floor":13,"turns":4},{"damage":0,"enemies":"Exordium Thugs","floor":14,"turns":3},{"damage":17,"enemies":"The Guardian","floor":16,"turns":10},{"damage":7,"enemies":"Chosen","floor":18,"turns":4},{"damage":16,"enemies":"Spheric Guardian","floor":19,"turns":4},{"damage":10,"enemies":"Centurion and Healer","floor":22,"turns":5},{"damage":11,"enemies":"Snecko","floor":24,"turns":4},{"damage":24,"enemies":"Book of Stabbing","floor":25,"turns":3}],"seed_played":"3473640435988832283","potions_obtained":[{"floor":4.0,"key":"Fire Potion"},{"floor":7,"key":"Block Potion"},{"floor":13,"key":"FocusPotion"},{"floor":16,"key":"SkillPotion"}],"is_trial":false,"path_per_floor":["M","M","M","M","?","R","E","R","T","R","?","E","M","M","R","B",null,"M","M","$","?","M","R","M","E"],"character_chosen":"DEFECT","items_purchased":["Loop","Defragment","Capacitor"],"campfire_rested":0,"item_purchase_floors":[20,20,20],"current_hp_per_floor":[68,61,60,55,55,55,49,49,49,49,49,31,31,31,31,14,60,53,37,37,37,27,27,16,0,0],"gold":202,"neow_bonus":"BOSS_RELIC","is_daily":false,"chose_seed":false,"campfire_upgraded":5,"win_rate":0.0,"timestamp":1614079589,"path_taken":["M","M","M","M","?","R","E","R","T","R","?","E","M","M","R","BOSS","M","M","$","?","?","R","M","E"],"items_purchased_type":["Card","Card","Card"],"build_version":"2020-12-22","purchased_purges":1,"victory":false,"max_hp_per_floor":[75,75,75,75,75,75,75,75,75,75,75,75,75,75,75,75,75,75,75,75,75,75,75,75,75,75],"relic_stats":{"Sozu":1,"Happy Flower":[13],"counters":[14,64],"Astrolabe":["Rainbow","Leap","Creative AI"],"Orichalcum":[108],"obtain_stats":[{"Sozu":17,"Happy Flower":7,"Astrolabe":0,"The Courier":12,"Bag of Marbles":11,"Orichalcum":9,"Cracked Core":0},{"Sozu":9,"Happy Flower":5,"Astrolabe":0,"The Courier":6,"Bag of Marbles":5,"Orichalcum":5,"Cracked Core":0},{"Sozu":44,"Happy Flower":23,"Astrolabe":0,"The Courier":27,"Bag of Marbles":23,"Orichalcum":23,"Cracked Core":0}]},"card_choices":[{"not_picked":["Beam Cell","Steam"],"picked":"Sunder","floor":1.0},{"not_picked":["Leap","Darkness","Coolheaded"],"picked":"SKIP","floor":2.0},{"not_picked":["Rebound","Compile Driver"],"picked":"Cold Snap","floor":3.0},{"not_picked":["Rebound","Sunder","Beam Cell"],"picked":"SKIP","floor":4.0},{"not_picked":["Rip and Tear","Streamline"],"picked":"Turbo","floor":7},{"not_picked":["Chill","Hologram"],"picked":"Core Surge","floor":12},{"not_picked":["Hologram","Barrage"],"picked":"Storm","floor":13},{"not_picked":["Turbo","Gash","Redo"],"picked":"SKIP","floor":14},{"not_picked":["Hyperbeam","Reboot"],"picked":"Meteor Strike","floor":16},{"not_picked":["Fusion","Tempest"],"picked":"Compile Driver","floor":18},{"not_picked":["Steam+1","Gash+1"],"picked":"Conserve Battery","floor":19},{"not_picked":["Sweeping Beam","Gash+1"],"picked":"Static Discharge","floor":22},{"not_picked":["Barrage+1","Ball Lightning"],"picked":"Force Field","floor":24}],"player_experience":248735,"relics_obtained":[{"floor":7,"key":"Happy Flower"},{"floor":9,"key":"Orichalcum"},{"floor":12,"key":"The Courier"}],"event_choices":[{"damage_healed":0.0,"max_hp_gain":0.0,"max_hp_loss":0.0,"gold_gain":0.0,"event_name":"Liars Game","player_choice":"Ignored","floor":5.0,"gold_loss":0.0,"damage_taken":0.0},{"damage_healed":0,"gold_gain":0,"player_choice":"Gave Potion","damage_taken":0,"relics_obtained":["Bag of Marbles"],"max_hp_gain":0,"max_hp_loss":0,"event_name":"WeMeetAgain","floor":11,"gold_loss":0},{"cards_removed":["Meteor Strike"],"damage_healed":0,"gold_gain":0,"player_choice":"Take \u0026 Give","damage_taken":0,"max_hp_gain":0,"max_hp_loss":0,"event_name":"betterNote:BetterNote","floor":21,"gold_loss":0,"cards_obtained":["Loop"]}],"is_beta":false,"boss_relics":[{"not_picked":["Ectoplasm","Fusion Hammer"],"picked":"Sozu"}],"items_purged_floors":[20],"is_endless":false,"potions_floor_spawned":[4,7,13,16,24],"killed_by":"Book of Stabbing","ascension_level":9}}