{"host":"7gquyva492f4udta","time":1614113208,"event":{"mods":["BaseMod","Minty Spire (QoL Compilation)"],"gold_per_floor":[110,129,129,144,144,179,179,212,287,287,300,300,13,30,30,126,126,136,136,147,147,147,147],"floor_reached":22,"language":"ENG","playtime":1938,"items_purged":[],"score":252,"play_id":"8eb003c3-6aca-4ec9-a35e-2f2f0c60ecfc","local_time":"20210223144648","is_ascension_mode":true,"campfire_choices":[{"floor":7,"key":"REST"},{"data":"Eruption","floor":12,"key":"SMITH"},{"data":"Secret Technique","floor":15,"key":"SMITH"}],"circlet_count":0,"master_deck":["Strike_P","Defend_P","Defend_P","Defend_P","Defend_P+1","Eruption+1","Vigilance","PathToVictory","FollowUp","PathToVictory","LessonLearned","EmptyBody","WindmillStrike","EmptyFist","PathToVictory","Secret Technique+1","FollowUp+1","FlurryOfBlows","LessonLearned","ThirdEye","Conclude+1","Evaluate+1"],"relics":["PureWater","Ginger","Bronze Scales","Matryoshka","Fusion Hammer"],"acts_visited":["Exordium","TheCity"],"potions_floor_usage":[6,6,6,6,16,16,16,16],"damage_taken":[{"damage":7,"enemies":"Jaw Worm","floor":1,"turns":3},{"damage":0,"enemies":"2 Louse","floor":2,"turns":2},{"damage":0,"enemies":"Cultist","floor":4,"turns":2},{"damage":32,"enemies":"3 Sentries","floor":6,"turns":9},{"damage":36,"enemies":"Lagavulin","floor":8,"turns":6},{"damage":2,"enemies":"3 Louse","floor":11,"turns":3},{"damage":0,"enemies":"Looter","floor":14,"turns":2},{"damage":5,"enemies":"Hexaghost","floor":16,"turns":4},{"damage":7,"enemies":"Chosen","floor":18,"turns":3},{"damage":46,"enemies":"Spheric Guardian","floor":20,"turns":9},{"damage":16,"enemies":"Chosen and Byrds","floor":22,"turns":1}],"seed_played":"-1526945014123517166","potions_obtained":[{"floor":1,"key":"EntropicBrew"},{"floor":6,"key":"SpeedPotion"},{"floor":14,"key":"EntropicBrew"},{"floor":16,"key":"BottledMiracle"}],"is_trial":false,"path_per_floor":["M","M","?","M","?","E","R","E","T","?","M","R","$","M","R","B",null,"M","?","M","?","M"],"character_chosen":"WATCHER","items_purchased":["PathToVictory","Secret Technique","FollowUp"],"campfire_rested":1,"item_purchase_floors":[13,13,13],"current_hp_per_floor":[65,65,65,65,70,38,63,27,27,27,25,25,25,25,25,20,68,61,61,15,15,0,0],"gold":147,"neow_bonus":"TEN_PERCENT_HP_BONUS","is_daily":false,"chose_seed":false,"campfire_upgraded":2,"win_rate":0.0,"timestamp":1614113208,"path_taken":["M","M","?","M","?","E","R","E","T","?","M","R","$","M","R","BOSS","M","?","M","?","?"],"items_purchased_type":["Card","Card","Card"],"build_version":"2020-12-22","purchased_purges":0,"victory":false,"max_hp_per_floor":[79,79,79,79,84,84,84,84,84,84,84,84,84,84,84,84,84,84,84,84,84,84,84],"card_choices":[{"not_picked":["Indignation","Crescendo"],"picked":"PathToVictory","floor":1},{"not_picked":["CrushJoints","Meditate"],"picked":"FollowUp","floor":2},{"not_picked":["Nirvana","SashWhip"],"picked":"PathToVictory","floor":4},{"not_picked":["WindmillStrike","CutThroughFate"],"picked":"LessonLearned","floor":6},{"not_picked":["Study","InnerPeace"],"picked":"EmptyBody","floor":8},{"not_picked":["SandsOfTime","Crescendo"],"picked":"EmptyFist","floor":11},{"not_picked":["Crescendo","DeceiveReality"],"picked":"FlurryOfBlows","floor":14},{"not_picked":["MasterReality","SpiritShield"],"picked":"LessonLearned","floor":16},{"not_picked":["CutThroughFate","Pray+1","LikeWater"],"picked":"SKIP","floor":18},{"not_picked":["FlyingSleeves","CrushJoints"],"picked":"Evaluate","floor":20}],"player_experience":316569,"relics_obtained":[{"floor":6,"key":"Ginger"},{"floor":8,"key":"Bronze Scales"},{"floor":9,"key":"Matryoshka"}],"event_choices":[{"damage_healed":0,"gold_gain":0,"player_choice":"Ignored","damage_taken":0,"max_hp_gain":0,"max_hp_loss":0,"event_name":"Liars Game","floor":3,"gold_loss":0},{"damage_healed":0,"gold_gain":0,"player_choice":"Donut","damage_taken":0,"max_hp_gain":5,"max_hp_loss":0,"event_name":"Big Fish","floor":5,"gold_loss":0},{"damage_healed":0,"gold_gain":0,"cards_transformed":["Strike_P"],"player_choice":"Change","damage_taken":0,"max_hp_gain":0,"max_hp_loss":0,"event_name":"Living Wall","floor":10,"gold_loss":0,"cards_obtained":["WindmillStrike"]},{"damage_healed":0,"gold_gain":0,"cards_transformed":["Strike_P","Strike_P"],"player_choice":"Became Test Subject","damage_taken":0,"max_hp_gain":0,"max_hp_loss":0,"event_name":"Drug Dealer","floor":19,"gold_loss":0,"cards_obtained":["ThirdEye","Conclude"]},{"damage_healed":0,"gold_gain":0,"player_choice":"Forge","damage_taken":0,"max_hp_gain":0,"max_hp_loss":0,"event_name":"Accursed Blacksmith","floor":21,"gold_loss":0,"cards_upgraded":["Evaluate"]}],"is_beta":false,"boss_relics":[{"not_picked":["Ectoplasm","SacredBark"],"picked":"Fusion Hammer"}],"items_purged_floors":[],"is_endless":false,"potions_floor_spawned":[1,6,14,16],"killed_by":"Chosen and Byrds","ascension_level":6}}