{"host":"3c8ytfy490czj03c","time":1614045858,"event":{"mods":["BaseMod","Colored Powertips","Downfall","Minty Spire (QoL Compilation)","StSLib"],"gold_per_floor":[99,109,19,37,57,57,57,77,77,95,95,95,122,222,233,233,233,233],"floor_reached":16,"language":"ENG","playtime":2012,"items_purged":["sneckomod:Strike"],"score":102,"play_id":"8d3e48fc-0c6b-4d19-847d-639309ef1b07","local_time":"20210222180418","is_ascension_mode":false,"campfire_choices":[{"data":"sneckomod:SnekBite","floor":1.0,"key":"SMITH"},{"data":"sneckomod:UnendingSupply","floor":12,"key":"SMITH"}],"circlet_count":0,"master_deck":["sneckomod:Strike","sneckomod:Defend","sneckomod:Defend","sneckomod:Defend","sneckomod:TailWhip","sneckomod:SnekBite+1","sneckomod:Unknown","sneckomod:Unknown","sneckomod:UnendingSupply+1","sneckomod:UnlimitedRolls","sneckomod:MasterEye","sneckomod:SoulCleanse","sneckomod:CheapStock","sneckomod:SnekBite+1","sneckomod:Nope","sneckomod:MasterEye"],"relics":["sneckomod:SneckoSoul","Question Card","Ancient Tea Set","Bronze Scales","downfall:CloakOfManyFaces","CultistMask","FaceOfCleric","NlothsMask","GremlinMask","SsserpentHead"],"acts_visited":["Exordium"],"potions_floor_usage":[14,15],"damage_taken":[{"damage":0.0,"enemies":"Cultist","floor":2.0,"turns":4.0},{"damage":0.0,"enemies":"downfall:FleeingMerchant","floor":3.0,"turns":4.0},{"damage":0,"enemies":"2 Louse","floor":4,"turns":2},{"damage":1,"enemies":"Jaw Worm","floor":5,"turns":3},{"damage":9,"enemies":"Red Slaver","floor":8,"turns":3},{"damage":14,"enemies":"Blue Slaver","floor":10,"turns":3},{"damage":21,"enemies":"Lagavulin","floor":13,"turns":4},{"damage":32,"enemies":"downfall:FaceTrader","floor":14,"turns":8},{"damage":16,"enemies":"Exordium Wildlife","floor":15,"turns":5},{"damage":9,"enemies":"DF_ARCHETYPE_STREAMLINE","floor":16,"turns":3}],"seed_played":"5643341386672700400","potions_obtained":[{"floor":2.0,"key":"DuplicationPotion"},{"floor":8,"key":"SpeedPotion"},{"floor":10,"key":"SneckoOil"},{"floor":15,"key":"SteroidPotion"}],"is_trial":false,"path_per_floor":["R","M","$","M","M","?","T","M","?","M","?","R","E","?","M","B"],"character_chosen":"THE_SNECKO","items_purchased":[],"campfire_rested":0,"item_purchase_floors":[],"current_hp_per_floor":[99,99,99,99,98,98,98,89,89,75,72,72,51,19,4,0,0,0],"gold":233,"neow_bonus":"TEN_PERCENT_HP_BONUS","is_daily":false,"chose_seed":false,"campfire_upgraded":2,"win_rate":0.0,"timestamp":1614045858,"path_taken":["R","M","$","?","M","?","T","M","?","?","?","R","E","?","M","BOSS"],"items_purchased_type":[],"build_version":"2020-12-22","purchased_purges":1,"victory":false,"max_hp_per_floor":[99,99,99,99,99,99,99,99,99,99,99,99,99,99,100,100,100,100],"card_choices":[{"not_picked":["sneckomod:UnknownWeak","sneckomod:UnknownDraw"],"picked":"sneckomod:UnendingSupply","floor":2.0},{"not_picked":["sneckomod:MorePower","sneckomod:WideSting"],"picked":"sneckomod:UnlimitedRolls","floor":3},{"not_picked":["sneckomod:SoulDraw","sneckomod:UnknownClassRED"],"picked":"sneckomod:MasterEye","floor":4},{"not_picked":["sneckomod:UnknownUncommonAttack","sneckomod:TrashToTreasure"],"picked":"sneckomod:SoulCleanse","floor":5},{"not_picked":["sneckomod:RainOfDice","sneckomod:UnknownBlock","sneckomod:UnknownDraw"],"picked":"sneckomod:CheapStock","floor":8},{"not_picked":["sneckomod:UnknownClassPURPLE","sneckomod:Restock","sneckomod:UnknownCommonAttack"],"picked":"sneckomod:Nope","floor":10},{"not_picked":["sneckomod:DiceCrush","sneckomod:RainOfDice","sneckomod:Unknown2Cost"],"picked":"sneckomod:MasterEye","floor":13},{"not_picked":["sneckomod:SerpentIdol","sneckomod:MasterEye","sneckomod:UnknownExhaust","sneckomod:SoulRoll"],"picked":"SKIP","floor":15}],"player_experience":215251,"relics_obtained":[{"floor":7,"key":"Question Card"},{"floor":13,"key":"Bronze Scales"},{"floor":14,"key":"downfall:CloakOfManyFaces"}],"event_choices":[{"damage_healed":0,"gold_gain":0,"player_choice":"Success","damage_taken":3,"relics_obtained":["Ancient Tea Set"],"max_hp_gain":0,"max_hp_loss":0,"event_name":"Scrap Ooze","floor":11,"gold_loss":0}],"is_beta":false,"boss_relics":[],"items_purged_floors":[3],"is_endless":false,"potions_floor_spawned":[2,8,10,15],"killed_by":"DF_ARCHETYPE_STREAMLINE","ascension_level":0}}