{"host":"2m6tiise24ys9klz","time":1614082182,"event":{"mods":["BaseMod","Better Third Choice","Colored Map","Downfall","Highlight Path","Minty Spire (QoL Compilation)","StSLib"],"gold_per_floor":[99,111,2,12,29,60,114,130,161,61,77,105,105,130,148,249,249,149,160,180,180,54,70,124,71,81,116,16,44,44,79,92,190,190,190,204,216,126,146,466,537,537,537,537,551,551,581,599,618,618,618,618],"floor_reached":50,"language":"ENG","playtime":3119,"items_purged":["Shame"],"score":753,"play_id":"b58fb5ef-31de-4059-8e45-69d12f110425","local_time":"20210223040942","is_ascension_mode":true,"campfire_choices":[{"data":"bronze:Replicate","floor":1.0,"key":"SMITH"},{"floor":10.0,"key":"REST"},{"floor":18,"key":"RECALL"},{"floor":28,"key":"REST"},{"floor":30,"key":"REST"},{"data":"bronze:AlphaBuild","floor":35,"key":"SMITH"},{"floor":42,"key":"REST"},{"data":"bronze:Verify","floor":44,"key":"SMITH"}],"circlet_count":0,"master_deck":["bronze:Strike+1","bronze:Strike","bronze:Strike+1","bronze:Strike","bronze:Defend","bronze:Defend","bronze:Defend","bronze:Defend","bronze:Replicate+1","bronze:Goto","bronze:Overheat","bronze:ForLoop","bronze:WhirlingStrike","bronze:FineTuning","bronze:DarkDash","bronze:Optimize","bronze:Iterate","bronze:Flail","bronze:Overheat","bronze:DelayedSlice","bronze:BronzeOrb","bronze:Boost","bronze:Boost","bronze:ThunderWave","bronze:ForLoop","bronze:Separator","bronze:Branch+1","bronze:Verify+1","bronze:Constructor+1","bronze:ForceShield+1","bronze:Optimize","bronze:GetLatest","bronze:Terminator","bronze:Repair","bronze:HardenedForm","bronze:DelayedGuard","bronze:AlphaBuild+1","CurseOfTheBell","bronze:FineTuning+1","bronze:FollowUp+1","bronze:HardenedForm","bronze:Boost+1","bronze:CloningBeam","Regret","bronze:InfiniteLoop","bronze:FindAndReplace+1"],"relics":["bronze:BronzeCore","hexamod:BolsterEngine","Happy Flower","downfall:HeartBlessingBlue","Bottled Lightning","Regal Pillow","Ginger","Cursed Key","downfall:HeartBlessingGreen","downfall:KnowingSkull","Whetstone","Mercury Hourglass","downfall:HeartBlessingRed","Art of War","Bag of Preparation","Calling Bell","Boot","Gremlin Horn","StoneCalendar","Ornamental Fan","Toxic Egg 2"],"acts_visited":["Exordium","TheCity","TheBeyond"],"potions_floor_usage":[26,26,27,33],"damage_taken":[{"damage":11.0,"enemies":"Cultist","floor":2.0,"turns":4.0},{"damage":0.0,"enemies":"downfall:FleeingMerchant","floor":3.0,"turns":4.0},{"damage":7.0,"enemies":"Small Slimes","floor":4.0,"turns":3.0},{"damage":5.0,"enemies":"2 Louse","floor":5.0,"turns":3.0},{"damage":19.0,"enemies":"3 Sentries","floor":6.0,"turns":4.0},{"damage":12.0,"enemies":"Exordium Thugs","floor":8.0,"turns":3.0},{"damage":0.0,"enemies":"Lagavulin","floor":9.0,"turns":3.0},{"damage":0.0,"enemies":"2 Fungi Beasts","floor":11.0,"turns":2.0},{"damage":0.0,"enemies":"Gremlin Nob","floor":12.0,"turns":2.0},{"damage":0.0,"enemies":"Lagavulin","floor":14.0,"turns":4.0},{"damage":3.0,"enemies":"Lots of Slimes","floor":15.0,"turns":2.0},{"damage":11.0,"enemies":"IC_STATUS_ARCHETYPE","floor":16.0,"turns":7.0},{"damage":13,"enemies":"downfall:LooterAlt2","floor":19,"turns":4},{"damage":0,"enemies":"Chosen","floor":20,"turns":3},{"damage":3,"enemies":"downfall:FleeingMerchant","floor":22,"turns":4},{"damage":9,"enemies":"Centurion and Healer","floor":23,"turns":3},{"damage":14,"enemies":"downfall:FleeingMerchant","floor":25,"turns":4},{"damage":24,"enemies":"Snecko","floor":26,"turns":8},{"damage":2,"enemies":"Slavers","floor":27,"turns":3},{"damage":12,"enemies":"Book of Stabbing","floor":29,"turns":6},{"damage":18,"enemies":"Slavers","floor":31,"turns":3},{"damage":1,"enemies":"Snake Plant","floor":32,"turns":3},{"damage":45,"enemies":"SI_MIRROR_ARCHETYPE","floor":33,"turns":8},{"damage":3,"enemies":"Orb Walker","floor":36,"turns":4},{"damage":13,"enemies":"3 Darklings","floor":37,"turns":3},{"damage":26,"enemies":"downfall:FleeingMerchant","floor":38,"turns":4},{"damage":18,"enemies":"Sphere and 2 Shapes","floor":39,"turns":4},{"damage":0,"enemies":"downfall:FleeingMerchant","floor":40,"turns":1},{"damage":14,"enemies":"Transient","floor":45,"turns":5},{"damage":15,"enemies":"Nemesis","floor":47,"turns":5},{"damage":0,"enemies":"3 Darklings","floor":48,"turns":3},{"damage":39,"enemies":"Spire Growth","floor":49,"turns":4},{"damage":27,"enemies":"DF_ARCHETYPE_ORBS","floor":50,"turns":2}],"seed_played":"-6047028842817278556","potions_obtained":[{"floor":0.0,"key":"LiquidMemories"},{"floor":0.0,"key":"LiquidBronze"},{"floor":0.0,"key":"LiquidMemories"},{"floor":6.0,"key":"Dexterity Potion"},{"floor":11.0,"key":"LiquidMemories"},{"floor":14.0,"key":"Block Potion"},{"floor":16.0,"key":"SpeedPotion"},{"floor":20,"key":"Dexterity Potion"},{"floor":26,"key":"GamblersBrew"},{"floor":27,"key":"Explosive Potion"},{"floor":37,"key":"bronze:FreeFunctionsPotion"},{"floor":45,"key":"Energy Potion"}],"is_trial":false,"path_per_floor":["R","M","$","M","M","E","T","M","E","R","M","E","?","E","M","B",null,"R","M","M","?","$","M","T","$","M","E","R","E","R","E","M","B",null,"R","M","M","$","M","$","T","R","?","R","M","?","E","M","M","B"],"character_chosen":"THE_AUTOMATON","items_purchased":["bronze:WhirlingStrike","bronze:FineTuning","bronze:Verify","bronze:Optimize","bronze:CloningBeam"],"campfire_rested":4,"item_purchase_floors":[3,3,22,25,40],"current_hp_per_floor":[70,59,59,52,47,28,28,16,16,50,50,50,47,47,44,33,80,80,67,67,60,57,48,48,34,10,8,47,35,74,56,55,20,80,80,77,64,38,28,28,28,67,67,67,64,64,56,63,24,0,0,0],"gold":618,"neow_bonus":"THREE_SMALL_POTIONS","is_daily":false,"chose_seed":false,"campfire_upgraded":3,"win_rate":0.0,"timestamp":1614082182,"path_taken":["R","M","$","?","M","E","T","M","E","R","M","E","?","E","M","BOSS","R","M","M","?","$","?","T","$","M","E","R","E","R","E","M","BOSS","R","M","M","$","M","$","T","R","?","R","?","?","E","M","M","BOSS"],"items_purchased_type":["Card","Card","Card","Card","Card"],"build_version":"2020-12-22","purchased_purges":1,"victory":false,"max_hp_per_floor":[70,70,70,70,70,70,70,70,70,80,80,80,80,80,80,80,80,80,80,80,80,80,80,80,80,80,80,80,80,80,80,80,80,80,80,80,80,80,80,80,80,80,80,80,80,80,80,80,80,80,80,80],"card_choices":[{"not_picked":["bronze:Shield","bronze:CutThrough"],"picked":"bronze:Overheat","floor":2.0},{"not_picked":["bronze:Constructor","bronze:Iterate"],"picked":"bronze:ForLoop","floor":3.0},{"not_picked":["bronze:Iterate","bronze:BugBarrage"],"picked":"bronze:DarkDash","floor":4.0},{"not_picked":["bronze:DelayedGuard","bronze:Deprecate"],"picked":"bronze:Optimize","floor":5.0},{"not_picked":["bronze:DigitalCarnage","bronze:Overload"],"picked":"bronze:Iterate","floor":6.0},{"not_picked":["bronze:Overheat","bronze:BurnOut"],"picked":"bronze:Flail","floor":8.0},{"not_picked":["bronze:BugBarrage","bronze:Turbo"],"picked":"bronze:Overheat","floor":9.0},{"not_picked":["bronze:Iterate","bronze:Frontload"],"picked":"bronze:DelayedSlice","floor":11.0},{"not_picked":["bronze:ShipIt","bronze:Iterate"],"picked":"bronze:BronzeOrb","floor":12.0},{"not_picked":["bronze:Iterate","bronze:FineTuning"],"picked":"bronze:Boost","floor":14.0},{"not_picked":["bronze:Turbo","bronze:CutThrough"],"picked":"bronze:Boost","floor":15.0},{"not_picked":["bronze:Virus","bronze:Assembly"],"picked":"bronze:ThunderWave","floor":16.0},{"not_picked":["bronze:DelayedSlice","bronze:DelayedGuard"],"picked":"bronze:ForLoop","floor":19},{"not_picked":["bronze:BugBarrage","bronze:DelayedSlice+1"],"picked":"bronze:Separator","floor":20},{"not_picked":["bronze:Shield","bronze:DarkDash"],"picked":"bronze:Branch+1","floor":22},{"not_picked":["bronze:Branch","bronze:BugBarrage"],"picked":"bronze:Constructor+1","floor":23},{"not_picked":["bronze:OilSpill","bronze:NullPointer"],"picked":"bronze:ForceShield+1","floor":25},{"not_picked":["bronze:BugBarrage","bronze:Repulsor"],"picked":"bronze:GetLatest","floor":26},{"not_picked":["bronze:Philosophize","bronze:Turbo"],"picked":"bronze:Terminator","floor":27},{"not_picked":["bronze:Fortify","bronze:ItsAFeature"],"picked":"bronze:Repair","floor":29},{"not_picked":["bronze:ForceShield","bronze:Overheat+1"],"picked":"bronze:HardenedForm","floor":31},{"not_picked":["bronze:BronzeArmor","bronze:Deprecate"],"picked":"bronze:DelayedGuard","floor":32},{"not_picked":["bronze:Format","bronze:CleanCode"],"picked":"bronze:AlphaBuild","floor":33},{"not_picked":["bronze:Overheat+1","bronze:Branch"],"picked":"bronze:FineTuning+1","floor":36},{"not_picked":["bronze:ForceShield","bronze:FineTuning+1"],"picked":"bronze:FollowUp+1","floor":37},{"not_picked":["bronze:Allocate","bronze:Separator","bronze:DelayedGuard"],"picked":"SKIP","floor":38},{"not_picked":["bronze:BuggyMess","bronze:NullPointer"],"picked":"bronze:HardenedForm","floor":39},{"not_picked":["bronze:Safeguard","bronze:WhirlingStrike+1"],"picked":"bronze:Boost+1","floor":40},{"not_picked":["bronze:Deprecate","bronze:Flail+1","bronze:OilSpill"],"picked":"SKIP","floor":45},{"not_picked":["bronze:Format+1","bronze:FindAndReplace+1","bronze:Shield+1"],"picked":"SKIP","floor":47},{"not_picked":["bronze:Format+1","bronze:Shield+1"],"picked":"bronze:FindAndReplace+1","floor":47},{"not_picked":["bronze:Invalidate+1","bronze:ChildClass+1","bronze:DelayedSlice"],"picked":"SKIP","floor":48},{"not_picked":["bronze:NullPointer+1","bronze:Return+1","bronze:FineTuning+1"],"picked":"SKIP","floor":49}],"player_experience":837006,"relics_obtained":[{"floor":6.0,"key":"hexamod:BolsterEngine"},{"floor":9.0,"key":"Happy Flower"},{"floor":12.0,"key":"Bottled Lightning"},{"floor":14.0,"key":"Ginger"},{"floor":24,"key":"Whetstone"},{"floor":27,"key":"Mercury Hourglass"},{"floor":29,"key":"Art of War"},{"floor":31,"key":"Bag of Preparation"},{"floor":34,"key":"Boot"},{"floor":34,"key":"Gremlin Horn"},{"floor":34,"key":"StoneCalendar"},{"floor":41,"key":"Ornamental Fan"},{"floor":47,"key":"Toxic Egg 2"}],"event_choices":[{"damage_healed":0.0,"max_hp_gain":0.0,"max_hp_loss":0.0,"gold_gain":0.0,"event_name":"betterThird:BetterScrap","player_choice":"Relic ","floor":13.0,"gold_loss":0.0,"damage_taken":3.0,"cards_obtained":["Caltrops"]}],"is_beta":false,"boss_relics":[{"not_picked":["Tiny House","Velvet Choker"],"picked":"Cursed Key"},{"not_picked":["Pandora\u0027s Box","bronze:MakeshiftBattery"],"picked":"Calling Bell"}],"items_purged_floors":[38],"is_endless":false,"potions_floor_spawned":[2,6,8,11,14,16,20,26,27,37,45,48,49],"killed_by":"DF_ARCHETYPE_ORBS","ascension_level":2}}