{"host":"i0kvgscy22nkofud","time":1614045237,"event":{"mods":["AchievementEnabler","BaseMod","BetterRewards","Colored Map","Colored Powertips","Highlight Path","Hubris","Infinite Spire","Minty Spire (QoL Compilation)","Quick Restart","Replay The Spire","StSLib"],"gold_per_floor":[112,127,139,139,0,0,13,33,82,82,0,30,30,42,42,42,42],"floor_reached":16,"language":"ENG","playtime":1169,"items_purged":[],"score":127,"play_id":"ba6e9643-7d35-4aca-8360-1c7904709cb6","local_time":"20210222185357","is_ascension_mode":false,"campfire_choices":[{"data":"Life Link","floor":6.0,"key":"SMITH"},{"data":"Flex","floor":10.0,"key":"SMITH"},{"floor":15.0,"key":"DIG"}],"circlet_count":0,"master_deck":["Strike_R","Strike_R","Strike_R","Strike_R","Defend_R","Defend_R","Defend_R","Defend_R","Bash","Flex+1","Metallicize","Dropkick","Life Link+1","Dropkick","Thunderclap","ReplayTheSpireMod:Limb From Limb","Spot Weakness","Fire Breathing"],"relics":["Burning Blood","NeowsBlessing","hubris:SlimyHat","hubris:Spice"],"acts_visited":["Exordium"],"potions_floor_usage":[],"damage_taken":[{"damage":0.0,"enemies":"Jaw Worm","floor":1.0,"turns":1.0},{"damage":0.0,"enemies":"Cultist","floor":2.0,"turns":1.0},{"damage":0.0,"enemies":"Small Slimes","floor":3.0,"turns":1.0},{"damage":4.0,"enemies":"Blue Slaver","floor":7.0,"turns":5.0},{"damage":7.0,"enemies":"3 Louse","floor":8.0,"turns":4.0},{"damage":14.0,"enemies":"Replay:BlueRogue","floor":12.0,"turns":7.0},{"damage":11.0,"enemies":"Exordium Thugs","floor":14.0,"turns":4.0},{"damage":0,"enemies":"Fading Forest","floor":16,"turns":1}],"seed_played":"-4429970817234966360","potions_obtained":[{"floor":1.0,"key":"Ancient Potion"},{"floor":3.0,"key":"Elixir"},{"floor":7.0,"key":"SkillPotion"},{"floor":14.0,"key":"Energy Potion"}],"is_trial":false,"path_per_floor":["M","M","M","?","$","R","M","M","T","R","$","E","?","M","R","B"],"character_chosen":"IRONCLAD","items_purchased":["Life Link","Dropkick","Spot Weakness"],"campfire_rested":0,"item_purchase_floors":[5,5,11],"current_hp_per_floor":[80,80,80,80,80,80,80,79,79,79,79,79,84,79,87,87,87],"gold":42,"neow_bonus":"THREE_ENEMY_KILL","is_daily":false,"chose_seed":false,"campfire_upgraded":2,"win_rate":0.0,"timestamp":1614045237,"path_taken":["M","M","M","?","$","R","M","?","T","R","$","E","?","M","R","BOSS"],"items_purchased_type":["Card","Card","Card"],"build_version":"2020-12-22","purchased_purges":0,"victory":false,"max_hp_per_floor":[80,80,80,80,80,80,80,80,80,80,80,88,93,93,101,101,101],"card_choices":[{"not_picked":["Warcry","hubris:ReadiedAction"],"picked":"Flex","floor":1.0},{"not_picked":["Body Slam","Pommel Strike"],"picked":"Metallicize","floor":2.0},{"not_picked":["Clothesline","Clash"],"picked":"Dropkick","floor":3.0},{"not_picked":["Body Slam","ReplayTheSpireMod:Muscle Training"],"picked":"Thunderclap","floor":7.0},{"not_picked":["ReplayTheSpireMod:Corrosion Curse","hubris:ReadiedAction"],"picked":"ReplayTheSpireMod:Limb From Limb","floor":8.0},{"not_picked":["Demonic Infusion","Carnage","Warcry"],"picked":"SKIP","floor":12.0},{"not_picked":["Pommel Strike","True Grit"],"picked":"Fire Breathing","floor":14.0}],"player_experience":18091,"relics_obtained":[{"floor":9.0,"key":"hubris:SlimyHat"},{"floor":12.0,"key":"hubris:Spice"},{"floor":15.0,"key":"hubris:Spice"}],"event_choices":[{"cards_removed":["Strike_R"],"damage_healed":0.0,"max_hp_gain":0.0,"max_hp_loss":0.0,"gold_gain":0.0,"event_name":"Bonfire Elementals","player_choice":"Offered Basic","floor":4.0,"gold_loss":0.0,"damage_taken":0.0},{"damage_healed":0.0,"max_hp_gain":5.0,"max_hp_loss":0.0,"gold_gain":0.0,"event_name":"Big Fish","player_choice":"Donut","floor":13.0,"gold_loss":0.0,"damage_taken":0.0}],"is_beta":false,"boss_relics":[],"items_purged_floors":[],"is_endless":false,"potions_floor_spawned":[1,3,7,14],"killed_by":"Fading Forest","ascension_level":0}}