{"host":"t6r1isv2bex5ovch","time":1614058837,"event":{"mods":["AchievementEnabler","Act Like it!","Aspiration","BaseMod","Better Altar","Better Match","Better Note","Better Sensory Stone","Better Skull","Better Third Choice","Better Vampires","Bossed Relics","Colored Powertips","Displayed Cursed Tome","Evolution","Fox Events","Hubris","Minty Spire (QoL Compilation)","Reliquary","Ruina","StSLib","The Disciple"],"gold_per_floor":[115,40,0,10,20,49,67,67,67],"floor_reached":8,"language":"ENG","playtime":532,"items_purged":["Dualcast"],"score":70,"play_id":"70768fb7-3678-41cd-9eb1-d26e4ade2b1a","local_time":"20210223164037","is_ascension_mode":true,"campfire_choices":[],"circlet_count":0,"master_deck":["Strike_B","Strike_B","Strike_B","Strike_B","Defend_B","Defend_B","Defend_B","Defend_B","Zap","Redo","Enlightenment","Conserve Battery","BootSequence"],"relics":["Cracked Core","EVO:Axolotl","StrikeDummy"],"acts_visited":["Exordium"],"potions_floor_usage":[6],"damage_taken":[{"damage":2,"enemies":"2 Louse","floor":1,"turns":3},{"damage":2,"enemies":"Jaw Worm","floor":4,"turns":4},{"damage":1,"enemies":"Cultist","floor":5,"turns":3},{"damage":45,"enemies":"Lagavulin","floor":6,"turns":8},{"damage":5,"enemies":"3 Louse","floor":7,"turns":4},{"damage":35,"enemies":"Gremlin Nob","floor":8,"turns":3}],"seed_played":"-389192311359837866","potions_obtained":[{"floor":5,"key":"Swift Potion"}],"is_trial":false,"path_per_floor":["M","$","?","M","M","E","M","E"],"character_chosen":"DEFECT","items_purchased":[],"campfire_rested":0,"item_purchase_floors":[],"current_hp_per_floor":[80,80,86,84,83,38,33,0,0],"gold":67,"neow_bonus":"TEN_PERCENT_HP_BONUS","is_daily":false,"chose_seed":false,"campfire_upgraded":0,"win_rate":0.0,"timestamp":1614058837,"path_taken":["M","$","?","M","M","E","M","E"],"items_purchased_type":[],"build_version":"2020-12-22","purchased_purges":1,"victory":false,"max_hp_per_floor":[82,82,88,88,88,88,88,88,88],"card_choices":[{"not_picked":["Cold Snap","Compile Driver"],"picked":"Redo","floor":1},{"not_picked":["Coolheaded","Sweeping Beam","Rebound"],"picked":"SKIP","floor":4},{"not_picked":["Coolheaded","Sweeping Beam","Rebound"],"picked":"SKIP","floor":4},{"not_picked":["Hyperbeam","Redo"],"picked":"Conserve Battery","floor":5},{"not_picked":["Redo","Rebound"],"picked":"BootSequence","floor":6},{"not_picked":["Seek","Force Field","Stack"],"picked":"SKIP","floor":7}],"player_experience":412200,"relics_obtained":[{"floor":6,"key":"StrikeDummy"}],"event_choices":[{"damage_healed":0,"gold_gain":0,"player_choice":"RENOUNCE","damage_taken":40,"max_hp_gain":0,"max_hp_loss":0,"event_name":"betterThird:BetterSerpent","floor":3,"gold_loss":40,"cards_obtained":["Enlightenment"]}],"is_beta":false,"boss_relics":[],"items_purged_floors":[2],"is_endless":false,"potions_floor_spawned":[5],"killed_by":"Gremlin Nob","ascension_level":4}}