{"host":"n3r7007bx0xr1slw","time":1614064733,"event":{"mods":["BaseMod","Colored Powertips","DeckTracker","Googly Eyes","Highlight Path","Minty Spire (QoL Compilation)","Relic Stats","StSLib"],"gold_per_floor":[110,285,360,330,342,370,370,214,214,214,214],"floor_reached":10,"language":"ENG","playtime":401,"items_purged":[],"score":64,"play_id":"67a4820d-02fc-47f3-8911-9da1a859c73a","local_time":"20210223021853","is_ascension_mode":false,"campfire_choices":[{"data":"Magnetism","floor":7,"key":"SMITH"}],"circlet_count":0,"master_deck":["Strike_B","Strike_B","Strike_B","Strike_B","Defend_B","Defend_B","Defend_B","Defend_B","Zap","Dualcast","Injury","Magnetism+1","Static Discharge","Doubt","Cold Snap","Cold Snap","Multi-Cast","Capacitor","Coolheaded"],"relics":["Cracked Core","Vajra","Orrery","Shuriken"],"acts_visited":["Exordium"],"potions_floor_usage":[6],"damage_taken":[{"damage":10,"enemies":"Cultist","floor":1,"turns":4},{"damage":11,"enemies":"Small Slimes","floor":5,"turns":4},{"damage":30,"enemies":"3 Sentries","floor":6,"turns":6},{"damage":16,"enemies":"Gremlin Nob","floor":10,"turns":2}],"seed_played":"2125293370036563557","potions_obtained":[{"floor":1,"key":"CultistPotion"},{"floor":4,"key":"SteroidPotion"},{"floor":4,"key":"Fire Potion"}],"is_trial":false,"path_per_floor":["M","?","?","?","M","E","R","$","T","E"],"character_chosen":"DEFECT","items_purchased":["Orrery"],"campfire_rested":0,"item_purchase_floors":[8],"current_hp_per_floor":[65,65,54,54,43,13,13,13,13,0,0],"gold":214,"neow_bonus":"RANDOM_COLORLESS_2","is_daily":false,"chose_seed":false,"campfire_upgraded":1,"win_rate":0.0,"timestamp":1614064733,"path_taken":["M","?","?","?","?","E","R","$","T","E"],"items_purchased_type":["Relic"],"build_version":"2020-12-22","purchased_purges":0,"victory":false,"max_hp_per_floor":[75,75,75,75,75,75,75,75,75,75,75],"relic_stats":{"counters":[4,16],"Shuriken":[0],"obtain_stats":[{"Shuriken":9,"Vajra":6,"Orrery":8,"Cracked Core":0},{"Shuriken":3,"Vajra":3,"Orrery":3,"Cracked Core":0},{"Shuriken":14,"Vajra":14,"Orrery":14,"Cracked Core":0}]},"card_choices":[{"not_picked":["Panache","HandOfGreed"],"picked":"Magnetism","floor":0},{"not_picked":["Lockon","Coolheaded"],"picked":"Static Discharge","floor":1},{"not_picked":["Stack","Leap","Hologram"],"picked":"SKIP","floor":5},{"not_picked":["Rebound","Machine Learning"],"picked":"Cold Snap","floor":6},{"not_picked":["Undo","Gash"],"picked":"Cold Snap","floor":8},{"not_picked":["Cold Snap","Conserve Battery"],"picked":"Multi-Cast","floor":8},{"not_picked":["Ball Lightning","Coolheaded"],"picked":"Capacitor","floor":8},{"not_picked":["Streamline","BootSequence"],"picked":"Coolheaded","floor":8}],"player_experience":160225,"relics_obtained":[{"floor":6,"key":"Vajra"},{"floor":9,"key":"Shuriken"}],"event_choices":[{"damage_healed":0,"gold_gain":175,"player_choice":"AGREE","damage_taken":0,"max_hp_gain":0,"max_hp_loss":0,"event_name":"Liars Game","floor":2,"gold_loss":0,"cards_obtained":["Doubt"]},{"damage_healed":0,"gold_gain":75,"player_choice":"Gather Gold","damage_taken":11,"max_hp_gain":0,"max_hp_loss":0,"event_name":"World of Goop","floor":3,"gold_loss":0},{"damage_healed":0,"gold_gain":0,"player_choice":"Bought 2 Potions","damage_taken":0,"max_hp_gain":0,"max_hp_loss":0,"event_name":"The Woman in Blue","floor":4,"gold_loss":0}],"is_beta":false,"boss_relics":[],"items_purged_floors":[],"is_endless":false,"potions_floor_spawned":[1,5],"killed_by":"Gremlin Nob","ascension_level":0}}