{"host":"rzxtdhi6dlaar4wu","time":1614101004,"event":{"mods":["2.2 Compatiblity","AchievementEnabler","BaseMod","Block Reminder","Colored Map","Colored Powertips","Minty Spire (QoL Compilation)","Quick Restart","Random Character Button","Rare Cards Sparkle","Relic Stats","StSLib","The IronCluck"],"gold_per_floor":[119,136,37,37,56,56,68,68,68,68,78,78,96,61,61,156,206,216,232,252,20,20,53,53,85,85,85,96,96,109,121,121,121,121],"floor_reached":33,"language":"ENG","playtime":1764,"items_purged":["Strike_G"],"score":304,"play_id":"5ac0f5a4-81ba-4413-8656-9900bc7cee26","local_time":"20210223182324","is_ascension_mode":false,"campfire_choices":[{"data":"Survivor","floor":6,"key":"SMITH"},{"data":"Neutralize","floor":8,"key":"SMITH"},{"data":"Well Laid Plans","floor":10,"key":"SMITH"},{"data":"PiercingWail","floor":15,"key":"SMITH"},{"floor":24,"key":"REST"},{"floor":27,"key":"REST"},{"floor":32,"key":"REST"}],"circlet_count":0,"master_deck":["Strike_G","Strike_G","Strike_G","Defend_G","Defend_G","Defend_G","Defend_G+1","Survivor+1","Neutralize+1","Well Laid Plans+1","Underhanded Strike","Outmaneuver","Deadly Poison","Outmaneuver","PiercingWail+1","Corpse Explosion+1","Poisoned Stab","Dash","Corpse Explosion","Distraction","Dodge and Roll","Terror+1","PiercingWail","Wraith Form v2","Backstab","Bane+1","Deadly Poison","Distraction"],"relics":["Ring of the Snake","Incense Burner","Tiny House","Anchor","Paper Crane","Frozen Egg 2","Kunai"],"acts_visited":["Exordium","TheCity"],"potions_floor_usage":[18,23,23,23],"damage_taken":[{"damage":12,"enemies":"Cultist","floor":1,"turns":6},{"damage":1,"enemies":"Jaw Worm","floor":2,"turns":4},{"damage":5,"enemies":"Small Slimes","floor":5,"turns":5},{"damage":0,"enemies":"2 Fungi Beasts","floor":7,"turns":5},{"damage":0,"enemies":"3 Louse","floor":11,"turns":3},{"damage":0,"enemies":"Large Slime","floor":13,"turns":5},{"damage":15,"enemies":"Slime Boss","floor":16,"turns":10},{"damage":9,"enemies":"2 Thieves","floor":18,"turns":3},{"damage":12,"enemies":"Spheric Guardian","floor":19,"turns":4},{"damage":9,"enemies":"Snake Plant","floor":20,"turns":5},{"damage":22,"enemies":"Slavers","floor":23,"turns":3},{"damage":27,"enemies":"Gremlin Leader","floor":25,"turns":10},{"damage":15,"enemies":"Sentry and Sphere","floor":28,"turns":3},{"damage":12,"enemies":"3 Cultists","floor":30,"turns":4},{"damage":3,"enemies":"Snake Plant","floor":31,"turns":4},{"damage":37,"enemies":"Champ","floor":33,"turns":13}],"seed_played":"-9010979145991987632","potions_obtained":[{"floor":2,"key":"SkillPotion"},{"floor":7,"key":"GhostInAJar"},{"floor":17,"key":"CultistPotion"},{"floor":20,"key":"EntropicBrew"},{"floor":28,"key":"GamblersBrew"},{"floor":30,"key":"FearPotion"}],"is_trial":false,"path_per_floor":["M","M","$","?","M","R","M","R","T","R","M","?","M","?","R","B",null,"M","M","M","$","?","E","R","E","T","R","M","?","M","M","R","B"],"character_chosen":"THE_SILENT","items_purchased":["Deadly Poison","Outmaneuver","Anchor"],"campfire_rested":3,"item_purchase_floors":[3,3,21],"current_hp_per_floor":[58,57,57,57,52,52,52,52,52,52,52,52,52,69,69,54,75,66,54,45,45,45,23,45,18,18,40,25,25,13,10,32,0,0],"gold":121,"neow_bonus":"TRANSFORM_CARD","is_daily":false,"chose_seed":false,"campfire_upgraded":4,"win_rate":0.0,"timestamp":1614101004,"path_taken":["M","?","$","?","M","R","?","R","T","R","M","?","M","?","R","BOSS","M","M","M","$","?","E","R","E","T","R","M","?","?","M","R","BOSS"],"items_purchased_type":["Card","Card","Relic"],"build_version":"2020-12-22","purchased_purges":1,"victory":false,"max_hp_per_floor":[70,70,70,70,70,70,70,70,70,70,70,70,70,70,70,70,75,75,75,75,75,75,75,75,75,75,75,75,75,75,75,75,75,75],"relic_stats":{"counters":[16,87],"Kunai":[2],"obtain_stats":[{"Anchor":21,"Tiny House":17,"Incense Burner":9,"Kunai":29,"Paper Crane":25,"Frozen Egg 2":26,"Ring of the Snake":0},{"Anchor":10,"Tiny House":7,"Incense Burner":4,"Kunai":13,"Paper Crane":12,"Frozen Egg 2":12,"Ring of the Snake":0},{"Anchor":50,"Tiny House":38,"Incense Burner":20,"Kunai":66,"Paper Crane":63,"Frozen Egg 2":63,"Ring of the Snake":0}],"Ring of the Snake":[32]},"card_choices":[{"not_picked":["Sucker Punch","Accuracy"],"picked":"Underhanded Strike","floor":1},{"not_picked":["Blade Dance","Flying Knee"],"picked":"Outmaneuver","floor":2},{"not_picked":["Underhanded Strike","Backflip"],"picked":"PiercingWail","floor":5},{"not_picked":["All Out Attack","Acrobatics"],"picked":"Corpse Explosion","floor":7},{"not_picked":["Quick Slash","Flying Knee"],"picked":"Poisoned Stab","floor":11},{"not_picked":["Underhanded Strike","Flying Knee"],"picked":"Dash","floor":13},{"not_picked":["A Thousand Cuts","After Image"],"picked":"Corpse Explosion","floor":16},{"not_picked":["Escape Plan","Quick Slash"],"picked":"Distraction","floor":17},{"not_picked":["Outmaneuver","Prepared"],"picked":"Dodge and Roll","floor":18},{"not_picked":["Quick Slash","Deadly Poison"],"picked":"Terror+1","floor":19},{"not_picked":["Expertise","Acrobatics"],"picked":"PiercingWail","floor":20},{"not_picked":["Doppelganger","PiercingWail"],"picked":"Backstab","floor":23},{"not_picked":["Dagger Spray","Infinite Blades"],"picked":"Bane+1","floor":25},{"not_picked":["Slice","Dodge and Roll"],"picked":"Deadly Poison","floor":28},{"not_picked":["Quick Slash+1","Calculated Gamble","Expertise"],"picked":"SKIP","floor":30},{"not_picked":["Dodge and Roll","Accuracy+1"],"picked":"Distraction","floor":31}],"player_experience":170503,"relics_obtained":[{"floor":9,"key":"Incense Burner"},{"floor":25,"key":"Paper Crane"},{"floor":26,"key":"Frozen Egg 2"},{"floor":29,"key":"Kunai"}],"event_choices":[{"cards_removed":["Defend_G"],"damage_healed":0,"gold_gain":0,"player_choice":"Offered Basic","damage_taken":0,"max_hp_gain":0,"max_hp_loss":0,"event_name":"Bonfire Elementals","floor":4,"gold_loss":0},{"damage_healed":0,"gold_gain":0,"player_choice":"Grow","damage_taken":0,"max_hp_gain":0,"max_hp_loss":0,"event_name":"Living Wall","floor":12,"gold_loss":0,"cards_upgraded":["Corpse Explosion"]},{"damage_healed":17,"gold_gain":0,"player_choice":"Healed","damage_taken":0,"max_hp_gain":0,"max_hp_loss":0,"event_name":"The Cleric","floor":14,"gold_loss":35},{"damage_healed":0,"gold_gain":0,"player_choice":"Read","damage_taken":0,"max_hp_gain":0,"max_hp_loss":0,"event_name":"The Library","floor":22,"gold_loss":0,"cards_obtained":["Wraith Form v2"]},{"damage_healed":0,"gold_gain":0,"player_choice":"Relic","damage_taken":0,"max_hp_gain":0,"max_hp_loss":0,"event_name":"Wheel of Change","floor":29,"gold_loss":0}],"is_beta":false,"boss_relics":[{"not_picked":["Sozu","Fusion Hammer"],"picked":"Tiny House"}],"items_purged_floors":[21],"is_endless":false,"potions_floor_spawned":[2,7,20,28,30,31],"killed_by":"Champ","ascension_level":0}}