{"host":"blhqr6uo32maonpv","time":1614107195,"event":{"mods":["BaseMod","Colored Powertips","Downfall","Hermit","Minty Spire (QoL Compilation)","Replay The Spire","StSLib","The Bug Knight","The Marked"],"gold_per_floor":[117,324,334,351,351,351,368,368,368,384,384,406,406,406,406],"floor_reached":14,"language":"ENG","playtime":442,"items_purged":[],"score":82,"play_id":"b1719bd1-b58c-4e99-b920-8f2e0759d516","local_time":"20210223150635","is_ascension_mode":false,"campfire_choices":[{"floor":6,"key":"REST"},{"data":"hermit:Determination","floor":8,"key":"SMITH"},{"floor":13,"key":"REST"}],"circlet_count":0,"master_deck":["hermit:Strike_Hermit","hermit:Strike_Hermit","hermit:Strike_Hermit","hermit:Strike_Hermit","hermit:Defend_Hermit","hermit:Defend_Hermit","hermit:Defend_Hermit","hermit:Defend_Hermit+1","hermit:Snapshot","hermit:Covet","hermit:Determination+1","hermit:WideOpen+1","hermit:Scavenge","hermit:SprayPray","downfall:Icky","hermit:ItchyTrigger","theMarked:TakeCover"],"relics":["hermit:Momento","PrismaticShard","Bag of Preparation"],"acts_visited":["Exordium"],"potions_floor_usage":[],"damage_taken":[{"damage":8,"enemies":"Jaw Worm","floor":1,"turns":5},{"damage":2,"enemies":"2 Louse","floor":3,"turns":2},{"damage":0,"enemies":"Small Slimes","floor":4,"turns":3},{"damage":0,"enemies":"Looter","floor":7,"turns":2},{"damage":22,"enemies":"Exordium Wildlife","floor":10,"turns":5},{"damage":17,"enemies":"Gremlin Gang","floor":12,"turns":4},{"damage":0,"enemies":"3 Sentries","floor":14,"turns":1}],"seed_played":"3413173922581688794","potions_obtained":[{"floor":3,"key":"Dexterity Potion"},{"floor":4,"key":"sneckomod:MuddlingPotion"},{"floor":7,"key":"Flashbang"}],"is_trial":false,"path_per_floor":["M","?","M","M","?","R","M","R","T","M","?","M","R","E"],"character_chosen":"HERMIT","items_purchased":[],"campfire_rested":2,"item_purchase_floors":[],"current_hp_per_floor":[74,54,52,52,52,76,76,76,76,54,38,21,45,45,45],"gold":406,"neow_bonus":"TEN_PERCENT_HP_BONUS","is_daily":false,"chose_seed":false,"campfire_upgraded":1,"win_rate":0.0,"timestamp":1614107195,"path_taken":["M","?","M","M","?","R","M","R","T","M","?","M","R","E"],"items_purchased_type":[],"build_version":"2020-12-22","purchased_purges":0,"victory":false,"max_hp_per_floor":[82,82,82,82,82,82,82,82,82,82,82,82,82,82,82],"card_choices":[{"not_picked":["hermit:Manifest","hermit:HighCaliber"],"picked":"hermit:Determination","floor":1},{"not_picked":["hermit:LoneWolf","hermit:Misfire"],"picked":"hermit:WideOpen","floor":2},{"not_picked":["hermit:HighCaliber","hermit:BodyArmor"],"picked":"hermit:Scavenge","floor":3},{"not_picked":["hermit:Quickdraw","hermit:CursedWeapon"],"picked":"hermit:SprayPray","floor":4},{"not_picked":["Purity","Reckless Charge","Slice"],"picked":"SKIP","floor":7},{"not_picked":["hexamod:HeatCrush","HollowMod:SoulStrike"],"picked":"hermit:ItchyTrigger","floor":10},{"not_picked":["Seeing Red","Slimebound:MassRepurpose"],"picked":"theMarked:TakeCover","floor":12}],"player_experience":63073,"relics_obtained":[{"floor":9,"key":"Bag of Preparation"}],"event_choices":[{"damage_healed":0,"gold_gain":0,"player_choice":"Entered Light","damage_taken":16,"max_hp_gain":0,"max_hp_loss":0,"event_name":"Shining Light","floor":11,"gold_loss":0,"cards_upgraded":["hermit:WideOpen","hermit:Defend_Hermit"]}],"is_beta":false,"boss_relics":[],"items_purged_floors":[],"is_endless":false,"potions_floor_spawned":[3,4,7],"killed_by":"3 Sentries","ascension_level":0}}