{"host":"rn3kwqbcoeui7au7","time":1614065004,"event":{"mods":["BaseMod","Colored Powertips","Downfall","Minty Spire (QoL Compilation)","Relic Stats","Spicy Shops","StSLib"],"gold_per_floor":[99,110,130,40,53,72,95,115,15,26,26,46,57,69,79,79,79,79],"floor_reached":16,"language":"ZHS","playtime":958,"items_purged":["bronze:Strike"],"score":100,"play_id":"826d0b9d-910b-4d03-9a01-f65bfcc8224c","local_time":"20210223152324","is_ascension_mode":false,"campfire_choices":[{"floor":1,"key":"RECALL"},{"data":"bronze:Flail","floor":9,"key":"SMITH"}],"circlet_count":0,"master_deck":["bronze:Strike","bronze:Strike","bronze:Strike","bronze:Defend","bronze:Defend","bronze:Defend","bronze:Defend","bronze:Replicate","bronze:Goto","bronze:Flail+1","bronze:Branch","bronze:ChildClass","bronze:Flail","bronze:ForLoop","bronze:Frontload","bronze:Overheat","bronze:WhirlingStrike","bronze:Boost","bronze:Repulsor","bronze:Repair"],"relics":["bronze:BronzeCore","Oddly Smooth Stone","downfall:HeartBlessingRed","downfall:BrokenWingStatue"],"acts_visited":["Exordium"],"potions_floor_usage":[12],"damage_taken":[{"damage":1,"enemies":"Cultist","floor":2,"turns":4},{"damage":2,"enemies":"Small Slimes","floor":3,"turns":3},{"damage":2,"enemies":"downfall:FleeingMerchant","floor":4,"turns":4},{"damage":0,"enemies":"Jaw Worm","floor":5,"turns":2},{"damage":13,"enemies":"Exordium Wildlife","floor":6,"turns":3},{"damage":1,"enemies":"Red Slaver","floor":8,"turns":5},{"damage":0,"enemies":"downfall:LooterAlt","floor":10,"turns":3},{"damage":14,"enemies":"Gremlin Gang","floor":12,"turns":3},{"damage":0,"enemies":"Exordium Thugs","floor":13,"turns":1},{"damage":0,"enemies":"Exordium Wildlife","floor":14,"turns":2},{"damage":3,"enemies":"Large Slime","floor":15,"turns":6},{"damage":53,"enemies":"DF_ARCHETYPE_STREAMLINE","floor":16,"turns":7}],"seed_played":"-7203830559186850839","potions_obtained":[{"floor":5,"key":"champ:CounterPotion"},{"floor":8,"key":"LiquidBronze"},{"floor":12,"key":"Fruit Juice"},{"floor":15,"key":"Fire Potion"}],"is_trial":false,"path_per_floor":["R","M","M","$","M","M","T","M","R","M","?","M","M","M","M","B"],"character_chosen":"THE_AUTOMATON","items_purchased":[],"campfire_rested":0,"item_purchase_floors":[],"current_hp_per_floor":[77,76,74,72,72,59,59,58,58,58,58,49,49,49,46,0,0,0],"gold":79,"neow_bonus":"TEN_PERCENT_HP_BONUS","is_daily":false,"chose_seed":false,"campfire_upgraded":1,"win_rate":0.0,"timestamp":1614065004,"path_taken":["R","M","M","$","M","M","T","?","R","M","?","M","M","M","M","BOSS"],"items_purchased_type":[],"build_version":"2020-12-22","purchased_purges":1,"victory":false,"max_hp_per_floor":[77,77,77,77,77,77,77,77,77,77,77,82,82,82,82,82,82,82],"relic_stats":{"counters":[12,43],"obtain_stats":[{"bronze:BronzeCore":0,"downfall:BrokenWingStatue":11,"downfall:HeartBlessingRed":9,"Oddly Smooth Stone":7},{"bronze:BronzeCore":0,"downfall:BrokenWingStatue":7,"downfall:HeartBlessingRed":6,"Oddly Smooth Stone":5},{"bronze:BronzeCore":0,"downfall:BrokenWingStatue":24,"downfall:HeartBlessingRed":21,"Oddly Smooth Stone":16}]},"card_choices":[{"not_picked":["bronze:BuggyMess","bronze:ClassDefault"],"picked":"bronze:Flail","floor":2},{"not_picked":["bronze:DelayedSlice","bronze:Frontload"],"picked":"bronze:Branch","floor":3},{"not_picked":["bronze:Branch","bronze:BitShift"],"picked":"bronze:ChildClass","floor":4},{"not_picked":["bronze:WildBeam","bronze:Philosophize"],"picked":"bronze:Flail","floor":5},{"not_picked":["bronze:BuggyMess","bronze:Boost"],"picked":"bronze:ForLoop","floor":6},{"not_picked":["bronze:Invalidate","bronze:ForLoop"],"picked":"bronze:Frontload","floor":8},{"not_picked":["bronze:ForLoop","bronze:Frontload"],"picked":"bronze:Overheat","floor":10},{"not_picked":["bronze:Overload","bronze:Frontload"],"picked":"bronze:WhirlingStrike","floor":12},{"not_picked":["bronze:Deprecate","bronze:BuggyMess"],"picked":"bronze:Boost","floor":13},{"not_picked":["bronze:CleanCode","bronze:DarkDash"],"picked":"bronze:Repulsor","floor":14},{"not_picked":["bronze:ForceShield","bronze:Frontload"],"picked":"bronze:Repair","floor":15}],"player_experience":188305,"relics_obtained":[{"floor":7,"key":"Oddly Smooth Stone"}],"event_choices":[],"is_beta":false,"boss_relics":[],"items_purged_floors":[4],"is_endless":false,"potions_floor_spawned":[5,8,12,15],"killed_by":"DF_ARCHETYPE_STREAMLINE","ascension_level":0}}