{"host":"wf1r1zhguvoo22rf","time":1614086723,"event":{"mods":["BaseMod","Colored Powertips","Minty Spire (QoL Compilation)","StSLib"],"gold_per_floor":[363,210,225,225,225,243,243,256,256,256,206,236,236,411,411,411,411],"floor_reached":16,"language":"ENG","playtime":638,"items_purged":[],"score":123,"play_id":"aba27cad-178e-4103-b69f-e3eb9ffc8f0d","local_time":"20210223152523","is_ascension_mode":false,"campfire_choices":[{"data":"Eruption","floor":7,"key":"SMITH"},{"floor":10,"key":"REST"},{"data":"Devotion","floor":13,"key":"SMITH"},{"data":"JustLucky","floor":15,"key":"SMITH"}],"circlet_count":0,"master_deck":["Strike_P","Strike_P","Strike_P","Strike_P","Defend_P","Defend_P","Defend_P","Defend_P","Eruption+1","Vigilance","BowlingBash","FlurryOfBlows+1","JustLucky+1","Devotion+1","Doubt"],"relics":["PureWater","HandDrill","Toxic Egg 2","GoldenEye","Anchor"],"acts_visited":["Exordium"],"potions_floor_usage":[12,12],"damage_taken":[{"damage":0,"enemies":"Small Slimes","floor":1,"turns":2},{"damage":0,"enemies":"Cultist","floor":3,"turns":2},{"damage":4,"enemies":"Jaw Worm","floor":6,"turns":3},{"damage":8,"enemies":"3 Louse","floor":8,"turns":3},{"damage":0,"enemies":"Gremlin Nob","floor":12,"turns":2},{"damage":61,"enemies":"Hexaghost","floor":16,"turns":4}],"seed_played":"797189413530644409","potions_obtained":[{"floor":3,"key":"DuplicationPotion"},{"floor":6,"key":"PowerPotion"},{"floor":12,"key":"BlessingOfTheForge"}],"is_trial":false,"path_per_floor":["M","$","M","?","?","M","R","M","T","R","?","E","R","?","R","B"],"character_chosen":"WATCHER","items_purchased":["HandDrill"],"campfire_rested":1,"item_purchase_floors":[2],"current_hp_per_floor":[51,51,51,51,51,47,47,39,39,60,60,60,60,60,60,0,0],"gold":411,"neow_bonus":"TWO_FIFTY_GOLD","is_daily":false,"chose_seed":false,"campfire_upgraded":3,"win_rate":0.0,"timestamp":1614086723,"path_taken":["M","$","M","?","?","?","R","M","T","R","?","E","R","?","R","BOSS"],"items_purchased_type":["Relic"],"build_version":"2020-12-22","purchased_purges":0,"victory":false,"max_hp_per_floor":[72,72,72,72,72,72,72,72,72,72,72,72,72,72,72,72,72],"card_choices":[{"not_picked":["Halt","ClearTheMind"],"picked":"BowlingBash","floor":1},{"not_picked":["Halt","Adaptation"],"picked":"FlurryOfBlows","floor":3},{"not_picked":["Omniscience+1","Indignation+1"],"picked":"JustLucky","floor":6},{"not_picked":["Study","Weave","EmptyMind+1"],"picked":"SKIP","floor":8},{"not_picked":["CutThroughFate","WreathOfFlame+1"],"picked":"Devotion","floor":12}],"player_experience":248958,"relics_obtained":[{"floor":9,"key":"GoldenEye"},{"floor":12,"key":"Anchor"}],"event_choices":[{"damage_healed":0,"gold_gain":0,"player_choice":"Box","damage_taken":0,"relics_obtained":["Toxic Egg 2"],"max_hp_gain":0,"max_hp_loss":0,"event_name":"Big Fish","floor":4,"gold_loss":0,"cards_obtained":["Regret"]},{"damage_healed":0,"gold_gain":0,"player_choice":"Upgraded","damage_taken":0,"max_hp_gain":0,"max_hp_loss":0,"event_name":"Upgrade Shrine","floor":5,"gold_loss":0,"cards_upgraded":["FlurryOfBlows"]},{"cards_removed":["Regret"],"damage_healed":0,"gold_gain":0,"player_choice":"Card Removal","damage_taken":0,"max_hp_gain":0,"max_hp_loss":0,"event_name":"The Cleric","floor":11,"gold_loss":50},{"damage_healed":0,"gold_gain":175,"player_choice":"AGREE","damage_taken":0,"max_hp_gain":0,"max_hp_loss":0,"event_name":"Liars Game","floor":14,"gold_loss":0,"cards_obtained":["Doubt"]}],"is_beta":false,"boss_relics":[],"items_purged_floors":[],"is_endless":false,"potions_floor_spawned":[3,6,12],"killed_by":"Hexaghost","ascension_level":0}}