{"host":"h3yie3u3olngyjol","time":1614063757,"event":{"mods":["BaseMod","Colored Powertips","Downfall","Highlight Path","Infinite Spire","Lobotomy","LobotomyExtend","Marked Mod","Minty Spire (QoL Compilation)","Prisma Mod","Replay The Spire","RumiaBox-露米娅的神秘盒子","Shop Mod","StSLib","The Hierophant","The Runesmith"],"gold_per_floor":[115,115,46,60,60,60,71,146,173,173,188,188,46,56,56,154,154,170,170,184,202,214,241,241,257,257,37,37,37,51,0,0,98,98,117,137,137,0,0,0,18,18,18,33,67,86,86,100,100,100],"floor_reached":51,"language":"ZHS","playtime":1857,"items_purged":["Defend_G","Decay"],"score":910,"play_id":"0d711938-281d-4b38-b13e-66b0a563bc85","local_time":"20210223150237","is_ascension_mode":true,"campfire_choices":[{"data":"Replay:Bag of Tricks","floor":6.0,"key":"SMITH"},{"data":"Blade Dance","floor":10.0,"key":"SMITH"},{"data":"Accuracy","floor":12.0,"key":"SMITH"},{"data":"Infinite Blades","floor":15.0,"key":"SMITH"},{"data":"Cloak And Dagger","floor":24.0,"key":"SMITH"},{"floor":29,"key":"REST"},{"floor":32,"key":"REST"},{"data":"Phantasmal Killer","floor":40,"key":"SMITH"},{"floor":42,"key":"REST"},{"data":"Adrenaline","floor":47,"key":"SMITH"},{"floor":49,"key":"REST"}],"circlet_count":0,"master_deck":["Strike_G","Strike_G","Strike_G","Defend_G","Defend_G","Defend_G","Survivor","Neutralize","Night Terror+1","Blade Dance+1","Replay:Bag of Tricks+1","Calculated Gamble","Accuracy+1","Infinite Blades+1","Well Laid Plans","Adrenaline+1","Cloak And Dagger+1","Dagger Spray+1","Hidden Blade+1","Phantasmal Killer+1","Infinite Blades+1","Blade Dance+1","Atom Bomb","Escape Plan"],"relics":["Ring of the Serpent","LetterFromLob","Replay:Baseball","Empty Cage","Replay:Bottled Flurry","Onion Ring","Membership Card","Anchor","LastBattle","StoneCalendar","Red Mask","Thread and Needle","Centennial Puzzle"],"acts_visited":["Exordium","TheCity","TheBeyond"],"potions_floor_usage":[33,46,50,50,50],"damage_taken":[{"damage":0.0,"enemies":"Small Slimes","floor":1.0,"turns":5.0},{"damage":0.0,"enemies":"Cultist","floor":4.0,"turns":3.0},{"damage":0.0,"enemies":"2 Louse","floor":7.0,"turns":2.0},{"damage":5.0,"enemies":"Gremlin Gang","floor":11.0,"turns":3.0},{"damage":4.0,"enemies":"3 Louse","floor":14.0,"turns":3.0},{"damage":0.0,"enemies":"Slime Boss","floor":16.0,"turns":6.0},{"damage":7.0,"enemies":"Shell Parasite","floor":18.0,"turns":3.0},{"damage":0.0,"enemies":"Chosen","floor":20.0,"turns":3.0},{"damage":1.0,"enemies":"3 Cultists","floor":21.0,"turns":4.0},{"damage":22.0,"enemies":"Centurion and Healer","floor":22.0,"turns":2.0},{"damage":0.0,"enemies":"Gremlin Leader","floor":23.0,"turns":3.0},{"damage":19,"enemies":"Snecko","floor":25,"turns":4},{"damage":2,"enemies":"Cultist and Chosen","floor":30,"turns":3},{"damage":7,"enemies":"Automaton","floor":33,"turns":3},{"damage":16,"enemies":"3 Shapes","floor":35,"turns":5},{"damage":0,"enemies":"Orb Walker","floor":36,"turns":3},{"damage":0,"enemies":"Transient","floor":41,"turns":5},{"damage":12,"enemies":"Writhing Mass","floor":44,"turns":5},{"damage":0,"enemies":"Giant Head","floor":45,"turns":4},{"damage":4,"enemies":"Sphere and 2 Shapes","floor":46,"turns":2},{"damage":0,"enemies":"Spire Growth","floor":48,"turns":3},{"damage":54,"enemies":"Replay:Hell Engine","floor":50,"turns":6}],"seed_played":"6432350256566931173","potions_obtained":[{"floor":1.0,"key":"Death Potion"},{"floor":4.0,"key":"ColorlessPotion"},{"floor":14.0,"key":"GhostInAJar"},{"floor":21.0,"key":"BlessingOfTheForge"},{"floor":23.0,"key":"bronze:BurnAndBuffPotion"},{"floor":35,"key":"Energy Potion"},{"floor":41,"key":"SpeedPotion"},{"floor":44,"key":"Explosive Potion"},{"floor":46,"key":"Energy Potion"}],"is_trial":false,"path_per_floor":["M","?","$","M","?","R","M","?","T","R","M","R","$","M","R","B",null,"M","?","M","M","M","E","R","M","T","$","?","R","M","?","R","B",null,"M","M","AVR","?","?","R","M","R","T","M","E","M","R","M","R","B",null],"character_chosen":"THE_SILENT","items_purchased":["Replay:Bag of Tricks","Infinite Blades","Membership Card","Anchor"],"campfire_rested":4,"item_purchase_floors":[3,13,27,27],"current_hp_per_floor":[63,63,63,63,63,63,63,56,56,56,51,51,51,47,47,47,64,57,57,57,56,34,34,34,15,15,15,15,36,34,34,55,48,65,49,49,49,49,49,49,49,70,70,58,58,54,54,54,70,16],"gold":100,"neow_bonus":"ONE_RANDOM_RARE_CARD","is_daily":false,"chose_seed":false,"campfire_upgraded":7,"win_rate":0.0,"timestamp":1614063757,"path_taken":["M","?","$","?","?","R","M","?","T","R","M","R","$","?","R","BOSS","M","?","?","M","M","E","R","?","T","$","?","R","M","?","R","BOSS","M","?","AVR","?","?","R","M","R","T","M","E","M","R","M","R","BOSS"],"items_purchased_type":["Card","Card","Relic","Relic"],"build_version":"2020-12-22","purchased_purges":2,"victory":true,"max_hp_per_floor":[70,70,70,70,70,70,70,70,70,70,70,70,70,70,70,70,70,70,70,70,70,70,70,70,70,70,70,70,70,70,70,70,70,70,70,70,70,70,70,70,70,70,70,70,70,70,70,70,70,70],"card_choices":[{"not_picked":["Slice","Sucker Punch"],"picked":"Blade Dance","floor":1.0},{"not_picked":["Prepared","Dodge and Roll"],"picked":"Calculated Gamble","floor":4.0},{"not_picked":["Calculated Gamble","Noxious Fumes","Quick Slash"],"picked":"SKIP","floor":7.0},{"not_picked":["Deflect","Blade Dance"],"picked":"Accuracy","floor":11.0},{"not_picked":["Outmaneuver","Bane"],"picked":"Well Laid Plans","floor":14.0},{"not_picked":["Die Die Die","Unload"],"picked":"Adrenaline","floor":16.0},{"not_picked":["Flechettes","Skewer"],"picked":"Cloak And Dagger","floor":18.0},{"not_picked":["Outmaneuver","Endless Agony"],"picked":"Dagger Spray+1","floor":20.0},{"not_picked":["Eviscerate","PiercingWail","Backflip"],"picked":"SKIP","floor":21.0},{"not_picked":["Draining Mist","Dagger Spray"],"picked":"Hidden Blade+1","floor":22.0},{"not_picked":["Backflip","Noxious Fumes","Slice"],"picked":"SKIP","floor":23.0},{"not_picked":["Poisoned Stab","Deadly Poison+1","ReplayTheSpireMod:Tripwire+1"],"picked":"SKIP","floor":25},{"not_picked":["Flechettes+1","Deflect","Replay:Poison Smokescreen"],"picked":"SKIP","floor":30},{"not_picked":["Malaise","Glass Knife"],"picked":"Phantasmal Killer","floor":33},{"not_picked":["Deadly Poison","ReplayTheSpireMod:Exploit Weakness+1","Flying Knee"],"picked":"SKIP","floor":35},{"not_picked":["Sucker Punch","Deadly Poison+1"],"picked":"Infinite Blades+1","floor":36},{"not_picked":["Flying Knee+1","Leg Sweep+1","Outmaneuver+1"],"picked":"SKIP","floor":41},{"not_picked":["Heel Hook+1","Eviscerate+1"],"picked":"Blade Dance+1","floor":44},{"not_picked":["Sucker Punch","Backflip+1"],"picked":"Atom Bomb","floor":45},{"not_picked":["PiercingWail+1","Terror+1"],"picked":"Escape Plan","floor":46},{"not_picked":["Outmaneuver","Deadly Poison","Reflex"],"picked":"SKIP","floor":48}],"player_experience":469254,"relics_obtained":[{"floor":1.0,"key":"LetterFromLob"},{"floor":9.0,"key":"Replay:Baseball"},{"floor":23.0,"key":"Replay:Bottled Flurry"},{"floor":26,"key":"Onion Ring"},{"floor":43,"key":"Thread and Needle"},{"floor":45,"key":"Centennial Puzzle"}],"event_choices":[{"damage_healed":0.0,"max_hp_gain":0.0,"max_hp_loss":0.0,"gold_gain":0.0,"event_name":"Upgrade Shrine","player_choice":"Upgraded","floor":2.0,"gold_loss":0.0,"damage_taken":0.0,"cards_upgraded":["Night Terror"]},{"damage_healed":0.0,"max_hp_gain":0.0,"max_hp_loss":0.0,"gold_gain":75.0,"event_name":"FaceTrader","player_choice":"Touch","floor":8.0,"gold_loss":0.0,"damage_taken":7.0},{"damage_healed":0.0,"max_hp_gain":0.0,"max_hp_loss":0.0,"gold_gain":0.0,"event_name":"N\u0027loth","player_choice":"Ignored","floor":19.0,"gold_loss":0.0,"damage_taken":0.0},{"damage_healed":0,"gold_gain":0,"player_choice":"Smashed Altar","damage_taken":0,"max_hp_gain":0,"max_hp_loss":0,"event_name":"Forgotten Altar","floor":28,"gold_loss":0,"cards_obtained":["Decay"]},{"damage_healed":0,"gold_gain":0,"player_choice":"Paid Gold","damage_taken":0,"relics_obtained":["LastBattle"],"max_hp_gain":0,"max_hp_loss":0,"event_name":"WeMeetAgain","floor":31,"gold_loss":51},{"damage_healed":0,"gold_gain":0,"player_choice":"Paid","damage_taken":0,"relics_obtained":["Red Mask"],"max_hp_gain":0,"max_hp_loss":0,"event_name":"Tomb of Lord Red Mask","floor":38,"gold_loss":137},{"cards_removed":["Strike_G"],"damage_healed":0,"gold_gain":0,"player_choice":"Removed Attack","damage_taken":0,"max_hp_gain":0,"max_hp_loss":0,"event_name":"Falling","floor":39,"gold_loss":0}],"is_beta":false,"boss_relics":[{"not_picked":["Replay:Ancient Bell","Philosopher\u0027s Stone"],"picked":"Empty Cage"},{"not_picked":["ChewingGum","Velvet Choker"],"picked":"Ring of the Serpent"}],"items_purged_floors":[13,37],"is_endless":false,"potions_floor_spawned":[1,4,14,20,21,23,35,41,44,46],"ascension_level":8}}