{"host":"sav7uxregyirlf69","time":1614055181,"event":{"mods":["AchievementEnabler","BaseMod","Colored Map","DeckTracker","Keyboard Shortcuts","Minty Spire (QoL Compilation)","READ ME - Guardian Mod","StSLib","SuperFastMode"],"gold_per_floor":[113,127,127,127,52,84,84,118,141,141,159,159,171,190,190,267,267,277,202,212,52,67,67,67,67,67,67,78,90,102,118,118,118,118],"floor_reached":33,"language":"KOR","playtime":492,"items_purged":["Strike_R"],"score":568,"play_id":"7d03d6ce-33fc-4c5d-b620-11856e46370e","local_time":"20210223133941","is_ascension_mode":true,"campfire_choices":[{"data":"Evolve","floor":10.0,"key":"SMITH"},{"data":"Sword Boomerang","floor":12.0,"key":"SMITH"},{"data":"Sentinel","floor":15.0,"key":"SMITH"},{"data":"Body Slam","floor":23,"key":"SMITH"},{"data":"Offering","floor":25,"key":"SMITH"},{"data":"Feel No Pain","floor":27,"key":"SMITH"},{"data":"Dark Embrace","floor":32,"key":"SMITH"}],"circlet_count":0,"master_deck":["AscendersBane","Strike_R","Strike_R","Defend_R+1","Defend_R","Defend_R","Bash","Second Wind+1","Feel No Pain","Demon Form","Evolve+1","Wild Strike","Sword Boomerang+1","Sentinel+1","Feel No Pain+1","Body Slam+1","Offering+1","Dark Embrace+1","Shrug It Off"],"relics":["Burning Blood","NeowsBlessing","Bag of Preparation","Boot","Akabeko","Runic Pyramid"],"acts_visited":["Exordium","TheCity"],"potions_floor_usage":[33],"damage_taken":[{"damage":0.0,"enemies":"Cultist","floor":1.0,"turns":1.0},{"damage":0.0,"enemies":"2 Louse","floor":2.0,"turns":1.0},{"damage":0.0,"enemies":"Lagavulin","floor":6.0,"turns":3.0},{"damage":44.0,"enemies":"Gremlin Nob","floor":8.0,"turns":5.0},{"damage":7.0,"enemies":"Small Slimes","floor":11.0,"turns":3.0},{"damage":0.0,"enemies":"Blue Slaver","floor":13.0,"turns":1.0},{"damage":0.0,"enemies":"3 Louse","floor":14.0,"turns":2.0},{"damage":39,"enemies":"The Guardian","floor":16,"turns":10},{"damage":0,"enemies":"Spheric Guardian","floor":18,"turns":3},{"damage":18,"enemies":"Shell Parasite","floor":20,"turns":4},{"damage":10,"enemies":"Snecko","floor":22,"turns":3},{"damage":11,"enemies":"Centurion and Healer","floor":28,"turns":5},{"damage":6,"enemies":"3 Cultists","floor":29,"turns":4},{"damage":6,"enemies":"Snake Plant","floor":30,"turns":2},{"damage":6,"enemies":"Sentry and Sphere","floor":31,"turns":3},{"damage":61,"enemies":"Collector","floor":33,"turns":6}],"seed_played":"8207182516681617566","potions_obtained":[{"floor":1.0,"key":"BlessingOfTheForge"},{"floor":6.0,"key":"BloodPotion"},{"floor":8.0,"key":"ColorlessPotion"},{"floor":20,"key":"PowerPotion"},{"floor":30,"key":"BloodPotion"}],"is_trial":false,"path_per_floor":["M","M","?","?","?","E","?","E","T","R","M","R","M","M","R","B",null,"M","?","M","$","M","R","?","R","T","R","M","M","M","M","R","B"],"character_chosen":"IRONCLAD","items_purchased":["Offering"],"campfire_rested":0,"item_purchase_floors":[21],"current_hp_per_floor":[74,75,75,52,52,58,63,41,41,41,40,40,46,52,52,19,65,71,71,59,59,55,55,55,55,55,55,50,50,50,50,50,0,0],"gold":118,"neow_bonus":"THREE_ENEMY_KILL","is_daily":false,"chose_seed":false,"campfire_upgraded":7,"win_rate":0.0,"timestamp":1614055181,"path_taken":["M","M","?","?","?","E","?","E","T","R","M","R","M","M","R","BOSS","M","?","M","$","M","R","?","R","T","R","M","M","?","M","R","BOSS"],"items_purchased_type":["Card"],"build_version":"2020-12-22","purchased_purges":1,"victory":false,"max_hp_per_floor":[75,75,75,75,75,75,80,80,80,80,80,80,80,80,80,80,80,80,80,80,80,80,80,80,80,80,80,80,80,80,80,80,80,80],"card_choices":[{"not_picked":["Pummel","Disarm"],"picked":"Second Wind","floor":1.0},{"not_picked":["Rage","Flex"],"picked":"Feel No Pain","floor":2.0},{"not_picked":["Iron Wave","Feed"],"picked":"Evolve","floor":6.0},{"not_picked":["Armaments","Uppercut"],"picked":"Wild Strike","floor":8.0},{"not_picked":["Rage","Clash"],"picked":"Sword Boomerang","floor":11.0},{"not_picked":["Cleave","Twin Strike","Clothesline"],"picked":"SKIP","floor":13.0},{"not_picked":["Inflame","Dual Wield"],"picked":"Sentinel","floor":14.0},{"not_picked":["Thunderclap","Blood for Blood"],"picked":"Feel No Pain","floor":18},{"not_picked":["Twin Strike","Battle Trance"],"picked":"Body Slam","floor":20},{"not_picked":["Carnage","Combust","Clothesline"],"picked":"SKIP","floor":22},{"not_picked":["Entrench","Heavy Blade","Clash"],"picked":"SKIP","floor":28},{"not_picked":["Rampage","Perfected Strike"],"picked":"Dark Embrace","floor":29},{"not_picked":["Flex","Headbutt"],"picked":"Shrug It Off","floor":30},{"not_picked":["Body Slam","Headbutt","Dark Embrace"],"picked":"SKIP","floor":31}],"player_experience":1667204,"relics_obtained":[{"floor":6.0,"key":"Bag of Preparation"},{"floor":8.0,"key":"Boot"},{"floor":9.0,"key":"Akabeko"}],"event_choices":[{"damage_healed":0.0,"max_hp_gain":0.0,"max_hp_loss":0.0,"gold_gain":0.0,"cards_transformed":["Strike_R"],"event_name":"Living Wall","player_choice":"Change","floor":3.0,"gold_loss":0.0,"damage_taken":0.0,"cards_obtained":["Demon Form"]},{"damage_healed":0.0,"max_hp_gain":0.0,"max_hp_loss":0.0,"gold_gain":0.0,"event_name":"Shining Light","player_choice":"Entered Light","floor":4.0,"gold_loss":0.0,"damage_taken":23.0,"cards_upgraded":["Second Wind","Defend_R"]},{"cards_removed":["Defend_R"],"damage_healed":0.0,"max_hp_gain":0.0,"max_hp_loss":0.0,"gold_gain":0.0,"event_name":"The Cleric","player_choice":"Card Removal","floor":5.0,"gold_loss":75.0,"damage_taken":0.0},{"damage_healed":0.0,"max_hp_gain":5.0,"max_hp_loss":0.0,"gold_gain":0.0,"event_name":"Big Fish","player_choice":"Donut","floor":7.0,"gold_loss":0.0,"damage_taken":0.0},{"cards_removed":["Strike_R"],"damage_healed":0,"gold_gain":0,"player_choice":"Gave Gold","damage_taken":0,"max_hp_gain":0,"max_hp_loss":0,"event_name":"Beggar","floor":19,"gold_loss":75},{"damage_healed":0,"gold_gain":0,"player_choice":"0 cards matched","damage_taken":0,"max_hp_gain":0,"max_hp_loss":0,"event_name":"Match and Keep!","floor":24,"gold_loss":0,"cards_obtained":[]},{"damage_healed":0,"gold_gain":0,"player_choice":"0 cards matched","damage_taken":0,"max_hp_gain":0,"max_hp_loss":0,"event_name":"Match and Keep!","floor":24,"gold_loss":0,"cards_obtained":[]}],"is_beta":false,"boss_relics":[{"not_picked":["Runic Cube","Black Blood"],"picked":"Runic Pyramid"}],"items_purged_floors":[21],"is_endless":false,"potions_floor_spawned":[1,6,8,20,22,30],"killed_by":"Collector","ascension_level":20}}