{"host":"6p0attdrtjqaih7v","time":1614056135,"event":{"mods":["2.2 Compatiblity","AchievementEnabler","BaseMod","Better Skull","Better Third Choice","Card Filter","Colored Powertips","Hermit","Highlight Path","Hubris","Key Reminder","Minty Spire (QoL Compilation)","Permanent Neow","Quick Restart","Random Character Button","Relic Filter","Relic Stats","Reliquary","Replay The Spire","Robot Space Explorer","StSLib","The Construct","The Gatherer","The Hayseed","The Runesmith","The Witch"],"gold_per_floor":[113,132,132,57,71,71,100,100,152,164,197,207,207,207,207],"floor_reached":14,"language":"ENG","playtime":550,"items_purged":[],"score":195,"play_id":"550603e8-f81d-45f7-a872-cc6c0f205322","local_time":"20210222235535","is_ascension_mode":true,"campfire_choices":[{"data":"construct:PhosphorStorm","floor":6,"key":"SMITH"},{"data":"construct:PhosphorStorm+1","floor":8,"key":"SMITH"}],"circlet_count":0,"master_deck":["AscendersBane","construct:Strike_Gold","construct:Strike_Gold","construct:Strike_Gold","construct:Strike_Gold","construct:Defend_Gold","construct:Defend_Gold","construct:Defend_Gold+1","construct:Defend_Gold","construct:Defend_Gold+1","construct:AttackMode","construct:DefenseMode","construct:BatteryCore","construct:PhosphorStorm+2","construct:Electrocute","construct:FlashFreeze","construct:Reserves","construct:ClockworkEgg+1","construct:SyphonStrike"],"relics":["construct:ClockworkPhoenix","hubris:Towel","construct:RocketBooster","reliquary:Buckler","StoneCalendar","Golden Idol"],"acts_visited":["Exordium"],"potions_floor_usage":[7,10,11],"damage_taken":[{"damage":12,"enemies":"2 Louse","floor":1,"turns":4},{"damage":0,"enemies":"Jaw Worm","floor":2,"turns":3},{"damage":0,"enemies":"Cultist","floor":5,"turns":2},{"damage":15,"enemies":"Lagavulin","floor":7,"turns":6},{"damage":0,"enemies":"Large Slime","floor":10,"turns":4},{"damage":8,"enemies":"Gremlin Nob","floor":11,"turns":3},{"damage":10,"enemies":"Exordium Thugs","floor":12,"turns":4},{"damage":29,"enemies":"3 Sentries","floor":14,"turns":5}],"seed_played":"1892037769547823203","potions_obtained":[{"floor":1,"key":"SneckoOil"},{"floor":7,"key":"Reflective Coating"},{"floor":10,"key":"construct:MegaPotion"}],"is_trial":false,"path_per_floor":["M","M","?","?","M","R","E","R","T","M","E","M","?","E"],"character_chosen":"THE_CONSTRUCT_MOD","items_purchased":[],"campfire_rested":0,"item_purchase_floors":[],"current_hp_per_floor":[60,60,60,60,60,60,45,45,45,45,37,27,27,0,0],"gold":207,"neow_bonus":"ONE_RANDOM_RARE_CARD","is_daily":false,"chose_seed":false,"campfire_upgraded":2,"win_rate":0.0,"timestamp":1614056135,"path_taken":["M","M","?","?","M","R","E","R","T","M","E","M","?","E"],"items_purchased_type":[],"build_version":"2020-12-22","purchased_purges":0,"victory":false,"max_hp_per_floor":[80,80,80,80,80,80,80,80,80,80,80,80,72,72,72],"relic_stats":{"counters":[8,31],"Golden Idol":0,"StoneCalendar":[0],"obtain_stats":[{"construct:RocketBooster":7,"Golden Idol":13,"reliquary:Buckler":9,"StoneCalendar":11,"construct:ClockworkPhoenix":0,"hubris:Towel":3},{"construct:RocketBooster":4,"Golden Idol":7,"reliquary:Buckler":4,"StoneCalendar":6,"construct:ClockworkPhoenix":0,"hubris:Towel":2},{"construct:RocketBooster":15,"Golden Idol":26,"reliquary:Buckler":15,"StoneCalendar":22,"construct:ClockworkPhoenix":0,"hubris:Towel":7}]},"card_choices":[{"not_picked":["construct:SuppressiveFire","construct:FlammableFog"],"picked":"construct:PhosphorStorm","floor":1},{"not_picked":["construct:ModeShift","construct:ShiftStrike"],"picked":"construct:Electrocute","floor":2},{"not_picked":["construct:FlammableFog","construct:Stasis"],"picked":"construct:FlashFreeze","floor":5},{"not_picked":["construct:FocusedBeam","construct:CreateCores"],"picked":"construct:Reserves","floor":7},{"not_picked":["construct:Rollout","construct:Stasis"],"picked":"construct:ClockworkEgg","floor":10},{"not_picked":["construct:ClusterMines","construct:Impenetrable","construct:HeavyBolt"],"picked":"SKIP","floor":11},{"not_picked":["construct:Antimatter","construct:Accumulate"],"picked":"construct:SyphonStrike","floor":12}],"player_experience":1243098,"relics_obtained":[{"floor":7,"key":"construct:RocketBooster"},{"floor":9,"key":"reliquary:Buckler"},{"floor":11,"key":"StoneCalendar"}],"event_choices":[{"cards_removed":["construct:Strike_Gold"],"damage_healed":0,"gold_gain":0,"player_choice":"Card Removal","damage_taken":0,"max_hp_gain":0,"max_hp_loss":0,"event_name":"The Cleric","floor":4,"gold_loss":75},{"damage_healed":0,"gold_gain":0,"player_choice":"Lose Max HP","damage_taken":0,"relics_obtained":["Golden Idol"],"max_hp_gain":0,"max_hp_loss":8,"event_name":"Golden Idol","floor":13,"gold_loss":0}],"is_beta":false,"boss_relics":[],"items_purged_floors":[],"is_endless":false,"potions_floor_spawned":[1,7,10],"killed_by":"3 Sentries","ascension_level":19}}