{"host":"jt67skv49snb75sm","time":1614105718,"event":{"mods":["BaseMod","Bestiary","Minty Spire (QoL Compilation)","Relic Stats"],"gold_per_floor":[115,115,125,136,33,33,33],"floor_reached":6,"language":"ENG","playtime":228,"items_purged":[],"score":72,"play_id":"91d1c74f-62cf-4a90-a5c4-06019fac0057","local_time":"20210223194158","is_ascension_mode":true,"campfire_choices":[],"circlet_count":0,"master_deck":["AscendersBane","Strike_G","Strike_G","Strike_G","Strike_G","Defend_G","Defend_G","Defend_G","Defend_G","Survivor","Neutralize","Cloak And Dagger","A Thousand Cuts","Backstab","Quick Slash","Deflect","Escape Plan","Backflip"],"relics":["Ring of the Snake","Juzu Bracelet"],"acts_visited":["Exordium"],"potions_floor_usage":[6],"damage_taken":[{"damage":1,"enemies":"2 Louse","floor":1,"turns":3},{"damage":4,"enemies":"Small Slimes","floor":3,"turns":3},{"damage":11,"enemies":"Jaw Worm","floor":4,"turns":4},{"damage":39,"enemies":"Lagavulin","floor":6,"turns":10}],"seed_played":"5818617750241270554","potions_obtained":[{"floor":1,"key":"FearPotion"},{"floor":3,"key":"Swift Potion"}],"is_trial":false,"path_per_floor":["M","?","M","M","$","E"],"character_chosen":"THE_SILENT","items_purchased":["Escape Plan","Backflip"],"campfire_rested":0,"item_purchase_floors":[5,5],"current_hp_per_floor":[58,40,36,25,25,0,0],"gold":33,"neow_bonus":"TRANSFORM_TWO_CARDS","is_daily":false,"chose_seed":false,"campfire_upgraded":0,"win_rate":0.0,"timestamp":1614105718,"path_taken":["M","?","M","M","$","E"],"items_purchased_type":["Card","Card"],"build_version":"2020-12-22","purchased_purges":0,"victory":false,"max_hp_per_floor":[60,60,60,60,60,60,60],"relic_stats":{"counters":[4,20],"Juzu Bracelet":0,"obtain_stats":[{"Juzu Bracelet":2,"Ring of the Snake":0},{"Juzu Bracelet":1,"Ring of the Snake":0},{"Juzu Bracelet":3,"Ring of the Snake":0}],"Ring of the Snake":[8]},"card_choices":[{"not_picked":["Crippling Poison","Quick Slash"],"picked":"Backstab","floor":1},{"not_picked":["Poisoned Stab","Dodge and Roll"],"picked":"Quick Slash","floor":3},{"not_picked":["Eviscerate","Poisoned Stab"],"picked":"Deflect","floor":4}],"player_experience":882269,"relics_obtained":[],"event_choices":[{"damage_healed":0,"gold_gain":0,"player_choice":"Success","damage_taken":18,"relics_obtained":["Juzu Bracelet"],"max_hp_gain":0,"max_hp_loss":0,"event_name":"Scrap Ooze","floor":2,"gold_loss":0}],"is_beta":false,"boss_relics":[],"items_purged_floors":[],"is_endless":false,"potions_floor_spawned":[1,3],"killed_by":"Lagavulin","ascension_level":20}}