{"host":"f97mkdti7dx29mjq","time":1614115263,"event":{"mods":["BaseMod","Colored Powertips","Minty Spire (QoL Compilation)","Quick Restart","Rare Cards Sparkle","StSLib"],"gold_per_floor":[115,135,149,159,234,267,267,282,282,295,321,333,350,99,99,199,199,210,210,230,230,255,284,284,314,314,314,331,186,205,205,205,205,205],"floor_reached":33,"language":"ENG","playtime":2838,"items_purged":[],"score":289,"play_id":"6e6a7798-954d-4da3-9f53-018a2085eba3","local_time":"20210223162103","is_ascension_mode":false,"campfire_choices":[{"data":"JustLucky","floor":7.0,"key":"SMITH"},{"floor":15.0,"key":"REST"},{"data":"Nirvana","floor":24.0,"key":"SMITH"},{"data":"JustLucky","floor":27.0,"key":"SMITH"},{"floor":32.0,"key":"REST"}],"circlet_count":0,"master_deck":["Strike_P","Strike_P","Strike_P","Defend_P","Defend_P+1","Defend_P","Defend_P","Eruption","Vigilance+1","JustLucky+1","Swivel","TalkToTheHand","BowlingBash","Nirvana+1","Weave","CutThroughFate","Protect","Consecrate","DevaForm","Judgement","Halt+1","JustLucky","ThirdEye","JustLucky+1","PathToVictory+1","Wireheading","Protect","Prostrate","Consecrate+1","Normality","LikeWater"],"relics":["PureWater","NeowsBlessing","Tiny Chest","Ornamental Fan","Odd Mushroom","Bottled Tornado","Runic Pyramid","War Paint","The Courier","Pear","InkBottle"],"acts_visited":["Exordium","TheCity"],"potions_floor_usage":[33],"damage_taken":[{"damage":0.0,"enemies":"2 Louse","floor":1.0,"turns":1.0},{"damage":0.0,"enemies":"Small Slimes","floor":2.0,"turns":1.0},{"damage":0.0,"enemies":"Jaw Worm","floor":3.0,"turns":1.0},{"damage":2.0,"enemies":"3 Louse","floor":4.0,"turns":4.0},{"damage":34.0,"enemies":"Lagavulin","floor":6.0,"turns":11.0},{"damage":4.0,"enemies":"Lots of Slimes","floor":8.0,"turns":4.0},{"damage":0.0,"enemies":"Large Slime","floor":10.0,"turns":4.0},{"damage":4.0,"enemies":"The Mushroom Lair","floor":11.0,"turns":4.0},{"damage":0.0,"enemies":"Gremlin Gang","floor":12.0,"turns":3.0},{"damage":4.0,"enemies":"Lots of Slimes","floor":13.0,"turns":5.0},{"damage":19.0,"enemies":"The Guardian","floor":16.0,"turns":13.0},{"damage":0.0,"enemies":"Spheric Guardian","floor":18.0,"turns":2.0},{"damage":5.0,"enemies":"Chosen","floor":20.0,"turns":4.0},{"damage":22.0,"enemies":"Slavers","floor":23.0,"turns":6.0},{"damage":11.0,"enemies":"Gremlin Leader","floor":25.0,"turns":8.0},{"damage":4.0,"enemies":"Snecko","floor":28.0,"turns":7.0},{"damage":14.0,"enemies":"Cultist and Chosen","floor":30.0,"turns":8.0},{"damage":126,"enemies":"Automaton","floor":33,"turns":18}],"seed_played":"4749250808954307786","potions_obtained":[{"floor":1.0,"key":"FairyPotion"},{"floor":8.0,"key":"EssenceOfSteel"},{"floor":10.0,"key":"AttackPotion"},{"floor":11.0,"key":"LiquidMemories"},{"floor":12.0,"key":"CultistPotion"},{"floor":18.0,"key":"LiquidMemories"},{"floor":28.0,"key":"Strength Potion"}],"is_trial":false,"path_per_floor":["M","M","M","M","?","E","R","M","T","M","?","M","M","$","R","B",null,"M","$","M","?","T","E","R","E","T","R","M","$","M","?","R","B"],"character_chosen":"WATCHER","items_purchased":["Bottled Tornado","Wireheading","Protect","Prostrate"],"campfire_rested":2,"item_purchase_floors":[14,29,29,29],"current_hp_per_floor":[72,72,72,70,59,25,25,21,21,21,17,17,13,13,34,15,72,72,72,67,67,67,45,45,44,44,44,40,40,26,26,50,0,0],"gold":205,"neow_bonus":"THREE_ENEMY_KILL","is_daily":false,"chose_seed":false,"campfire_upgraded":3,"win_rate":0.0,"timestamp":1614115263,"path_taken":["M","M","M","M","?","E","R","M","T","M","?","M","M","?","R","BOSS","M","$","M","?","?","E","R","E","T","R","M","$","M","?","R","BOSS"],"items_purchased_type":["Relic","Card","Card","Card"],"build_version":"2020-12-22","purchased_purges":0,"victory":false,"max_hp_per_floor":[72,72,72,72,72,72,72,72,72,72,72,72,72,72,72,72,72,72,72,72,72,72,72,72,82,82,82,82,82,82,82,82,82,82],"card_choices":[{"not_picked":["LikeWater","SashWhip"],"picked":"JustLucky","floor":1.0},{"not_picked":["CarveReality","WheelKick"],"picked":"Swivel","floor":2.0},{"not_picked":["Perseverance","CrushJoints"],"picked":"TalkToTheHand","floor":3.0},{"not_picked":["Prostrate","Swivel"],"picked":"BowlingBash","floor":4.0},{"not_picked":["DeceiveReality","EmptyBody"],"picked":"Nirvana","floor":6.0},{"not_picked":["DevaForm","CutThroughFate"],"picked":"Weave","floor":8.0},{"not_picked":["BattleHymn","Swivel"],"picked":"CutThroughFate","floor":10.0},{"not_picked":["ClearTheMind","FlyingSleeves"],"picked":"Protect","floor":11.0},{"not_picked":["EmptyFist","Vengeance"],"picked":"Consecrate","floor":12.0},{"not_picked":["CutThroughFate","Indignation"],"picked":"DevaForm","floor":13.0},{"not_picked":["Brilliance","DeusExMachina"],"picked":"Judgement","floor":16.0},{"not_picked":["MentalFortress","InnerPeace"],"picked":"Halt+1","floor":18.0},{"not_picked":["CrushJoints","Fasting2+1"],"picked":"JustLucky","floor":20.0},{"not_picked":["Halt+1","BowlingBash+1"],"picked":"ThirdEye","floor":23.0},{"not_picked":["Wish","Vengeance"],"picked":"JustLucky","floor":25.0},{"not_picked":["SignatureMove","FlyingSleeves"],"picked":"PathToVictory+1","floor":28.0},{"not_picked":["WheelKick","BattleHymn"],"picked":"Consecrate+1","floor":30.0}],"player_experience":195181,"relics_obtained":[{"floor":6.0,"key":"Tiny Chest"},{"floor":9.0,"key":"Ornamental Fan"},{"floor":11.0,"key":"Odd Mushroom"},{"floor":22.0,"key":"War Paint"},{"floor":23.0,"key":"The Courier"},{"floor":25.0,"key":"Pear"},{"floor":26.0,"key":"InkBottle"}],"event_choices":[{"damage_healed":0.0,"max_hp_gain":0.0,"max_hp_loss":0.0,"gold_gain":75.0,"event_name":"World of Goop","player_choice":"Gather Gold","floor":5.0,"gold_loss":0.0,"damage_taken":11.0},{"damage_healed":0.0,"max_hp_gain":0.0,"max_hp_loss":0.0,"gold_gain":0.0,"event_name":"Mushrooms","player_choice":"Fought Mushrooms","floor":11.0,"gold_loss":0.0,"damage_taken":0.0},{"cards_removed":["Strike_P"],"damage_healed":0.0,"max_hp_gain":0.0,"max_hp_loss":0.0,"gold_gain":0.0,"event_name":"Purifier","player_choice":"Purged","floor":21.0,"gold_loss":0.0,"damage_taken":0.0},{"damage_healed":0.0,"max_hp_gain":0.0,"max_hp_loss":0.0,"gold_gain":0.0,"event_name":"Match and Keep!","player_choice":"2 cards matched","floor":31.0,"gold_loss":0.0,"damage_taken":0.0,"cards_obtained":["Normality","LikeWater"]}],"is_beta":false,"boss_relics":[{"not_picked":["Coffee Dripper","Astrolabe"],"picked":"Runic Pyramid"}],"items_purged_floors":[],"is_endless":false,"potions_floor_spawned":[1,8,10,11,12,18,28],"killed_by":"Automaton","ascension_level":0}}