{"host":"mhmeo7g9gd98ttwb","time":1614121807,"event":{"mods":["AchievementEnabler","BaseMod","Card Forge","Colored Map","Minty Spire (QoL Compilation)","Relic Stats","StSLib"],"gold_per_floor":[111,124,199,214,231,260,321,321,348,348,358,273,302,332,332,433,433,450,297,314,674,526,526,553,565,565,590,607,617,631,645,645,750,800,814,1089,1101,1101,862,887,581,615,641,641,654,669,353,364,364,364,364,364,191,224,224],"floor_reached":56,"language":"ENG","playtime":4346,"items_purged":[],"score":1509,"play_id":"6204373f-5e45-4eef-8f4c-3a83de03f685","local_time":"20210223231007","is_ascension_mode":false,"campfire_choices":[{"data":"1","floor":8,"key":"LIFT"},{"data":"2","floor":10,"key":"LIFT"},{"data":"3","floor":15,"key":"LIFT"},{"floor":23,"key":"REST"},{"floor":32,"key":"REST"},{"floor":49,"key":"RECALL"},{"floor":52,"key":"REST"}],"circlet_count":0,"master_deck":["Barricade+1","Body Slam+1","Clash+1","Entrench+1","Exhume+1","Flex+1","Impervious+1","Limit Break+1","Rampage+1","Shrug It Off+1","Exhume+1","Shrug It Off+1","Exhume+1","Shrug It Off+1","Body Slam+1","Panacea+1","Juggernaut+1","Disarm+1","Corruption+1","Disarm+1","Limit Break+1","Madness+1","Madness+1","Metallicize+1","Infernal Blade+1"],"relics":["Burning Blood","Hammer of Thor","Seething Fire","Anvil of the Gods","Girya","Blood Vial","Potion Belt","Oddly Smooth Stone","InkBottle","Odd Mushroom","Pandora\u0027s Box","Happy Flower","Medical Kit","Boot","Sundial","Singing Bowl","Tiny House","Pantograph","CaptainsWheel","MealTicket","Sling","Kunai","Lantern","Bronze Scales","Lee\u0027s Waffle","Akabeko","Ice Cream","Dead Branch","Pen Nib","TungstenRod"],"acts_visited":["Exordium","TheCity","TheBeyond","TheEnding"],"potions_floor_usage":[16,20,24,37,45,46,46,46,50,55,55,55,55],"damage_taken":[{"damage":0.0,"enemies":"Small Slimes","floor":1.0,"turns":5.0},{"damage":0.0,"enemies":"Jaw Worm","floor":2.0,"turns":3.0},{"damage":0,"enemies":"Cultist","floor":4,"turns":2},{"damage":0,"enemies":"Exordium Thugs","floor":5,"turns":3},{"damage":0,"enemies":"Lagavulin","floor":6,"turns":4},{"damage":14,"enemies":"Gremlin Nob","floor":7,"turns":5},{"damage":0,"enemies":"Gremlin Gang","floor":11,"turns":3},{"damage":0,"enemies":"Gremlin Nob","floor":13,"turns":3},{"damage":12,"enemies":"The Mushroom Lair","floor":14,"turns":4},{"damage":30,"enemies":"Hexaghost","floor":16,"turns":6},{"damage":0,"enemies":"Shell Parasite","floor":18,"turns":5},{"damage":10,"enemies":"2 Thieves","floor":20,"turns":3},{"damage":24,"enemies":"Book of Stabbing","floor":24,"turns":3},{"damage":8,"enemies":"Snecko","floor":25,"turns":5},{"damage":0,"enemies":"Gremlin Leader","floor":27,"turns":5},{"damage":0,"enemies":"Snake Plant","floor":28,"turns":3},{"damage":0,"enemies":"Centurion and Healer","floor":29,"turns":5},{"damage":21,"enemies":"Shelled Parasite and Fungi","floor":30,"turns":5},{"damage":0,"enemies":"Cultist and Chosen","floor":31,"turns":5},{"damage":19,"enemies":"Collector","floor":33,"turns":6},{"damage":15,"enemies":"Orb Walker","floor":35,"turns":3},{"damage":0,"enemies":"3 Darklings","floor":37,"turns":4},{"damage":0,"enemies":"Reptomancer","floor":40,"turns":4},{"damage":0,"enemies":"Nemesis","floor":42,"turns":5},{"damage":22,"enemies":"Jaw Worm Horde","floor":45,"turns":6},{"damage":17,"enemies":"Transient","floor":46,"turns":5},{"damage":15,"enemies":"3 Darklings","floor":48,"turns":4},{"damage":7,"enemies":"Time Eater","floor":50,"turns":7},{"damage":0,"enemies":"Shield and Spear","floor":54,"turns":2},{"damage":13,"enemies":"The Heart","floor":55,"turns":8}],"seed_played":"-633389040797426995","potions_obtained":[{"floor":6,"key":"Strength Potion"},{"floor":7,"key":"Fire Potion"},{"floor":13,"key":"Fire Potion"},{"floor":14,"key":"AttackPotion"},{"floor":20,"key":"ColorlessPotion"},{"floor":27,"key":"HeartOfIron"},{"floor":30,"key":"Energy Potion"},{"floor":31,"key":"BloodPotion"},{"floor":34,"key":"BlessingOfTheForge"},{"floor":37,"key":"BlessingOfTheForge"},{"floor":45,"key":"BloodPotion"}],"is_trial":false,"path_per_floor":["M","M","?","M","M","E","?","R","T","R","M","$","E","?","R","B",null,"M","$","M","?","$","R","E","M","T","E","M","M","M","M","R","B",null,"M","?","M","?","$","E","$","E","T","?","M","M","$","M","R","B",null,"R","$","E","B",null],"character_chosen":"IRONCLAD","items_purchased":["Panacea","Happy Flower","Medical Kit","Pantograph","MealTicket","Sling","Lantern","BloodPotion","LiquidMemories","Energy Potion","Bronze Scales","Lee\u0027s Waffle","Akabeko","Infernal Blade","SkillPotion","SpeedPotion","Fire Potion"],"campfire_rested":3,"item_purchase_floors":[12,19,22,39,41,41,47,47,47,47,53,53,53,53,53,53,53],"current_hp_per_floor":[80,80,69,75,80,80,72,72,72,72,80,80,80,74,74,52,80,80,80,76,40,40,64,48,48,48,58,68,78,65,73,86,73,93,86,86,96,84,84,92,92,99,99,99,85,103,103,96,96,104,105,105,112,114,114],"gold":224,"neow_bonus":"THREE_CARDS","is_daily":false,"chose_seed":false,"campfire_upgraded":0,"win_rate":0.0,"timestamp":1614121807,"path_taken":["M","M","?","M","M","E","?","R","T","R","M","$","E","?","R","BOSS","M","$","M","?","$","R","E","M","T","E","M","M","M","?","R","BOSS","M","?","?","?","$","E","$","E","T","?","M","M","$","M","R","BOSS","R","$","E","BOSS"],"items_purchased_type":["Card","Relic","Relic","Relic","Relic","Relic","Relic","Potion","Potion","Potion","Relic","Relic","Relic","Card","Potion","Potion","Potion"],"build_version":"2020-12-22","purchased_purges":0,"victory":true,"max_hp_per_floor":[80,80,80,80,80,80,80,80,80,80,80,80,80,80,80,80,80,80,80,80,80,80,80,80,80,80,82,84,86,86,86,86,86,93,95,95,97,97,97,97,97,99,99,99,101,103,103,105,105,105,105,105,112,114,114],"relic_stats":{"Lee\u0027s Waffle":7,"Happy Flower":[29],"Singing Bowl":22,"counters":[30,131],"Dead Branch":[50],"Pen Nib":[1],"Medical Kit":[4],"Boot":[8],"Burning Blood":134,"Blood Vial":26,"Sundial":[10],"Pantograph":9,"Bronze Scales":[87],"Pandora\u0027s Box":[],"MealTicket":0,"Kunai":[4],"obtain_stats":[{"Ice Cream":53,"Lantern":47,"Tiny House":34,"Singing Bowl":27,"Hammer of Thor":0,"Boot":24,"Sling":41,"Burning Blood":0,"Blood Vial":6,"Sundial":26,"Pantograph":39,"MealTicket":41,"Kunai":42,"InkBottle":13,"Potion Belt":7,"Girya":0,"Lee\u0027s Waffle":53,"Happy Flower":19,"Dead Branch":53,"Oddly Smooth Stone":9,"Circlet":53,"Pen Nib":54,"Seething Fire":0,"Odd Mushroom":14,"Medical Kit":22,"Akabeko":53,"CaptainsWheel":40,"Anvil of the Gods":0,"Bronze Scales":53,"Pandora\u0027s Box":17,"Unceasing Top":53,"TungstenRod":55},{"Ice Cream":28,"Lantern":26,"Tiny House":20,"Singing Bowl":15,"Hammer of Thor":0,"Boot":13,"Sling":23,"Burning Blood":0,"Blood Vial":5,"Sundial":14,"Pantograph":22,"MealTicket":23,"Kunai":24,"InkBottle":8,"Potion Belt":5,"Girya":0,"Lee\u0027s Waffle":28,"Happy Flower":11,"Dead Branch":28,"Oddly Smooth Stone":6,"Circlet":28,"Pen Nib":29,"Seething Fire":0,"Odd Mushroom":9,"Medical Kit":12,"Akabeko":28,"CaptainsWheel":23,"Anvil of the Gods":0,"Bronze Scales":28,"Pandora\u0027s Box":10,"Unceasing Top":28,"TungstenRod":30},{"Ice Cream":121,"Lantern":110,"Tiny House":83,"Singing Bowl":59,"Hammer of Thor":0,"Boot":49,"Sling":94,"Burning Blood":0,"Blood Vial":17,"Sundial":54,"Pantograph":90,"MealTicket":94,"Kunai":99,"InkBottle":28,"Potion Belt":17,"Girya":0,"Lee\u0027s Waffle":121,"Happy Flower":43,"Dead Branch":121,"Oddly Smooth Stone":22,"Circlet":121,"Pen Nib":123,"Seething Fire":0,"Odd Mushroom":32,"Medical Kit":46,"Akabeko":121,"CaptainsWheel":94,"Anvil of the Gods":0,"Bronze Scales":121,"Pandora\u0027s Box":38,"Unceasing Top":121,"TungstenRod":124}],"InkBottle":[49],"TungstenRod":13},"card_choices":[{"not_picked":["Power Through","True Grit"],"picked":"Inflame","floor":0.0},{"not_picked":["Havoc","Clothesline","Thunderclap"],"picked":"SKIP","floor":1.0},{"not_picked":["Heavy Blade","Clothesline","Rupture"],"picked":"SKIP","floor":2.0},{"not_picked":["Clothesline","Impervious"],"picked":"Body Slam","floor":4},{"not_picked":["Headbutt","Sword Boomerang","Cleave"],"picked":"SKIP","floor":5},{"not_picked":["Clothesline","Anger","Body Slam"],"picked":"SKIP","floor":6},{"not_picked":["Twin Strike","Sword Boomerang","Shrug It Off"],"picked":"SKIP","floor":11},{"not_picked":["Reckless Charge","Clash"],"picked":"Juggernaut","floor":13},{"not_picked":["Heavy Blade","Rampage","Cleave+1"],"picked":"SKIP","floor":18},{"not_picked":["Evolve","Carnage","Havoc"],"picked":"SKIP","floor":20},{"not_picked":["Shrug It Off","Feed"],"picked":"Disarm","floor":24},{"not_picked":["Anger+1","Headbutt","Hemokinesis+1"],"picked":"SKIP","floor":25},{"not_picked":["Thunderclap","Havoc","Dark Embrace"],"picked":"Singing Bowl","floor":27},{"not_picked":["True Grit","Entrench","Pommel Strike+1"],"picked":"Singing Bowl","floor":28},{"not_picked":["Fire Breathing","Flex","Sever Soul"],"picked":"Singing Bowl","floor":29},{"not_picked":["Dark Embrace","Havoc"],"picked":"Corruption","floor":30},{"not_picked":["Thunderclap","Body Slam"],"picked":"Disarm","floor":31},{"not_picked":["Corruption","Brutality"],"picked":"Limit Break","floor":33},{"not_picked":["Clash","Headbutt","Pommel Strike"],"picked":"Singing Bowl","floor":34},{"not_picked":["Body Slam+1","Searing Blow","Clothesline"],"picked":"Singing Bowl","floor":35},{"not_picked":["Blood for Blood+1","Burning Pact","Bloodletting+1"],"picked":"Singing Bowl","floor":37},{"not_picked":["Combust+1","Body Slam"],"picked":"Metallicize+1","floor":40},{"not_picked":["Impervious","Armaments","Anger+1"],"picked":"Singing Bowl","floor":42},{"not_picked":["Clash+1","Havoc","Armaments+1"],"picked":"Singing Bowl","floor":45},{"not_picked":["Fire Breathing","Anger","Dark Embrace+1"],"picked":"Singing Bowl","floor":46},{"not_picked":["Thunderclap+1","Whirlwind","Warcry+1"],"picked":"Singing Bowl","floor":48},{"not_picked":["Rampage+1","Immolate","Burning Pact"],"picked":"Singing Bowl","floor":54}],"player_experience":215863,"relics_obtained":[{"floor":6,"key":"Blood Vial"},{"floor":9,"key":"Oddly Smooth Stone"},{"floor":13,"key":"InkBottle"},{"floor":14,"key":"Odd Mushroom"},{"floor":24,"key":"Boot"},{"floor":26,"key":"Sundial"},{"floor":27,"key":"Singing Bowl"},{"floor":40,"key":"CaptainsWheel"},{"floor":42,"key":"Kunai"},{"floor":54,"key":"Pen Nib"}],"event_choices":[{"damage_healed":0,"gold_gain":75,"player_choice":"Gather Gold","damage_taken":11,"max_hp_gain":0,"max_hp_loss":0,"event_name":"World of Goop","floor":3,"gold_loss":0},{"damage_healed":0,"gold_gain":30,"player_choice":"Searched \u00273\u0027 times","damage_taken":0,"relics_obtained":["Potion Belt"],"max_hp_gain":0,"max_hp_loss":0,"event_name":"Dead Adventurer","floor":7,"gold_loss":0},{"damage_healed":0,"gold_gain":0,"player_choice":"Fought Mushrooms","damage_taken":0,"max_hp_gain":0,"max_hp_loss":0,"event_name":"Mushrooms","floor":14,"gold_loss":0},{"damage_healed":0,"gold_gain":360,"player_choice":"GOLD GOLD GOLD GOLD ","damage_taken":36,"max_hp_gain":0,"max_hp_loss":0,"event_name":"Knowing Skull","floor":21,"potions_obtained":[],"gold_loss":0,"cards_obtained":[]},{"damage_healed":0,"gold_gain":275,"player_choice":"Desecrate","damage_taken":0,"max_hp_gain":0,"max_hp_loss":0,"event_name":"Golden Shrine","floor":36,"gold_loss":0,"cards_obtained":["Regret"]},{"damage_healed":0,"gold_gain":0,"player_choice":"Embrace Madness","damage_taken":12,"max_hp_gain":0,"max_hp_loss":0,"event_name":"Winding Halls","floor":38,"gold_loss":0,"cards_obtained":["Madness","Madness"]},{"damage_healed":0,"gold_gain":0,"player_choice":"Ignored","damage_taken":0,"max_hp_gain":0,"max_hp_loss":0,"event_name":"Purifier","floor":44,"gold_loss":0}],"is_beta":false,"boss_relics":[{"not_picked":["Sozu","Empty Cage"],"picked":"Pandora\u0027s Box"},{"not_picked":["Coffee Dripper","Astrolabe"],"picked":"Tiny House"}],"items_purged_floors":[],"is_endless":false,"potions_floor_spawned":[6,7,13,14,20,27,30,31,37,45],"ascension_level":0}}