{"host":"80x1ozqd5wpd4nvo","time":1614124100,"event":{"mods":["2.2 Compatiblity","Act Like it!","Aspiration","BaseMod","Better Altar","Better Match","Better Note","Better Sensory Stone","Better Skull","Better Third Choice","BetterRewards","Card Forge","Custom Start","DNKmod","Defuse TimeMaze Blight","Dota2Spire","Energized Spire","Friendly Minions","GifTheSpireLib","Hubris","Infinite Spire","Jedi Mod","Minty Spire (QoL Compilation)","MostiFishMod","Permanent Neow","Poor People Problems","Ruina","Shop Mod","Spicy Shops","StSLib","The Blue Laboratory","The Cursed","??????REMEMod"],"gold_per_floor":[1215,1215,1225,683,700,733,745,765,765,765,779,779,798,810,810,905,905,923,923,775,790,790,815,815,740,815,815,826,826,826,857,857,955,955,974,974,986,999,999,1014,1064,1079,1079,1108,1108,1135,1135,1153,1153,1156,1156,1156,1156,1190,1192],"floor_reached":56,"language":"ENG","playtime":2701,"items_purged":[],"score":2051,"play_id":"ad4ba1cc-0de0-4e2d-8183-12403a24f2fa","local_time":"20210224004820","is_ascension_mode":true,"campfire_choices":[{"data":"TheCursedMod:Torture","floor":10,"key":"SMITH"},{"data":"TheCursedMod:CircleOfWindfury","floor":15,"key":"SMITH"},{"data":"TheCursedMod:CircleOfWindfury","floor":24,"key":"SMITH"},{"data":"TheCursedMod:CleanUpWorkshop","floor":32,"key":"SMITH"},{"floor":49,"key":"RECALL"},{"data":"TheCursedMod:SpitefulPlan","floor":52,"key":"SMITH"}],"circlet_count":0,"master_deck":["TheCursedMod:CursedWand","TheCursedMod:CleanUpWorkshop+1","TheCursedMod:Wield","Finesse","TheCursedMod:Stretching","TheCursedMod:Stretching","TheCursedMod:CircleOfCorruption","TheCursedMod:CircleOfCorruption","TheCursedMod:CircleOfWindfury+1","TheCursedMod:CircleOfAbyss","TheCursedMod:EmpowerCircles","TheCursedMod:CircleOfAmplification","TheCursedMod:CursedShiv","MostiFishMod:Wind","TheCursedMod:SurpriseAttack","Doubt","TheCursedMod:Torture+1","Impatience","TheCursedMod:CircleOfWindfury+1","TheCursedMod:CursedShiv","TheCursedMod:Evocation+1","TheCursedMod:SurpriseAttack","TheCursedMod:TroublousMinions","TheCursedMod:FleshFromBone","TheCursedMod:DemonSword","TheCursedMod:SurpriseAttack","TheCursedMod:Evocation+1","TheCursedMod:LuckyCharm","TheCursedMod:SoulReap","TheCursedMod:StingEye+1","Doubt","TheCursedMod:CursedRelics","Clumsy","MostiFishMod:KingOfFree","TheCursedMod:SpitefulPray","TheCursedMod:SpitefulPlan+1","TheCursedMod:Hemoplague+1","TheCursedMod:Grudge+1","Dark Shackles","REME_FirmDetermination","TheCursedMod:ReleasedStrength+1","TheCursedMod:Stretching","infinitespire:UltimateForm","TheCursedMod:SpitefulPray","Madness","Madness","TheCursedMod:ReleasedKnowledge+1","TheCursedMod:CircleOfFocus+1","TheCursedMod:HellfireBreathing","Dark Shackles"],"relics":["TheCursedMod:PinkPellets","REME_ComplimentaryCards","DaveBox","Bag of Marbles","Frozen Eye","Incense Burner","infinitespire:Joker Card","InkBottle","SynthV:TestCard","SentryEyes","infinitespire:FocusingShard","hubris:EmptyBottle","aspiration:Lifesprig","Kunai","REME_LimitBreaker","Ginger","Dota2Spire:RefresherOrb","DiscerningMonocle","PreservedInsect","Juzu Bracelet","Vajra","Bottled Lightning","Dota2Spire:OrchidMalevolence","Bronze Scales","TheCursedMod:Tack","Black Star","hubris:PeanutButter","jedi:angrymask","Dota2Spire:EtherealBlade","infinitespire:Magic Flask","DianPoetry","Dota2Spire:Desolator","Anchor","Sundial","Dota2Spire:PhaseBoots","infinitespire:Satchel","hubris:Towel","jedi:windupbox","White Beast Statue","Akabeko","hubris:Metronome","CaptainsWheel","Dota2Spire:MantaStyle"],"acts_visited":["Exordium","Exordium","TheBeyond","TheEnding"],"potions_floor_usage":[16,16,23,28,31,33,33,44,44,50,55,55,55,55,55],"damage_taken":[{"damage":0,"enemies":"Small Slimes","floor":1,"turns":1},{"damage":0,"enemies":"2 Louse","floor":3,"turns":1},{"damage":0,"enemies":"Jaw Worm","floor":5,"turns":1},{"damage":0,"enemies":"Gremlin Nob","floor":6,"turns":1},{"damage":0,"enemies":"Large Slime","floor":7,"turns":1},{"damage":0,"enemies":"Lots of Slimes","floor":8,"turns":1},{"damage":0,"enemies":"Exordium Thugs","floor":11,"turns":1},{"damage":0,"enemies":"Blue Slaver","floor":13,"turns":1},{"damage":0,"enemies":"Large Slime","floor":14,"turns":1},{"damage":0,"enemies":"Slime Boss","floor":16,"turns":1},{"damage":0,"enemies":"ruina:Nosferatu","floor":18,"turns":1},{"damage":0,"enemies":"ruina:2_Scarecrows","floor":21,"turns":1},{"damage":0,"enemies":"ruina:ServantOfWrath","floor":23,"turns":2},{"damage":0,"enemies":"ruina:KnightOfDespair","floor":28,"turns":1},{"damage":0,"enemies":"ruina:Mountain","floor":31,"turns":4},{"damage":0,"enemies":"ruina:JesterOfNihil","floor":33,"turns":3},{"damage":0,"enemies":"Orb Walker","floor":35,"turns":1},{"damage":0,"enemies":"3 Shapes","floor":37,"turns":1},{"damage":0,"enemies":"Spire Growth","floor":38,"turns":2},{"damage":0,"enemies":"Transient","floor":40,"turns":3},{"damage":0,"enemies":"2 Orb Walkers","floor":41,"turns":1},{"damage":0,"enemies":"Sphere and 2 Shapes","floor":42,"turns":1},{"damage":0,"enemies":"Nightmare","floor":44,"turns":3},{"damage":0,"enemies":"Reptomancer","floor":46,"turns":1},{"damage":0,"enemies":"Writhing Mass","floor":48,"turns":2},{"damage":0,"enemies":"infinitespire:MassOfShapes","floor":50,"turns":3},{"damage":0,"enemies":"Shield and Spear","floor":54,"turns":1},{"damage":0,"enemies":"The Heart","floor":55,"turns":3}],"seed_played":"-3523732518203824310","potions_obtained":[{"floor":3,"key":"blueLaboratory:LouseDecoction"},{"floor":5,"key":"Fire Potion"},{"floor":7,"key":"SkillPotion"},{"floor":31,"key":"Energy Potion"},{"floor":41,"key":"LiquidBronze"},{"floor":44,"key":"Dota2Spire:Clarity"}],"is_trial":false,"path_per_floor":["M","?","M","$","M","E","M","M","T","R","M","?","M","M","R","B",null,"M","?","$","M","?","E","R","?","T","?","M","?","?","E","R","B",null,"M","$","M","M","?","M","?","M","T","NM","?","E","?","M","R","B",null,"R","$","E","B",null],"character_chosen":"THE_CURSED","items_purchased":["Bag of Marbles","Frozen Eye","TheCursedMod:EmpowerCircles","TheCursedMod:CircleOfAmplification","infinitespire:Joker Card","InkBottle","infinitespire:FocusingShard","hubris:EmptyBottle","aspiration:Lifesprig","TheCursedMod:Torture","Impatience","DiscerningMonocle","PreservedInsect","Juzu Bracelet","Vajra","Bottled Lightning","TheCursedMod:LuckyCharm","DistilledChaos","hubris:PeanutButter","jedi:angrymask","Dota2Spire:EtherealBlade","infinitespire:Magic Flask","MostiFishMod:KingOfFree","TheCursedMod:SpitefulPray","TheCursedMod:SpitefulPlan","jedi:windupbox","White Beast Statue","Akabeko","TheCursedMod:HellfireBreathing","Dark Shackles","SteroidPotion","blueLaboratory:ImpenetrablePotion","hubris:Metronome"],"campfire_rested":0,"item_purchase_floors":[0,0,0,0,0,0,4,4,4,4,4,20,20,20,20,20,20,20,36,36,36,36,36,36,36,53,53,53,53,53,53,53,53],"current_hp_per_floor":[100,100,100,100,100,100,100,100,100,100,100,100,100,100,100,100,100,100,70,70,70,70,70,70,70,70,70,85,85,70,88,88,100,100,100,100,100,100,100,100,100,100,100,100,87,96,96,100,100,100,100,100,100,100,100],"gold":1192,"neow_bonus":"","is_daily":false,"chose_seed":false,"campfire_upgraded":5,"win_rate":0.0,"timestamp":1614124100,"path_taken":["M","?","M","$","M","E","M","M","T","R","M","?","M","M","R","BOSS","M","?","$","M","?","E","R","?","T","?","M","?","?","E","R","BOSS","M","$","M","M","?","M","?","M","T","NM","?","E","?","M","R","BOSS","R","$","E","BOSS"],"items_purchased_type":["Relic","Relic","Card","Card","Relic","Relic","Relic","Relic","Relic","Card","Card","Relic","Relic","Relic","Relic","Relic","Card","Potion","Relic","Relic","Relic","Relic","Card","Card","Card","Relic","Relic","Relic","Card","Card","Potion","Potion","Relic"],"build_version":"2020-12-22","purchased_purges":0,"victory":true,"max_hp_per_floor":[100,100,100,100,100,100,100,100,100,100,100,100,100,100,100,100,100,100,100,100,100,100,100,100,100,100,100,100,100,100,100,100,100,100,100,100,100,100,100,100,100,100,100,100,100,100,100,100,100,100,100,100,100,100,100],"card_choices":[{"not_picked":["TheCursedMod:CircleOfBlood","TheCursedMod:SmokeScreen"],"picked":"TheCursedMod:CursedShiv","floor":1},{"not_picked":["TheCursedMod:CursedBlade","TheCursedMod:SpreadPlague","TheCursedMod:RapidMovement","TheCursedMod:DoubleShield"],"picked":"TheCursedMod:SurpriseAttack","floor":3},{"not_picked":["TheCursedMod:CursedMace","TheCursedMod:ParallelWorld","TheCursedMod:BlessingInDisguise","TheCursedMod:WearCloak","TheCursedMod:CursedAmulet"],"picked":"SKIP","floor":5},{"not_picked":["TheCursedMod:CircleOfFlame","TheCursedMod:EmpowerCircles","TheCursedMod:PrepareRite","TheCursedMod:CursedShiv"],"picked":"TheCursedMod:CircleOfWindfury","floor":6},{"not_picked":["TheCursedMod:Obscuration","TheCursedMod:CircleOfFocus","TheCursedMod:DoubleShield","TheCursedMod:SpitefulPlan"],"picked":"TheCursedMod:CursedShiv","floor":7},{"not_picked":["TheCursedMod:CursedMace","TheCursedMod:TacticalStrike","TheCursedMod:CursedBlade","TheCursedMod:ForbiddenAlchemy"],"picked":"TheCursedMod:Evocation","floor":8},{"not_picked":["TheCursedMod:Hemoplague","TheCursedMod:WearCloak","TheCursedMod:Obscuration","TheCursedMod:Wield"],"picked":"TheCursedMod:SurpriseAttack","floor":11},{"not_picked":["TheCursedMod:RavingStaff","TheCursedMod:RapidMovement","TheCursedMod:Wield","TheCursedMod:CursedMace"],"picked":"TheCursedMod:TroublousMinions","floor":13},{"not_picked":["TheCursedMod:RavingStaff","TheCursedMod:CursedShiv","TheCursedMod:WearCloak","TheCursedMod:Obscuration"],"picked":"TheCursedMod:FleshFromBone","floor":14},{"not_picked":["TheCursedMod:CursedRelics","TheCursedMod:Neurasthenia","TheCursedMod:DarkBarrier","TheCursedMod:CollectTribute"],"picked":"TheCursedMod:DemonSword","floor":16},{"not_picked":["TheCursedMod:RavingStaff","TheCursedMod:CursedStaff","TheCursedMod:Stretching","TheCursedMod:DemonicPact"],"picked":"TheCursedMod:SurpriseAttack","floor":18},{"not_picked":["TheCursedMod:CircleOfAmplification","TheCursedMod:PrepareRite","TheCursedMod:CursedAmulet","TheCursedMod:VitalStrike","TheCursedMod:TroublousMinions"],"picked":"SKIP","floor":21},{"not_picked":["TheCursedMod:DoubleShield","TheCursedMod:Grudge","TheCursedMod:CircleOfWindfury","TheCursedMod:CursedMace","TheCursedMod:Torture"],"picked":"SKIP","floor":23},{"not_picked":["TheCursedMod:DoubleShield","TheCursedMod:Grudge","TheCursedMod:CircleOfWindfury","TheCursedMod:CursedMace","TheCursedMod:Torture"],"picked":"SKIP","floor":23},{"not_picked":["TheCursedMod:DoubleShield","TheCursedMod:CursedAmulet","TheCursedMod:FleshFromBone","TheCursedMod:Wield"],"picked":"TheCursedMod:StingEye","floor":28},{"not_picked":["TheCursedMod:FleshFromBone","TheCursedMod:SpitefulStrike","TheCursedMod:SoulCrush","TheCursedMod:Stigma","TheCursedMod:HellsGateOpen"],"picked":"SKIP","floor":31},{"not_picked":["TheCursedMod:CollectTribute","TheCursedMod:VoidForm","TheCursedMod:OutForBlood","TheCursedMod:DemonSword"],"picked":"TheCursedMod:CursedRelics","floor":33},{"not_picked":["TheCursedMod:StingEye+1","TheCursedMod:CursedShiv+1","TheCursedMod:Torture","TheCursedMod:SmokeScreen","TheCursedMod:CursedMace+1"],"picked":"SKIP","floor":35},{"not_picked":["TheCursedMod:CursedShiv+1","TheCursedMod:SpitefulStrike+1","TheCursedMod:VitalStrike","TheCursedMod:LuckyCharm"],"picked":"TheCursedMod:Hemoplague+1","floor":37},{"not_picked":["TheCursedMod:DoubleShield","TheCursedMod:TacticalStrike","TheCursedMod:PrepareRite","TheCursedMod:VitalStrike+1"],"picked":"TheCursedMod:Grudge+1","floor":38},{"not_picked":["Finesse","HandOfGreed","Blind","REME_TwoStrings"],"picked":"Dark Shackles","floor":39},{"not_picked":["REME_ShortnessOfBreath","Apotheosis","Finesse","Deep Breath"],"picked":"REME_FirmDetermination","floor":39},{"not_picked":["TheCursedMod:SmokeScreen","TheCursedMod:FleshFromBone+1","TheCursedMod:LuckyCharm+1","TheCursedMod:Grudge+1"],"picked":"TheCursedMod:ReleasedStrength+1","floor":40},{"not_picked":["TheCursedMod:SpitefulStrike","TheCursedMod:CursedBlade+1","TheCursedMod:SmokeScreen","TheCursedMod:CircleOfFlame"],"picked":"TheCursedMod:Stretching","floor":42},{"not_picked":["infinitespire:SealOfDarkness+","infinitespire:DeathsTouch"],"picked":"infinitespire:UltimateForm","floor":44},{"not_picked":["TheCursedMod:Torture","TheCursedMod:SoulCrush","TheCursedMod:CursedMace","TheCursedMod:CircleOfAbyss"],"picked":"TheCursedMod:SpitefulPray","floor":44},{"not_picked":["TheCursedMod:CircleOfCorruption","TheCursedMod:FleshFromBone","TheCursedMod:Evocation","TheCursedMod:Stigma"],"picked":"TheCursedMod:ReleasedKnowledge+1","floor":46},{"not_picked":["TheCursedMod:OutForBlood","TheCursedMod:Stretching","TheCursedMod:SmokeScreen","TheCursedMod:TacticalStrike+1"],"picked":"TheCursedMod:CircleOfFocus+1","floor":48},{"not_picked":["TheCursedMod:ReleasedKnowledge+1","TheCursedMod:CircleOfFocus","TheCursedMod:RavingStaff+1","TheCursedMod:TroublousMinions+1","TheCursedMod:Stigma+1"],"picked":"SKIP","floor":54}],"player_experience":305880,"relics_obtained":[{"floor":1,"key":"SynthV:TestCard"},{"floor":6,"key":"Kunai"},{"floor":9,"key":"REME_LimitBreaker"},{"floor":23,"key":"Dota2Spire:OrchidMalevolence"},{"floor":31,"key":"TheCursedMod:Tack"},{"floor":41,"key":"DianPoetry"},{"floor":43,"key":"Dota2Spire:Desolator"},{"floor":44,"key":"Anchor"},{"floor":44,"key":"Sundial"},{"floor":46,"key":"Dota2Spire:PhaseBoots"},{"floor":46,"key":"infinitespire:Satchel"},{"floor":54,"key":"CaptainsWheel"},{"floor":54,"key":"Dota2Spire:MantaStyle"}],"event_choices":[{"damage_healed":0,"gold_gain":0,"player_choice":"Searched \u00272\u0027 times","damage_taken":0,"relics_obtained":["Ginger"],"max_hp_gain":0,"max_hp_loss":0,"event_name":"Dead Adventurer","floor":12,"gold_loss":0},{"damage_healed":0,"gold_gain":0,"player_choice":"2","damage_taken":0,"max_hp_gain":0,"max_hp_loss":0,"event_name":"betterMatch:BetterMatch","floor":25,"gold_loss":0,"cards_obtained":["betterMatch:UncommonCard"]},{"damage_healed":0,"gold_gain":3,"player_choice":"1","damage_taken":0,"max_hp_gain":0,"max_hp_loss":0,"event_name":"betterStone:BetterStone","floor":39,"gold_loss":0},{"damage_healed":0,"gold_gain":0,"player_choice":"Fight","damage_taken":0,"max_hp_gain":0,"max_hp_loss":0,"event_name":"Mysterious Sphere","floor":41,"gold_loss":0},{"damage_healed":0,"gold_gain":0,"player_choice":"Embrace Madness","damage_taken":13,"max_hp_gain":0,"max_hp_loss":0,"event_name":"Winding Halls","floor":45,"gold_loss":0,"cards_obtained":["Madness","Madness"]}],"is_beta":false,"boss_relics":[{"not_picked":["jedi:hotpepper","GuanYuAspect"],"picked":"Dota2Spire:RefresherOrb"},{"not_picked":["jedi:battlestandard","energizedSpire:EnergizedDie"],"picked":"Black Star"}],"items_purged_floors":[],"is_endless":false,"potions_floor_spawned":[3,5,7,13,14,23,28,31,41,42,44,46,54],"ascension_level":1}}