{"host":"zksvs3x2ysy9npnz","time":1614110550,"event":{"mods":["Aspiration","BaseMod","Beaked The Cultist","BetterRewards","Clockwork Mod","Colored Map","Conspire","Downfall","Halation","Highlight Path","Hubris","Infinite Spire","Jedi Mod","Magitek Elite","Minty Spire (QoL Compilation)","Permanent Neow","Quick Restart","Relic Stats","Shop Mod","StSLib","The Runesmith","The Witch"],"gold_per_floor":[109,120,120,295,34,34,134,134,134,179,179,197,523,543,543,667,667,684,701,756,756,756,756,787,139,163,163,163,163,23,56,56,133,133,149,149,165,40,40,65,65,94,120,133,146,146,146,162,162,162],"floor_reached":51,"language":"FRA","playtime":7529,"items_purged":["Doubt","Strike_Witch","Strike_Witch"],"score":1235,"play_id":"3ce69015-898a-4c98-b1d2-466b7f94dcdd","local_time":"20210223210230","is_ascension_mode":true,"campfire_choices":[{"data":"Magnetism","floor":6.0,"key":"SMITH"},{"data":"Athame","floor":8.0,"key":"SMITH"},{"data":"SummonRavenFamiliar","floor":11.0,"key":"SMITH"},{"data":"Intelligence","floor":15.0,"key":"SMITH"},{"data":"SaltCircle","floor":23.0,"key":"SMITH"},{"data":"WickedThoughts","floor":27.0,"key":"SMITH"},{"data":"Bandage Up","floor":29.0,"key":"SMITH"},{"data":"DeliriumForm","floor":32.0,"key":"SMITH"},{"data":"After Image","floor":41,"key":"SMITH"},{"data":"TrollsBlood","floor":46,"key":"SMITH"},{"data":"After Image","floor":49,"key":"SMITH"}],"circlet_count":0,"master_deck":["AscendersBane","Strike_Witch","Defend_Witch","Defend_Witch","Defend_Witch","Defend_Witch","Hexguard","ZombieSpit","Bandage Up+1","WickedThoughts+1","Athame+1","Magnetism+1","SummonRavenFamiliar+1","Bewitch","Intelligence+1","Bewitch","DeliriumForm+1","SaltCircle+1","Malady","GrimVengeance","Malady","DeliriumForm","After Image+1","Footwork","Noxious Fumes","WretchedNails","Acrobatics","Catalyst","After Image+1","TrollsBlood+1","Prepared","MercuryWand"],"relics":["BlackCat","White Beast Statue","Nunchaku","Old Coin","SacredBark","hubris:TenFootPole","halation:PinkSoulGem","Anchor","infinitespire:BottledMercury","Prayer Wheel","Bag of Marbles","infinitespire:WardingShard","Bottled Tornado","aspiration:SilentSkillbook","halation:EternalFortune","infinitespire:EmpoweringShard","hexamod:CandleOfCauterizing","aspiration:ChemicalBlood"],"acts_visited":["Exordium","TheCity","TheBeyond"],"potions_floor_usage":[40,48,48,50,50],"damage_taken":[{"damage":3.0,"enemies":"2 Louse","floor":1.0,"turns":3.0},{"damage":2.0,"enemies":"Jaw Worm","floor":2.0,"turns":5.0},{"damage":20.0,"enemies":"Lagavulin","floor":10.0,"turns":7.0},{"damage":11.0,"enemies":"Cultist","floor":12.0,"turns":4.0},{"damage":7.0,"enemies":"3 Sentries","floor":13.0,"turns":8.0},{"damage":4.0,"enemies":"3 Louse","floor":14.0,"turns":6.0},{"damage":3.0,"enemies":"Slime Boss","floor":16.0,"turns":14.0},{"damage":11.0,"enemies":"conspire:FuzzyDice","floor":18.0,"turns":7.0},{"damage":2.0,"enemies":"Chosen","floor":19.0,"turns":9.0},{"damage":0.0,"enemies":"conspire:MimicChest","floor":20.0,"turns":11.0},{"damage":16.0,"enemies":"conspire:Head Lice","floor":24.0,"turns":14.0},{"damage":6.0,"enemies":"Book of Stabbing","floor":31.0,"turns":5.0},{"damage":27.0,"enemies":"conspire:MysteriousRune","floor":33.0,"turns":11.0},{"damage":5,"enemies":"3 Darklings","floor":35,"turns":8},{"damage":5,"enemies":"3 Shapes","floor":37,"turns":9},{"damage":3,"enemies":"Nemesis","floor":40,"turns":9},{"damage":5,"enemies":"Reptomancer","floor":42,"turns":7},{"damage":0,"enemies":"3 Darklings","floor":44,"turns":6},{"damage":19,"enemies":"4 Shapes","floor":45,"turns":7},{"damage":39,"enemies":"Jaw Worm Horde","floor":48,"turns":8},{"damage":5,"enemies":"infinitespire:MassOfShapes","floor":50,"turns":7}],"seed_played":"6870513209531442182","potions_obtained":[{"floor":2.0,"key":"jedi:StrikingPotion"},{"floor":10.0,"key":"BlessingOfTheForge"},{"floor":13.0,"key":"champ:CounterPotion"},{"floor":14.0,"key":"Strength Potion"},{"floor":16.0,"key":"champ:CounterPotion"},{"floor":18.0,"key":"ColorlessPotion"},{"floor":19.0,"key":"ColorlessPotion"},{"floor":20.0,"key":"Block Potion"},{"floor":24.0,"key":"bronze:BurnAndBuffPotion"},{"floor":31.0,"key":"SpeedPotion"},{"floor":33.0,"key":"Guardian:BlockOnCardUsePotion"},{"floor":37,"key":"EntropicBrew"},{"floor":40,"key":"Regen Potion"},{"floor":42,"key":"LiquidMemories"}],"is_trial":false,"path_per_floor":["M","M","?","?","$","R","?","R","T","E","R","M","E","M","R","B",null,"M","M","?","?","?","R","E","$","T","R","T","R","$","E","R","B",null,"M","?","M","$","?","E","R","E","T","M","M","R","$","M","R","B",null],"character_chosen":"WITCH","items_purchased":["Magnetism","infinitespire:BottledMercury","Prayer Wheel","Malady","GrimVengeance"],"campfire_rested":0,"item_purchase_floors":[5,25,25,30,30],"current_hp_per_floor":[58,60,60,60,60,60,60,60,60,43,43,36,33,33,33,34,56,49,51,55,55,55,55,47,47,47,47,47,47,47,47,47,39,57,58,61,61,61,61,65,65,61,61,66,53,53,53,66,66,66],"gold":162,"neow_bonus":"RANDOM_COLORLESS","is_daily":false,"chose_seed":false,"campfire_upgraded":11,"win_rate":0.0,"timestamp":1614110550,"path_taken":["M","M","?","?","?","R","?","R","T","E","R","M","E","M","R","BOSS","M","?","?","?","?","R","E","$","T","R","?","R","?","E","R","BOSS","M","?","M","$","?","E","R","E","T","?","?","R","?","M","R","BOSS"],"items_purchased_type":["Card","Relic","Relic","Card","Card"],"build_version":"2020-12-22","purchased_purges":3,"victory":true,"max_hp_per_floor":[63,63,63,63,63,63,63,63,63,63,63,63,63,63,63,63,63,63,63,63,63,63,63,63,63,63,63,63,63,63,63,63,63,63,63,66,66,66,66,66,66,66,66,66,66,66,66,66,66,66],"relic_stats":{"Nunchaku":[28],"counters":[21,165],"Prayer Wheel":6,"obtain_stats":[{"infinitespire:BottledMercury":25,"hexamod:CandleOfCauterizing":42,"SacredBark":17,"Bottled Tornado":31,"BlackCat":0,"White Beast Statue":9,"Old Coin":13,"Nunchaku":10,"Anchor":24,"infinitespire:WardingShard":28,"halation:EternalFortune":36,"Prayer Wheel":25,"aspiration:SilentSkillbook":34,"hubris:TenFootPole":20,"Bag of Marbles":26,"infinitespire:EmpoweringShard":40,"halation:PinkSoulGem":22,"aspiration:ChemicalBlood":43},{"infinitespire:BottledMercury":11,"hexamod:CandleOfCauterizing":17,"SacredBark":7,"Bottled Tornado":12,"BlackCat":0,"White Beast Statue":2,"Old Coin":5,"Nunchaku":3,"Anchor":11,"infinitespire:WardingShard":11,"halation:EternalFortune":14,"Prayer Wheel":11,"aspiration:SilentSkillbook":13,"hubris:TenFootPole":10,"Bag of Marbles":11,"infinitespire:EmpoweringShard":16,"halation:PinkSoulGem":10,"aspiration:ChemicalBlood":17},{"infinitespire:BottledMercury":88,"hexamod:CandleOfCauterizing":137,"SacredBark":47,"Bottled Tornado":93,"BlackCat":0,"White Beast Statue":8,"Old Coin":27,"Nunchaku":15,"Anchor":88,"infinitespire:WardingShard":88,"halation:EternalFortune":112,"Prayer Wheel":88,"aspiration:SilentSkillbook":104,"hubris:TenFootPole":74,"Bag of Marbles":88,"infinitespire:EmpoweringShard":130,"halation:PinkSoulGem":74,"aspiration:ChemicalBlood":137}]},"card_choices":[{"not_picked":["Mind Blast","Flash of Steel"],"picked":"Bandage Up","floor":0.0},{"not_picked":["CursedBlade","GnarledBody"],"picked":"WickedThoughts","floor":1.0},{"not_picked":["Bewitch","WickedThoughts"],"picked":"Athame","floor":2.0},{"not_picked":["CursedBlade","IllOmen"],"picked":"SummonRavenFamiliar","floor":10.0},{"not_picked":["SummonCatFamiliar","CorruptBlood"],"picked":"Bewitch","floor":12.0},{"not_picked":["Broomstick","Demonfyre"],"picked":"Intelligence","floor":13.0},{"not_picked":["SummonRatFamiliar","Schadenfreude"],"picked":"Bewitch","floor":14.0},{"not_picked":["SummonRavenFamiliar","RustWall"],"picked":"DeliriumForm","floor":16.0},{"not_picked":["BoneCarving","KarmaDrain","TwistedMind+1"],"picked":"SKIP","floor":18.0},{"not_picked":["BlackBolt","IllusionOfStrength","SkullFlask"],"picked":"SKIP","floor":19.0},{"not_picked":["BalefulWard","GnarledBody"],"picked":"SaltCircle","floor":20.0},{"not_picked":["MercuryWand","Broomstick+1","RiteOfAutumn"],"picked":"SKIP","floor":24.0},{"not_picked":["BloodSabbath","Broomstick+1"],"picked":"Malady","floor":31.0},{"not_picked":["SummonRavenFamiliar","StrangeBrew"],"picked":"DeliriumForm","floor":33.0},{"not_picked":["Malady","Corpse Explosion","Deadly Poison+1"],"picked":"After Image","floor":35},{"not_picked":["GhoulTouch","Broomstick","BlackBolt","Boline"],"picked":"SKIP","floor":35},{"not_picked":["Dodge and Roll","BoneCarving+1","Decrepify"],"picked":"Footwork","floor":37},{"not_picked":["Envenom","Glass Knife","Heel Hook+1"],"picked":"Noxious Fumes","floor":37},{"not_picked":["StrangeBrew","Outmaneuver","SoulBarrier"],"picked":"WretchedNails","floor":40},{"not_picked":["Infinite Blades","BoneCarving","SummonOwlFamiliar"],"picked":"Acrobatics","floor":42},{"not_picked":["Demonfyre","RiteOfAutumn","MysticUnburial"],"picked":"Catalyst","floor":44},{"not_picked":["Harmlessness","Finisher","Athame"],"picked":"After Image","floor":44},{"not_picked":["hubris:TrickCloak","Poisoned Stab","Dagger Spray"],"picked":"TrollsBlood","floor":45},{"not_picked":["BalefulWard+1","RustWall","MagicFang+1","Quick Slash+1"],"picked":"SKIP","floor":45},{"not_picked":["SummonRatFamiliar","SkullFlask","Grand Finale"],"picked":"Prepared","floor":48},{"not_picked":["Slice+1","Endless Agony","RoilingBarrier"],"picked":"MercuryWand","floor":48}],"player_experience":1924307,"relics_obtained":[{"floor":9.0,"key":"White Beast Statue"},{"floor":10.0,"key":"Nunchaku"},{"floor":13.0,"key":"Old Coin"},{"floor":20.0,"key":"hubris:TenFootPole"},{"floor":24.0,"key":"Anchor"},{"floor":26.0,"key":"Bag of Marbles"},{"floor":28.0,"key":"infinitespire:WardingShard"},{"floor":31.0,"key":"Bottled Tornado"},{"floor":40,"key":"infinitespire:EmpoweringShard"},{"floor":42,"key":"hexamod:CandleOfCauterizing"},{"floor":43,"key":"aspiration:ChemicalBlood"}],"event_choices":[{"damage_healed":0.0,"max_hp_gain":0.0,"max_hp_loss":0.0,"gold_gain":175.0,"event_name":"Liars Game","player_choice":"AGREE","floor":4.0,"gold_loss":0.0,"damage_taken":0.0,"cards_obtained":["Doubt"]},{"damage_healed":0.0,"max_hp_gain":0.0,"max_hp_loss":0.0,"gold_gain":100.0,"event_name":"Golden Shrine","player_choice":"Pray","floor":7.0,"gold_loss":0.0,"damage_taken":0.0},{"cards_removed":["Strike_Witch"],"damage_healed":0,"gold_gain":0,"player_choice":"Purged","damage_taken":0,"max_hp_gain":0,"max_hp_loss":0,"event_name":"Purifier","floor":39,"gold_loss":0}],"is_beta":false,"boss_relics":[{"not_picked":["halation:HeavySnake","halation:Yufonium"],"picked":"SacredBark"},{"not_picked":["Busted Crown","Black Star"],"picked":"aspiration:SilentSkillbook"}],"items_purged_floors":[5,25,38],"is_endless":false,"potions_floor_spawned":[2,10,12,13,14,16,18,19,20,24,31,33,35,37,40,42,44,45,48],"ascension_level":14}}