{"host":"blhqr6uo32maonpv","time":1614109244,"event":{"mods":["BaseMod","Colored Powertips","Downfall","Hermit","Minty Spire (QoL Compilation)","Replay The Spire","StSLib","The Bug Knight","The Marked"],"gold_per_floor":[399,417,429,31,46,46,121,133,33,18,18,38,55,55,69,167,167,67,87,87,103,103,103,103],"floor_reached":22,"language":"ENG","playtime":1104,"items_purged":["downfall:Icky"],"score":203,"play_id":"a5292e3b-dde1-4a7a-a073-2dac70b29640","local_time":"20210223154044","is_ascension_mode":false,"campfire_choices":[{"floor":6,"key":"RECALL"},{"data":"sneckomod:Nope","floor":9,"key":"SMITH"}],"circlet_count":0,"master_deck":["sneckomod:Strike","sneckomod:Strike","sneckomod:Strike","sneckomod:Defend","sneckomod:Defend","sneckomod:Defend","sneckomod:TailWhip","sneckomod:SnekBite","sneckomod:Unknown","downfall:Icky","sneckomod:UnknownCommonAttack","sneckomod:Unknown2Cost","sneckomod:UnknownDraw","sneckomod:Unknown1Cost","sneckomod:UnknownUncommonPower","sneckomod:RainOfDice","sneckomod:TrashToTreasure","sneckomod:Nope+1","sneckomod:SerpentIdol","Crippling Poison","sneckomod:DiceCrush","sneckomod:UnknownWeak","sneckomod:Unknown1Cost","sneckomod:UnknownRareAttack","Decay","CommonCold","Shame","sneckomod:Unknown0Cost","sneckomod:UnknownExhaust+1"],"relics":["sneckomod:SneckoSoul","FossilizedHelix","Toolbox","downfall:HeartBlessingBlue","Replay:Ancient Bell","Gremlin Food","Pear","Mango","downfall:HeartBlessingRed"],"acts_visited":["Exordium","TheCity"],"potions_floor_usage":[12,13,16,22],"damage_taken":[{"damage":0,"enemies":"2 Louse","floor":2,"turns":3},{"damage":0,"enemies":"Cultist","floor":3,"turns":4},{"damage":0,"enemies":"downfall:FleeingMerchant","floor":4,"turns":4},{"damage":0,"enemies":"Jaw Worm","floor":5,"turns":2},{"damage":12,"enemies":"downfall:LooterAlt","floor":8,"turns":5},{"damage":9,"enemies":"downfall:FleeingMerchant","floor":10,"turns":4},{"damage":40,"enemies":"Gremlin Gang","floor":12,"turns":4},{"damage":26,"enemies":"Exordium Wildlife","floor":13,"turns":4},{"damage":0,"enemies":"Large Slime","floor":15,"turns":4},{"damage":35,"enemies":"IC_STATUS_ARCHETYPE","floor":16,"turns":9},{"damage":0,"enemies":"3 Byrds","floor":19,"turns":3},{"damage":12,"enemies":"Snecko","floor":21,"turns":5},{"damage":0,"enemies":"Centurion and Healer","floor":22,"turns":2}],"seed_played":"-944852491280303239","potions_obtained":[{"floor":3,"key":"sneckomod:DiceRollPotion"},{"floor":8,"key":"hexamod:SoulburnPotion"},{"floor":12,"key":"Block Potion"},{"floor":13,"key":"Death Potion"},{"floor":18,"key":"Slimebound:ThreeZeroPotion"},{"floor":18,"key":"sneckomod:MuddlingPotion"}],"is_trial":false,"path_per_floor":["R","M","M","$","M","R","T","M","R","$","R","M","M","?","M","B",null,"R","M","?","M","M"],"character_chosen":"THE_SNECKO","items_purchased":["Toolbox","sneckomod:Unknown1Cost","sneckomod:UnknownUncommonPower","sneckomod:RainOfDice"],"campfire_rested":0,"item_purchase_floors":[4,4,4,4],"current_hp_per_floor":[81,81,81,81,81,81,81,71,81,72,72,32,6,91,91,56,115,115,115,115,103,103,103,103],"gold":103,"neow_bonus":"ONE_RARE_RELIC","is_daily":false,"chose_seed":false,"campfire_upgraded":1,"win_rate":0.0,"timestamp":1614109244,"path_taken":["R","M","M","?","M","R","T","M","R","$","R","?","M","?","M","BOSS","R","M","?","M","?"],"items_purchased_type":["Relic","Card","Card","Card"],"build_version":"2020-12-22","purchased_purges":1,"victory":false,"max_hp_per_floor":[81,81,81,81,81,81,81,81,91,91,91,91,91,91,91,91,115,115,115,115,115,115,115,115],"card_choices":[{"not_picked":["sneckomod:DiceBlock","sneckomod:UnknownBlock"],"picked":"sneckomod:UnknownCommonAttack","floor":2},{"not_picked":["sneckomod:UnknownCommonAttack","sneckomod:QuickMove"],"picked":"sneckomod:Unknown2Cost","floor":3},{"not_picked":["sneckomod:MasterEye","sneckomod:SoulDraw"],"picked":"sneckomod:UnknownDraw","floor":4},{"not_picked":["sneckomod:UnlimitedRolls","sneckomod:UnknownUncommonAttack"],"picked":"sneckomod:TrashToTreasure","floor":5},{"not_picked":["sneckomod:UnknownX","sneckomod:ImprovisedGuard"],"picked":"sneckomod:Nope","floor":8},{"not_picked":["sneckomod:IronFang","sneckomod:UnknownUncommonAttack"],"picked":"sneckomod:SerpentIdol","floor":10},{"not_picked":["sneckomod:SoulRoll","sneckomod:SnekBeam"],"picked":"sneckomod:DiceCrush","floor":12},{"not_picked":["sneckomod:Nope","sneckomod:SoulDraw"],"picked":"sneckomod:UnknownWeak","floor":13},{"not_picked":["sneckomod:UnknownExhaust","sneckomod:DiceBlock"],"picked":"sneckomod:Unknown1Cost","floor":15},{"not_picked":["sneckomod:DangerNoodle","sneckomod:SoulExchange"],"picked":"sneckomod:UnknownRareAttack","floor":16},{"not_picked":["Clumsy","Replay:Hysterical Blindness"],"picked":"Decay","floor":17},{"not_picked":["AbeCurse","Looming Evil"],"picked":"CommonCold","floor":17},{"not_picked":["Pain","AbeCurse"],"picked":"Shame","floor":17},{"not_picked":["sneckomod:SoulRoll","sneckomod:Nope+1"],"picked":"sneckomod:Unknown0Cost","floor":19},{"not_picked":["sneckomod:UnknownBlock","sneckomod:IronFang"],"picked":"sneckomod:UnknownExhaust+1","floor":21}],"player_experience":64411,"relics_obtained":[],"event_choices":[],"is_beta":false,"boss_relics":[{"not_picked":["Runic Dome","Replay:Grab Bag"],"picked":"Replay:Ancient Bell"},{"not_picked":["PreservedInsect","Nunchaku"],"picked":"Gremlin Food"},{"not_picked":["HollowMod:LifeEnderRelic","Meat on the Bone"],"picked":"Pear"},{"not_picked":["StoneCalendar","Replay:Kaleidoscope"],"picked":"Mango"}],"items_purged_floors":[4],"is_endless":false,"potions_floor_spawned":[3,8,12,13,21],"killed_by":"Centurion and Healer","ascension_level":0}}