{"host":"a57oumegxze0vmhs","time":1614091792,"event":{"mods":["AchievementEnabler","BaseMod","Colored Powertips","Minty Spire (QoL Compilation)","Relic Stats"],"gold_per_floor":[116,116,132,142,442,469,469,495,571,605,615,626,403,413,413,484,484,502,502,502,417,431,431,80,115,115,140,152,152,152,167,167,239,289,304,322,16,32,86,119,119,119,144,144,178,178,178,178,178,178,178],"floor_reached":50,"language":"ENG","playtime":2224,"items_purged":["Strike_G","Strike_G"],"score":942,"play_id":"376d7e32-4c8b-4f6d-9fe5-a67dcfd7914e","local_time":"20210223164952","is_ascension_mode":true,"campfire_choices":[{"floor":7.0,"key":"REST"},{"floor":15.0,"key":"REST"},{"floor":23.0,"key":"REST"},{"floor":30.0,"key":"REST"},{"floor":32.0,"key":"REST"},{"floor":41.0,"key":"REST"},{"floor":44.0,"key":"REST"},{"floor":47.0,"key":"REST"},{"floor":49.0,"key":"RECALL"}],"circlet_count":0,"master_deck":["AscendersBane","Defend_G","Defend_G","Defend_G","Defend_G","Defend_G","Survivor","Neutralize+1","Backstab","Quick Slash","Blade Dance+1","Masterful Stab","Riddle With Holes","Poisoned Stab+1","PiercingWail","Sanctity","Hyperbeam+1","LessonLearned","Hologram","MasterReality","Finisher","Bane+1","Reckless Charge+1","Master of Strategy","Dark Shackles"],"relics":["Ring of the Snake","Old Coin","Orichalcum","Akabeko","Letter Opener","Juzu Bracelet","PrismaticShard","Fusion Hammer","MutagenicStrength","Boot","Nunchaku","Lantern","Meat on the Bone","Ancient Tea Set","Tiny House","Regal Pillow","Medical Kit","Torii","Oddly Smooth Stone","Bag of Marbles","Anchor"],"acts_visited":["Exordium","TheCity","TheBeyond"],"potions_floor_usage":[50],"damage_taken":[{"damage":0.0,"enemies":"2 Louse","floor":1.0,"turns":4.0},{"damage":0.0,"enemies":"Small Slimes","floor":3.0,"turns":4.0},{"damage":2.0,"enemies":"Jaw Worm","floor":4.0,"turns":3.0},{"damage":17.0,"enemies":"Gremlin Nob","floor":6.0,"turns":4.0},{"damage":10.0,"enemies":"3 Sentries","floor":8.0,"turns":8.0},{"damage":12.0,"enemies":"Gremlin Nob","floor":10.0,"turns":4.0},{"damage":0.0,"enemies":"Large Slime","floor":11.0,"turns":5.0},{"damage":0.0,"enemies":"Exordium Wildlife","floor":12.0,"turns":2.0},{"damage":0.0,"enemies":"3 Louse","floor":14.0,"turns":3.0},{"damage":29.0,"enemies":"Slime Boss","floor":16.0,"turns":13.0},{"damage":0.0,"enemies":"Spheric Guardian","floor":18.0,"turns":1.0},{"damage":0.0,"enemies":"3 Byrds","floor":22.0,"turns":2.0},{"damage":13.0,"enemies":"Book of Stabbing","floor":25.0,"turns":4.0},{"damage":2.0,"enemies":"Slavers","floor":27.0,"turns":4.0},{"damage":6.0,"enemies":"Centurion and Healer","floor":28.0,"turns":3.0},{"damage":6.0,"enemies":"Snake Plant","floor":31.0,"turns":2.0},{"damage":13.0,"enemies":"Collector","floor":33.0,"turns":10.0},{"damage":0.0,"enemies":"Orb Walker","floor":35.0,"turns":2.0},{"damage":0.0,"enemies":"3 Darklings","floor":36.0,"turns":2.0},{"damage":10.0,"enemies":"4 Shapes","floor":38.0,"turns":7.0},{"damage":0.0,"enemies":"2 Orb Walkers","floor":39.0,"turns":2.0},{"damage":74.0,"enemies":"Reptomancer","floor":40.0,"turns":11.0},{"damage":35.0,"enemies":"Nemesis","floor":45.0,"turns":5.0},{"damage":75,"enemies":"Donu and Deca","floor":50,"turns":7}],"seed_played":"4128719918976936631","potions_obtained":[{"floor":0.0,"key":"Poison Potion"},{"floor":0.0,"key":"SneckoOil"},{"floor":8.0,"key":"SneckoOil"},{"floor":11.0,"key":"SteroidPotion"},{"floor":18.0,"key":"Strength Potion"},{"floor":33.0,"key":"Weak Potion"},{"floor":34.0,"key":"AttackPotion"},{"floor":35.0,"key":"Regen Potion"},{"floor":45.0,"key":"ColorlessPotion"}],"is_trial":false,"path_per_floor":["M","?","M","M","?","E","R","E","T","E","M","M","$","M","R","B",null,"M","?","?","?","M","R","$","E","T","E","M","?","R","M","R","B",null,"M","M","$","M","?","E","R","?","T","R","E","?","R","?","R","B"],"character_chosen":"THE_SILENT","items_purchased":["PrismaticShard","Nunchaku","GhostInAJar","Regal Pillow","Medical Kit"],"campfire_rested":8,"item_purchase_floors":[13,24,24,37,37],"current_hp_per_floor":[63,63,63,61,43,26,47,37,37,25,25,25,25,25,46,17,57,57,57,57,57,57,70,70,57,57,55,49,49,70,64,70,57,72,72,72,72,62,62,15,52,52,52,75,40,40,75,75,75,0,0],"gold":178,"neow_bonus":"THREE_SMALL_POTIONS","is_daily":false,"chose_seed":false,"campfire_upgraded":0,"win_rate":0.0,"timestamp":1614091792,"path_taken":["M","?","M","M","?","E","R","E","T","E","M","M","$","M","R","BOSS","M","?","?","?","M","R","$","E","T","E","M","?","R","M","R","BOSS","M","M","$","M","?","E","R","?","T","R","E","?","R","?","R","BOSS"],"items_purchased_type":["Relic","Relic","Potion","Relic","Relic"],"build_version":"2020-12-22","purchased_purges":2,"victory":false,"max_hp_per_floor":[70,70,70,70,70,70,70,70,70,70,70,70,70,70,70,70,70,70,70,70,70,70,70,70,70,70,70,70,70,70,70,70,70,75,75,75,75,75,75,75,75,75,75,75,75,75,75,75,75,75,75],"relic_stats":{"Nunchaku":[17],"Regal Pillow":29,"Torii":10,"counters":[24,112],"Juzu Bracelet":2,"Letter Opener":[91],"Orichalcum":[288],"Boot":[138],"Medical Kit":[7],"obtain_stats":[{"Lantern":25,"Regal Pillow":37,"Tiny House":34,"Torii":39,"Oddly Smooth Stone":40,"Juzu Bracelet":10,"Letter Opener":9,"Orichalcum":6,"PrismaticShard":13,"Boot":21,"Ancient Tea Set":27,"Medical Kit":37,"Akabeko":8,"Old Coin":5,"Nunchaku":24,"Anchor":45,"MutagenicStrength":20,"Fusion Hammer":17,"Bag of Marbles":43,"Ring of the Snake":0,"Meat on the Bone":26},{"Lantern":13,"Regal Pillow":19,"Tiny House":17,"Torii":21,"Oddly Smooth Stone":22,"Juzu Bracelet":6,"Letter Opener":5,"Orichalcum":4,"PrismaticShard":8,"Boot":11,"Ancient Tea Set":14,"Medical Kit":19,"Akabeko":5,"Old Coin":3,"Nunchaku":12,"Anchor":23,"MutagenicStrength":11,"Fusion Hammer":10,"Bag of Marbles":22,"Ring of the Snake":0,"Meat on the Bone":13},{"Lantern":57,"Regal Pillow":80,"Tiny House":76,"Torii":89,"Oddly Smooth Stone":100,"Juzu Bracelet":27,"Letter Opener":23,"Orichalcum":15,"PrismaticShard":34,"Boot":51,"Ancient Tea Set":61,"Medical Kit":80,"Akabeko":23,"Old Coin":11,"Nunchaku":53,"Anchor":105,"MutagenicStrength":51,"Fusion Hammer":50,"Bag of Marbles":100,"Ring of the Snake":0,"Meat on the Bone":57}],"Ring of the Snake":[48],"Meat on the Bone":12},"card_choices":[{"not_picked":["Setup","Eviscerate"],"picked":"Backstab","floor":1.0},{"not_picked":["Slice","Setup"],"picked":"Quick Slash","floor":3.0},{"not_picked":["Flying Knee","Blur"],"picked":"Blade Dance","floor":4.0},{"not_picked":["Malaise","Crippling Poison"],"picked":"Masterful Stab","floor":6.0},{"not_picked":["Deflect","Underhanded Strike"],"picked":"Riddle With Holes","floor":8.0},{"not_picked":["Backstab","Outmaneuver","Dagger Throw"],"picked":"SKIP","floor":10.0},{"not_picked":["All Out Attack","Deflect"],"picked":"Poisoned Stab","floor":11.0},{"not_picked":["Prepared","Acrobatics"],"picked":"PiercingWail","floor":12.0},{"not_picked":["Slice","Shockwave"],"picked":"Sanctity","floor":14.0},{"not_picked":["Envenom","Die Die Die"],"picked":"Hyperbeam","floor":16.0},{"not_picked":["Redo","Blade Dance","BowlingBash"],"picked":"SKIP","floor":18.0},{"not_picked":["Turbo","Hemokinesis","Compile Driver"],"picked":"SKIP","floor":22.0},{"not_picked":["Inflame","WreathOfFlame"],"picked":"LessonLearned","floor":25.0},{"not_picked":["Flame Barrier","Adaptation","Slice"],"picked":"SKIP","floor":27.0},{"not_picked":["BowlingBash+1","Outmaneuver","Flex"],"picked":"SKIP","floor":28.0},{"not_picked":["FlurryOfBlows","Dual Wield"],"picked":"Hologram","floor":31.0},{"not_picked":["Immolate","Amplify"],"picked":"MasterReality","floor":33.0},{"not_picked":["Cold Snap","Headbutt"],"picked":"Finisher","floor":35.0},{"not_picked":["Clothesline+1","Halt"],"picked":"Bane+1","floor":36.0},{"not_picked":["WreathOfFlame","FlyingSleeves"],"picked":"Reckless Charge+1","floor":38.0},{"not_picked":["PathToVictory","Combust+1"],"picked":"Master of Strategy","floor":40.0},{"not_picked":["Thinking Ahead","Dramatic Entrance"],"picked":"Dark Shackles","floor":42.0},{"not_picked":["Clothesline","MentalFortress","Havoc"],"picked":"SKIP","floor":45.0}],"player_experience":461186,"relics_obtained":[{"floor":6.0,"key":"Orichalcum"},{"floor":8.0,"key":"Akabeko"},{"floor":9.0,"key":"Letter Opener"},{"floor":10.0,"key":"Juzu Bracelet"},{"floor":25.0,"key":"Lantern"},{"floor":26.0,"key":"Meat on the Bone"},{"floor":27.0,"key":"Ancient Tea Set"},{"floor":39.0,"key":"Torii"},{"floor":40.0,"key":"Oddly Smooth Stone"},{"floor":43.0,"key":"Bag of Marbles"},{"floor":45.0,"key":"Anchor"}],"event_choices":[{"damage_healed":0.0,"max_hp_gain":0.0,"max_hp_loss":0.0,"gold_gain":0.0,"event_name":"Living Wall","player_choice":"Grow","floor":2.0,"gold_loss":0.0,"damage_taken":0.0,"cards_upgraded":["Neutralize"]},{"damage_healed":0.0,"max_hp_gain":0.0,"max_hp_loss":0.0,"gold_gain":0.0,"event_name":"Scrap Ooze","player_choice":"Success","floor":5.0,"gold_loss":0.0,"damage_taken":18.0,"relics_obtained":["Old Coin"]},{"cards_removed":["Strike_G"],"damage_healed":0.0,"max_hp_gain":0.0,"max_hp_loss":0.0,"gold_gain":0.0,"event_name":"Back to Basics","player_choice":"Elegance","floor":19.0,"gold_loss":0.0,"damage_taken":0.0},{"damage_healed":0.0,"max_hp_gain":0.0,"max_hp_loss":0.0,"gold_gain":0.0,"event_name":"Drug Dealer","player_choice":"Inject Mutagens","floor":20.0,"gold_loss":0.0,"damage_taken":0.0,"relics_obtained":["MutagenicStrength"]},{"damage_healed":0.0,"max_hp_gain":0.0,"max_hp_loss":0.0,"gold_gain":0.0,"event_name":"Addict","player_choice":"Obtained Relic","floor":21.0,"gold_loss":85.0,"damage_taken":0.0,"relics_obtained":["Boot"]},{"damage_healed":0.0,"max_hp_gain":0.0,"max_hp_loss":0.0,"gold_gain":0.0,"event_name":"Ghosts","player_choice":"Ignored","floor":29.0,"gold_loss":0.0,"damage_taken":0.0},{"damage_healed":0.0,"max_hp_gain":0.0,"max_hp_loss":0.0,"gold_gain":0.0,"event_name":"Mysterious Sphere","player_choice":"Fight","floor":39.0,"gold_loss":0.0,"damage_taken":0.0},{"damage_healed":0.0,"max_hp_gain":0.0,"max_hp_loss":0.0,"gold_gain":0.0,"event_name":"SensoryStone","player_choice":"Memory 1","floor":42.0,"gold_loss":0.0,"damage_taken":0.0},{"cards_removed":["Strike_G"],"damage_healed":0.0,"max_hp_gain":0.0,"max_hp_loss":0.0,"gold_gain":0.0,"event_name":"Falling","player_choice":"Removed Attack","floor":46.0,"gold_loss":0.0,"damage_taken":0.0},{"cards_removed":["Strike_G"],"damage_healed":0.0,"max_hp_gain":0.0,"max_hp_loss":0.0,"gold_gain":0.0,"event_name":"Bonfire Elementals","player_choice":"Offered Basic","floor":48.0,"gold_loss":0.0,"damage_taken":0.0}],"is_beta":false,"boss_relics":[{"not_picked":["Busted Crown","Astrolabe"],"picked":"Fusion Hammer"},{"not_picked":["Snecko Eye","Runic Pyramid"],"picked":"Tiny House"}],"items_purged_floors":[13,24],"is_endless":false,"potions_floor_spawned":[3,4,8,11,14,18,27,31,33,35,38,39,45],"killed_by":"Donu and Deca","ascension_level":13}}