{"host":"0xtpc43j5kblke7u","time":1614053767,"event":{"mods":["AchievementEnabler","BaseMod","Colored Map","Highlight Path","Minty Spire (QoL Compilation)"],"gold_per_floor":[114,114,125,125,144,144,175,48,48,62,62,91,56,74,74,74,74],"floor_reached":16,"language":"ENG","playtime":745,"items_purged":["Strike_G"],"score":240,"play_id":"4a102f74-0d0f-4225-924c-f9a5ddf90a0d","local_time":"20210222231607","is_ascension_mode":true,"campfire_choices":[{"data":"Quick Slash","floor":6,"key":"SMITH"},{"floor":11,"key":"REST"},{"data":"Adrenaline","floor":15,"key":"SMITH"}],"circlet_count":0,"master_deck":["AscendersBane","Strike_G","Strike_G","Strike_G","Strike_G","Defend_G","Defend_G","Defend_G","Defend_G","Defend_G","Survivor","Neutralize+1","Grand Finale","Backflip","Escape Plan","Quick Slash+1","Adrenaline+1","PiercingWail","Dagger Throw"],"relics":["Ring of the Snake","Paper Crane","FossilizedHelix","Ornamental Fan"],"acts_visited":["Exordium"],"potions_floor_usage":[16,16],"damage_taken":[{"damage":11,"enemies":"Cultist","floor":1,"turns":4},{"damage":1,"enemies":"2 Louse","floor":3,"turns":5},{"damage":5,"enemies":"Jaw Worm","floor":5,"turns":5},{"damage":30,"enemies":"Gremlin Nob","floor":7,"turns":5},{"damage":1,"enemies":"3 Louse","floor":10,"turns":3},{"damage":12,"enemies":"Lagavulin","floor":12,"turns":5},{"damage":8,"enemies":"Large Slime","floor":14,"turns":7},{"damage":60,"enemies":"Slime Boss","floor":16,"turns":11}],"seed_played":"-5047406034171858805","potions_obtained":[{"floor":5,"key":"BlessingOfTheForge"},{"floor":10,"key":"GamblersBrew"},{"floor":14,"key":"Poison Potion"}],"is_trial":false,"path_per_floor":["M","?","M","?","M","R","E","$","T","M","R","E","?","M","R","B"],"character_chosen":"THE_SILENT","items_purchased":["PiercingWail"],"campfire_rested":1,"item_purchase_floors":[8],"current_hp_per_floor":[52,52,51,70,65,65,35,35,35,34,55,43,60,52,52,0,0],"gold":74,"neow_bonus":"ONE_RANDOM_RARE_CARD","is_daily":false,"chose_seed":false,"campfire_upgraded":2,"win_rate":0.0,"timestamp":1614053767,"path_taken":["M","?","M","?","M","R","E","?","T","M","R","E","?","M","R","BOSS"],"items_purchased_type":["Card"],"build_version":"2020-12-22","purchased_purges":1,"victory":false,"max_hp_per_floor":[70,70,70,70,70,70,70,70,70,70,70,70,70,70,70,70,70],"card_choices":[{"not_picked":["Poisoned Stab","Cloak And Dagger"],"picked":"Backflip","floor":1},{"not_picked":["Outmaneuver","Underhanded Strike"],"picked":"Escape Plan","floor":3},{"not_picked":["Dagger Spray","Catalyst"],"picked":"Quick Slash","floor":5},{"not_picked":["Flechettes","Deadly Poison"],"picked":"Adrenaline","floor":7},{"not_picked":["Deflect","Dodge and Roll","Prepared"],"picked":"SKIP","floor":10},{"not_picked":["Quick Slash","Backflip"],"picked":"Dagger Throw","floor":12},{"not_picked":["Skewer","Eviscerate","Distraction"],"picked":"SKIP","floor":14}],"player_experience":700760,"relics_obtained":[{"floor":7,"key":"Paper Crane"},{"floor":9,"key":"FossilizedHelix"},{"floor":12,"key":"Ornamental Fan"}],"event_choices":[{"damage_healed":0,"gold_gain":0,"player_choice":"Grow","damage_taken":0,"max_hp_gain":0,"max_hp_loss":0,"event_name":"Living Wall","floor":2,"gold_loss":0,"cards_upgraded":["Neutralize"]},{"damage_healed":23,"gold_gain":0,"player_choice":"Banana","damage_taken":0,"max_hp_gain":0,"max_hp_loss":0,"event_name":"Big Fish","floor":4,"gold_loss":0},{"damage_healed":17,"gold_gain":0,"player_choice":"Healed","damage_taken":0,"max_hp_gain":0,"max_hp_loss":0,"event_name":"The Cleric","floor":13,"gold_loss":35}],"is_beta":false,"boss_relics":[],"items_purged_floors":[8],"is_endless":false,"potions_floor_spawned":[5,10,14],"killed_by":"Slime Boss","ascension_level":10}}