{"host":"t5kis9necmbui802","time":1614082186,"event":{"mods":["100% Spire Juice","Act Like it!","BaseMod","CapriCore","Chen","Colored Powertips","Downfall","Gensokyo","HololiveMod","Koishi","KomeijiMod","Lobotomy","LobotomyExtend","Minty Spire (QoL Compilation)","MostiFishMod","Replay The Spire","Robot Space Explorer","Shop Mod","Spicy Shops","StSLib","The Alterego","The Immortal","TheWitcher","Uncapped","Yuri Mod","noobMod"],"gold_per_floor":[149,163,0,20,38,50,50,50,50,50,73,73,73,73,73,104,118,220,220,220,231,243,243,21,51,51,67,83,108,119,154,154,185,205,305,305,305,318,318,333,343,343,343,359,385,403,435,435,435,435,447,447,465,465,465],"floor_reached":56,"language":"ZHS","playtime":2833,"items_purged":[],"score":1178,"play_id":"f2cbca33-b0ba-4510-a849-5a52d249f552","local_time":"20210223200946","is_ascension_mode":true,"campfire_choices":[{"data":"champ:Taunt","floor":1,"key":"SMITH"},{"data":"champ:HoldFirm","floor":12,"key":"SMITH"},{"data":"champ:EnGarde","floor":14,"key":"SMITH"},{"data":"champ:GladiatorForm","floor":20,"key":"SMITH"},{"data":"champ:StanceDance","floor":37,"key":"SMITH"},{"data":"champ:Circumvent","floor":42,"key":"SMITH"},{"data":"champ:StrikeOfGenius","floor":48,"key":"SMITH"}],"circlet_count":0,"master_deck":["champ:Strike","champ:Strike","champ:Strike","champ:Strike","champ:Defend","champ:Defend","champ:Defend","champ:Defend","champ:Execute+1","champ:Taunt+1","champ:PreciseThrust+1","champ:EndlessRage+1","champ:TornadoPunch+1","champ:HoldFirm+1","champ:SwordSigil+1","champ:EnGarde+1","champ:FocusedDefense+1","Pride","champ:DefensiveStyle+1","champ:GladiatorForm+1","champ:SkillfulDodge+1","champ:StanceDance+1","champ:DefensiveShout+1","champ:Haymaker+1","champ:IgnorePain+1","champ:BringItOn+1","champ:EndlessRage+1","champ:EnGarde+1","champ:MurderStrike+1","champ:SetATrap+1","champ:FlashCut+1","champ:SteelEdge+1","champ:DefensiveShout+1","champ:GladiatorStyle+1","champ:Circumvent+1","champ:StanceDance+1","champ:StrikeOfGenius+1","champ:StanceDance+1","champ:RapidStrikes+1","champ:FlashCut+1","Gensokyo:PrivateSquare"],"relics":["DaveBox","ice","Tiny House","DSteel32","LetterFromLob","SynthV:MejaisSoulstealer","Ancient Tea Set","ReplayTheSpireMod:TigerMarble","Pear","SacredBark","Gensokyo:MosesMiracle","ChiLing","Chi","Ling","Omamori","Onion Ring","Bag of Preparation","Mirror","Anchor","Orichalcum","Painkiller Herb","Ornamental Fan","Simple Rune","Boot"],"acts_visited":["Gensokyo:Gensokyo","Gensokyo:Gensokyoer","Gensokyo:Gensokyoest"],"potions_floor_usage":[18,24,35,54,54],"damage_taken":[{"damage":20,"enemies":"Gensokyo:2_Kodama","floor":2,"turns":4},{"damage":12,"enemies":"Gensokyo:Python","floor":4,"turns":3},{"damage":22,"enemies":"Gensokyo:Gryphon","floor":5,"turns":3},{"damage":12,"enemies":"Gensokyo:2_Rabbits","floor":6,"turns":4},{"damage":10,"enemies":"Gensokyo:Cirno","floor":16,"turns":6},{"damage":0,"enemies":"Gensokyo:Kitsune","floor":17,"turns":3},{"damage":0,"enemies":"IC_STATUS_ARCHETYPE","floor":18,"turns":3},{"damage":10,"enemies":"Gensokyo:Chomper","floor":21,"turns":4},{"damage":10,"enemies":"Gensokyo:2_Gloops","floor":22,"turns":4},{"damage":25,"enemies":"downfall:FleeingMerchant","floor":24,"turns":5},{"damage":17,"enemies":"Gensokyo:Reisen","floor":25,"turns":4},{"damage":1,"enemies":"Gensokyo:Wraith","floor":27,"turns":5},{"damage":12,"enemies":"Gensokyo:3_Gloops","floor":28,"turns":3},{"damage":19,"enemies":"Gensokyo:Tenshi","floor":29,"turns":4},{"damage":31,"enemies":"Gensokyo:Slime_Group","floor":30,"turns":4},{"damage":3,"enemies":"Gensokyo:Reisen","floor":31,"turns":7},{"damage":2,"enemies":"Gensokyo:Tenshi","floor":33,"turns":3},{"damage":3,"enemies":"Gensokyo:Chomper_and_Gloop","floor":34,"turns":2},{"damage":25,"enemies":"WA_ARCHETYPE_CALM","floor":35,"turns":8},{"damage":2,"enemies":"Gensokyo:3_Bats","floor":38,"turns":1},{"damage":1,"enemies":"Gensokyo:3_Boulders","floor":40,"turns":4},{"damage":20,"enemies":"Gensokyo:Rafflesia","floor":41,"turns":6},{"damage":2,"enemies":"Gensokyo:Dusk_and_Dawn","floor":44,"turns":3},{"damage":57,"enemies":"Gensokyo:Marisa","floor":45,"turns":6},{"damage":0,"enemies":"Gensokyo:Sharpion","floor":46,"turns":3},{"damage":13,"enemies":"Gensokyo:Kasen","floor":47,"turns":4},{"damage":11,"enemies":"Gensokyo:AtlasGolem","floor":51,"turns":3},{"damage":3,"enemies":"Gensokyo:Rafflesia","floor":53,"turns":4},{"damage":43,"enemies":"SI_POISON_ARCHETYPE","floor":54,"turns":7}],"seed_played":"4556947555646655254","potions_obtained":[{"floor":0,"key":"Toxic Potion"},{"floor":6,"key":"Strength Potion"},{"floor":16,"key":"ColorlessPotion"},{"floor":22,"key":"Dexterity Potion"},{"floor":25,"key":"SpeedPotion"},{"floor":28,"key":"CultistPotion"},{"floor":45,"key":"champ:CounterPotion"}],"is_trial":false,"path_per_floor":["R","M","COS","M","M","M","T","?","PTL","PTL","T","R","?","R","?","E","M","B",null,"R","M","M","?","$","E","T","M","M","E","M","E","?","E","M","B",null,"T","?","?","?","?","T","T","?","E","?","E","T","PTL","PTL","?","?","?","B",null,null],"character_chosen":"THE_CHAMP","items_purchased":["ChiLing","champ:DefensiveShout"],"campfire_rested":0,"item_purchase_floors":[24,24],"current_hp_per_floor":[95,95,95,83,71,69,69,69,69,69,69,69,84,84,49,59,59,59,105,105,105,105,105,105,103,103,102,100,81,50,47,47,45,42,37,97,97,95,80,79,59,59,59,57,96,96,93,93,93,93,92,92,89,71,71],"gold":465,"neow_bonus":"BOSS_RELIC","is_daily":false,"chose_seed":false,"campfire_upgraded":7,"win_rate":0.0,"timestamp":1614082186,"path_taken":["R","M","COS","M","M","M","T","?","PTL","PTL","?","R","?","R","?","E","M","BOSS","R","M","?","?","$","E","T","M","M","E","M","E","?","E","M","BOSS","T","?","?","?","?","T","T","?","E","?","E","T","PTL","PTL","?","?","?","BOSS"],"items_purchased_type":["Relic","Card"],"build_version":"2020-12-22","purchased_purges":0,"victory":true,"max_hp_per_floor":[95,95,95,95,95,95,95,95,95,95,95,95,95,95,95,105,105,105,105,105,105,105,105,105,105,105,105,105,105,105,105,97,97,97,97,97,97,97,97,97,97,97,97,97,98,101,103,103,103,103,104,104,107,113,113],"card_choices":[{"not_picked":["champ:CrownThrow","champ:ShieldSlam"],"picked":"champ:PreciseThrust","floor":0},{"not_picked":["champ:RisingSlash","champ:CrookedStrike"],"picked":"champ:EndlessRage","floor":2},{"not_picked":["champ:CrownThrow","champ:ShieldSigil"],"picked":"champ:TornadoPunch","floor":4},{"not_picked":["champ:FocusedBerserking","champ:EnragedBash"],"picked":"champ:HoldFirm","floor":5},{"not_picked":["champ:Shatter","champ:HeartStrike"],"picked":"champ:SwordSigil","floor":6},{"not_picked":["champ:TornadoPunch","champ:RisingSlash"],"picked":"champ:EnGarde","floor":8},{"not_picked":["champ:FocusedBerserking","champ:PreciseThrust"],"picked":"champ:FocusedDefense","floor":8},{"not_picked":["champ:FlashCut","champ:PreciseThrust"],"picked":"champ:DefensiveStyle","floor":16},{"not_picked":["champ:GutPunch","champ:FanOfKnives","champ:PreciseThrust"],"picked":"SKIP","floor":17},{"not_picked":["champ:SteelEdge","champ:VampiricStrike"],"picked":"champ:GladiatorForm","floor":18},{"not_picked":["champ:Shatter","champ:EnGarde","champ:CrownThrow"],"picked":"SKIP","floor":21},{"not_picked":["champ:AdrenalArmor","champ:TornadoPunch"],"picked":"champ:SkillfulDodge+1","floor":22},{"not_picked":["champ:GutPunch","champ:BerserkersShout"],"picked":"champ:StanceDance","floor":24},{"not_picked":["champ:ShieldSigil","champ:Backstep"],"picked":"champ:Haymaker","floor":25},{"not_picked":["champ:PreciseThrust","champ:DeathBlow"],"picked":"champ:IgnorePain","floor":27},{"not_picked":["champ:PerfectedStrike","champ:ShieldSlam"],"picked":"champ:BringItOn","floor":28},{"not_picked":["champ:BringItOn","champ:RecklessLeap"],"picked":"champ:EndlessRage+1","floor":29},{"not_picked":["champ:Shatter+1","champ:PerfectedStrike"],"picked":"champ:EnGarde+1","floor":30},{"not_picked":["champ:Backstep","champ:Circumvent"],"picked":"champ:MurderStrike","floor":31},{"not_picked":["champ:FocusedDefense+1","champ:Duel+1"],"picked":"champ:SetATrap","floor":33},{"not_picked":["champ:AdrenalArmor","champ:BerserkersShout+1"],"picked":"champ:FlashCut","floor":34},{"not_picked":["champ:EnchantSword","champ:EnchantCrown"],"picked":"champ:SteelEdge","floor":35},{"not_picked":["champ:RageSigil+1","champ:Haymaker"],"picked":"champ:DefensiveShout+1","floor":38},{"not_picked":["champ:HeartStrike+1","champ:PerfectedStrike+1"],"picked":"champ:GladiatorStyle","floor":40},{"not_picked":["champ:CrookedStrike+1","champ:PerfectedStrike"],"picked":"champ:Circumvent","floor":41},{"not_picked":["champ:EnragedBash+1","champ:DefensiveShout"],"picked":"champ:StanceDance+1","floor":44},{"not_picked":["champ:ShieldSigil","champ:BerserkerStyle+1"],"picked":"champ:StrikeOfGenius","floor":45},{"not_picked":["champ:EnGarde+1","champ:FaceSlap+1"],"picked":"champ:StanceDance+1","floor":46},{"not_picked":["champ:BerserkersShout","champ:DefensiveShout+1"],"picked":"champ:RapidStrikes","floor":47},{"not_picked":["champ:BladeFlurry","champ:Shatter"],"picked":"champ:FlashCut+1","floor":51},{"not_picked":["champ:FanOfKnives+1","champ:Duel","champ:PreciseThrust"],"picked":"SKIP","floor":53}],"player_experience":446735,"relics_obtained":[{"floor":2,"key":"LetterFromLob"},{"floor":7,"key":"Ancient Tea Set"},{"floor":11,"key":"ReplayTheSpireMod:TigerMarble"},{"floor":16,"key":"Pear"},{"floor":25,"key":"Omamori"},{"floor":26,"key":"Onion Ring"},{"floor":27,"key":"Gensokyo:MosesMiracle"},{"floor":29,"key":"Bag of Preparation"},{"floor":31,"key":"Mirror"},{"floor":33,"key":"Orichalcum"},{"floor":43,"key":"Ornamental Fan"},{"floor":45,"key":"Simple Rune"},{"floor":47,"key":"Boot"}],"event_choices":[],"is_beta":false,"boss_relics":[{"not_picked":["Empty Cage","Velvet Choker"],"picked":"SacredBark"},{"not_picked":["Honey Jar","Ring of Chaos"],"picked":"Painkiller Herb"}],"items_purged_floors":[],"is_endless":false,"potions_floor_spawned":[6,16,22,25,28,30,33,34,45,46,47],"ascension_level":2}}