{"host":"17xjy7b7ubl548g2","time":1614053898,"event":{"mods":["2.2 Compatiblity","Act Like it!","Aspiration","Astrologer","Bard","BaseMod","Challenge The Spire","ChefMod","Colored Map","Colored Powertips","Conspire","Elementarium","Energized Spire","Gensokyo","GifTheSpireLib","Halation","Hallownest","Hermit","Hubris","Infinite Spire","Jedi Mod","Jorbs\u0027s Wanderer Trilogy","Marisa（霧雨　魔理沙）","Marked Mod","Menagerie","Minty Spire (QoL Compilation)","Permanent Neow","Reliquary","Replay The Spire","Robot Space Explorer","Ruina","Shapeshifter Mod","Spicy Shops","Spire Arcade","StSLib","Stuff the Spire","The Blue Laboratory","The Bug Knight","The Construct","The Disciple","The Hayseed","The Hierophant","The Marked","The Runesmith","The Sage","TheFirefly"],"gold_per_floor":[117,117,133,133,143,143,170,170,170,170,170,170,204,129,129,139,139,242,242,258,258,268,287,298,328,76,108,186,205,255,275,306,306,306,402,402,415,444,444,524,534,566,566,578,625,657,171,182,182,201,201,201,201,201,16,46,46],"floor_reached":58,"language":"ENG","playtime":7028,"items_purged":["Pride","TheSimpletonMod:Strike_TheSimpleton","TheSimpletonMod:Strike_TheSimpleton","Normality"],"score":1826,"play_id":"928cf808-25f4-4b64-82d0-3983f89b1abb","local_time":"20210222231818","is_ascension_mode":true,"campfire_choices":[{"data":"TheSimpletonMod:RootDown","floor":6.0,"key":"SMITH"},{"data":"TheSimpletonMod:Spinach","floor":8.0,"key":"SMITH"},{"data":"TheSimpletonMod:Sunchoke","floor":15.0,"key":"SMITH"},{"data":"TheSimpletonMod:Swelter","floor":17.0,"key":"SMITH"},{"floor":34,"key":"RECALL"},{"floor":43,"key":"REST"},{"floor":51,"key":"DIG"},{"floor":54,"key":"REST"}],"circlet_count":0,"master_deck":["TheSimpletonMod:Strike_TheSimpleton","TheSimpletonMod:Strike_TheSimpleton+1","TheSimpletonMod:Defend_TheSimpleton","TheSimpletonMod:Defend_TheSimpleton","TheSimpletonMod:Defend_TheSimpleton","TheSimpletonMod:Defend_TheSimpleton","TheSimpletonMod:Haymaker","TheSimpletonMod:ReapAndSow+1","TheSimpletonMod:KeenEdge","TheSimpletonMod:RootDown+1","TheSimpletonMod:DigIn","TheSimpletonMod:Spinach+1","TheSimpletonMod:Sunchoke+1","Hallownest:skillGreenpathMap","TheSimpletonMod:Swelter+1","TheSimpletonMod:VolatileFumes","TheSimpletonMod:GoToMarket+1","TheSimpletonMod:SlashAndBurn+1","TheSimpletonMod:StockTheCellar","TheSimpletonMod:ControlledBurn","TheSimpletonMod:Potatoes","TheSimpletonMod:Sunchoke+1","TheSimpletonMod:ToughenUp","TheSimpletonMod:PestManagement","infinitespire:Fortify","TheSimpletonMod:DoubleDigging+1","TheSimpletonMod:Aerate+1","TheSimpletonMod:VineRipen+1","TheSimpletonMod:Potatoes+1","TheSimpletonMod:SpiceUp+1","TheSimpletonMod:Swelter+1","TheSimpletonMod:Thresh+1","ReplayUltimateDefense","ReplayTheSpireMod:Brewmster+1","Trip","TheSimpletonMod:BumperCrop","TheSimpletonMod:HitTheSack"],"relics":["TheSimpletonMod:SpudOfTheInnocent","TheSimpletonMod:NightSoil","TheSimpletonMod:TheHarvester","hubris:Towel","Hallownest:DreamNailRelic","Runesmith:Nanobots","hubris:CrystalStatue","Centennial Puzzle","Fusion Hammer","jedi:heavyjacket","infinitespire:Satchel","reliquary:PartyBalloon","jedi:crownofsimplicity","InkBottle","TheSimpletonMod:GasCan","Frozen Eye","jedi:hotpepper","Replay:Rubber Ducky","Bottled Tornado","infinitespire:ShieldingShard","reliquary:Firecrackers","ReplayTheSpireMod:ShopPack","Bag of Preparation","ReplayTheSpireMod:Ninjato","Guide Book","Whetstone"],"acts_visited":["Exordium","Hallownest:Greenpath","Hallownest:CityofTears","TheEnding"],"potions_floor_usage":[27,32,35,38,42,46,52,52,56,57,57,57,57,57],"damage_taken":[{"damage":7.0,"enemies":"Hallownest:2_Baldur","floor":1.0,"turns":3.0},{"damage":5.0,"enemies":"2_ Uuma","floor":3.0,"turns":6.0},{"damage":8.0,"enemies":"Hallownest:2_Tiktiks_and_1_Crawlid","floor":5.0,"turns":5.0},{"damage":3.0,"enemies":"Hallownest:eliteVengeflyKing","floor":7.0,"turns":7.0},{"damage":0.0,"enemies":"Hallownest:eliteMossKnight","floor":13.0,"turns":5.0},{"damage":7.0,"enemies":"Hallownest:Guard_and_Warrior","floor":16.0,"turns":4.0},{"damage":9.0,"enemies":"Hallownest:BossFalseKnight","floor":18.0,"turns":7.0},{"damage":2.0,"enemies":"Hallownest:Guard_and_Sentry","floor":20.0,"turns":4.0},{"damage":1.0,"enemies":"Hallownest:3_Youths","floor":22.0,"turns":4.0},{"damage":1.0,"enemies":"Hallownest:monsterMisterMushroom","floor":23.0,"turns":7.0},{"damage":5.0,"enemies":"Hallownest:2_Flukemon","floor":24.0,"turns":6.0},{"damage":0.0,"enemies":"Hallownest:eliteWatcherKnight","floor":25.0,"turns":10.0},{"damage":2,"enemies":"Hallownest:eliteSoulWarrior","floor":27,"turns":6},{"damage":0,"enemies":"Hallownest:monsterShrumalOgre","floor":29,"turns":3},{"damage":0,"enemies":"Hallownest:Glutton_and_Coward","floor":30,"turns":3},{"damage":3,"enemies":"Hallownest:3_Mistakes","floor":31,"turns":3},{"damage":5,"enemies":"Hallownest:eliteWatcherKnight","floor":32,"turns":7},{"damage":8,"enemies":"Hallownest:BossMantisLord","floor":35,"turns":4},{"damage":0,"enemies":"Hallownest:2_Littles","floor":37,"turns":2},{"damage":0,"enemies":"conspire:MimicChest","floor":38,"turns":6},{"damage":0,"enemies":"conspire:MimicChest","floor":40,"turns":4},{"damage":0,"enemies":"conspire:MimicChest","floor":40,"turns":2},{"damage":0,"enemies":"Hallownest:3_Siblings","floor":41,"turns":5},{"damage":0,"enemies":"Hallownest:StalkingDevout","floor":42,"turns":6},{"damage":0,"enemies":"Hallownest:Shield_Sturdy","floor":44,"turns":4},{"damage":0,"enemies":"Hallownest:eliteHiveKnight","floor":46,"turns":5},{"damage":0,"enemies":"Hallownest:monsterPrimalAspid","floor":48,"turns":3},{"damage":0,"enemies":"Hallownest:2_Great","floor":50,"turns":3},{"damage":10,"enemies":"Hallownest:BossHollowKnight","floor":52,"turns":8},{"damage":0,"enemies":"Shield and Spear","floor":56,"turns":6},{"damage":0,"enemies":"The Heart","floor":57,"turns":8}],"seed_played":"-7313674170018433770","potions_obtained":[{"floor":1.0,"key":"jedi:StrikingPotion"},{"floor":16.0,"key":"blueLaboratory:PhilterOfMotion"},{"floor":18.0,"key":"BlessingOfTheForge"},{"floor":20.0,"key":"blueLaboratory:FrostheartPotion"},{"floor":22.0,"key":"SkillPotion"},{"floor":23.0,"key":"Dexterity Potion"},{"floor":29,"key":"Weak Potion"},{"floor":32,"key":"LifebloodPotion"},{"floor":37,"key":"LiquidMemories"},{"floor":41,"key":"Ancient Potion"},{"floor":42,"key":"blueLaboratory:RecallPotion"}],"is_trial":false,"path_per_floor":["M","?","M","?","M","R","E","R","PTL","PTL","T","?","E","?","R","M","R","B",null,"M","?","M","M","M","E","$","E","T","M","M","M","E","AVR","R","B",null,"M","?","?","?","M","E","R","M","T","E","$","M","?","M","R_BF","B",null,"R","$","E","B",null],"character_chosen":"THE_SIMPLETON","items_purchased":["reliquary:PartyBalloon","PowerPotion","TheSimpletonMod:ControlledBurn","reliquary:Firecrackers","ReplayTheSpireMod:ShopPack","Guide Book"],"campfire_rested":2,"item_purchase_floors":[26,26,26,47,47,55],"current_hp_per_floor":[72,72,71,71,67,67,68,68,68,68,68,68,68,68,68,65,65,60,77,79,79,81,81,77,81,81,80,80,80,80,82,82,82,82,79,61,61,61,61,61,61,61,61,61,61,61,61,61,46,46,46,44,57,61,61,61,61],"gold":46,"neow_bonus":"TEN_PERCENT_HP_BONUS","is_daily":false,"chose_seed":false,"campfire_upgraded":4,"win_rate":0.0,"timestamp":1614053898,"path_taken":["M","?","M","?","?","R","E","R","PTL","PTL","T","?","E","?","R","M","R","BOSS","M","?","M","?","M","E","$","E","T","?","M","M","E","AVR","R","BOSS","M","?","?","?","M","E","R","?","T","E","$","M","?","M","R_BF","BOSS","R","$","E","BOSS"],"items_purchased_type":["Relic","Potion","Card","Relic","Relic","Relic"],"build_version":"2020-12-22","purchased_purges":4,"victory":true,"max_hp_per_floor":[82,82,82,82,82,82,82,82,82,82,82,82,82,82,82,82,82,82,82,82,82,82,82,82,82,82,82,82,82,82,82,82,82,82,82,61,61,61,61,61,61,61,61,61,61,61,61,61,61,61,61,61,61,61,61,61,61],"card_choices":[{"not_picked":["TheSimpletonMod:CloseScrape","TheSimpletonMod:Aerate"],"picked":"TheSimpletonMod:KeenEdge","floor":1.0},{"not_picked":["TheSimpletonMod:Fertilaser","TheSimpletonMod:Polyculture"],"picked":"TheSimpletonMod:RootDown","floor":3.0},{"not_picked":["TheSimpletonMod:Sunseed","TheSimpletonMod:VineRipen"],"picked":"TheSimpletonMod:DigIn","floor":5.0},{"not_picked":["TheSimpletonMod:Aerate","TheSimpletonMod:KeenEdge"],"picked":"TheSimpletonMod:Spinach","floor":7.0},{"not_picked":["TheSimpletonMod:StockTheCellar","TheSimpletonMod:SpiceUp"],"picked":"TheSimpletonMod:Sunchoke","floor":13.0},{"not_picked":["TheSimpletonMod:ResearchGrant","TheSimpletonMod:StockTheCellar"],"picked":"TheSimpletonMod:Swelter","floor":16.0},{"not_picked":["TheSimpletonMod:FlashPasteurize","TheSimpletonMod:Biorefinement"],"picked":"TheSimpletonMod:VolatileFumes","floor":18.0},{"not_picked":["TheSimpletonMod:ControlledBurn","TheSimpletonMod:Fertilaser"],"picked":"TheSimpletonMod:GoToMarket+1","floor":20.0},{"not_picked":["TheSimpletonMod:RootDown+1","TheSimpletonMod:CullingStrike+1","TheSimpletonMod:SeedCoat"],"picked":"SKIP","floor":22.0},{"not_picked":["TheSimpletonMod:SeedCoat","TheSimpletonMod:Polyculture"],"picked":"TheSimpletonMod:SlashAndBurn","floor":23.0},{"not_picked":["TheSimpletonMod:KeenEdge","TheSimpletonMod:GoToMarket","TheSimpletonMod:Polyculture+1"],"picked":"SKIP","floor":24.0},{"not_picked":["TheSimpletonMod:KeenEdge","TheSimpletonMod:GoToMarket","TheSimpletonMod:Polyculture+1"],"picked":"SKIP","floor":24.0},{"not_picked":["TheSimpletonMod:SoilSample","TheSimpletonMod:KeenEdge"],"picked":"TheSimpletonMod:StockTheCellar","floor":25.0},{"not_picked":["TheSimpletonMod:Corn","TheSimpletonMod:Aerate"],"picked":"TheSimpletonMod:Potatoes","floor":27},{"not_picked":["TheSimpletonMod:Aerate","TheSimpletonMod:Potatoes"],"picked":"TheSimpletonMod:Sunchoke+1","floor":29},{"not_picked":["TheSimpletonMod:RootDown","TheSimpletonMod:OnionBloom"],"picked":"TheSimpletonMod:ToughenUp","floor":30},{"not_picked":["TheSimpletonMod:Corn","TheSimpletonMod:StockTheCellar","TheSimpletonMod:Ferment"],"picked":"SKIP","floor":31},{"not_picked":["TheSimpletonMod:Fertilaser","TheSimpletonMod:GoToMarket"],"picked":"TheSimpletonMod:PestManagement","floor":32},{"not_picked":["TheSimpletonMod:BirdFeeder","TheSimpletonMod:BuzzBomb"],"picked":"TheSimpletonMod:DoubleDigging","floor":35},{"not_picked":["TheSimpletonMod:PestManagement","TheSimpletonMod:CropRotation"],"picked":"TheSimpletonMod:Aerate+1","floor":37},{"not_picked":["TheSimpletonMod:GoToMarket+1","TheSimpletonMod:KeenEdge"],"picked":"TheSimpletonMod:VineRipen+1","floor":38},{"not_picked":["TheSimpletonMod:Aerate","TheSimpletonMod:DigIn+1"],"picked":"TheSimpletonMod:Potatoes+1","floor":41},{"not_picked":["TheSimpletonMod:SoilSample+1","TheSimpletonMod:ControlledBurn"],"picked":"TheSimpletonMod:SpiceUp+1","floor":42},{"not_picked":["TheSimpletonMod:SpiceUp+1","TheSimpletonMod:SaltTheEarth"],"picked":"TheSimpletonMod:Swelter+1","floor":44},{"not_picked":["TheSimpletonMod:VolatileFumes","TheSimpletonMod:DigIn"],"picked":"TheSimpletonMod:Thresh+1","floor":46},{"not_picked":["Chrysalis","sagemod:Perplexing_Glare"],"picked":"ReplayUltimateDefense","floor":47},{"not_picked":["jedi:cleanse","Master of Strategy"],"picked":"ReplayTheSpireMod:Brewmster","floor":47},{"not_picked":["Enlightenment","Survey Options"],"picked":"Trip","floor":47},{"not_picked":["TheSimpletonMod:SaladShooter","TheSimpletonMod:GoToMarket+1"],"picked":"TheSimpletonMod:BumperCrop","floor":48},{"not_picked":["TheSimpletonMod:KeenEdge+1","TheSimpletonMod:StockTheCellar+1","TheSimpletonMod:Swelter"],"picked":"SKIP","floor":50},{"not_picked":["TheSimpletonMod:Sunchoke","TheSimpletonMod:RootDown+1"],"picked":"TheSimpletonMod:HitTheSack","floor":56}],"player_experience":2244881,"relics_obtained":[{"floor":7.0,"key":"Runesmith:Nanobots"},{"floor":11.0,"key":"hubris:CrystalStatue"},{"floor":13.0,"key":"Centennial Puzzle"},{"floor":25.0,"key":"infinitespire:Satchel"},{"floor":27,"key":"jedi:crownofsimplicity"},{"floor":28,"key":"InkBottle"},{"floor":32,"key":"TheSimpletonMod:GasCan"},{"floor":38,"key":"Replay:Rubber Ducky"},{"floor":42,"key":"Bottled Tornado"},{"floor":46,"key":"infinitespire:ShieldingShard"},{"floor":51,"key":"ReplayTheSpireMod:Ninjato"},{"floor":56,"key":"Whetstone"}],"event_choices":[],"is_beta":false,"boss_relics":[{"not_picked":["jedi:battlestandard","Runic Dome"],"picked":"Fusion Hammer"},{"not_picked":["halation:PlatinumPhoenix","halation:LoveArrow"],"picked":"jedi:hotpepper"}],"items_purged_floors":[26,33,47,55],"is_endless":false,"potions_floor_spawned":[1,16,18,20,22,23,29,32,37,40,41,42,44,50,56],"ascension_level":6}}