{"host":"bixuo0n4q745us7v","time":1614099658,"event":{"mods":["2.2 Compatiblity","Act Like it!","Aspiration","BaseMod","Beaked The Cultist","Block Reminder","Custom Start","Downfall","Hubris","Minty Spire (QoL Compilation)","Relic Sorter","Robot Space Explorer","StSLib","The Cursed"],"gold_per_floor":[99,109,119,129,40,59,107,169,184,184,184,23,35,50,66,170,170,170,183,199,99,109,123,123,123,143,160,178,178,161,178,188,188,188,188],"floor_reached":33,"language":"DEU","playtime":5113,"items_purged":["champ:Defend"],"score":269,"play_id":"8fea1d84-bbf5-4c28-b9c5-cbc2d64d7d50","local_time":"20210223180058","is_ascension_mode":false,"campfire_choices":[{"data":"champ:Execute","floor":1,"key":"SMITH"},{"floor":11,"key":"REST"},{"data":"champ:EnGarde","floor":18,"key":"SMITH"},{"floor":29,"key":"REST"}],"circlet_count":0,"master_deck":["champ:Strike","champ:Strike","champ:Strike","champ:Strike","champ:Defend","champ:Defend","champ:Defend","champ:Execute+1","champ:Taunt","champ:TornadoPunch","champ:EnGarde+1","champ:BerserkersShout","champ:FocusedBerserking","champ:GladiatorStyle","champ:BringItOn","champ:ShieldWall","champ:PreciseThrust","champ:ShieldSlam","champ:Haymaker","champ:RecklessLeap","champ:MurderStrike","champ:SetATrap","champ:BerserkersShout","champ:DeathBlow","champ:StanceDance","champ:Shatter","champ:Lariat","champ:FocusedDefense","champ:HoldFirm","champ:DefensiveShout"],"relics":["champ:ChampionCrown","hubris:Icosahedron","champ:FightingForDummies","aspiration:PoetsPen_weak","Darkstone Periapt","downfall:RedIOU","Omamori"],"acts_visited":["Exordium","TheCity"],"potions_floor_usage":[13,16,16,21,30,32],"damage_taken":[{"damage":10,"enemies":"Cultist","floor":2,"turns":3},{"damage":2,"enemies":"Small Slimes","floor":3,"turns":4},{"damage":18,"enemies":"Jaw Worm","floor":4,"turns":3},{"damage":25,"enemies":"downfall:FleeingMerchant","floor":5,"turns":4},{"damage":33,"enemies":"Blue Slaver","floor":6,"turns":4},{"damage":56,"enemies":"3 Sentries","floor":8,"turns":8},{"damage":20,"enemies":"Exordium Wildlife","floor":9,"turns":4},{"damage":42,"enemies":"downfall:FleeingMerchant","floor":12,"turns":4},{"damage":48,"enemies":"Large Slime","floor":13,"turns":5},{"damage":11,"enemies":"3 Louse","floor":14,"turns":3},{"damage":10,"enemies":"downfall:LooterAlt","floor":15,"turns":2},{"damage":69,"enemies":"WA_ARCHETYPE_RETAIN","floor":16,"turns":5},{"damage":32,"enemies":"Spheric Guardian","floor":19,"turns":5},{"damage":25,"enemies":"Chosen","floor":20,"turns":4},{"damage":40,"enemies":"downfall:FleeingMerchant","floor":21,"turns":4},{"damage":84,"enemies":"Centurion and Healer","floor":22,"turns":7},{"damage":20,"enemies":"Cultist and Chosen","floor":23,"turns":4},{"damage":15,"enemies":"Snecko","floor":26,"turns":3},{"damage":73,"enemies":"Chosen and Byrds","floor":27,"turns":8},{"damage":51,"enemies":"Centurion and Healer","floor":28,"turns":6},{"damage":80,"enemies":"Gremlin Leader","floor":30,"turns":6},{"damage":22,"enemies":"Snake Plant","floor":31,"turns":4},{"damage":78,"enemies":"3 Cultists","floor":32,"turns":5},{"damage":61,"enemies":"DF_ARCHETYPE_CLAW","floor":33,"turns":5}],"seed_played":"-6176389360720754331","potions_obtained":[{"floor":2,"key":"champ:OpenerPotion"},{"floor":4,"key":"SpeedPotion"},{"floor":6,"key":"sneckomod:MuddlingPotion"},{"floor":13,"key":"SkillPotion"},{"floor":14,"key":"Strength Potion"},{"floor":23,"key":"champ:TechniquePotion"},{"floor":26,"key":"SteroidPotion"},{"floor":27,"key":"champ:OpenerPotion"},{"floor":30,"key":"Guardian:BlockOnCardUsePotion"}],"is_trial":false,"path_per_floor":["R","M","M","M","$","M","T","?","M","?","R","$","M","M","M","B",null,"R","M","M","$","M","M","T","?","M","M","M","R","E","M","M","B"],"character_chosen":"THE_CHAMP","items_purchased":["champ:GladiatorStyle","champ:ShieldSlam","champ:DeathBlow","champ:StanceDance"],"campfire_rested":2,"item_purchase_floors":[5,12,21,21],"current_hp_per_floor":[99,99,97,89,89,81,81,70,70,70,99,97,89,83,83,49,99,99,87,87,87,63,63,63,63,63,81,80,99,96,94,61,0,0,0],"gold":188,"neow_bonus":"TEN_PERCENT_HP_BONUS","is_daily":false,"chose_seed":false,"campfire_upgraded":2,"win_rate":0.0,"timestamp":1614099658,"path_taken":["R","M","M","M","$","M","T","?","M","?","R","$","M","?","M","BOSS","R","M","M","$","M","M","T","?","M","M","M","R","E","M","M","BOSS"],"items_purchased_type":["Card","Card","Card","Card"],"build_version":"2020-12-22","purchased_purges":1,"victory":false,"max_hp_per_floor":[99,99,99,99,99,99,99,99,99,99,99,99,99,99,99,99,99,99,99,99,99,99,99,99,99,99,99,99,99,99,99,99,99,99,99],"card_choices":[{"not_picked":["champ:BerserkersShout","champ:Endure"],"picked":"champ:TornadoPunch","floor":2},{"not_picked":["champ:HeartStrike","champ:Circumvent"],"picked":"champ:EnGarde","floor":3},{"not_picked":["champ:IronFortress","champ:Circumvent"],"picked":"champ:BerserkersShout","floor":4},{"not_picked":["champ:Haymaker","champ:AdrenalArmor"],"picked":"champ:FocusedBerserking","floor":5},{"not_picked":["champ:Endure","champ:PerfectedStrike"],"picked":"champ:BringItOn","floor":6},{"not_picked":["champ:IronFortress","champ:FlashCut"],"picked":"champ:ShieldWall","floor":8},{"not_picked":["champ:AdrenalArmor","champ:Encircle","champ:EndlessRage"],"picked":"SKIP","floor":9},{"not_picked":["champ:FanOfKnives","champ:GutPunch"],"picked":"champ:PreciseThrust","floor":12},{"not_picked":["champ:EnGarde","champ:GladiatorStyle"],"picked":"champ:Haymaker","floor":13},{"not_picked":["champ:DefensiveShout","champ:Backstep"],"picked":"champ:RecklessLeap","floor":14},{"not_picked":["champ:LastStand","champ:TornadoPunch","champ:FalseCounter"],"picked":"SKIP","floor":15},{"not_picked":["champ:ShieldThrow","champ:UltimateStance"],"picked":"champ:MurderStrike","floor":16},{"not_picked":["champ:Haymaker","champ:BerserkersShout"],"picked":"champ:SetATrap","floor":19},{"not_picked":["champ:Haymaker","champ:FancyFootwork"],"picked":"champ:BerserkersShout","floor":20},{"not_picked":["champ:Haymaker","champ:Backstep","champ:SetATrap"],"picked":"SKIP","floor":21},{"not_picked":["champ:FaceSlap","champ:StanceDance"],"picked":"champ:Shatter","floor":22},{"not_picked":["champ:SetATrap","champ:BerserkersShout"],"picked":"champ:Lariat","floor":23},{"not_picked":["champ:PreemptiveStrike+1","champ:CrookedStrike"],"picked":"champ:FocusedDefense","floor":26},{"not_picked":["champ:IgnorePain","champ:FanOfKnives","champ:SetATrap"],"picked":"SKIP","floor":27},{"not_picked":["champ:FocusedBerserking","champ:Encircle","champ:Haymaker"],"picked":"SKIP","floor":28},{"not_picked":["champ:CrownThrow","champ:TornadoPunch+1"],"picked":"champ:HoldFirm","floor":30},{"not_picked":["champ:TornadoPunch","champ:PreciseThrust","champ:RapidStrikes"],"picked":"SKIP","floor":31},{"not_picked":["champ:IronFortress","champ:ShieldSlam"],"picked":"champ:DefensiveShout","floor":32}],"player_experience":605846,"relics_obtained":[{"floor":7,"key":"champ:FightingForDummies"},{"floor":24,"key":"Darkstone Periapt"},{"floor":30,"key":"Omamori"}],"event_choices":[],"is_beta":false,"boss_relics":[{"not_picked":["hubris:Stopwatch","aspiration:RitualDagger"],"picked":"aspiration:PoetsPen_weak"}],"items_purged_floors":[12],"is_endless":false,"potions_floor_spawned":[2,4,6,13,14,23,26,27,28,30],"killed_by":"DF_ARCHETYPE_CLAW","ascension_level":0}}