{"host":"ws4mzzemcqsz5e2k","time":1614091995,"event":{"mods":["Act Like it!","BaseMod","Bossed Relics","Colored Powertips","Minty Spire (QoL Compilation)","Quick Restart","Relic Filter Mod","StSLib","[IsaacMod]ÒÔÈö¼âËþ"],"gold_per_floor":[119,119,129,144,94,94,119,136,216,251,251,285,285,301,301,379,379,391,411,411,411,301,301,333,333,415,447,56,83,100,112,112,189,189,209,209,228,168,215,248,248,275,343,343,357,382,405,495,507,593,683,695,719,731,558,483,493,493,527,547,629,660,670,705,68,82,82,158,158,594,607,607,627,627,659,659,691,722,722,751,751,766,409,409,486,486,505,522,11,11,25,53,53,86,120,165,165,165,184,216,216,292,413,413,433,433,450,457,153,1169,1213,1213,1251,1251,1463,1495,1538,1553,1553,1652,1661,1675,551,574,614,643,643,686,686,724,724,767,930,998,1011,1011,1109,1109],"floor_reached":137,"language":"ZHS","playtime":13577,"items_purged":["Quick Slash","Quick Slash","A Thousand Cuts+1","Cloak And Dagger+1","Tactician+1","Acrobatics+1","Terror+1"],"score":10116,"play_id":"21b46c33-d6a2-4203-b187-9fbea37d9bc8","local_time":"20210223225314","daily_mods":["SealedDeck","Heirloom","Elite Swarm","Uncertain Future"],"is_ascension_mode":true,"campfire_choices":[{"data":"Tactician","floor":6.0,"key":"SMITH"},{"data":"A Thousand Cuts","floor":13.0,"key":"SMITH"},{"data":"Acrobatics","floor":15.0,"key":"SMITH"},{"data":"After Image","floor":23.0,"key":"SMITH"},{"data":"Escape Plan","floor":25.0,"key":"SMITH"},{"data":"Backflip","floor":32.0,"key":"SMITH"},{"floor":41.0,"key":"DIG"},{"data":"After Image","floor":44.0,"key":"SMITH"},{"floor":49.0,"key":"DIG"},{"data":"Terror","floor":58.0,"key":"SMITH"},{"floor":67.0,"key":"DIG"},{"floor":76.0,"key":"DIG"},{"floor":79.0,"key":"DIG"},{"floor":84.0,"key":"DIG"},{"floor":93.0,"key":"DIG"},{"floor":98.0,"key":"DIG"},{"floor":101.0,"key":"DIG"},{"floor":110.0,"key":"DIG"},{"floor":112.0,"key":"DIG"},{"data":"After Image","floor":119.0,"key":"SMITH"},{"data":"1","floor":127.0,"key":"LIFT"},{"data":"2","floor":129.0,"key":"LIFT"},{"data":"3","floor":136.0,"key":"LIFT"}],"circlet_count":12,"master_deck":["AscendersBane","Blade Dance+1","Blade Dance+1","After Image+1","After Image+1","Backflip+1","Accuracy+1","Backflip+1","After Image+1","SuicideKing","Prepared+1"],"relics":["Ring of the Snake","HushsDoor","BlankCard","GuppysTail","Shovel","Torii","The Courier","Tough Bandages","Juzu Bracelet","Coffee Dripper","MutagenicStrength","Ancient Tea Set","TuHaoJin","Paper Crane","Ice Cream","War Paint","GuppysHead","MagicMushroom","Turnip","Oddly Smooth Stone","HowToJump","Meat on the Bone","BookofShadows","MawBank","Vajra","WristBlade","DeadEye","SteamSale","AnarchistCookbook","Sundial","Sling","Pear","Singing Bowl","Blood Vial","SacredBark","Nunchaku","CeramicFish","HornCleat","FossilizedHelix","Medical Kit","Molten Egg 2","DoctorsRemote","MealTicket","Philosopher\u0027s Stone","NineVolt","MoneyPower","Toxic Egg 2","Bottled Lightning","D4","Toy Ornithopter","SalivaCoin","HoveringKite","Golden Idol","TheAbacus","TheBean","BelialBook","BloodDonationBag","Bag of Marbles","Cursed Key","Habit","Lantern","Kunai","Potion Belt","Lizard Tail","D6","PreservedInsect","SteamSale","SharpPlug","Strawberry","Anchor","Mercury Hourglass","StrikeDummy","Whetstone","Regal Pillow","Mummified Hand","Omamori","Calipers","Question Card","Art of War","Akabeko","Pantograph","YumHeart","Bag of Preparation","Frozen Egg 2","Eternal Feather","Snake Skull","UnicornStump","Bronze Scales","Boot","BookOfRevelations","Pen Nib","Dream Catcher","TungstenRod","SatanicBible","Letter Opener","Leech","PillsDrop","Matryoshka","White Beast Statue","TheBible","Gremlin Horn","Thread and Needle","GnawedLeaf","Ornamental Fan","Shuriken","Unceasing Top","Mango","Girya","Incense Burner","GuppysPaw","Du-Vu Doll","EdensBlessing","PokeGo","StoneCalendar","Bird Faced Urn","Prayer Wheel","The Specimen","Ginger","PunchingBag","ForgetMeNow","Void","CaptainsWheel","Tingsha","Happy Flower","Pocketwatch","Circlet","Red Mask","Frozen Eye"],"acts_visited":["Exordium","TheCity","TheBeyond","Exordium","TheCity","TheBeyond","Exordium","TheCity"],"potions_floor_usage":[137,137,137],"damage_taken":[{"damage":4.0,"enemies":"Small Slimes","floor":1.0,"turns":3.0},{"damage":0.0,"enemies":"Cultist","floor":3.0,"turns":2.0},{"damage":0.0,"enemies":"Jaw Worm","floor":4.0,"turns":2.0},{"damage":0.0,"enemies":"Gremlin Nob","floor":7.0,"turns":2.0},{"damage":1.0,"enemies":"Exordium Wildlife","floor":8.0,"turns":2.0},{"damage":0.0,"enemies":"Lagavulin","floor":10.0,"turns":3.0},{"damage":0.0,"enemies":"3 Sentries","floor":12.0,"turns":5.0},{"damage":8.0,"enemies":"3 Louse","floor":14.0,"turns":3.0},{"damage":1.0,"enemies":"Hexaghost","floor":16.0,"turns":7.0},{"damage":0.0,"enemies":"Spheric Guardian","floor":18.0,"turns":2.0},{"damage":0.0,"enemies":"Chosen","floor":19.0,"turns":3.0},{"damage":0.0,"enemies":"Gremlin Leader","floor":24.0,"turns":4.0},{"damage":0.0,"enemies":"Book of Stabbing","floor":27.0,"turns":2.0},{"damage":0.0,"enemies":"Gremlin Leader","floor":29.0,"turns":3.0},{"damage":0.0,"enemies":"Snecko","floor":30.0,"turns":2.0},{"damage":0.0,"enemies":"Centurion and Healer","floor":31.0,"turns":2.0},{"damage":0.0,"enemies":"Automaton","floor":33.0,"turns":10.0},{"damage":0.0,"enemies":"3 Shapes","floor":35.0,"turns":2.0},{"damage":0.0,"enemies":"Orb Walker","floor":37.0,"turns":2.0},{"damage":0.0,"enemies":"2 Orb Walkers","floor":39.0,"turns":2.0},{"damage":0.0,"enemies":"Nemesis","floor":40.0,"turns":3.0},{"damage":0.0,"enemies":"Reptomancer","floor":42.0,"turns":2.0},{"damage":0.0,"enemies":"3 Darklings","floor":45.0,"turns":2.0},{"damage":0.0,"enemies":"Nemesis","floor":46.0,"turns":4.0},{"damage":0.0,"enemies":"Writhing Mass","floor":47.0,"turns":9.0},{"damage":0.0,"enemies":"Awakened One","floor":50.0,"turns":6.0},{"damage":0.0,"enemies":"Donu and Deca","floor":51.0,"turns":5.0},{"damage":0.0,"enemies":"Small Slimes","floor":53.0,"turns":1.0},{"damage":0.0,"enemies":"Jaw Worm","floor":57.0,"turns":1.0},{"damage":0.0,"enemies":"Gremlin Nob","floor":59.0,"turns":1.0},{"damage":0.0,"enemies":"Cultist","floor":60.0,"turns":1.0},{"damage":0.0,"enemies":"Lagavulin","floor":62.0,"turns":2.0},{"damage":0.0,"enemies":"3 Louse","floor":63.0,"turns":1.0},{"damage":0.0,"enemies":"3 Sentries","floor":64.0,"turns":2.0},{"damage":0.0,"enemies":"Looter","floor":66.0,"turns":1.0},{"damage":0.0,"enemies":"Hexaghost","floor":68.0,"turns":2.0},{"damage":0.0,"enemies":"Chosen","floor":70.0,"turns":2.0},{"damage":0.0,"enemies":"3 Byrds","floor":71.0,"turns":2.0},{"damage":9.0,"enemies":"Centurion and Healer","floor":73.0,"turns":2.0},{"damage":0.0,"enemies":"Slavers","floor":75.0,"turns":2.0},{"damage":0.0,"enemies":"Book of Stabbing","floor":77.0,"turns":2.0},{"damage":26.0,"enemies":"Slavers","floor":78.0,"turns":3.0},{"damage":0.0,"enemies":"Gremlin Leader","floor":80.0,"turns":1.0},{"damage":0.0,"enemies":"Shelled Parasite and Fungi","floor":82.0,"turns":2.0},{"damage":0.0,"enemies":"Automaton","floor":85.0,"turns":2.0},{"damage":0.0,"enemies":"3 Darklings","floor":87.0,"turns":2.0},{"damage":0.0,"enemies":"3 Shapes","floor":88.0,"turns":1.0},{"damage":0.0,"enemies":"Maw","floor":91.0,"turns":2.0},{"damage":0.0,"enemies":"Reptomancer","floor":92.0,"turns":2.0},{"damage":0.0,"enemies":"Giant Head","floor":94.0,"turns":2.0},{"damage":0.0,"enemies":"Nemesis","floor":95.0,"turns":1.0},{"damage":0.0,"enemies":"2 Orb Walkers","floor":96.0,"turns":2.0},{"damage":4.0,"enemies":"Sphere and 2 Shapes","floor":99.0,"turns":1.0},{"damage":0.0,"enemies":"Giant Head","floor":100.0,"turns":2.0},{"damage":0.0,"enemies":"Donu and Deca","floor":102.0,"turns":3.0},{"damage":89.0,"enemies":"Time Eater","floor":103.0,"turns":7.0},{"damage":0.0,"enemies":"Jaw Worm","floor":105.0,"turns":1.0},{"damage":0.0,"enemies":"Small Slimes","floor":107.0,"turns":1.0},{"damage":0.0,"enemies":"Lagavulin","floor":111.0,"turns":1.0},{"damage":0.0,"enemies":"3 Sentries","floor":113.0,"turns":1.0},{"damage":0.0,"enemies":"Gremlin Nob","floor":115.0,"turns":1.0},{"damage":0.0,"enemies":"2 Louse","floor":116.0,"turns":1.0},{"damage":0.0,"enemies":"Lagavulin","floor":117.0,"turns":1.0},{"damage":0.0,"enemies":"Looter","floor":118.0,"turns":1.0},{"damage":0.0,"enemies":"The Guardian","floor":120.0,"turns":2.0},{"damage":0.0,"enemies":"3 Byrds","floor":122.0,"turns":1.0},{"damage":0.0,"enemies":"Chosen","floor":124.0,"turns":1.0},{"damage":0.0,"enemies":"Masked Bandits","floor":125.0,"turns":1.0},{"damage":0.0,"enemies":"Snecko","floor":126.0,"turns":1.0},{"damage":0.0,"enemies":"Book of Stabbing","floor":128.0,"turns":2.0},{"damage":0.0,"enemies":"Gremlin Leader","floor":130.0,"turns":3.0},{"damage":0.0,"enemies":"Slavers","floor":132.0,"turns":2.0},{"damage":0.0,"enemies":"Book of Stabbing","floor":134.0,"turns":2.0},{"damage":0.0,"enemies":"Shelled Parasite and Fungi","floor":135.0,"turns":2.0},{"damage":559,"enemies":"Delirium","floor":137,"turns":27}],"seed_played":"-4749417257903325079","potions_obtained":[{"floor":4.0,"key":"Fire Potion"},{"floor":7.0,"key":"Fire Potion"},{"floor":16.0,"key":"Strength Potion"},{"floor":19.0,"key":"EntropicBrew"},{"floor":27.0,"key":"PowerPotion"},{"floor":40.0,"key":"DistilledChaos"},{"floor":51.0,"key":"Fire Potion"},{"floor":57.0,"key":"Fruit Juice"},{"floor":70.0,"key":"SpeedPotion"},{"floor":70.0,"key":"LiquidMemories"},{"floor":73.0,"key":"Dexterity Potion"},{"floor":78.0,"key":"BlessingOfTheForge"},{"floor":105.0,"key":"BlessingOfTheForge"}],"is_trial":true,"path_per_floor":["M","?","M","M","$","R","E","M","T","E","?","E","R","M","R","B",null,"M","M","?","?","?","R","E","R","T","E","$","E","M","M","R","B",null,"M","?","M","$","?","E","R","E","T","R","M","E","M","?","R","B","B",null,"M","?","$","?","M","R","E","M","T","E","M","E","$","M","R","B",null,"M","M","?","M","?","E","R","E","E","R","E","?","M","$","R","B",null,"M","M","$","?","M","E","R","E","E","?","?","R","M","E","R","B","B",null,"M","?","M","?","$","R","E","R","E","?","E","M","E","M","R","B",null,"M","$","M","?","M","R","E","R","E","$","E","?","E","M","R","B"],"character_chosen":"THE_SILENT","items_purchased":["Blade Dance","Ice Cream","War Paint","SteamSale","Sundial","Sling","Pear","Singing Bowl","SuicideKing","Medical Kit","Molten Egg 2","DoctorsRemote","NineVolt","MoneyPower","Toxic Egg 2","BloodDonationMachine","TheAbacus","TheBean","FairyPotion","SuicideKing","Damocles","Habit","Lantern","Kunai","Potion Belt","Lizard Tail","D6","PreservedInsect","Diplopia","SharpPlug","Strawberry","Anchor","Mercury Hourglass","StrikeDummy","Whetstone","Regal Pillow","Mummified Hand","Omamori","Calipers","Question Card","Art of War","Akabeko","Pantograph","YumHeart","Bag of Preparation","Frozen Egg 2","Eternal Feather","Snake Skull","UnicornStump","Bronze Scales","Boot","BookOfRevelations","Pen Nib","Dream Catcher","TungstenRod","SatanicBible","Letter Opener","Leech","PillsDrop","Matryoshka","White Beast Statue","TheBible","Gremlin Horn","Thread and Needle","GnawedLeaf","Ornamental Fan","Shuriken","Unceasing Top","Mango","Girya","Incense Burner","GuppysPaw","Du-Vu Doll","EdensBlessing","PokeGo","StoneCalendar","Bird Faced Urn","Prayer Wheel","The Specimen","Ginger","PunchingBag","ForgetMeNow","Void","CaptainsWheel","Tingsha","Happy Flower","Pocketwatch","Circlet","Circlet","Circlet","Circlet","Circlet","Circlet","Circlet","Circlet","Circlet","Circlet","Circlet","Circlet","Circlet","Circlet","Circlet","Circlet","Circlet","Circlet","Circlet","Circlet","Circlet","Circlet","Circlet","Circlet","Circlet","Circlet","SpeedPotion","Poison Potion","Swift Potion","LiquidBronze","Dexterity Potion","Swift Potion","Explosive Potion","Dexterity Potion","GamblersBrew","SteroidPotion","SteroidPotion","Frozen Eye"],"campfire_rested":0,"item_purchase_floors":[5,28,28,55,65,65,65,65,69,83,83,83,89,89,89,109,109,109,109,121,121,123,123,123,123,123,123,123,123,123,123,123,123,123,123,123,123,123,123,123,123,123,123,123,123,123,123,123,123,123,123,123,123,123,123,123,123,123,123,123,123,123,123,123,123,123,123,123,123,123,123,123,123,123,123,123,123,123,123,123,123,123,123,123,123,123,123,123,123,123,123,123,123,123,123,123,123,123,123,123,123,123,123,123,123,123,123,123,123,123,123,123,123,123,123,123,123,123,123,123,123,123,123,123,131],"current_hp_per_floor":[55,48,48,48,48,48,48,47,47,47,27,27,27,19,19,18,50,50,50,50,50,50,50,50,50,50,50,50,50,50,50,50,50,60,61,58,58,58,58,58,58,58,58,58,58,58,58,43,43,44,45,55,55,44,44,44,44,44,44,44,44,45,45,46,56,58,58,63,76,53,58,33,41,41,58,58,63,54,54,58,78,83,83,83,88,100,105,108,108,104,109,114,114,119,122,124,124,124,122,127,127,130,60,114,118,118,122,75,90,11,27,27,43,150,136,138,140,144,144,149,142,144,180,189,196,206,206,213,213,220,220,227,56,73,94,100,0,0],"gold":1109,"neow_bonus":"","is_daily":false,"chose_seed":false,"campfire_upgraded":9,"win_rate":0.0,"timestamp":1614091994,"path_taken":["M","?","M","M","$","R","E","?","T","E","?","E","R","M","R","BOSS","M","M","?","?","?","R","E","R","T","E","$","E","M","M","R","BOSS","M","?","M","$","?","E","R","E","T","R","M","E","M","?","R","BOSS","BOSS","M","?","$","?","M","R","E","M","T","E","M","E","?","M","R","BOSS","M","M","?","M","?","E","R","E","E","R","E","?","M","$","R","BOSS","M","M","$","?","M","E","R","E","E","?","?","R","M","E","R","BOSS","BOSS","M","?","M","?","$","R","E","R","E","?","E","M","E","M","R","BOSS","M","?","M","?","M","R","E","R","E","$","E","?","E","M","R","BOSS"],"items_purchased_type":["Card","Relic","Relic","Relic","Relic","Relic","Relic","Relic","Card","Relic","Relic","Relic","Relic","Relic","Relic","Relic","Relic","Relic","Potion","Card","Relic","Relic","Relic","Relic","Relic","Relic","Relic","Relic","Relic","Relic","Relic","Relic","Relic","Relic","Relic","Relic","Relic","Relic","Relic","Relic","Relic","Relic","Relic","Relic","Relic","Relic","Relic","Relic","Relic","Relic","Relic","Relic","Relic","Relic","Relic","Relic","Relic","Relic","Relic","Relic","Relic","Relic","Relic","Relic","Relic","Relic","Relic","Relic","Relic","Relic","Relic","Relic","Relic","Relic","Relic","Relic","Relic","Relic","Relic","Relic","Relic","Relic","Card","Relic","Relic","Relic","Relic","Undefined","Undefined","Undefined","Undefined","Undefined","Undefined","Undefined","Undefined","Undefined","Undefined","Undefined","Undefined","Undefined","Undefined","Undefined","Undefined","Undefined","Undefined","Undefined","Undefined","Undefined","Undefined","Undefined","Undefined","Undefined","Undefined","Potion","Potion","Potion","Potion","Potion","Potion","Potion","Potion","Potion","Potion","Potion","Relic"],"build_version":"2020-12-22","purchased_purges":7,"victory":false,"max_hp_per_floor":[66,66,66,66,66,66,66,66,66,66,66,66,66,66,66,66,61,61,61,61,61,61,61,61,61,61,61,61,61,61,61,61,61,61,61,58,58,58,58,58,58,58,58,58,58,58,58,58,58,58,58,58,58,58,58,58,58,58,58,58,58,58,58,58,68,70,70,72,77,83,85,90,92,92,94,94,96,98,98,100,100,102,102,102,104,104,106,108,108,114,116,118,118,120,122,124,124,124,126,128,128,130,132,132,134,134,136,136,136,136,138,138,140,150,152,152,152,154,154,156,142,144,180,189,196,206,206,213,213,220,220,227,227,229,233,233,233,233],"card_choices":[{"not_picked":[],"picked":"Bomb","floor":0.0},{"not_picked":["Bouncing Flask","Prepared"],"picked":"Quick Slash","floor":1.0},{"not_picked":["Dodge and Roll","Masterful Stab","Bane"],"picked":"SKIP","floor":3.0},{"not_picked":["Bomb","Well Laid Plans","Choke"],"picked":"SKIP","floor":4.0},{"not_picked":["Grand Finale","Malaise","Corpse Explosion"],"picked":"SKIP","floor":7.0},{"not_picked":["Quick Slash","Heel Hook","Bane"],"picked":"SKIP","floor":8.0},{"not_picked":["Phantasmal Killer","Bullet Time"],"picked":"After Image","floor":10.0},{"not_picked":["Malaise","Grand Finale"],"picked":"A Thousand Cuts","floor":12.0},{"not_picked":["Acrobatics","Sucker Punch","Dodge and Roll"],"picked":"SKIP","floor":14.0},{"not_picked":["Corpse Explosion","Bullet Time"],"picked":"After Image","floor":16.0},{"not_picked":["Sucker Punch","Expertise","Blade Dance"],"picked":"SKIP","floor":18.0},{"not_picked":["Riddle With Holes+1","Infinite Blades+1","Poisoned Stab"],"picked":"SKIP","floor":19.0},{"not_picked":["Burst","Glass Knife","A Thousand Cuts"],"picked":"SKIP","floor":24.0},{"not_picked":["Grand Finale","Tools of the Trade","Phantasmal Killer"],"picked":"SKIP","floor":27.0},{"not_picked":["Night Terror","Storm of Steel","Burst"],"picked":"SKIP","floor":29.0},{"not_picked":["Backflip","Quick Slash","Bane"],"picked":"SKIP","floor":30.0},{"not_picked":["Quick Slash","Bane"],"picked":"Backflip","floor":30.0},{"not_picked":["Dagger Spray","Calculated Gamble","Heel Hook"],"picked":"SKIP","floor":31.0},{"not_picked":["All Out Attack+1","Setup","Underhanded Strike"],"picked":"SKIP","floor":35.0},{"not_picked":["Skewer+1","Dodge and Roll","Noxious Fumes"],"picked":"SKIP","floor":37.0},{"not_picked":["Malaise","Bullet Time","Corpse Explosion"],"picked":"SKIP","floor":40.0},{"not_picked":["Adrenaline","Phantasmal Killer"],"picked":"After Image","floor":42.0},{"not_picked":["Crippling Poison+1","Blade Dance","Infinite Blades"],"picked":"SKIP","floor":45.0},{"not_picked":["Wraith Form v2","Venomology","After Image"],"picked":"SKIP","floor":46.0},{"not_picked":["Flying Knee+1","Dagger Throw","PiercingWail"],"picked":"SKIP","floor":47.0},{"not_picked":["Underhanded Strike","Backflip","Blur"],"picked":"SKIP","floor":53.0},{"not_picked":["Quick Slash","Dagger Throw"],"picked":"Terror","floor":57.0},{"not_picked":["Bullet Time","After Image","Die Die Die"],"picked":"SKIP","floor":59.0},{"not_picked":["Predator","Quick Slash","Slice"],"picked":"SKIP","floor":60.0},{"not_picked":["Grand Finale","A Thousand Cuts","Night Terror"],"picked":"SKIP","floor":62.0},{"not_picked":["Dagger Spray","Calculated Gamble","Cloak And Dagger"],"picked":"SKIP","floor":63.0},{"not_picked":["Envenom","Glass Knife","Doppelganger"],"picked":"SKIP","floor":64.0},{"not_picked":["Blade Dance","Finisher","All Out Attack"],"picked":"Singing Bowl","floor":66.0},{"not_picked":["Die Die Die","Envenom","Night Terror"],"picked":"Singing Bowl","floor":68.0},{"not_picked":["Outmaneuver","Heel Hook"],"picked":"Accuracy","floor":70.0},{"not_picked":["Deadly Poison+1","Bouncing Flask","Acrobatics"],"picked":"Singing Bowl","floor":70.0},{"not_picked":["Finisher","Backstab+1","Sucker Punch+1"],"picked":"Singing Bowl","floor":70.0},{"not_picked":["Poisoned Stab","Dagger Throw","Backstab"],"picked":"Singing Bowl","floor":70.0},{"not_picked":["Acrobatics","Finisher","Concentrate"],"picked":"Singing Bowl","floor":71.0},{"not_picked":["Acrobatics","Sucker Punch","Blade Dance+1"],"picked":"Singing Bowl","floor":73.0},{"not_picked":["Malaise","Die Die Die","Envenom"],"picked":"Singing Bowl","floor":75.0},{"not_picked":["Wraith Form v2","Phantasmal Killer","Venomology"],"picked":"Singing Bowl","floor":77.0},{"not_picked":["Glass Knife","Unload","Doppelganger"],"picked":"Singing Bowl","floor":78.0},{"not_picked":["Corpse Explosion","After Image","Tools of the Trade"],"picked":"Singing Bowl","floor":80.0},{"not_picked":["PiercingWail","Terror","Underhanded Strike"],"picked":"Singing Bowl","floor":82.0},{"not_picked":["Unload+1","Malaise","Glass Knife+1"],"picked":"Singing Bowl","floor":85.0},{"not_picked":["Endless Agony+1","Caltrops","Prepared"],"picked":"Singing Bowl","floor":87.0},{"not_picked":["Cloak And Dagger","Flying Knee+1","Crippling Poison"],"picked":"Singing Bowl","floor":88.0},{"not_picked":["Thinking Ahead+1","Deep Breath+1","Finesse+1"],"picked":"Singing Bowl","floor":90.0},{"not_picked":["The Bomb+1","Metamorphosis+1","Secret Technique+1"],"picked":"Singing Bowl","floor":90.0},{"not_picked":["Forethought+1","Bomb","Battery+1"],"picked":"Singing Bowl","floor":90.0},{"not_picked":["Quick Slash+1","Blade Dance+1","Eviscerate+1"],"picked":"Singing Bowl","floor":91.0},{"not_picked":["Venomology+1","Tools of the Trade","Envenom"],"picked":"Singing Bowl","floor":92.0},{"not_picked":["Venomology+1","Phantasmal Killer+1","Wraith Form v2"],"picked":"Singing Bowl","floor":94.0},{"not_picked":["Glass Knife+1","Phantasmal Killer+1","Bullet Time+1"],"picked":"Singing Bowl","floor":95.0},{"not_picked":["Infinite Blades","Acrobatics+1","Dagger Spray+1"],"picked":"Singing Bowl","floor":96.0},{"not_picked":["Choke+1","Eviscerate+1","Terror+1"],"picked":"Singing Bowl","floor":99.0},{"not_picked":["Doppelganger+1","Bullet Time+1","Malaise+1"],"picked":"Singing Bowl","floor":100.0},{"not_picked":["A Thousand Cuts","Adrenaline+1","Glass Knife+1"],"picked":"Singing Bowl","floor":102.0},{"not_picked":["A Thousand Cuts","Phantasmal Killer+1","Venomology+1"],"picked":"Singing Bowl","floor":103.0},{"not_picked":["Sucker Punch+1","Accuracy","Quick Slash+1"],"picked":"Singing Bowl","floor":105.0},{"not_picked":["PiercingWail+1","Sucker Punch+1","Outmaneuver+1"],"picked":"Singing Bowl","floor":107.0},{"not_picked":["Unload+1","Night Terror+1","Glass Knife+1"],"picked":"Singing Bowl","floor":111.0},{"not_picked":["Burst+1","Envenom","Bullet Time+1"],"picked":"Singing Bowl","floor":113.0},{"not_picked":["Die Die Die+1","Envenom","Grand Finale+1"],"picked":"Singing Bowl","floor":115.0},{"not_picked":["Underhanded Strike+1","Masterful Stab+1"],"picked":"Backflip+1","floor":116.0},{"not_picked":["Adrenaline+1","Storm of Steel+1"],"picked":"After Image","floor":117.0},{"not_picked":["Quick Slash+1","Bane+1","Backflip+1"],"picked":"Singing Bowl","floor":118.0},{"not_picked":["Envenom","Malaise+1","Phantasmal Killer+1"],"picked":"Singing Bowl","floor":120.0},{"not_picked":["Blur+1","Flying Knee+1","Crippling Poison+1"],"picked":"Singing Bowl","floor":122.0},{"not_picked":["Underhanded Strike+1","Deflect+1","Blur+1","Endless Agony+1"],"picked":"Singing Bowl","floor":124.0},{"not_picked":["Finisher+1","Caltrops+1","Underhanded Strike+1","Dagger Spray+1"],"picked":"Singing Bowl","floor":124.0},{"not_picked":["Slice+1","Noxious Fumes+1","Skewer+1","Eviscerate+1"],"picked":"Singing Bowl","floor":125.0},{"not_picked":["Backflip+1","Riddle With Holes+1","Slice+1"],"picked":"Prepared+1","floor":126.0},{"not_picked":["Cloak And Dagger+1","Acrobatics+1","Distraction+1","PiercingWail+1"],"picked":"Singing Bowl","floor":126.0},{"not_picked":["Venomology+1","Malaise+1","Doppelganger+1","Corpse Explosion+1"],"picked":"Singing Bowl","floor":128.0},{"not_picked":["Phantasmal Killer+1","Storm of Steel+1","Envenom+1","A Thousand Cuts+1"],"picked":"Singing Bowl","floor":130.0},{"not_picked":["Storm of Steel+1","Corpse Explosion+1","Glass Knife+1","Grand Finale+1"],"picked":"Singing Bowl","floor":132.0},{"not_picked":["Phantasmal Killer+1","Glass Knife+1","Doppelganger+1","Die Die Die+1"],"picked":"Singing Bowl","floor":134.0},{"not_picked":["Cloak And Dagger+1","Prepared+1","Sucker Punch+1","Slice+1"],"picked":"Singing Bowl","floor":135.0},{"not_picked":["Skewer+1","Acrobatics+1","Poisoned Stab+1","Quick Slash+1"],"picked":"Singing Bowl","floor":135.0}],"player_experience":1593028,"relics_obtained":[{"floor":7.0,"key":"Torii"},{"floor":9.0,"key":"The Courier"},{"floor":10.0,"key":"Tough Bandages"},{"floor":12.0,"key":"Juzu Bracelet"},{"floor":24.0,"key":"Ancient Tea Set"},{"floor":26.0,"key":"TuHaoJin"},{"floor":27.0,"key":"Paper Crane"},{"floor":29.0,"key":"GuppysHead"},{"floor":39.0,"key":"Turnip"},{"floor":40.0,"key":"Oddly Smooth Stone"},{"floor":41.0,"key":"HowToJump"},{"floor":42.0,"key":"Meat on the Bone"},{"floor":43.0,"key":"BookofShadows"},{"floor":46.0,"key":"MawBank"},{"floor":49.0,"key":"Vajra"},{"floor":61.0,"key":"AnarchistCookbook"},{"floor":67.0,"key":"Blood Vial"},{"floor":70.0,"key":"Nunchaku"},{"floor":70.0,"key":"CeramicFish"},{"floor":76.0,"key":"HornCleat"},{"floor":79.0,"key":"FossilizedHelix"},{"floor":84.0,"key":"MealTicket"},{"floor":93.0,"key":"Bottled Lightning"},{"floor":96.0,"key":"D4"},{"floor":98.0,"key":"Toy Ornithopter"},{"floor":101.0,"key":"SalivaCoin"},{"floor":110.0,"key":"BelialBook"},{"floor":112.0,"key":"Bag of Marbles"},{"floor":124.0,"key":"Circlet"},{"floor":125.0,"key":"Red Mask"},{"floor":125.0,"key":"Circlet"},{"floor":126.0,"key":"Circlet"},{"floor":128.0,"key":"Circlet"},{"floor":130.0,"key":"Circlet"},{"floor":132.0,"key":"Circlet"}],"event_choices":[{"cards_removed":["Outmaneuver"],"damage_healed":0.0,"max_hp_gain":0.0,"max_hp_loss":0.0,"gold_gain":0.0,"event_name":"Golden Wing","player_choice":"Card Removal","floor":2.0,"gold_loss":0.0,"damage_taken":7.0},{"damage_healed":0.0,"max_hp_gain":0.0,"max_hp_loss":0.0,"gold_gain":0.0,"event_name":"Shining Light","player_choice":"Entered Light","floor":11.0,"gold_loss":0.0,"damage_taken":20.0,"cards_upgraded":["After Image","Cloak And Dagger"]},{"damage_healed":0.0,"max_hp_gain":0.0,"max_hp_loss":0.0,"gold_gain":0.0,"event_name":"Drug Dealer","player_choice":"Inject Mutagens","floor":20.0,"gold_loss":0.0,"damage_taken":0.0,"relics_obtained":["MutagenicStrength"]},{"damage_healed":0.0,"max_hp_gain":0.0,"max_hp_loss":0.0,"gold_gain":0.0,"event_name":"The Mausoleum","player_choice":"Ignored","floor":21.0,"gold_loss":0.0,"damage_taken":0.0},{"cards_removed":["Quick Slash"],"damage_healed":0.0,"max_hp_gain":0.0,"max_hp_loss":0.0,"gold_gain":0.0,"event_name":"Designer","player_choice":"Upgrade and Remove","floor":22.0,"gold_loss":110.0,"damage_taken":0.0,"cards_upgraded":["Backflip"]},{"damage_healed":0.0,"max_hp_gain":0.0,"max_hp_loss":3.0,"gold_gain":0.0,"event_name":"Winding Halls","player_choice":"Max HP","floor":36.0,"gold_loss":0.0,"damage_taken":0.0},{"damage_healed":0.0,"max_hp_gain":0.0,"max_hp_loss":0.0,"gold_gain":0.0,"event_name":"Mysterious Sphere","player_choice":"Fight","floor":39.0,"gold_loss":0.0,"damage_taken":0.0},{"damage_healed":0.0,"max_hp_gain":0.0,"max_hp_loss":0.0,"gold_gain":0.0,"event_name":"Scrap Ooze","player_choice":"Success","floor":54.0,"gold_loss":0.0,"damage_taken":11.0,"relics_obtained":["DeadEye"]},{"cards_removed":["Escape Plan"],"damage_healed":0.0,"max_hp_gain":0.0,"max_hp_loss":0.0,"gold_gain":0.0,"event_name":"The Cleric","player_choice":"Card Removal","floor":56.0,"gold_loss":75.0,"damage_taken":0.0},{"damage_healed":0.0,"max_hp_gain":5.0,"max_hp_loss":0.0,"gold_gain":0.0,"event_name":"Forgotten Altar","player_choice":"Shed Blood","floor":72.0,"gold_loss":0.0,"damage_taken":30.0},{"damage_healed":0.0,"max_hp_gain":0.0,"max_hp_loss":0.0,"gold_gain":0.0,"event_name":"Upgrade Shrine","player_choice":"Upgraded","floor":74.0,"gold_loss":0.0,"damage_taken":0.0,"cards_upgraded":["Accuracy"]},{"damage_healed":20.0,"max_hp_gain":0.0,"max_hp_loss":0.0,"gold_gain":0.0,"event_name":"The Library","player_choice":"Heal","floor":81.0,"gold_loss":0.0,"damage_taken":0.0},{"damage_healed":0.0,"max_hp_gain":0.0,"max_hp_loss":0.0,"gold_gain":0.0,"event_name":"SensoryStone","player_choice":"Memory 3","floor":90.0,"gold_loss":0.0,"damage_taken":10.0},{"damage_healed":0.0,"max_hp_gain":0.0,"max_hp_loss":0.0,"gold_gain":0.0,"event_name":"Mysterious Sphere","player_choice":"Fight","floor":96.0,"gold_loss":0.0,"damage_taken":0.0},{"cards_removed":["Backflip"],"damage_healed":0.0,"max_hp_gain":0.0,"max_hp_loss":0.0,"gold_gain":0.0,"event_name":"Falling","player_choice":"Removed Skill","floor":97.0,"gold_loss":0.0,"damage_taken":0.0},{"damage_healed":0.0,"max_hp_gain":0.0,"max_hp_loss":0.0,"gold_gain":0.0,"event_name":"Liars Game","player_choice":"Ignored","floor":106.0,"gold_loss":0.0,"damage_taken":0.0},{"damage_healed":0.0,"max_hp_gain":0.0,"max_hp_loss":0.0,"gold_gain":0.0,"event_name":"Golden Idol","player_choice":"Take Damage","floor":108.0,"gold_loss":0.0,"damage_taken":47.0,"relics_obtained":["Golden Idol"]},{"cards_removed":["After Image"],"damage_healed":97.0,"max_hp_gain":10.0,"max_hp_loss":0.0,"gold_gain":0.0,"event_name":"Bonfire Elementals","player_choice":"Offered Rare","floor":114.0,"gold_loss":0.0,"damage_taken":0.0},{"damage_healed":0.0,"max_hp_gain":0.0,"max_hp_loss":0.0,"gold_gain":0.0,"event_name":"Masked Bandits","player_choice":"Fought Bandits","floor":125.0,"gold_loss":0.0,"damage_taken":0.0},{"damage_healed":45.0,"max_hp_gain":0.0,"max_hp_loss":0.0,"gold_gain":0.0,"event_name":"The Library","player_choice":"Heal","floor":133.0,"gold_loss":0.0,"damage_taken":0.0}],"is_beta":false,"boss_relics":[{"not_picked":["Philosopher\u0027s Stone","Fusion Hammer"],"picked":"Coffee Dripper"},{"not_picked":[]},{"not_picked":["Runic Pyramid","Cursed Key"],"picked":"MagicMushroom"},{"not_picked":[]},{"not_picked":["Snecko Eye","SlaversCollar"],"picked":"WristBlade"},{"not_picked":[]},{"not_picked":["Runic Pyramid","Tiny House"],"picked":"SacredBark"},{"not_picked":[]},{"not_picked":["Runic Dome","Snecko Eye"],"picked":"Philosopher\u0027s Stone"},{"not_picked":[]},{"not_picked":["Empty Cage","Calling Bell"],"picked":"HoveringKite"},{"not_picked":[]},{"not_picked":["Calling Bell","ChampionBelt"],"picked":"Cursed Key"},{"not_picked":[]}],"items_purged_floors":[17,34,38,55,65,83,131],"is_endless":true,"potions_floor_spawned":[4,7,16,19,27,29,33,35,40,42,45,51,57,63,66,68,70,73,78,87,91,94,95,99,100,105,107,113,117,120,122,124,125,126,128,130,132,134,135],"killed_by":"Delirium","ascension_level":20}}