{"host":"1bzbl1adcbkdzqlf","time":1614118073,"event":{"mods":["BaseMod","Minty Spire (QoL Compilation)","Slay the Relics Exporter"],"gold_per_floor":[119,119,119,134,134,170,170,204,204,184,184,209,47,86,86,179,179,202,223,247,162,162,195,218,218,218,232,70,70,70,111,111,111,111],"floor_reached":33,"language":"ENG","playtime":2446,"items_purged":[],"score":652,"play_id":"53c731f6-6487-4282-a22d-f79077deae53","local_time":"20210223160753","is_ascension_mode":true,"campfire_choices":[{"data":"Flame Barrier","floor":7,"key":"SMITH"},{"data":"Inflame","floor":11,"key":"SMITH"},{"floor":15,"key":"REST"},{"floor":25,"key":"REST"},{"floor":32,"key":"REST"}],"circlet_count":0,"master_deck":["AscendersBane","Strike_R","Strike_R","Strike_R","Defend_R","Defend_R","Defend_R","Defend_R","Bash","Flame Barrier+1","Thunderclap","Inflame+1","Ghostly Armor","Headbutt","Fire Breathing","Corruption","Entrench","Shrug It Off","Uppercut","Dark Embrace","Body Slam","Writhe","Warcry+1"],"relics":["Burning Blood","NeowsBlessing","Golden Idol","Mercury Hourglass","Lantern","Bag of Preparation","Red Skull","Toy Ornithopter","Sozu","Happy Flower","Paper Frog","Champion Belt","Strange Spoon","Shovel","Blue Candle"],"acts_visited":["Exordium","TheCity"],"potions_floor_usage":[8,14,16],"damage_taken":[{"damage":0,"enemies":"Cultist","floor":1,"turns":1},{"damage":0,"enemies":"Jaw Worm","floor":4,"turns":1},{"damage":0,"enemies":"3 Sentries","floor":6,"turns":1},{"damage":20,"enemies":"Gremlin Nob","floor":8,"turns":4},{"damage":0,"enemies":"2 Louse","floor":12,"turns":2},{"damage":24,"enemies":"Lagavulin","floor":14,"turns":4},{"damage":28,"enemies":"Slime Boss","floor":16,"turns":7},{"damage":4,"enemies":"3 Byrds","floor":18,"turns":4},{"damage":0,"enemies":"Chosen","floor":19,"turns":4},{"damage":41,"enemies":"Centurion and Healer","floor":20,"turns":5},{"damage":31,"enemies":"Book of Stabbing","floor":23,"turns":5},{"damage":11,"enemies":"Snake Plant","floor":24,"turns":5},{"damage":0,"enemies":"Cultist and Chosen","floor":27,"turns":4},{"damage":24,"enemies":"Gremlin Leader","floor":31,"turns":5},{"damage":42,"enemies":"Collector","floor":33,"turns":8}],"seed_played":"-8769304220814929131","potions_obtained":[{"floor":3,"key":"Energy Potion"},{"floor":3,"key":"ColorlessPotion"},{"floor":10,"key":"Regen Potion"}],"is_trial":false,"path_per_floor":["M","?","?","M","?","E","R","E","T","?","R","M","$","E","R","B",null,"M","M","M","?","?","E","M","R","T","M","$","?","$","E","R","B"],"character_chosen":"IRONCLAD","items_purchased":["Red Skull","Strange Spoon"],"campfire_rested":3,"item_purchase_floors":[13,28],"current_hp_per_floor":[74,67,67,73,47,53,53,39,39,39,39,45,45,27,49,47,68,70,75,40,40,40,15,10,32,32,38,38,38,38,20,42,0,0],"gold":111,"neow_bonus":"THREE_ENEMY_KILL","is_daily":false,"chose_seed":false,"campfire_upgraded":2,"win_rate":0.0,"timestamp":1614118073,"path_taken":["M","?","?","?","?","E","R","E","T","?","R","M","$","E","R","BOSS","M","M","M","?","?","E","?","R","T","M","$","?","?","E","R","BOSS"],"items_purchased_type":["Relic","Relic"],"build_version":"2020-12-22","purchased_purges":0,"victory":false,"max_hp_per_floor":[75,75,75,75,75,75,75,75,75,75,75,75,75,75,75,75,75,75,75,75,75,75,75,75,75,75,75,75,75,75,75,75,75,75],"card_choices":[{"not_picked":["Thunderclap","Rage"],"picked":"Flame Barrier","floor":1},{"not_picked":["Anger","Headbutt"],"picked":"Thunderclap","floor":4},{"not_picked":["Clothesline","Fiend Fire"],"picked":"Inflame","floor":6},{"not_picked":["Havoc","Armaments"],"picked":"Ghostly Armor","floor":8},{"not_picked":["Iron Wave","Shrug It Off"],"picked":"Headbutt","floor":12},{"not_picked":["Clothesline","Fire Breathing","Combust"],"picked":"SKIP","floor":14},{"not_picked":["Clothesline","Combust"],"picked":"Fire Breathing","floor":14},{"not_picked":["Bludgeon","Juggernaut"],"picked":"Corruption","floor":16},{"not_picked":["Havoc","Sentinel"],"picked":"Entrench","floor":18},{"not_picked":["Entrench","Combust"],"picked":"Shrug It Off","floor":19},{"not_picked":["Shrug It Off","Burning Pact"],"picked":"Uppercut","floor":20},{"not_picked":["Sword Boomerang","Combust"],"picked":"Dark Embrace","floor":23},{"not_picked":["Shockwave","Twin Strike"],"picked":"Body Slam","floor":24},{"not_picked":["Hemokinesis+1","Berserk","Wild Strike"],"picked":"SKIP","floor":27},{"not_picked":["Twin Strike","Flame Barrier"],"picked":"Warcry+1","floor":31}],"player_experience":521197,"relics_obtained":[{"floor":6,"key":"Mercury Hourglass"},{"floor":8,"key":"Lantern"},{"floor":9,"key":"Bag of Preparation"},{"floor":14,"key":"Toy Ornithopter"},{"floor":23,"key":"Paper Frog"},{"floor":26,"key":"Champion Belt"},{"floor":31,"key":"Blue Candle"}],"event_choices":[{"cards_removed":["Strike_R"],"damage_healed":0,"gold_gain":0,"player_choice":"Card Removal","damage_taken":7,"max_hp_gain":0,"max_hp_loss":0,"event_name":"Golden Wing","floor":2,"gold_loss":0},{"damage_healed":0,"gold_gain":0,"player_choice":"Got Potions","damage_taken":0,"max_hp_gain":0,"max_hp_loss":0,"event_name":"Lab","floor":3,"gold_loss":0},{"damage_healed":0,"gold_gain":0,"player_choice":"Take Damage","damage_taken":26,"relics_obtained":["Golden Idol"],"max_hp_gain":0,"max_hp_loss":0,"event_name":"Golden Idol","floor":5,"gold_loss":0},{"damage_healed":0,"gold_gain":0,"player_choice":"Bought 1 Potion","damage_taken":0,"max_hp_gain":0,"max_hp_loss":0,"event_name":"The Woman in Blue","floor":10,"gold_loss":0},{"damage_healed":0,"gold_gain":0,"player_choice":"Obtained Relic","damage_taken":0,"relics_obtained":["Happy Flower"],"max_hp_gain":0,"max_hp_loss":0,"event_name":"Addict","floor":21,"gold_loss":85},{"cards_removed":["Strike_R"],"damage_healed":0,"gold_gain":0,"player_choice":"Offered Basic","damage_taken":0,"max_hp_gain":0,"max_hp_loss":0,"event_name":"Bonfire Elementals","floor":22,"gold_loss":0},{"damage_healed":0,"gold_gain":0,"player_choice":"Opened","damage_taken":0,"relics_obtained":["Shovel"],"max_hp_gain":0,"max_hp_loss":0,"event_name":"The Mausoleum","floor":29,"gold_loss":0,"cards_obtained":["Writhe"]}],"is_beta":false,"boss_relics":[{"not_picked":["Runic Pyramid","Runic Cube"],"picked":"Sozu"}],"items_purged_floors":[],"is_endless":false,"potions_floor_spawned":[4,6,20,23,27],"killed_by":"Collector","ascension_level":20}}