{"host":"4i5my69dv6e41930","time":1614053292,"event":{"mods":["AchievementEnabler","BaseMod","Minty Spire (QoL Compilation)","Relic Stats"],"gold_per_floor":[116,116,134,144,156,182,196,196,196,196,196,211,242,253,253,330,330,348,16,66,80,99,132,132,132,132],"floor_reached":25,"language":"ENG","playtime":2482,"items_purged":[],"score":423,"play_id":"6d95e3f1-c782-4afc-a2b2-7e33ca19e074","local_time":"20210222230812","is_ascension_mode":true,"campfire_choices":[{"data":"Hemokinesis","floor":8.0,"key":"SMITH"},{"data":"Cleave","floor":10.0,"key":"SMITH"},{"data":"Spot Weakness","floor":15.0,"key":"SMITH"}],"circlet_count":0,"master_deck":["AscendersBane","Strike_R","Strike_R","Strike_R","Defend_R","Defend_R","Defend_R","Defend_R","Bash+1","Shrug It Off","Shockwave+1","Cleave+1","Hemokinesis+1","Metallicize","Spot Weakness+1","Impervious","Combust","Seeing Red+1","Sentinel+1"],"relics":["Burning Blood","Kunai","Sundial","White Beast Statue","Empty Cage","Toxic Egg 2","Letter Opener","Shuriken"],"acts_visited":["Exordium","TheCity"],"potions_floor_usage":[21,22,23,23,25],"damage_taken":[{"damage":8.0,"enemies":"Jaw Worm","floor":1.0,"turns":5.0},{"damage":0.0,"enemies":"Small Slimes","floor":3.0,"turns":3.0},{"damage":0.0,"enemies":"Cultist","floor":4.0,"turns":4.0},{"damage":18.0,"enemies":"Exordium Thugs","floor":5.0,"turns":6.0},{"damage":30.0,"enemies":"Gremlin Nob","floor":6.0,"turns":5.0},{"damage":10.0,"enemies":"Red Slaver","floor":7.0,"turns":3.0},{"damage":2.0,"enemies":"Exordium Wildlife","floor":12.0,"turns":3.0},{"damage":5.0,"enemies":"Lagavulin","floor":13.0,"turns":4.0},{"damage":2.0,"enemies":"Large Slime","floor":14.0,"turns":4.0},{"damage":14.0,"enemies":"The Guardian","floor":16.0,"turns":10.0},{"damage":4.0,"enemies":"3 Byrds","floor":18.0,"turns":5.0},{"damage":18,"enemies":"Spheric Guardian","floor":21,"turns":6},{"damage":42,"enemies":"Cultist and Chosen","floor":22,"turns":7},{"damage":16,"enemies":"Slavers","floor":23,"turns":8},{"damage":18,"enemies":"Sentry and Sphere","floor":25,"turns":3}],"seed_played":"-1347360037284838178","potions_obtained":[{"floor":6.0,"key":"Block Potion"},{"floor":7.0,"key":"ColorlessPotion"},{"floor":12.0,"key":"Dexterity Potion"},{"floor":13.0,"key":"HeartOfIron"},{"floor":14.0,"key":"LiquidMemories"},{"floor":18.0,"key":"CultistPotion"},{"floor":21,"key":"ColorlessPotion"},{"floor":22,"key":"SkillPotion"},{"floor":23,"key":"Fire Potion"}],"is_trial":false,"path_per_floor":["M","?","M","M","M","E","M","R","T","R","?","M","E","M","R","B",null,"M","$","?","M","M","E","?","M"],"character_chosen":"IRONCLAD","items_purchased":["Toxic Egg 2","Seeing Red+1"],"campfire_rested":0,"item_purchase_floors":[19,19],"current_hp_per_floor":[66,66,72,75,63,39,35,35,35,35,35,39,40,44,44,36,65,67,67,67,55,19,9,9,0,0],"gold":132,"neow_bonus":"UPGRADE_CARD","is_daily":false,"chose_seed":false,"campfire_upgraded":3,"win_rate":0.0,"timestamp":1614053292,"path_taken":["M","?","M","M","M","E","M","R","T","R","?","M","E","M","R","BOSS","M","$","?","M","?","E","?","M"],"items_purchased_type":["Relic","Card"],"build_version":"2020-12-22","purchased_purges":0,"victory":false,"max_hp_per_floor":[75,75,75,75,75,75,75,75,75,75,75,75,75,75,75,75,75,75,75,75,75,75,75,75,75,75],"relic_stats":{"counters":[15,76],"Sundial":[8],"Shuriken":[0],"Kunai":[4],"Letter Opener":[0],"obtain_stats":[{"Sundial":9,"Shuriken":24,"Kunai":6,"Letter Opener":23,"Toxic Egg 2":19,"Empty Cage":17,"Burning Blood":0,"White Beast Statue":13},{"Sundial":6,"Shuriken":14,"Kunai":5,"Letter Opener":14,"Toxic Egg 2":11,"Empty Cage":10,"Burning Blood":0,"White Beast Statue":8},{"Sundial":26,"Shuriken":73,"Kunai":23,"Letter Opener":73,"Toxic Egg 2":52,"Empty Cage":47,"Burning Blood":0,"White Beast Statue":33}],"Burning Blood":81},"card_choices":[{"not_picked":["Wild Strike","Warcry"],"picked":"Shrug It Off","floor":1.0},{"not_picked":["Dark Embrace","Heavy Blade"],"picked":"Shockwave","floor":3.0},{"not_picked":["Flex","Body Slam","Entrench"],"picked":"SKIP","floor":4.0},{"not_picked":["Clash","Blood for Blood"],"picked":"Carnage","floor":5.0},{"not_picked":["Sword Boomerang","Reckless Charge"],"picked":"Cleave","floor":6.0},{"not_picked":["Twin Strike","Thunderclap"],"picked":"Hemokinesis","floor":7.0},{"not_picked":["Cleave","Rage"],"picked":"Metallicize","floor":12.0},{"not_picked":["Bloodletting","Burning Pact","Twin Strike"],"picked":"SKIP","floor":13.0},{"not_picked":["Anger","Corruption"],"picked":"Spot Weakness","floor":14.0},{"not_picked":["Demon Form","Barricade"],"picked":"Impervious","floor":16.0},{"not_picked":["True Grit","Shockwave"],"picked":"Combust","floor":18.0},{"not_picked":["Second Wind+1","Perfected Strike","Sentinel+1"],"picked":"SKIP","floor":21},{"not_picked":["Second Wind+1","Perfected Strike"],"picked":"Sentinel+1","floor":21},{"not_picked":["Wild Strike","Heavy Blade","Bloodletting+1"],"picked":"SKIP","floor":22},{"not_picked":["Body Slam","Perfected Strike","Clothesline"],"picked":"SKIP","floor":23}],"player_experience":114716,"relics_obtained":[{"floor":6.0,"key":"Kunai"},{"floor":9.0,"key":"Sundial"},{"floor":13.0,"key":"White Beast Statue"},{"floor":23,"key":"Letter Opener"}],"event_choices":[{"damage_healed":0.0,"max_hp_gain":0.0,"max_hp_loss":0.0,"gold_gain":0.0,"event_name":"The Cleric","player_choice":"Leave","floor":2.0,"gold_loss":0.0,"damage_taken":0.0},{"damage_healed":0.0,"max_hp_gain":0.0,"max_hp_loss":0.0,"gold_gain":0.0,"event_name":"Living Wall","player_choice":"Grow","floor":11.0,"gold_loss":0.0,"damage_taken":0.0,"cards_upgraded":["Shockwave"]},{"damage_healed":0.0,"max_hp_gain":0.0,"max_hp_loss":0.0,"gold_gain":50.0,"event_name":"Golden Shrine","player_choice":"Pray","floor":20.0,"gold_loss":0.0,"damage_taken":0.0},{"cards_removed":["Carnage"],"damage_healed":0,"gold_gain":0,"player_choice":"Gave Card","damage_taken":0,"relics_obtained":["Shuriken"],"max_hp_gain":0,"max_hp_loss":0,"event_name":"WeMeetAgain","floor":24,"gold_loss":0}],"is_beta":false,"boss_relics":[{"not_picked":["Mark of Pain","Calling Bell"],"picked":"Empty Cage"}],"items_purged_floors":[],"is_endless":false,"potions_floor_spawned":[6,7,12,13,14,16,18,21,22,23],"killed_by":"Sentry and Sphere","ascension_level":16}}