{"host":"yzy3lyltrgq1sam1","time":1614089875,"event":{"mods":["Act Like it!","BaseMod","CapriCore","Downfall","Gensokyo","Koishi","Marisa£®ÏF”Í°°ƒß¿Ì…≥£©","Minty Spire (QoL Compilation)","Quick Restart","Reimu£®≤©¿ˆ¡È√Œ£©","Reliquary","Remilia£®¿Ÿ√◊¿Ú—«£©","StSLib","The Administrix","The Alterego","The Gatherer","WarShipGirlsR/’ΩΩ¢…Ÿ≈ÆR mod","Youmu£®ªÍ∆«—˝√Œ£©","°æ“≈ŒÔø®≈∆°øREMEMod"],"gold_per_floor":[99,114,125,179,179,211,238,253,53,68,97,82,97,122,133,133,133],"floor_reached":16,"language":"ZHS","playtime":915,"items_purged":[],"score":294,"play_id":"44203c83-25c2-449d-bb19-03aa23e5684c","local_time":"20210223221755","is_ascension_mode":true,"campfire_choices":[{"floor":1.0,"key":"RECALL"},{"data":"alterego_mod:IndependentAction","floor":9.0,"key":"SMITH"}],"circlet_count":0,"master_deck":["AscendersBane","Strike_YM","Strike_YM+1","Strike_YM+1","Strike_YM","Defend_YM","Defend_YM","Defend_YM","Defend_YM","SlashOfPresentWorld","WheelOfPainOfLivingAndDead","alterego_mod:IndependentAction+1","ThreeKonsSevenHakus+1","LightFlashOfTheNetherworld","downfall:Malfunctioning","SlashClearingTheSixSenses","SwordOfBindingDesires","SlashOfSaigyouSpringWind","SwordExtraction","RapidSlash","SwordExtraction","ConstancyOfTheConventionalTruth"],"relics":["REME_ComplimentaryCards","REME_DuelDisc","reliquary:RoseTintedGlasses","Bag of Preparation","downfall:HeartBlessingRed","downfall:HeartBlessingBlue","reliquary:SharkskinSheath","Pen Nib"],"acts_visited":["Exordium"],"potions_floor_usage":[],"damage_taken":[{"damage":4.0,"enemies":"Cultist","floor":2.0,"turns":5.0},{"damage":2.0,"enemies":"Small Slimes","floor":3.0,"turns":4.0},{"damage":2.0,"enemies":"Gremlin Nob","floor":6.0,"turns":3.0},{"damage":3.0,"enemies":"Jaw Worm","floor":8.0,"turns":2.0},{"damage":7.0,"enemies":"2 Fungi Beasts","floor":10.0,"turns":3.0},{"damage":0.0,"enemies":"Lagavulin","floor":11.0,"turns":3.0},{"damage":5.0,"enemies":"downfall:FleeingMerchant","floor":12.0,"turns":4.0},{"damage":3.0,"enemies":"Large Slime","floor":13.0,"turns":3.0},{"damage":3.0,"enemies":"Gremlin Nob","floor":14.0,"turns":3.0},{"damage":6,"enemies":"Exordium Thugs","floor":15,"turns":3},{"damage":0,"enemies":"IC_STATUS_ARCHETYPE","floor":16,"turns":1}],"seed_played":"-4166091784189192033","potions_obtained":[{"floor":3.0,"key":"DuplicationPotion"},{"floor":6.0,"key":"Fire Potion"},{"floor":10.0,"key":"CausticAgent"},{"floor":15,"key":"LiquidMemories"}],"is_trial":false,"path_per_floor":["R","M","M","T","?","E","T","M","R","M","E","$","M","E","M","B"],"character_chosen":"YOUMU","items_purchased":[],"campfire_rested":0,"item_purchase_floors":[],"current_hp_per_floor":[63,59,57,57,57,55,55,52,62,55,55,50,47,44,38,38,38],"gold":133,"neow_bonus":"BOSS_RELIC","is_daily":false,"chose_seed":false,"campfire_upgraded":1,"win_rate":0.0,"timestamp":1614089875,"path_taken":["R","M","M","?","?","E","T","M","R","M","E","?","M","E","M","BOSS"],"items_purchased_type":[],"build_version":"2020-12-22","purchased_purges":0,"victory":false,"max_hp_per_floor":[70,70,70,70,70,70,70,70,80,80,80,80,80,80,80,80,80],"card_choices":[{"not_picked":["EchoesOfTheInclemencyOfAllBeings","SlashOfDepartureFromHesitation"],"picked":"ThreeKonsSevenHakus","floor":2.0},{"not_picked":["HesitationCuttingSword","KarmicPunishmentOfTheIdleAndUnfocused"],"picked":"LightFlashOfTheNetherworld","floor":3.0},{"not_picked":["ThreeKonsSevenHakus","PhosphoricSlash"],"picked":"SlashClearingTheSixSenses","floor":6.0},{"not_picked":["SlashOfDelusionalInnerEye","FlashingScatteredFlowers"],"picked":"SwordOfBindingDesires","floor":8.0},{"not_picked":["HumanRealmSword","CrescentMoonSlash"],"picked":"SlashOfSaigyouSpringWind","floor":10.0},{"not_picked":["HumanKnowledgeSword","HeavenlyHaloSlash","LightFlashOfTheNetherworld"],"picked":"SKIP","floor":11.0},{"not_picked":["CrescentMoonSlash","SlashClearingTheSixSenses"],"picked":"SwordExtraction","floor":12.0},{"not_picked":["KarmicPunishmentOfTheIdleAndUnfocused","FlashingScatteredFlowers"],"picked":"RapidSlash","floor":13.0},{"not_picked":["DoubleWheelOfPain","LightFlashOfTheNetherworld"],"picked":"SwordExtraction","floor":14.0},{"not_picked":["SanzenSekai","SpiritCuttingSword"],"picked":"ConstancyOfTheConventionalTruth","floor":15}],"player_experience":905592,"relics_obtained":[{"floor":4.0,"key":"reliquary:RoseTintedGlasses"},{"floor":6.0,"key":"Bag of Preparation"},{"floor":11.0,"key":"reliquary:SharkskinSheath"},{"floor":14.0,"key":"Pen Nib"}],"event_choices":[],"is_beta":false,"boss_relics":[],"items_purged_floors":[],"is_endless":false,"potions_floor_spawned":[3,6,10,15],"killed_by":"IC_STATUS_ARCHETYPE","ascension_level":20}}