{"host":"1bzbl1adcbkdzqlf","time":1614038759,"event":{"mods":["BaseMod","Minty Spire (QoL Compilation)","Slay the Relics Exporter"],"gold_per_floor":[214,289,13,30,48,77,42,75,75,75,94,106,141,161,161,161,161],"floor_reached":16,"language":"ENG","playtime":1307,"items_purged":[],"score":238,"play_id":"f3c0de42-a4f7-405b-a6d3-b5a202c43239","local_time":"20210222180559","is_ascension_mode":true,"campfire_choices":[{"floor":10,"key":"REST"},{"floor":15,"key":"REST"}],"circlet_count":0,"master_deck":["AscendersBane","Strike_R","Strike_R","Strike_R","Strike_R","Strike_R","Defend_R","Defend_R","Defend_R","Defend_R","Bash","Pommel Strike","Clothesline","Thunderclap","Spot Weakness","Armaments","Double Tap","Dual Wield","Ghostly Armor","Pommel Strike"],"relics":["Burning Blood","Eternal Feather","Bronze Scales","WingedGreaves","Frozen Egg 2","Incense Burner"],"acts_visited":["Exordium"],"potions_floor_usage":[6,8,8,13,13,14],"damage_taken":[{"damage":10,"enemies":"2 Louse","floor":1,"turns":3},{"damage":8,"enemies":"Small Slimes","floor":4,"turns":3},{"damage":2,"enemies":"Jaw Worm","floor":5,"turns":3},{"damage":57,"enemies":"3 Sentries","floor":6,"turns":9},{"damage":24,"enemies":"Gremlin Nob","floor":8,"turns":4},{"damage":18,"enemies":"2 Fungi Beasts","floor":11,"turns":3},{"damage":11,"enemies":"Looter","floor":12,"turns":2},{"damage":40,"enemies":"3 Sentries","floor":13,"turns":7},{"damage":13,"enemies":"Large Slime","floor":14,"turns":4},{"damage":45,"enemies":"Slime Boss","floor":16,"turns":9}],"seed_played":"8523808365729885728","potions_obtained":[{"floor":1,"key":"Regen Potion"},{"floor":5,"key":"Energy Potion"},{"floor":6,"key":"EntropicBrew"},{"floor":13,"key":"SteroidPotion"}],"is_trial":false,"path_per_floor":["M","?","$","M","M","E","?","E","T","R","M","M","E","M","R","B"],"character_chosen":"IRONCLAD","items_purchased":["Eternal Feather"],"campfire_rested":2,"item_purchase_floors":[3],"current_hp_per_floor":[64,53,53,51,55,19,37,19,19,50,38,33,14,7,41,0,0],"gold":161,"neow_bonus":"HUNDRED_GOLD","is_daily":false,"chose_seed":false,"campfire_upgraded":0,"win_rate":0.0,"timestamp":1614038759,"path_taken":["M","?","$","M","M","E","?","E","T","R","M","M","E","M","R","BOSS"],"items_purchased_type":["Relic"],"build_version":"2020-12-22","purchased_purges":0,"victory":false,"max_hp_per_floor":[75,75,75,75,75,75,75,75,75,75,75,75,75,75,75,75,75],"card_choices":[{"not_picked":["Combust","Twin Strike"],"picked":"Pommel Strike","floor":1},{"not_picked":["Warcry","Headbutt"],"picked":"Clothesline","floor":4},{"not_picked":["Clothesline","Bloodletting"],"picked":"Thunderclap","floor":5},{"not_picked":["Entrench","Fire Breathing"],"picked":"Spot Weakness","floor":6},{"not_picked":["Combust","Perfected Strike"],"picked":"Armaments","floor":8},{"not_picked":["Clothesline","Bloodletting"],"picked":"Double Tap","floor":11},{"not_picked":["Infernal Blade","Second Wind"],"picked":"Dual Wield","floor":12},{"not_picked":["Headbutt","True Grit"],"picked":"Ghostly Armor","floor":13},{"not_picked":["Flex","Clothesline"],"picked":"Pommel Strike","floor":14}],"player_experience":500620,"relics_obtained":[{"floor":6,"key":"Bronze Scales"},{"floor":8,"key":"WingedGreaves"},{"floor":9,"key":"Frozen Egg 2"},{"floor":13,"key":"Incense Burner"}],"event_choices":[{"damage_healed":0,"gold_gain":75,"player_choice":"Gather Gold","damage_taken":11,"max_hp_gain":0,"max_hp_loss":0,"event_name":"World of Goop","floor":2,"gold_loss":0},{"damage_healed":18,"gold_gain":0,"player_choice":"Healed","damage_taken":0,"max_hp_gain":0,"max_hp_loss":0,"event_name":"The Cleric","floor":7,"gold_loss":35}],"is_beta":false,"boss_relics":[],"items_purged_floors":[],"is_endless":false,"potions_floor_spawned":[1,5,6,13],"killed_by":"Slime Boss","ascension_level":19}}