{"host":"8h99olqiwl7u1q5z","time":1614118397,"event":{"mods":["Act Like it!","BaseMod","Colored Powertips","Gensokyo","Hallownest","Highlight Path","Library of Ruina","Library of Ruina Extra","Lobotomy","LobotomyExtend","Marisa£®ÏF”Í°°ƒß¿Ì…≥£©","Minty Spire (QoL Compilation)","Permanent Neow","Quick Restart","Remilia£®¿Ÿ√◊¿Ú—«£©","Replay The Spire","Spicy Shops","StSLib","SuperFastMode","Td1madao Mod","The Bug Knight"],"gold_per_floor":[117,135,145,160,160,160,170,183,254,204,204,279,298,313,313,416,416,435,448,448,448,460,476,491,520,520,520,520],"floor_reached":27,"language":"ZHS","playtime":1254,"items_purged":[],"score":283,"play_id":"39a7e4ed-5b6c-419e-83cc-a94bbd85cc28","local_time":"20210224061317","is_ascension_mode":false,"campfire_choices":[{"floor":6,"key":"REST"},{"floor":15,"key":"REST"},{"data":"DegradedFairy","floor":26,"key":"SMITH"}],"circlet_count":0,"master_deck":["DegradedFairy","DegradedFairy","DegradedFairy+1","DegradedChain+1","DegradedChain+1","DegradedLock","DegradedPillar","DegradedPillar","DegradedShockwave","HeroicMonk","GalaxyChild","OldLady","SilentOrchestra","UniverseFragment","FairyFestival","MHz","LaLuna","VoidDream","NothingThere","ShyLook","SpiderBud","BodiesMountain","BigBird","BeautyBeast","CrumblingArmor"],"relics":["PageOfLibrarian","CogitoBucket","LetterFromLob","BackwardClock","Replay:Bottled Eggs","SlaversCollar","FleshIdol","Replay:Towering Pillar of Hats"],"acts_visited":["Exordium","TheCity"],"potions_floor_usage":[27],"damage_taken":[{"damage":0,"enemies":"2 Louse","floor":1,"turns":1},{"damage":0,"enemies":"Jaw Worm","floor":2,"turns":1},{"damage":0,"enemies":"Small Slimes","floor":3,"turns":2},{"damage":0,"enemies":"Looter","floor":4,"turns":2},{"damage":0,"enemies":"Large Slime","floor":7,"turns":3},{"damage":0,"enemies":"Exordium Wildlife","floor":8,"turns":2},{"damage":0,"enemies":"Gremlin Gang","floor":11,"turns":1},{"damage":0,"enemies":"3 Louse","floor":13,"turns":2},{"damage":1,"enemies":"Exordium Thugs","floor":14,"turns":2},{"damage":27,"enemies":"Hexaghost","floor":16,"turns":6},{"damage":14,"enemies":"Spheric Guardian","floor":18,"turns":5},{"damage":30,"enemies":"Chosen","floor":19,"turns":3},{"damage":2,"enemies":"Snecko","floor":22,"turns":3},{"damage":7,"enemies":"Centurion and Healer","floor":23,"turns":4},{"damage":46,"enemies":"3 Cultists","floor":24,"turns":5},{"damage":5,"enemies":"Slavers","floor":25,"turns":3},{"damage":169,"enemies":"Chosen and Byrds","floor":27,"turns":18}],"seed_played":"-5766033496313301409","potions_obtained":[{"floor":1,"key":"SkillPotion"},{"floor":2,"key":"EntropicBrew"},{"floor":3,"key":"Block Potion"}],"is_trial":false,"path_per_floor":["M","M","M","M","M","R","M","M","T","?","M","?","M","M","R","B",null,"M","M","PTL","PTL","M","M","M","E","R","M"],"character_chosen":"Librarian","items_purchased":[],"campfire_rested":2,"item_purchase_floors":[],"current_hp_per_floor":[60,60,60,60,4,31,31,31,31,31,31,20,20,19,45,21,87,87,59,59,59,78,87,48,79,79,0,0],"gold":520,"neow_bonus":"","is_daily":false,"chose_seed":false,"campfire_upgraded":1,"win_rate":0.0,"timestamp":1614118397,"path_taken":["M","M","M","M","M","R","M","M","T","?","M","?","M","M","R","BOSS","M","M","PTL","PTL","M","M","M","E","R","M"],"items_purchased_type":[],"build_version":"2020-12-22","purchased_purges":0,"victory":false,"max_hp_per_floor":[90,90,90,90,90,90,90,90,90,87,87,87,87,87,87,87,87,87,87,87,87,87,87,87,87,87,87,87],"card_choices":[{"not_picked":["BeautyBeast","MeatLantern"],"picked":"HeroicMonk","floor":1},{"not_picked":["SetFire","FierceCharge","DefenseOrder","SharpenedBlade","GrazeTheGrass","ForcefulGesture","ClassAndRespect","UpbeatPerformance","CoordinatedAssault"],"picked":"SKIP","floor":1},{"not_picked":["SpiderBud","Bloodbath"],"picked":"GalaxyChild","floor":2},{"not_picked":["Retaliate","StructuralAnalysis","DestructiveImpact","QuickSuppression","HeavyPeaks","HandleRequest","UpbeatPerformance","SinglePointStab","BoundaryOfDeath"],"picked":"SKIP","floor":2},{"not_picked":["Scorched","Wellcheers"],"picked":"OldLady","floor":3},{"not_picked":["Unlock1","BackAttack","FierceCharge","IllEndYou","EnergyCycle","InnerArdor","UnavoidableGaze","HandleRequest","DesperateStruggle"],"picked":"SKIP","floor":3},{"not_picked":["SnowQueen","SpiderBud"],"picked":"SilentOrchestra","floor":4},{"not_picked":["BiAn","EndlessBattle","FierceOnslaught","Endure","PinpointShot","QuickAttack","ShockRound","StrikeDown","RepressedFlesh"],"picked":"SKIP","floor":4},{"not_picked":["BiAn","EndlessBattle","FierceOnslaught","Endure","PinpointShot","QuickAttack","ShockRound","StrikeDown","RepressedFlesh"],"picked":"SKIP","floor":4},{"not_picked":["MeatLantern","ShyLook"],"picked":"UniverseFragment","floor":7},{"not_picked":["Reload","StrongStrike","Duel_lor","ClassAndRespect","SunsetBlade","StartinOutLightly","FrontalAssault","EnergyShield","Crush"],"picked":"SKIP","floor":7},{"not_picked":["Reload","StrongStrike","Duel_lor","ClassAndRespect","SunsetBlade","StartinOutLightly","FrontalAssault","EnergyShield","Crush"],"picked":"SKIP","floor":7},{"not_picked":["Reload","StrongStrike","Duel_lor","ClassAndRespect","SunsetBlade","StartinOutLightly","FrontalAssault","EnergyShield","Crush"],"picked":"SKIP","floor":7},{"not_picked":["MeatLantern","CherryBlossoms"],"picked":"FairyFestival","floor":8},{"not_picked":["ReadyUp","NightInTheBackstreets","OpportunitySpotted","QuickSuppression","WillOfThePrescript","ClassAndRespect","Outburst","DesperateStruggle","PreparedMind"],"picked":"SKIP","floor":8},{"not_picked":["ReadyUp","NightInTheBackstreets","OpportunitySpotted","QuickSuppression","WillOfThePrescript","ClassAndRespect","Outburst","DesperateStruggle","PreparedMind"],"picked":"SKIP","floor":8},{"not_picked":["DespairKnight","LaLuna"],"picked":"MHz","floor":11},{"not_picked":["FleshFillet","ToWhereThePrescriptPoints","AutonomousRush","QuickSuppression","GuardingStance","BulkyImpact","Endure","Slice_lor","SilentMist"],"picked":"SKIP","floor":11},{"not_picked":["WhitesApple","Woodsman"],"picked":"LaLuna","floor":13},{"not_picked":["EnergyStrike","BiAn","Bvapour","FlashingStrike","Quickness","DarkCloud","GutHarvesting","GuardingStance","StrikeDown"],"picked":"SKIP","floor":13},{"not_picked":["EnergyStrike","BiAn","Bvapour","FlashingStrike","Quickness","DarkCloud","GutHarvesting","GuardingStance","StrikeDown"],"picked":"SKIP","floor":13},{"not_picked":["PunishingBird","WallGazer"],"picked":"VoidDream","floor":14},{"not_picked":["StrongStrike","Overcharge","StructuralAnalysis","Diversion","SturdyDefense","ScatteringSlash","Faith","DefenseOrder","UnavoidableGaze"],"picked":"SKIP","floor":14},{"not_picked":["SpiderBud","HappyTeddy"],"picked":"NothingThere","floor":16},{"not_picked":["PunishingBird","WhitesApple"],"picked":"ShyLook","floor":18},{"not_picked":["Pound","SkitterAway+1","BindingChains","StrongStrike","Commandeering","Riposte","Thrust+1","BiAn","GreatSerpentsImpact"],"picked":"SKIP","floor":18},{"not_picked":["Pound","SkitterAway+1","BindingChains","StrongStrike","Commandeering","Riposte","Thrust+1","BiAn","GreatSerpentsImpact"],"picked":"SKIP","floor":18},{"not_picked":["Pound","SkitterAway+1","BindingChains","StrongStrike","Commandeering","Riposte","Thrust+1","BiAn","GreatSerpentsImpact"],"picked":"SKIP","floor":18},{"not_picked":["Scarecrow","WhitesApple","Scorched"],"picked":"Singing Bowl","floor":19},{"not_picked":["GreedKing","LongBird"],"picked":"SpiderBud","floor":19},{"not_picked":["FervidEmotions+1","BiAn","StrikeDown+1","HiddenBlade","StructuralAnalysis+1","WillBeTasty+1","Eject","EnergyStrike","SharpSwipe+1"],"picked":"SKIP","floor":19},{"not_picked":["Scorched","DreamingCurrent"],"picked":"BodiesMountain","floor":22},{"not_picked":["ClassAndRespect","BladeWhirl+1","Brawl","Diversion","Tttonst","PinpointShot","BiAn","Reload","MultiBlock+1"],"picked":"SKIP","floor":22},{"not_picked":["Bloodbath","CherryBlossoms"],"picked":"BigBird","floor":23},{"not_picked":["FlashingStrike","Wallop_lor+1","EmotionalTurbulence","HiddenBlade","TasteMyFlamingBat","HighKick","SerpentineBarrier+1","QuickSuppression","NightInTheBackstreets"],"picked":"SKIP","floor":23},{"not_picked":["FlashingStrike","Wallop_lor+1","EmotionalTurbulence","HiddenBlade","TasteMyFlamingBat","HighKick","SerpentineBarrier+1","QuickSuppression","NightInTheBackstreets"],"picked":"SKIP","floor":23},{"not_picked":["WhitesApple","Wellcheers"],"picked":"BeautyBeast","floor":24},{"not_picked":["Outburst+1","SinglePointStab","ViolentFlame","Fence","Diversion","QuickAttack","VenomousFangs","YoureTooSlow+1","SkyClearingCut+1"],"picked":"SKIP","floor":24},{"not_picked":["Murderer","LongBird"],"picked":"CrumblingArmor","floor":25},{"not_picked":["TendonChords","RagingStormLove","Rewind","Multislash","KeepItFresh","CrackOfDawn","SharpSwipe","SturdyDefense","YouOnlyLiveOnce"],"picked":"SKIP","floor":25},{"not_picked":["TendonChords","RagingStormLove","Rewind","Multislash","KeepItFresh","CrackOfDawn","SharpSwipe","SturdyDefense","YouOnlyLiveOnce"],"picked":"SKIP","floor":25}],"player_experience":190512,"relics_obtained":[{"floor":1,"key":"LetterFromLob"},{"floor":9,"key":"Replay:Bottled Eggs"},{"floor":25,"key":"Replay:Towering Pillar of Hats"}],"event_choices":[{"cards_removed":["Parasite"],"damage_healed":0,"gold_gain":0,"player_choice":"Card Removal","damage_taken":0,"max_hp_gain":0,"max_hp_loss":0,"event_name":"The Cleric","floor":10,"gold_loss":50},{"damage_healed":0,"gold_gain":75,"player_choice":"Gather Gold","damage_taken":11,"max_hp_gain":0,"max_hp_loss":0,"event_name":"World of Goop","floor":12,"gold_loss":0}],"is_beta":false,"boss_relics":[{"not_picked":["Sozu","Replay:Grab Bag"],"picked":"SlaversCollar"}],"items_purged_floors":[],"is_endless":false,"potions_floor_spawned":[1,2,3,7,8,19,24,25],"killed_by":"Chosen and Byrds","ascension_level":0}}