{"host":"8lno9xwgef3sjccz","time":1614110080,"event":{"mods":["AchievementEnabler","BaseMod","Minty Spire (QoL Compilation)","Relic Stats","StSLib"],"gold_per_floor":[116,132,142,112,122,157,157,188,214,214,227,227,2,16,16,121,121,137,137,157,157,10,10,45,58,58,68,68,93,106,131,143,155,155],"floor_reached":33,"language":"ENG","playtime":1762,"items_purged":["Strike_R"],"score":337,"play_id":"5a5a5d4e-3e74-4bd5-ae90-de4b4f18930e","local_time":"20210223145440","is_ascension_mode":true,"campfire_choices":[{"data":"Pommel Strike","floor":7,"key":"SMITH"},{"data":"Bash","floor":10,"key":"SMITH"},{"data":"Backflip","floor":15,"key":"SMITH"},{"data":"Corruption","floor":23,"key":"SMITH"},{"floor":28,"key":"REST"},{"data":"Feel No Pain","floor":32,"key":"SMITH"}],"circlet_count":0,"master_deck":["Defend_R","Defend_R","Defend_R+1","Defend_R","Bash+1","Whirlwind","Pommel Strike+1","Inflame","Metallicize","Inflame","Flame Barrier","Double Tap","Battle Trance","Backflip+1","Corruption+1","Bite","Bite","Bite","Bite","Bite","Tantrum","Feel No Pain+1","BowlingBash","Panacea","Consecrate+1","Crescendo","Anger+1"],"relics":["Burning Blood","Singing Bowl","Bag of Marbles","Nunchaku","PrismaticShard","SacredBark","Lantern","Strawberry","Bird Faced Urn","Torii","MawBank"],"acts_visited":["Exordium","TheCity"],"potions_floor_usage":[8,16,16,24,24,24,29,29],"damage_taken":[{"damage":8,"enemies":"Jaw Worm","floor":1,"turns":4},{"damage":6,"enemies":"Cultist","floor":2,"turns":3},{"damage":5,"enemies":"Small Slimes","floor":3,"turns":3},{"damage":11,"enemies":"Exordium Thugs","floor":5,"turns":5},{"damage":45,"enemies":"Gremlin Nob","floor":6,"turns":6},{"damage":12,"enemies":"Lagavulin","floor":8,"turns":10},{"damage":14,"enemies":"Blue Slaver","floor":11,"turns":4},{"damage":6,"enemies":"Exordium Wildlife","floor":14,"turns":3},{"damage":2,"enemies":"Hexaghost","floor":16,"turns":11},{"damage":11,"enemies":"Shell Parasite","floor":18,"turns":10},{"damage":39,"enemies":"2 Thieves","floor":20,"turns":5},{"damage":77,"enemies":"Slavers","floor":24,"turns":7},{"damage":9,"enemies":"3 Cultists","floor":25,"turns":6},{"damage":27,"enemies":"Sentry and Sphere","floor":27,"turns":4},{"damage":23,"enemies":"Book of Stabbing","floor":29,"turns":6},{"damage":38,"enemies":"Shelled Parasite and Fungi","floor":30,"turns":6},{"damage":115,"enemies":"Automaton","floor":33,"turns":6}],"seed_played":"3908341874805520996","potions_obtained":[{"floor":1,"key":"BloodPotion"},{"floor":4,"key":"SpeedPotion"},{"floor":4,"key":"SmokeBomb"},{"floor":5,"key":"GamblersBrew"},{"floor":8,"key":"BlessingOfTheForge"},{"floor":14,"key":"Weak Potion"},{"floor":16,"key":"BloodPotion"},{"floor":20,"key":"BlessingOfTheForge"},{"floor":25,"key":"LiquidMemories"},{"floor":27,"key":"FearPotion"}],"is_trial":false,"path_per_floor":["M","M","M","?","M","E","R","E","T","R","M","?","$","M","R","B",null,"M","?","M","?","$","R","E","M","T","M","R","E","M","T","R","B"],"character_chosen":"IRONCLAD","items_purchased":["PrismaticShard","Lantern"],"campfire_rested":1,"item_purchase_floors":[13,22],"current_hp_per_floor":[78,78,79,79,74,35,35,45,45,45,37,21,21,21,21,25,80,77,57,34,34,34,34,17,30,30,21,40,43,33,33,33,0,0],"gold":155,"neow_bonus":"THREE_CARDS","is_daily":false,"chose_seed":false,"campfire_upgraded":5,"win_rate":0.0,"timestamp":1614110080,"path_taken":["M","M","M","?","M","E","R","E","T","R","?","?","$","M","R","BOSS","M","?","M","?","?","R","E","?","T","M","R","E","M","?","R","BOSS"],"items_purchased_type":["Relic","Relic"],"build_version":"2020-12-22","purchased_purges":1,"victory":false,"max_hp_per_floor":[80,80,80,80,80,80,80,80,80,80,80,80,80,80,80,80,80,82,57,57,57,57,57,64,64,64,64,64,64,64,64,64,64,64],"relic_stats":{"Nunchaku":[10],"Singing Bowl":2,"Torii":0,"counters":[17,99],"Bird Faced Urn":[38],"MawBank":24,"obtain_stats":[{"Nunchaku":9,"Lantern":22,"Singing Bowl":6,"Torii":29,"SacredBark":17,"Strawberry":24,"Bird Faced Urn":26,"Bag of Marbles":8,"PrismaticShard":13,"MawBank":31,"Burning Blood":0},{"Nunchaku":6,"Lantern":11,"Singing Bowl":5,"Torii":15,"SacredBark":9,"Strawberry":12,"Bird Faced Urn":13,"Bag of Marbles":6,"PrismaticShard":7,"MawBank":16,"Burning Blood":0},{"Nunchaku":31,"Lantern":64,"Singing Bowl":21,"Torii":87,"SacredBark":49,"Strawberry":71,"Bird Faced Urn":77,"Bag of Marbles":31,"PrismaticShard":35,"MawBank":93,"Burning Blood":0}],"Burning Blood":96},"card_choices":[{"not_picked":["True Grit","Heavy Blade"],"picked":"Whirlwind","floor":0},{"not_picked":["Disarm","Sword Boomerang"],"picked":"Pommel Strike","floor":1},{"not_picked":["Evolve","Shrug It Off"],"picked":"Inflame","floor":2},{"not_picked":["Flex","Anger"],"picked":"Metallicize","floor":3},{"not_picked":["True Grit","Body Slam"],"picked":"Inflame","floor":5},{"not_picked":["Fire Breathing","Dark Embrace"],"picked":"Flame Barrier","floor":6},{"not_picked":["Cleave","Twin Strike"],"picked":"Double Tap","floor":8},{"not_picked":["Sword Boomerang","Pommel Strike"],"picked":"Battle Trance","floor":11},{"not_picked":["True Grit","Intimidate"],"picked":"Backflip","floor":14},{"not_picked":["Sadistic Nature","Bludgeon"],"picked":"Corruption","floor":16},{"not_picked":["Streamline","Underhanded Strike","Gash"],"picked":"Singing Bowl","floor":18},{"not_picked":["A Thousand Cuts","Hemokinesis"],"picked":"Tantrum","floor":20},{"not_picked":["Storm","Wild Strike"],"picked":"BowlingBash","floor":24},{"not_picked":["Static Discharge","Blood for Blood+1"],"picked":"Panacea","floor":25},{"not_picked":["Flex","Evaluate"],"picked":"Consecrate+1","floor":27},{"not_picked":["Prepared+1","BowlingBash"],"picked":"Crescendo","floor":29},{"not_picked":["Quick Slash","Endless Agony"],"picked":"Anger+1","floor":30}],"player_experience":139344,"relics_obtained":[{"floor":6,"key":"Singing Bowl"},{"floor":8,"key":"Bag of Marbles"},{"floor":9,"key":"Nunchaku"},{"floor":24,"key":"Strawberry"},{"floor":26,"key":"Bird Faced Urn"},{"floor":29,"key":"Torii"},{"floor":31,"key":"MawBank"}],"event_choices":[{"damage_healed":0,"gold_gain":0,"player_choice":"Bought 2 Potions","damage_taken":0,"max_hp_gain":0,"max_hp_loss":0,"event_name":"The Woman in Blue","floor":4,"gold_loss":0},{"damage_healed":0,"gold_gain":0,"player_choice":"Entered Light","damage_taken":16,"max_hp_gain":0,"max_hp_loss":0,"event_name":"Shining Light","floor":12,"gold_loss":0,"cards_upgraded":["Strike_R","Defend_R"]},{"damage_healed":0,"gold_gain":0,"player_choice":"Became a vampire","damage_taken":0,"max_hp_gain":0,"max_hp_loss":25,"event_name":"Vampires","floor":19,"gold_loss":0,"cards_obtained":["Bite","Bite","Bite","Bite","Bite"]},{"damage_healed":0,"gold_gain":0,"player_choice":"Read","damage_taken":0,"max_hp_gain":0,"max_hp_loss":0,"event_name":"The Library","floor":21,"gold_loss":0,"cards_obtained":["Feel No Pain"]}],"is_beta":false,"boss_relics":[{"not_picked":["Ectoplasm","Cursed Key"],"picked":"SacredBark"}],"items_purged_floors":[13],"is_endless":false,"potions_floor_spawned":[1,5,8,14,16,20,25,27],"killed_by":"Automaton","ascension_level":1}}