{"host":"iovigr651ajk16h5","time":1614092511,"event":{"mods":["2.2 Compatiblity","AchievementEnabler","Aspiration","BaseMod","Better Altar","Better Match","Better Note","Better Sensory Stone","Better Skull","Better Third Choice","Block Reminder","CapriCore","Colored Map","Ekko","Energized Spire","GifTheSpireLib","GungeonMod","Halation","Hermit","Highlight Path","Hubris","Infinite Spire","Koishi","Luminous","Marisa????????","Minty Spire (QoL Compilation)","Nova Terra(??·??)","Onozuka Komachi Mod","Permanent Neow","Prisma Mod","Quick Restart","Railgun Mod","Remilia??????","Replay The Spire","StSLib","Stuff the Spire","Td1madao Mod","The Administrix","The Bladedancer","The Bug Knight","The Construct","The Exalted","The Immortal","The Marked","The Problem Sleuth","The Servant 0.9.4","TheFirefly","TheSwordswoman","Trackpad","Waifu the Spire","WarShipGirlsR/????R mod","everything is the same but u backflip on backflip"],"gold_per_floor":[119,138,149,169,169,169,169],"floor_reached":6,"language":"ENG","playtime":172,"items_purged":[],"score":42,"play_id":"bed9cca7-0ad9-4a2f-be19-f28149f366d3","local_time":"20210223100151","is_ascension_mode":true,"campfire_choices":[],"circlet_count":0,"master_deck":["blazmod:Strike","blazmod:Strike","blazmod:Strike","blazmod:Strike","blazmod:Defend","blazmod:Defend","blazmod:Defend","blazmod:Defend","blazmod:ButterflyEffect","blazmod:Kyokasuigetsu","blazmod:MyEverything","blazmod:SidewaySolace"],"relics":["blazmod:Venustas","NeowsBlessing","DemoMod:GlassGuonStoneRelic"],"acts_visited":["Exordium"],"potions_floor_usage":[],"damage_taken":[{"damage":0.0,"enemies":"Cultist","floor":1.0,"turns":1.0},{"damage":0.0,"enemies":"Small Slimes","floor":2.0,"turns":1.0},{"damage":0.0,"enemies":"2 Louse","floor":3.0,"turns":1.0},{"damage":0.0,"enemies":"Blue Slaver","floor":4.0,"turns":3.0},{"damage":0,"enemies":"3 Sentries","floor":6,"turns":1}],"seed_played":"381673457982519630","potions_obtained":[{"floor":1.0,"key":"ColorlessPotion"},{"floor":4.0,"key":"Dexterity Potion"}],"is_trial":false,"path_per_floor":["M","M","M","M","T","E"],"character_chosen":"THE_SWORDSWOMAN","items_purchased":[],"campfire_rested":0,"item_purchase_floors":[],"current_hp_per_floor":[40,40,40,40,40,40,40],"gold":169,"neow_bonus":"THREE_ENEMY_KILL","is_daily":false,"chose_seed":false,"campfire_upgraded":0,"win_rate":0.0,"timestamp":1614092511,"path_taken":["M","M","M","?","?","E"],"items_purchased_type":[],"build_version":"2020-12-22","purchased_purges":0,"victory":false,"max_hp_per_floor":[40,40,40,40,40,40,40],"card_choices":[{"not_picked":["blazmod:ApexLegends","blazmod:BoulderFlash","blazmod:FortifiedVigor"],"picked":"SKIP","floor":1.0},{"not_picked":["blazmod:PhysicalEndurance","blazmod:ClearTheMind"],"picked":"blazmod:MyEverything","floor":2.0},{"not_picked":["blazmod:Crosscut","blazmod:PhoenixPlume","blazmod:FlashRock"],"picked":"SKIP","floor":3.0},{"not_picked":["blazmod:FortifiedVigor","blazmod:BoulderFlash"],"picked":"blazmod:SidewaySolace","floor":4.0}],"player_experience":407358,"relics_obtained":[],"event_choices":[],"is_beta":false,"boss_relics":[],"items_purged_floors":[],"is_endless":false,"potions_floor_spawned":[1,4],"killed_by":"3 Sentries","ascension_level":2}}