{"host":"wf1r1zhguvoo22rf","time":1614091049,"event":{"mods":["BaseMod","Colored Powertips","Minty Spire (QoL Compilation)","StSLib"],"gold_per_floor":[116,116,130,142,160,160,172,184,211,211,227,80,95,106,106,204,204,218,71,85,104,119,119,134,134,134],"floor_reached":25,"language":"ENG","playtime":1111,"items_purged":[],"score":203,"play_id":"8eef26e1-7bc4-4c36-af60-2be23853a618","local_time":"20210223163729","is_ascension_mode":false,"campfire_choices":[{"floor":6,"key":"REST"},{"floor":10,"key":"REST"},{"data":"BattleHymn","floor":15,"key":"SMITH"},{"floor":23,"key":"REST"}],"circlet_count":0,"master_deck":["Strike_P","Strike_P","Strike_P","Strike_P","Defend_P","Defend_P","Defend_P","Defend_P","Eruption","Vigilance","Tantrum","PathToVictory","Halt","Halt","FlurryOfBlows","BattleHymn+1","MasterReality","ClearTheMind","ReachHeaven","BattleHymn","Halt","MentalFortress"],"relics":["PureWater","Incense Burner","Vajra","Toy Ornithopter","Velvet Choker","Bag of Preparation"],"acts_visited":["Exordium","TheCity"],"potions_floor_usage":[16,16,24],"damage_taken":[{"damage":0,"enemies":"Cultist","floor":1,"turns":2},{"damage":0,"enemies":"Small Slimes","floor":3,"turns":2},{"damage":6,"enemies":"Jaw Worm","floor":4,"turns":3},{"damage":20,"enemies":"3 Louse","floor":5,"turns":3},{"damage":15,"enemies":"Looter","floor":7,"turns":2},{"damage":10,"enemies":"Lots of Slimes","floor":8,"turns":3},{"damage":0,"enemies":"Exordium Wildlife","floor":11,"turns":2},{"damage":0,"enemies":"Looter","floor":13,"turns":2},{"damage":12,"enemies":"Exordium Thugs","floor":14,"turns":3},{"damage":71,"enemies":"The Guardian","floor":16,"turns":6},{"damage":7,"enemies":"Chosen","floor":18,"turns":3},{"damage":20,"enemies":"2 Thieves","floor":20,"turns":3},{"damage":0,"enemies":"Snake Plant","floor":21,"turns":3},{"damage":35,"enemies":"Cultist and Chosen","floor":22,"turns":5},{"damage":9,"enemies":"Sentry and Sphere","floor":24,"turns":3},{"damage":28,"enemies":"Centurion and Healer","floor":25,"turns":1}],"seed_played":"-4120073060864540666","potions_obtained":[{"floor":4,"key":"FairyPotion"},{"floor":5,"key":"SkillPotion"},{"floor":7,"key":"Dexterity Potion"},{"floor":20,"key":"SkillPotion"},{"floor":21,"key":"ColorlessPotion"},{"floor":22,"key":"SteroidPotion"}],"is_trial":false,"path_per_floor":["M","$","M","M","M","R","M","M","T","R","M","$","M","M","R","B",null,"M","$","M","M","M","R","M","M"],"character_chosen":"WATCHER","items_purchased":["Toy Ornithopter","Bag of Preparation"],"campfire_rested":3,"item_purchase_floors":[12,19],"current_hp_per_floor":[65,65,65,59,39,58,43,33,33,52,52,52,52,40,40,3,65,58,58,38,38,3,22,18,0,0],"gold":134,"neow_bonus":"ONE_RARE_RELIC","is_daily":false,"chose_seed":false,"campfire_upgraded":1,"win_rate":0.0,"timestamp":1614091049,"path_taken":["M","$","M","?","M","R","M","M","T","R","?","$","M","M","R","BOSS","M","?","M","?","?","R","M","M"],"items_purchased_type":["Relic","Relic"],"build_version":"2020-12-22","purchased_purges":0,"victory":false,"max_hp_per_floor":[65,65,65,65,65,65,65,65,65,65,65,65,65,65,65,65,65,65,65,65,65,65,65,65,65,65],"card_choices":[{"not_picked":["Halt","Perseverance"],"picked":"Tantrum","floor":1},{"not_picked":["Vengeance","FlyingSleeves"],"picked":"PathToVictory","floor":3},{"not_picked":["Wallop","Indignation","Weave"],"picked":"SKIP","floor":4},{"not_picked":["CrushJoints","Vault"],"picked":"Halt","floor":5},{"not_picked":["CutThroughFate","Adaptation"],"picked":"Halt","floor":7},{"not_picked":["CutThroughFate","SashWhip","ClearTheMind"],"picked":"SKIP","floor":8},{"not_picked":["LessonLearned","Protect"],"picked":"FlurryOfBlows","floor":11},{"not_picked":["BowlingBash","Swivel"],"picked":"BattleHymn","floor":13},{"not_picked":["WheelKick","Protect","Sanctity"],"picked":"SKIP","floor":14},{"not_picked":["Alpha","Ragnarok"],"picked":"MasterReality","floor":16},{"not_picked":["ThirdEye","Fasting2"],"picked":"ClearTheMind","floor":18},{"not_picked":["JustLucky","ClearTheMind"],"picked":"ReachHeaven","floor":20},{"not_picked":["Sanctity","Meditate+1"],"picked":"BattleHymn","floor":21},{"not_picked":["SashWhip","WreathOfFlame"],"picked":"Halt","floor":22},{"not_picked":["BattleHymn","Study"],"picked":"MentalFortress","floor":24}],"player_experience":251792,"relics_obtained":[{"floor":9,"key":"Vajra"}],"event_choices":[],"is_beta":false,"boss_relics":[{"not_picked":["Cursed Key","Busted Crown"],"picked":"Velvet Choker"}],"items_purged_floors":[],"is_endless":false,"potions_floor_spawned":[4,5,7,11,14,20,21,22],"killed_by":"Centurion and Healer","ascension_level":0}}