{"host":"aapp7ew3jk5k1bvd","time":1614070120,"event":{"mods":["AchievementEnabler","BaseMod","Colored Map","Custom Start","Keyboard Shortcuts","Minty Spire (QoL Compilation)","Permanent Neow","Quick Restart","StSLib","SuperFastMode"],"gold_per_floor":[10,25,125,140,150,150,210,180,205,205,12,28,28,28,28,133,133,133,133],"floor_reached":18,"language":"KOR","playtime":629,"items_purged":[],"score":233,"play_id":"e9fabceb-87ae-45e1-8afb-3ec58c33af7c","local_time":"20210223174840","is_ascension_mode":true,"campfire_choices":[{"data":"Envenom","floor":6.0,"key":"SMITH"},{"floor":10.0,"key":"REST"},{"floor":15,"key":"REST"}],"circlet_count":0,"master_deck":["AscendersBane","Strike_G","Strike_G","Strike_G","Strike_G","Defend_G","Defend_G","Defend_G","Defend_G","Defend_G","Survivor","Neutralize","Envenom+1","Crippling Poison","Backflip","Leg Sweep","PiercingWail","Dodge and Roll","Infinite Blades","Blur","Adrenaline"],"relics":["Ring of the Snake","Anchor","Centennial Puzzle","Membership Card","HoveringKite"],"acts_visited":["Exordium","TheCity"],"potions_floor_usage":[12,16],"damage_taken":[{"damage":0.0,"enemies":"2 Louse","floor":1.0,"turns":4.0},{"damage":1.0,"enemies":"Cultist","floor":2.0,"turns":5.0},{"damage":7.0,"enemies":"Jaw Worm","floor":4.0,"turns":4.0},{"damage":5.0,"enemies":"Blue Slaver","floor":5.0,"turns":8.0},{"damage":17.0,"enemies":"3 Sentries","floor":7.0,"turns":17.0},{"damage":8.0,"enemies":"Looter","floor":8.0,"turns":4.0},{"damage":3,"enemies":"Gremlin Gang","floor":12,"turns":8},{"damage":14,"enemies":"Hexaghost","floor":16,"turns":15},{"damage":30,"enemies":"Spheric Guardian","floor":18,"turns":9}],"seed_played":"1490510307043217095","potions_obtained":[{"floor":4.0,"key":"Energy Potion"},{"floor":7.0,"key":"CunningPotion"},{"floor":12,"key":"Block Potion"}],"is_trial":false,"path_per_floor":["M","M","?","M","M","R","?","M","T","R","$","M","$","?","R","B",null,"M"],"character_chosen":"THE_SILENT","items_purchased":["Membership Card","Blur"],"campfire_rested":2,"item_purchase_floors":[11,11],"current_hp_per_floor":[63,62,62,55,50,50,33,25,25,46,46,43,43,36,57,43,63,33,33],"gold":133,"neow_bonus":"THREE_RARE_CARDS","is_daily":false,"chose_seed":false,"campfire_upgraded":1,"win_rate":0.0,"timestamp":1614070120,"path_taken":["M","M","?","?","M","R","?","M","T","R","$","M","$","?","R","BOSS","M"],"items_purchased_type":["Relic","Card"],"build_version":"2020-12-22","purchased_purges":0,"victory":false,"max_hp_per_floor":[70,70,70,70,70,70,70,70,70,70,70,70,70,70,70,70,70,70,70],"card_choices":[{"not_picked":["Corpse Explosion","Tools of the Trade"],"picked":"Envenom","floor":0.0},{"not_picked":["Sucker Punch","Choke"],"picked":"Crippling Poison","floor":1.0},{"not_picked":["Crippling Poison","Deadly Poison"],"picked":"Backflip","floor":2.0},{"not_picked":["Heel Hook","Bouncing Flask"],"picked":"Leg Sweep","floor":4.0},{"not_picked":["Choke","Prepared"],"picked":"PiercingWail","floor":5.0},{"not_picked":["Dagger Throw","Backflip"],"picked":"Dodge and Roll","floor":7.0},{"not_picked":["Sucker Punch","Eviscerate"],"picked":"Infinite Blades","floor":8.0},{"not_picked":["Flechettes","Acrobatics","Deadly Poison"],"picked":"SKIP","floor":12},{"not_picked":["Die Die Die","Doppelganger"],"picked":"Adrenaline","floor":16}],"player_experience":1064186,"relics_obtained":[{"floor":7.0,"key":"Anchor"},{"floor":9.0,"key":"Centennial Puzzle"}],"event_choices":[{"damage_healed":0.0,"max_hp_gain":0.0,"max_hp_loss":0.0,"gold_gain":100.0,"event_name":"Wheel of Change","player_choice":"Gold","floor":3.0,"gold_loss":0.0,"damage_taken":0.0},{"damage_healed":0.0,"max_hp_gain":0.0,"max_hp_loss":0.0,"gold_gain":0.0,"event_name":"Dead Adventurer","player_choice":"Searched \u00271\u0027 times","floor":7.0,"gold_loss":0.0,"damage_taken":0.0},{"cards_removed":["Strike_G"],"damage_healed":0,"gold_gain":0,"player_choice":"Card Removal","damage_taken":7,"max_hp_gain":0,"max_hp_loss":0,"event_name":"Golden Wing","floor":14,"gold_loss":0}],"is_beta":false,"boss_relics":[{"not_picked":["Ectoplasm","Velvet Choker"],"picked":"HoveringKite"}],"items_purged_floors":[],"is_endless":false,"potions_floor_spawned":[4,7,12],"killed_by":"Spheric Guardian","ascension_level":11}}