{"host":"24vdok87ydm8sokm","time":1614089808,"event":{"mods":["AchievementEnabler","BaseMod","Colored Map","Colored Powertips","Minty Spire (QoL Compilation)","StSLib"],"gold_per_floor":[118,118,118,128,139,139,214,214,214,240,240,256,273,301,301,405,405,425,436,351,376,81,109,109,109,109],"floor_reached":25,"language":"ENG","playtime":2730,"items_purged":[],"score":302,"play_id":"18b5bae0-4fdc-4d69-a119-aac71350086e","local_time":"20210223081648","is_ascension_mode":true,"campfire_choices":[{"data":"Body Slam","floor":6.0,"key":"SMITH"},{"data":"Shrug It Off","floor":8.0,"key":"SMITH"},{"floor":11.0,"key":"REST"},{"floor":15.0,"key":"REST"}],"circlet_count":0,"master_deck":["Strike_R+1","Strike_R","Strike_R","Strike_R","Defend_R","Defend_R","Defend_R+1","Defend_R","Bash","Feed","Shrug It Off+1","Body Slam+1","Iron Wave","Demon Form","Iron Wave","Headbutt","Pommel Strike+1","Pommel Strike+1"],"relics":["Burning Blood","Unceasing Top","PreservedInsect","Black Star","White Beast Statue","Red Mask","Lee\u0027s Waffle","Regal Pillow","Molten Egg 2","Self Forming Clay"],"acts_visited":["Exordium","TheCity"],"potions_floor_usage":[18,21,23],"damage_taken":[{"damage":15.0,"enemies":"Jaw Worm","floor":1.0,"turns":7.0},{"damage":7.0,"enemies":"Small Slimes","floor":4.0,"turns":4.0},{"damage":0.0,"enemies":"2 Louse","floor":5.0,"turns":2.0},{"damage":33.0,"enemies":"Lagavulin","floor":10.0,"turns":10.0},{"damage":11.0,"enemies":"Looter","floor":12.0,"turns":3.0},{"damage":0.0,"enemies":"3 Louse","floor":13.0,"turns":3.0},{"damage":16.0,"enemies":"3 Sentries","floor":14.0,"turns":9.0},{"damage":76.0,"enemies":"The Guardian","floor":16.0,"turns":20.0},{"damage":15,"enemies":"2 Thieves","floor":18,"turns":4},{"damage":23,"enemies":"3 Byrds","floor":19,"turns":10},{"damage":70,"enemies":"Masked Bandits","floor":21,"turns":8},{"damage":41,"enemies":"Book of Stabbing","floor":23,"turns":6},{"damage":88,"enemies":"Gremlin Leader","floor":25,"turns":5}],"seed_played":"7055795728520854883","potions_obtained":[{"floor":4.0,"key":"SneckoOil"},{"floor":12.0,"key":"SpeedPotion"},{"floor":14.0,"key":"Regen Potion"},{"floor":16.0,"key":"Fire Potion"},{"floor":21,"key":"FearPotion"},{"floor":23,"key":"SpeedPotion"}],"is_trial":false,"path_per_floor":["M","?","?","M","M","R","?","R","T","E","R","M","M","E","R","B",null,"M","M","?","?","$","E","?","E"],"character_chosen":"IRONCLAD","items_purchased":["Lee\u0027s Waffle","Regal Pillow"],"campfire_rested":2,"item_purchase_floors":[22,22],"current_hp_per_floor":[74,57,57,59,68,68,57,57,57,30,56,51,60,53,81,11,95,89,75,75,14,111,81,81,0,0],"gold":109,"neow_bonus":"ONE_RANDOM_RARE_CARD","is_daily":false,"chose_seed":false,"campfire_upgraded":2,"win_rate":0.0,"timestamp":1614089808,"path_taken":["M","?","?","M","M","R","?","R","T","E","R","M","M","E","R","BOSS","M","M","?","?","$","E","?","E"],"items_purchased_type":["Relic","Relic"],"build_version":"2020-12-22","purchased_purges":0,"victory":false,"max_hp_per_floor":[83,83,83,86,89,89,89,89,89,89,89,89,92,95,95,95,95,98,101,101,104,111,111,111,111,111],"card_choices":[{"not_picked":["Clothesline","Havoc","Wild Strike"],"picked":"SKIP","floor":1.0},{"not_picked":["Power Through","Wild Strike"],"picked":"Shrug It Off","floor":4.0},{"not_picked":["True Grit","Shrug It Off"],"picked":"Body Slam","floor":5.0},{"not_picked":["Reaper","Wild Strike","Warcry"],"picked":"SKIP","floor":10.0},{"not_picked":["Warcry","Clothesline"],"picked":"Iron Wave","floor":12.0},{"not_picked":["Carnage","Sword Boomerang","Clash"],"picked":"SKIP","floor":13.0},{"not_picked":["Feel No Pain","Clothesline","Ghostly Armor"],"picked":"SKIP","floor":14.0},{"not_picked":["Berserk","Fiend Fire"],"picked":"Demon Form","floor":16.0},{"not_picked":["Feel No Pain","Carnage"],"picked":"Iron Wave","floor":18},{"not_picked":["Havoc","Clothesline"],"picked":"Headbutt","floor":19},{"not_picked":["Dark Embrace+1","Intimidate+1"],"picked":"Pommel Strike+1","floor":21},{"not_picked":["True Grit+1","Shrug It Off"],"picked":"Pommel Strike+1","floor":23}],"player_experience":117412,"relics_obtained":[{"floor":10.0,"key":"Unceasing Top"},{"floor":14.0,"key":"PreservedInsect"},{"floor":21,"key":"Red Mask"},{"floor":23,"key":"Molten Egg 2"},{"floor":23,"key":"Self Forming Clay"}],"event_choices":[{"damage_healed":0.0,"max_hp_gain":0.0,"max_hp_loss":0.0,"gold_gain":0.0,"event_name":"Shining Light","player_choice":"Entered Light","floor":2.0,"gold_loss":0.0,"damage_taken":17.0,"cards_upgraded":["Strike_R","Defend_R"]},{"cards_removed":["Strike_R"],"damage_healed":0.0,"max_hp_gain":0.0,"max_hp_loss":0.0,"gold_gain":0.0,"event_name":"Living Wall","player_choice":"Forget","floor":3.0,"gold_loss":0.0,"damage_taken":0.0},{"damage_healed":0.0,"max_hp_gain":0.0,"max_hp_loss":0.0,"gold_gain":75.0,"event_name":"World of Goop","player_choice":"Gather Gold","floor":7.0,"gold_loss":0.0,"damage_taken":11.0},{"damage_healed":0,"gold_gain":0,"player_choice":"Obtained Relic","damage_taken":0,"relics_obtained":["White Beast Statue"],"max_hp_gain":0,"max_hp_loss":0,"event_name":"Addict","floor":20,"gold_loss":85},{"damage_healed":0,"gold_gain":0,"player_choice":"Fought Bandits","damage_taken":0,"max_hp_gain":0,"max_hp_loss":0,"event_name":"Masked Bandits","floor":21,"gold_loss":0},{"damage_healed":0,"gold_gain":0,"player_choice":"Ignored","damage_taken":0,"max_hp_gain":0,"max_hp_loss":0,"event_name":"Vampires","floor":24,"gold_loss":0}],"is_beta":false,"boss_relics":[{"not_picked":["Sozu","Velvet Choker"],"picked":"Black Star"}],"items_purged_floors":[],"is_endless":false,"potions_floor_spawned":[4,12,14,16,21,23],"killed_by":"Gremlin Leader","ascension_level":2}}