{"host":"nptej036rrbiurf5","time":1614056258,"event":{"mods":["BaseMod","Colored Map","Colored Powertips","DeckTracker","Minty Spire (QoL Compilation)","StSLib","SuperFastMode"],"gold_per_floor":[112,112,130,140,150,176,187,213,284,284,284,284],"floor_reached":11,"language":"KOR","playtime":261,"items_purged":[],"score":170,"play_id":"98455090-6485-4ac7-9e82-c8ebf85cd264","local_time":"20210223135738","is_ascension_mode":true,"campfire_choices":[],"circlet_count":0,"master_deck":["AscendersBane","Strike_R","Strike_R","Strike_R","Strike_R","Strike_R","Defend_R","Defend_R","Defend_R","Defend_R","Bash","Immolate","Body Slam","Seeing Red","Thunderclap","Armaments","Sentinel+1","Intimidate+1"],"relics":["Burning Blood","Toxic Egg 2","Mango","Sundial","Dead Branch"],"acts_visited":["Exordium"],"potions_floor_usage":[11],"damage_taken":[{"damage":0.0,"enemies":"2 Louse","floor":1.0,"turns":1.0},{"damage":0.0,"enemies":"Small Slimes","floor":3.0,"turns":3.0},{"damage":7.0,"enemies":"Cultist","floor":4.0,"turns":4.0},{"damage":0.0,"enemies":"2 Fungi Beasts","floor":5.0,"turns":2.0},{"damage":32.0,"enemies":"Gremlin Nob","floor":6.0,"turns":4.0},{"damage":4.0,"enemies":"Large Slime","floor":7.0,"turns":5.0},{"damage":34.0,"enemies":"3 Sentries","floor":8.0,"turns":7.0},{"damage":37,"enemies":"Lagavulin","floor":11,"turns":5}],"seed_played":"-6656375147879611838","potions_obtained":[{"floor":1.0,"key":"BloodPotion"},{"floor":8.0,"key":"Dexterity Potion"}],"is_trial":false,"path_per_floor":["M","?","M","M","M","E","M","E","T","?","E"],"character_chosen":"IRONCLAD","items_purchased":[],"campfire_rested":0,"item_purchase_floors":[],"current_hp_per_floor":[74,67,73,72,75,49,51,37,37,2,0,0],"gold":284,"neow_bonus":"THREE_RARE_CARDS","is_daily":false,"chose_seed":false,"campfire_upgraded":0,"win_rate":0.0,"timestamp":1614056258,"path_taken":["M","?","M","M","M","E","M","E","T","?","E"],"items_purchased_type":[],"build_version":"2020-12-22","purchased_purges":0,"victory":false,"max_hp_per_floor":[75,75,75,75,75,75,75,89,89,89,89,89],"card_choices":[{"not_picked":["Reaper","Fiend Fire"],"picked":"Immolate","floor":0.0},{"not_picked":["Carnage","Wild Strike"],"picked":"Body Slam","floor":1.0},{"not_picked":["Twin Strike","Dropkick"],"picked":"Seeing Red","floor":3.0},{"not_picked":["Uppercut","Reckless Charge"],"picked":"Thunderclap","floor":4.0},{"not_picked":["Clash","Berserk"],"picked":"Armaments","floor":5.0},{"not_picked":["Body Slam","Havoc+1","Clothesline"],"picked":"SKIP","floor":6.0},{"not_picked":["Searing Blow","Twin Strike"],"picked":"Sentinel+1","floor":7.0},{"not_picked":["Reaper","Dropkick"],"picked":"Intimidate+1","floor":8.0}],"player_experience":1009694,"relics_obtained":[{"floor":6.0,"key":"Toxic Egg 2"},{"floor":8.0,"key":"Mango"},{"floor":9.0,"key":"Sundial"}],"event_choices":[{"cards_removed":["Decay"],"damage_healed":0.0,"max_hp_gain":0.0,"max_hp_loss":0.0,"gold_gain":0.0,"event_name":"Golden Wing","player_choice":"Card Removal","floor":2.0,"gold_loss":0.0,"damage_taken":7.0},{"damage_healed":0.0,"max_hp_gain":0.0,"max_hp_loss":0.0,"gold_gain":0.0,"event_name":"Scrap Ooze","player_choice":"Success","floor":10.0,"gold_loss":0.0,"damage_taken":35.0,"relics_obtained":["Dead Branch"]}],"is_beta":false,"boss_relics":[],"items_purged_floors":[],"is_endless":false,"potions_floor_spawned":[1,8],"killed_by":"Lagavulin","ascension_level":20}}