{"host":"d52brwsy6af8zvaq","time":1614110740,"event":{"mods":["AchievementEnabler","BaseMod","Bestiary","Highlight Path","Minty Spire (QoL Compilation)","Quick Restart","Relic Stats","ojb\u0027s Better Paths Mod"],"gold_per_floor":[113,126,146,30,30,30,30],"floor_reached":6,"language":"ENG","playtime":122,"items_purged":["Strike_B"],"score":72,"play_id":"f3c5ec0e-abd2-4e3d-b2c5-7caeb9a66166","local_time":"20210223130540","is_ascension_mode":true,"campfire_choices":[],"circlet_count":0,"master_deck":["AscendersBane","Strike_B","Strike_B","Strike_B","Defend_B","Defend_B","Defend_B","Defend_B","Zap","Dualcast","Rebound","Sunder","Reinforced Body","Static Discharge"],"relics":["Cracked Core","Omamori","Mercury Hourglass"],"acts_visited":["Exordium"],"potions_floor_usage":[],"damage_taken":[{"damage":7.0,"enemies":"Small Slimes","floor":1.0,"turns":2.0},{"damage":0.0,"enemies":"Cultist","floor":2.0,"turns":3.0},{"damage":0.0,"enemies":"2 Louse","floor":3.0,"turns":2.0},{"damage":66,"enemies":"Gremlin Nob","floor":6,"turns":4}],"seed_played":"3480269917594009458","potions_obtained":[{"floor":3.0,"key":"Explosive Potion"}],"is_trial":false,"path_per_floor":["M","M","M","$","?","E"],"character_chosen":"DEFECT","items_purchased":["Static Discharge"],"campfire_rested":0,"item_purchase_floors":[4],"current_hp_per_floor":[57,57,57,57,57,0,0],"gold":30,"neow_bonus":"RANDOM_COMMON_RELIC","is_daily":false,"chose_seed":false,"campfire_upgraded":0,"win_rate":0.0,"timestamp":1614110740,"path_taken":["M","M","M","$","?","E"],"items_purchased_type":["Card"],"build_version":"2020-12-22","purchased_purges":1,"victory":false,"max_hp_per_floor":[71,71,71,71,71,71,71],"relic_stats":{"counters":[4,11],"obtain_stats":[{"Omamori":0,"Cracked Core":0,"Mercury Hourglass":5},{"Omamori":0,"Cracked Core":0,"Mercury Hourglass":3},{"Omamori":0,"Cracked Core":0,"Mercury Hourglass":7}],"Mercury Hourglass":[12]},"card_choices":[{"not_picked":["Hologram","Loop"],"picked":"Rebound","floor":1.0},{"not_picked":["Doom and Gloom","Cold Snap"],"picked":"Sunder","floor":2.0},{"not_picked":["Streamline","Cold Snap"],"picked":"Reinforced Body","floor":3.0}],"player_experience":2351534,"relics_obtained":[],"event_choices":[{"damage_healed":0.0,"max_hp_gain":0.0,"max_hp_loss":0.0,"gold_gain":0.0,"event_name":"WeMeetAgain","player_choice":"Gave Potion","floor":5.0,"gold_loss":0.0,"damage_taken":0.0,"relics_obtained":["Mercury Hourglass"]}],"is_beta":false,"boss_relics":[],"items_purged_floors":[4],"is_endless":false,"potions_floor_spawned":[3],"killed_by":"Gremlin Nob","ascension_level":20}}