{"host":"3l94tha3a4jgu0q4","time":1614094493,"event":{"mods":["2.2 Compatiblity","AchievementEnabler","BaseMod","Colored Map","Colored Powertips","Hermit","Highlight Path","Minty Spire (QoL Compilation)","Permanent Neow","StSLib","SuperFastMode"],"gold_per_floor":[34,34,34,68,96,96,131,161,161,161,161,161],"floor_reached":11,"language":"ENG","playtime":325,"items_purged":[],"score":77,"play_id":"74d7c892-bfff-4c92-b1f6-e7be097e585c","local_time":"20210223073453","is_ascension_mode":true,"campfire_choices":[{"data":"hermit:DeadOrAlive","floor":6,"key":"SMITH"},{"floor":10,"key":"REST"}],"circlet_count":0,"master_deck":["hermit:Strike_Hermit","hermit:Strike_Hermit","hermit:Strike_Hermit","hermit:Strike_Hermit","hermit:Defend_Hermit","hermit:Defend_Hermit","hermit:Defend_Hermit","hermit:Defend_Hermit","hermit:Snapshot","hermit:Covet","hermit:DeadOrAlive+1","hermit:Ricochet","hermit:ItchyTrigger","hermit:PistolWhip","hermit:Combo","hermit:Glare"],"relics":["hermit:Momento","Golden Idol","Matryoshka","Omamori","Boot","hermit:Spyglass"],"acts_visited":["Exordium"],"potions_floor_usage":[11,11],"damage_taken":[{"damage":6,"enemies":"Jaw Worm","floor":1,"turns":4},{"damage":0,"enemies":"2 Louse","floor":4,"turns":2},{"damage":0,"enemies":"Cultist","floor":5,"turns":3},{"damage":45,"enemies":"Lagavulin","floor":7,"turns":8},{"damage":6,"enemies":"Red Slaver","floor":8,"turns":4},{"damage":27,"enemies":"3 Sentries","floor":11,"turns":6}],"seed_played":"-1068918925377524124","potions_obtained":[{"floor":5,"key":"Energy Potion"},{"floor":8,"key":"BlessingOfTheForge"}],"is_trial":false,"path_per_floor":["M","?","?","M","M","R","E","M","T","R","E"],"character_chosen":"HERMIT","items_purchased":[],"campfire_rested":1,"item_purchase_floors":[],"current_hp_per_floor":[69,69,57,57,57,57,12,6,6,26,0,0],"gold":161,"neow_bonus":"THREE_RARE_CARDS","is_daily":false,"chose_seed":false,"campfire_upgraded":1,"win_rate":0.0,"timestamp":1614094493,"path_taken":["M","?","?","M","M","R","E","M","T","R","E"],"items_purchased_type":[],"build_version":"2020-12-22","purchased_purges":0,"victory":false,"max_hp_per_floor":[75,69,69,69,69,69,69,69,69,69,69,69],"card_choices":[{"not_picked":["hermit:Roughhouse","hermit:OverwhelmingPower"],"picked":"hermit:DeadOrAlive","floor":0.0},{"not_picked":["hermit:Brawl","hermit:Horror"],"picked":"hermit:Ricochet","floor":1},{"not_picked":["hermit:BodyArmor","hermit:TakeAim"],"picked":"hermit:ItchyTrigger","floor":4},{"not_picked":["hermit:Maintenance","hermit:LowProfile"],"picked":"hermit:PistolWhip","floor":5},{"not_picked":["hermit:Coalescence","hermit:Gestalt"],"picked":"hermit:Combo","floor":7},{"not_picked":["hermit:Maintenance","hermit:SprayPray"],"picked":"hermit:Glare","floor":8}],"player_experience":1985649,"relics_obtained":[{"floor":7,"key":"Omamori"},{"floor":9,"key":"Boot"},{"floor":9,"key":"hermit:Spyglass"}],"event_choices":[{"damage_healed":0,"gold_gain":0,"player_choice":"Lose Max HP","damage_taken":0,"relics_obtained":["Golden Idol"],"max_hp_gain":0,"max_hp_loss":6,"event_name":"Golden Idol","floor":2,"gold_loss":0},{"damage_healed":0,"gold_gain":0,"player_choice":"Success","damage_taken":12,"relics_obtained":["Matryoshka"],"max_hp_gain":0,"max_hp_loss":0,"event_name":"Scrap Ooze","floor":3,"gold_loss":0}],"is_beta":false,"boss_relics":[],"items_purged_floors":[],"is_endless":false,"potions_floor_spawned":[5,8],"killed_by":"3 Sentries","ascension_level":1}}