{"host":"fbdlh90rovbiajun","time":1614055283,"event":{"mods":["AchievementEnabler","BaseMod","Colored Map","Keyboard Shortcuts","Minty Spire (QoL Compilation)","SuperFastMode"],"gold_per_floor":[114,189,40,59,73,98,98,98,98,124,24,37,65,30,30,134,134,144,161,36,36,52,52,52],"floor_reached":23,"language":"KOR","playtime":679,"items_purged":["Defend_P","Strike_P","Strike_P"],"score":304,"play_id":"02c78740-f016-4567-b25b-226cabf1ef5a","local_time":"20210223134123","is_ascension_mode":true,"campfire_choices":[{"data":"Eruption","floor":7,"key":"SMITH"},{"floor":15,"key":"REST"}],"circlet_count":0,"master_deck":["Strike_P","Strike_P","Defend_P","Defend_P","Eruption+1","Vigilance","Adaptation","Halt","FearNoEvil","FlurryOfBlows"],"relics":["PureWater","NeowsBlessing","Bottled Flame","Anchor","Pen Nib","Happy Flower","VioletLotus"],"acts_visited":["Exordium","TheCity"],"potions_floor_usage":[13,16],"damage_taken":[{"damage":0,"enemies":"Small Slimes","floor":1,"turns":1},{"damage":0,"enemies":"Jaw Worm","floor":4,"turns":1},{"damage":0,"enemies":"Cultist","floor":5,"turns":1},{"damage":17,"enemies":"3 Sentries","floor":6,"turns":8},{"damage":32,"enemies":"Gremlin Nob","floor":10,"turns":3},{"damage":1,"enemies":"Looter","floor":12,"turns":3},{"damage":0,"enemies":"Lagavulin","floor":13,"turns":4},{"damage":21,"enemies":"The Guardian","floor":16,"turns":9},{"damage":0,"enemies":"Shell Parasite","floor":18,"turns":3},{"damage":0,"enemies":"Chosen","floor":19,"turns":3},{"damage":7,"enemies":"3 Cultists","floor":22,"turns":5},{"damage":57,"enemies":"Gremlin Leader","floor":23,"turns":5}],"seed_played":"1341430164273843756","potions_obtained":[{"floor":5,"key":"SpeedPotion"},{"floor":12,"key":"ColorlessPotion"},{"floor":13,"key":"BlessingOfTheForge"},{"floor":19,"key":"Ancient Potion"}],"is_trial":false,"path_per_floor":["M","?","$","M","M","E","R","$","T","E","$","M","E","?","R","B",null,"M","M","$","?","M","E"],"character_chosen":"WATCHER","items_purchased":["Adaptation"],"campfire_rested":1,"item_purchase_floors":[3],"current_hp_per_floor":[65,54,54,54,54,37,37,37,37,5,5,4,4,22,43,22,60,60,60,60,60,53,0,0],"gold":52,"neow_bonus":"THREE_ENEMY_KILL","is_daily":false,"chose_seed":false,"campfire_upgraded":1,"win_rate":0.0,"timestamp":1614055283,"path_taken":["M","?","?","M","M","E","R","$","T","E","$","?","E","?","R","BOSS","M","M","$","?","M","E"],"items_purchased_type":["Card"],"build_version":"2020-12-22","purchased_purges":3,"victory":false,"max_hp_per_floor":[72,72,72,72,72,72,72,72,72,72,72,72,72,72,72,72,72,72,72,72,72,72,72,72],"card_choices":[{"not_picked":["FollowUp","CrushJoints","JustLucky"],"picked":"SKIP","floor":1},{"not_picked":["Wallop","JustLucky"],"picked":"Halt","floor":4},{"not_picked":["SignatureMove","FollowUp"],"picked":"FearNoEvil","floor":5},{"not_picked":["Crescendo","CutThroughFate","Protect"],"picked":"SKIP","floor":6},{"not_picked":["ClearTheMind","Protect","FearNoEvil"],"picked":"SKIP","floor":10},{"not_picked":["Sanctity","SignatureMove"],"picked":"FlurryOfBlows","floor":12},{"not_picked":["Blasphemy","EmptyBody","SashWhip"],"picked":"SKIP","floor":13},{"not_picked":["Halt","FlurryOfBlows","Consecrate+1"],"picked":"SKIP","floor":18},{"not_picked":["Halt","DeceiveReality","Consecrate"],"picked":"SKIP","floor":19},{"not_picked":["ClearTheMind","ThirdEye","Swivel+1"],"picked":"SKIP","floor":22}],"player_experience":119599,"relics_obtained":[{"floor":6,"key":"Bottled Flame"},{"floor":9,"key":"Anchor"},{"floor":10,"key":"Pen Nib"},{"floor":13,"key":"Happy Flower"}],"event_choices":[{"damage_healed":0,"gold_gain":75,"player_choice":"Gather Gold","damage_taken":11,"max_hp_gain":0,"max_hp_loss":0,"event_name":"World of Goop","floor":2,"gold_loss":0},{"damage_healed":18,"gold_gain":0,"player_choice":"Healed","damage_taken":0,"max_hp_gain":0,"max_hp_loss":0,"event_name":"The Cleric","floor":14,"gold_loss":35},{"cards_removed":["Defend_P"],"damage_healed":0,"gold_gain":0,"player_choice":"Elegance","damage_taken":0,"max_hp_gain":0,"max_hp_loss":0,"event_name":"Back to Basics","floor":21,"gold_loss":0}],"is_beta":false,"boss_relics":[{"not_picked":["Sozu","SlaversCollar"],"picked":"VioletLotus"}],"items_purged_floors":[3,11,20],"is_endless":false,"potions_floor_spawned":[5,12,13,19],"killed_by":"Gremlin Leader","ascension_level":6}}