{"host":"dwqr8rfkubzfvfti","time":1614124131,"event":{"mods":["BaseMod","Colored Map","Colored Powertips","Minty Spire (QoL Compilation)","Rare Cards Sparkle","Relic Stats"],"gold_per_floor":[115,115,115,115,131,131,155,196,196,196,229,242,242,62,62,191,191,212,212,230,1,26,26,69,69,69,169,184,205,243,243,243,373,373,387,401,151,172,505,505,535,546,546,546,38,55,55,74,74,74],"floor_reached":51,"language":"ENG","playtime":2643,"items_purged":["Riddle With Holes"],"score":1138,"play_id":"806fc302-5509-48aa-a9fa-510514ad095a","local_time":"20210223164851","is_ascension_mode":true,"campfire_choices":[{"data":"Sucker Punch","floor":6.0,"key":"SMITH"},{"floor":10.0,"key":"REST"},{"floor":15.0,"key":"REST"},{"floor":23.0,"key":"REST"},{"floor":25.0,"key":"REST"},{"floor":32.0,"key":"REST"},{"floor":40.0,"key":"REST"},{"floor":44,"key":"REST"},{"floor":49,"key":"REST"}],"circlet_count":0,"master_deck":["AscendersBane","Strike_G","Strike_G+1","Strike_G+1","Strike_G","Strike_G","Defend_G","Defend_G","Defend_G","Defend_G","Defend_G","Survivor","Neutralize","Quick Slash","Sucker Punch+1","Dagger Spray","PiercingWail","Corpse Explosion","Noxious Fumes+1","Wraith Form v2+1","Riddle With Holes+1","Footwork+1","Deflect","Skewer+1","Dash","Dagger Spray+1","After Image+1","Sucker Punch+1","Blur","Blur+1","Endless Agony+1","Blade Dance+1","Noxious Fumes+1","Caltrops+1","Dash+1","Madness","Madness","Leg Sweep+1","A Thousand Cuts+1"],"relics":["Ring of the Snake","Ancient Tea Set","Ninja Scroll","Frozen Egg 2","The Courier","Blood Vial","Chemical X","Velvet Choker","Whetstone","Toolbox","Bottled Tornado","HornCleat","Paper Crane","WristBlade","Turnip","Molten Egg 2","Dream Catcher","Centennial Puzzle","Pear"],"acts_visited":["Exordium","TheCity","TheBeyond"],"potions_floor_usage":[48,50,50],"damage_taken":[{"damage":9.0,"enemies":"Small Slimes","floor":1.0,"turns":5.0},{"damage":2.0,"enemies":"2 Louse","floor":5.0,"turns":2.0},{"damage":0.0,"enemies":"Cultist","floor":7.0,"turns":2.0},{"damage":29.0,"enemies":"3 Sentries","floor":8.0,"turns":10.0},{"damage":24.0,"enemies":"Gremlin Nob","floor":11.0,"turns":5.0},{"damage":6.0,"enemies":"3 Louse","floor":12.0,"turns":3.0},{"damage":51.0,"enemies":"Slime Boss","floor":16.0,"turns":9.0},{"damage":0.0,"enemies":"3 Byrds","floor":18.0,"turns":2.0},{"damage":16.0,"enemies":"Chosen","floor":20.0,"turns":5.0},{"damage":4.0,"enemies":"3 Cultists","floor":22.0,"turns":5.0},{"damage":21.0,"enemies":"Slavers","floor":24.0,"turns":4.0},{"damage":12.0,"enemies":"Cultist and Chosen","floor":28.0,"turns":6.0},{"damage":12.0,"enemies":"Centurion and Healer","floor":29.0,"turns":4.0},{"damage":32.0,"enemies":"Book of Stabbing","floor":30.0,"turns":6.0},{"damage":8.0,"enemies":"Colosseum Slavers","floor":31.0,"turns":5.0},{"damage":35.0,"enemies":"Collector","floor":33.0,"turns":8.0},{"damage":12.0,"enemies":"3 Darklings","floor":35.0,"turns":3.0},{"damage":1.0,"enemies":"Orb Walker","floor":36.0,"turns":5.0},{"damage":4.0,"enemies":"3 Darklings","floor":38.0,"turns":3.0},{"damage":54.0,"enemies":"Reptomancer","floor":41.0,"turns":7.0},{"damage":2.0,"enemies":"Sphere and 2 Shapes","floor":42.0,"turns":6.0},{"damage":14,"enemies":"Spire Growth","floor":46,"turns":5},{"damage":0,"enemies":"Jaw Worm Horde","floor":48,"turns":5},{"damage":21,"enemies":"Time Eater","floor":50,"turns":12}],"seed_played":"2747304322376335446","potions_obtained":[{"floor":1.0,"key":"Ancient Potion"},{"floor":12.0,"key":"Ancient Potion"},{"floor":18.0,"key":"BlessingOfTheForge"},{"floor":22.0,"key":"Fruit Juice"},{"floor":24.0,"key":"SpeedPotion"},{"floor":30.0,"key":"Weak Potion"},{"floor":33.0,"key":"DistilledChaos"},{"floor":42,"key":"CunningPotion"}],"is_trial":false,"path_per_floor":["M","?","?","?","M","R","M","E","T","R","E","M","?","$","R","B",null,"M","?","M","$","M","R","E","R","T","?","M","M","E","?","R","B",null,"M","M","$","M","?","R","E","M","T","R","$","M","?","M","R","B",null],"character_chosen":"THE_SILENT","items_purchased":["Noxious Fumes+1","Chemical X","Whetstone","Toolbox","Turnip","Centennial Puzzle","Pear","Noxious Fumes+1","Caltrops+1"],"campfire_rested":8,"item_purchase_floors":[14,14,21,21,37,45,45,45,45],"current_hp_per_floor":[54,54,51,51,49,49,49,20,20,41,17,13,36,36,57,8,55,57,57,43,43,46,68,49,71,71,71,61,51,21,15,37,4,57,47,48,48,46,46,68,16,16,16,38,48,36,25,27,52,33],"gold":74,"neow_bonus":"RANDOM_COMMON_RELIC","is_daily":false,"chose_seed":false,"campfire_upgraded":1,"win_rate":0.0,"timestamp":1614124131,"path_taken":["M","?","?","?","M","R","M","E","T","R","E","M","?","$","R","BOSS","M","?","M","$","M","R","E","R","T","?","?","M","E","?","R","BOSS","M","M","$","M","?","R","E","M","T","R","$","M","?","M","R","BOSS"],"items_purchased_type":["Card","Relic","Relic","Relic","Relic","Relic","Relic","Card","Card"],"build_version":"2020-12-22","purchased_purges":1,"victory":true,"max_hp_per_floor":[70,70,70,70,70,70,70,70,70,70,70,70,70,70,70,70,70,70,70,70,70,75,75,75,75,75,75,75,75,75,75,75,75,75,75,75,75,75,75,75,75,75,75,75,85,85,85,85,85,85],"relic_stats":{"Blood Vial":38,"Dream Catcher":2,"Centennial Puzzle":[6],"counters":[24,127],"Turnip":[5],"Chemical X":[17],"Whetstone":["Strike_G","Strike_G"],"obtain_stats":[{"Pear":45,"Golden Idol":2,"Velvet Choker":17,"The Courier":9,"Whetstone":21,"Frozen Egg 2":8,"Bottled Tornado":24,"Paper Crane":30,"Ancient Tea Set":0,"Blood Vial":11,"Dream Catcher":43,"Centennial Puzzle":45,"HornCleat":26,"WristBlade":34,"Ninja Scroll":3,"Toolbox":21,"Molten Egg 2":41,"Turnip":37,"Chemical X":14,"Ring of the Snake":0},{"Pear":21,"Golden Idol":1,"Velvet Choker":7,"The Courier":4,"Whetstone":9,"Frozen Egg 2":4,"Bottled Tornado":11,"Paper Crane":14,"Ancient Tea Set":0,"Blood Vial":5,"Dream Catcher":21,"Centennial Puzzle":21,"HornCleat":11,"WristBlade":16,"Ninja Scroll":1,"Toolbox":9,"Molten Egg 2":20,"Turnip":18,"Chemical X":6,"Ring of the Snake":0},{"Pear":105,"Golden Idol":5,"Velvet Choker":36,"The Courier":19,"Whetstone":43,"Frozen Egg 2":19,"Bottled Tornado":52,"Paper Crane":68,"Ancient Tea Set":0,"Blood Vial":24,"Dream Catcher":105,"Centennial Puzzle":105,"HornCleat":52,"WristBlade":81,"Ninja Scroll":5,"Toolbox":43,"Molten Egg 2":99,"Turnip":89,"Chemical X":27,"Ring of the Snake":0}],"Ring of the Snake":[33]},"card_choices":[{"not_picked":["Tactician","Prepared"],"picked":"Quick Slash","floor":1.0},{"not_picked":["Quick Slash","Outmaneuver"],"picked":"Sucker Punch","floor":5.0},{"not_picked":["Sucker Punch","Noxious Fumes"],"picked":"Dagger Spray","floor":7.0},{"not_picked":["Blur","Underhanded Strike"],"picked":"PiercingWail","floor":8.0},{"not_picked":["Accuracy+1","Setup"],"picked":"Corpse Explosion","floor":11.0},{"not_picked":["Bane","Prepared"],"picked":"Riddle With Holes","floor":12.0},{"not_picked":["Phantasmal Killer","Venomology"],"picked":"Wraith Form v2+1","floor":16.0},{"not_picked":["Calculated Gamble","Prepared+1"],"picked":"Riddle With Holes+1","floor":18.0},{"not_picked":["Flying Knee","Poisoned Stab"],"picked":"Deflect","floor":20.0},{"not_picked":["Outmaneuver","Masterful Stab","Blade Dance"],"picked":"SKIP","floor":22.0},{"not_picked":["Dagger Throw","Sucker Punch"],"picked":"Skewer+1","floor":24.0},{"not_picked":["Sucker Punch","Prepared","Flying Knee"],"picked":"SKIP","floor":28.0},{"not_picked":["Eviscerate","Deadly Poison+1"],"picked":"Dash","floor":29.0},{"not_picked":["Infinite Blades+1","Flechettes"],"picked":"Dagger Spray+1","floor":30.0},{"not_picked":["Grand Finale","Tools of the Trade+1"],"picked":"After Image+1","floor":33.0},{"not_picked":["Concentrate","Finisher"],"picked":"Sucker Punch+1","floor":35.0},{"not_picked":["Backflip+1","Predator"],"picked":"Blur","floor":36.0},{"not_picked":["Acrobatics+1","All Out Attack+1","Flying Knee"],"picked":"SKIP","floor":38.0},{"not_picked":["Finisher+1","Predator+1"],"picked":"Blur+1","floor":41.0},{"not_picked":["Dodge and Roll","Outmaneuver"],"picked":"Endless Agony+1","floor":42},{"not_picked":["Flechettes+1","Poisoned Stab+1"],"picked":"Blade Dance+1","floor":44},{"not_picked":["Slice+1","Cloak And Dagger"],"picked":"Dash+1","floor":46},{"not_picked":["Sucker Punch+1","Dagger Throw+1"],"picked":"Leg Sweep+1","floor":48},{"not_picked":["Sucker Punch+1","Poisoned Stab+1"],"picked":"A Thousand Cuts+1","floor":49}],"player_experience":495490,"relics_obtained":[{"floor":8.0,"key":"Frozen Egg 2"},{"floor":9.0,"key":"The Courier"},{"floor":11.0,"key":"Blood Vial"},{"floor":24.0,"key":"Bottled Tornado"},{"floor":26.0,"key":"HornCleat"},{"floor":30.0,"key":"Paper Crane"},{"floor":41.0,"key":"Molten Egg 2"},{"floor":43,"key":"Dream Catcher"}],"event_choices":[{"damage_healed":0.0,"max_hp_gain":0.0,"max_hp_loss":0.0,"gold_gain":0.0,"event_name":"Golden Idol","player_choice":"Take Wound","floor":2.0,"gold_loss":0.0,"damage_taken":0.0,"relics_obtained":["Golden Idol"],"cards_obtained":["Injury"]},{"damage_healed":0.0,"max_hp_gain":0.0,"max_hp_loss":0.0,"gold_gain":0.0,"event_name":"Scrap Ooze","player_choice":"Success","floor":3.0,"gold_loss":0.0,"damage_taken":3.0,"relics_obtained":["Ninja Scroll"]},{"cards_removed":["Injury"],"damage_healed":0.0,"max_hp_gain":0.0,"max_hp_loss":0.0,"gold_gain":0.0,"event_name":"Living Wall","player_choice":"Forget","floor":4.0,"gold_loss":0.0,"damage_taken":0.0},{"damage_healed":23.0,"max_hp_gain":0.0,"max_hp_loss":0.0,"gold_gain":0.0,"event_name":"Big Fish","player_choice":"Banana","floor":13.0,"gold_loss":0.0,"damage_taken":0.0},{"damage_healed":0.0,"max_hp_gain":0.0,"max_hp_loss":0.0,"gold_gain":0.0,"event_name":"The Library","player_choice":"Read","floor":19.0,"gold_loss":0.0,"damage_taken":0.0,"cards_obtained":["Footwork"]},{"damage_healed":0.0,"max_hp_gain":0.0,"max_hp_loss":0.0,"gold_gain":100.0,"event_name":"Golden Shrine","player_choice":"Pray","floor":27.0,"gold_loss":0.0,"damage_taken":0.0},{"damage_healed":0.0,"max_hp_gain":0.0,"max_hp_loss":0.0,"gold_gain":0.0,"event_name":"Colosseum","player_choice":"Fight","floor":31.0,"gold_loss":0.0,"damage_taken":0.0},{"damage_healed":0.0,"max_hp_gain":0.0,"max_hp_loss":0.0,"gold_gain":0.0,"event_name":"Colosseum","player_choice":"Fled From Nobs","floor":31.0,"gold_loss":0.0,"damage_taken":0.0},{"damage_healed":0.0,"max_hp_gain":0.0,"max_hp_loss":0.0,"gold_gain":333.0,"event_name":"The Moai Head","player_choice":"Gave Idol","floor":39.0,"relics_lost":["Golden Idol"],"gold_loss":0.0,"damage_taken":0.0},{"damage_healed":0,"gold_gain":0,"player_choice":"Embrace Madness","damage_taken":11,"max_hp_gain":0,"max_hp_loss":0,"event_name":"Winding Halls","floor":47,"gold_loss":0,"cards_obtained":["Madness","Madness"]}],"is_beta":false,"boss_relics":[{"not_picked":["SlaversCollar","Fusion Hammer"],"picked":"Velvet Choker"},{"not_picked":["Runic Dome","Empty Cage"],"picked":"WristBlade"}],"items_purged_floors":[45],"is_endless":false,"potions_floor_spawned":[1,12,18,22,24,30,33,38,42],"ascension_level":10}}