{"host":"hszimsrtxxc2k25w","time":1614087941,"event":{"mods":["AchievementEnabler","BaseMod","Colored Map","DeckTracker","Minty Spire (QoL Compilation)","Rare Cards Sparkle","SuperFastMode"],"gold_per_floor":[113,263,263,65,80,112,112,122,122,132,150,150,175,201,201,201,201],"floor_reached":16,"language":"KOR","playtime":324,"items_purged":["Strike_R"],"score":270,"play_id":"b1b46a45-4445-4377-b35f-486c327106e8","local_time":"20210223224541","is_ascension_mode":true,"campfire_choices":[{"data":"Carnage","floor":7.0,"key":"SMITH"},{"data":"Feed","floor":12.0,"key":"SMITH"},{"data":"Body Slam","floor":15.0,"key":"SMITH"}],"circlet_count":0,"master_deck":["AscendersBane","Strike_R","Strike_R","Strike_R","Strike_R","Defend_R","Defend_R","Defend_R","Defend_R","Bash","Carnage+1","Doubt","Pommel Strike","Metallicize","Second Wind","Feed+1","Body Slam+1","Power Through"],"relics":["Burning Blood","NeowsBlessing","Torii","Membership Card","The Courier","Charon\u0027s Ashes","Odd Mushroom","White Beast Statue"],"acts_visited":["Exordium"],"potions_floor_usage":[16],"damage_taken":[{"damage":0.0,"enemies":"2 Louse","floor":1.0,"turns":1.0},{"damage":0.0,"enemies":"Jaw Worm","floor":5.0,"turns":1.0},{"damage":0.0,"enemies":"Lagavulin","floor":6.0,"turns":1.0},{"damage":6.0,"enemies":"Cultist","floor":8.0,"turns":3.0},{"damage":6.0,"enemies":"2 Fungi Beasts","floor":10.0,"turns":3.0},{"damage":1.0,"enemies":"Exordium Wildlife","floor":11.0,"turns":5.0},{"damage":23.0,"enemies":"The Mushroom Lair","floor":13.0,"turns":5.0},{"damage":19.0,"enemies":"3 Sentries","floor":14.0,"turns":7.0},{"damage":33,"enemies":"Hexaghost","floor":16,"turns":11}],"seed_played":"-184770228498753789","potions_obtained":[{"floor":1.0,"key":"FearPotion"},{"floor":6.0,"key":"Energy Potion"}],"is_trial":false,"path_per_floor":["M","?","?","$","M","E","R","M","T","M","M","R","?","E","R","B"],"character_chosen":"IRONCLAD","items_purchased":["Membership Card"],"campfire_rested":0,"item_purchase_floors":[4],"current_hp_per_floor":[74,74,48,48,54,60,60,60,60,60,65,65,48,39,39,6,6],"gold":201,"neow_bonus":"THREE_ENEMY_KILL","is_daily":false,"chose_seed":false,"campfire_upgraded":3,"win_rate":0.0,"timestamp":1614087941,"path_taken":["M","?","?","?","?","E","R","M","T","M","M","R","?","E","R","BOSS"],"items_purchased_type":["Relic"],"build_version":"2020-12-22","purchased_purges":1,"victory":false,"max_hp_per_floor":[75,75,75,75,75,75,75,75,75,75,75,75,75,79,79,79,79],"card_choices":[{"not_picked":["True Grit","Twin Strike"],"picked":"Carnage","floor":1.0},{"not_picked":["Clothesline","Infernal Blade"],"picked":"Pommel Strike","floor":5.0},{"not_picked":["Cleave","Entrench"],"picked":"Metallicize","floor":6.0},{"not_picked":["Clothesline","Pommel Strike","Flex"],"picked":"SKIP","floor":8.0},{"not_picked":["Blood for Blood","Feel No Pain"],"picked":"Second Wind","floor":10.0},{"not_picked":["Cleave","Shrug It Off"],"picked":"Feed","floor":11.0},{"not_picked":["Havoc","Clothesline"],"picked":"Body Slam","floor":13.0},{"not_picked":["Warcry","Perfected Strike"],"picked":"Power Through","floor":14.0}],"player_experience":694500,"relics_obtained":[{"floor":6.0,"key":"The Courier"},{"floor":9.0,"key":"Charon\u0027s Ashes"},{"floor":13.0,"key":"Odd Mushroom"},{"floor":14.0,"key":"White Beast Statue"}],"event_choices":[{"damage_healed":0.0,"max_hp_gain":0.0,"max_hp_loss":0.0,"gold_gain":150.0,"event_name":"Liars Game","player_choice":"AGREE","floor":2.0,"gold_loss":0.0,"damage_taken":0.0,"cards_obtained":["Doubt"]},{"damage_healed":0.0,"max_hp_gain":0.0,"max_hp_loss":0.0,"gold_gain":0.0,"event_name":"Scrap Ooze","player_choice":"Success","floor":3.0,"gold_loss":0.0,"damage_taken":26.0,"relics_obtained":["Torii"]},{"damage_healed":0.0,"max_hp_gain":0.0,"max_hp_loss":0.0,"gold_gain":0.0,"event_name":"Mushrooms","player_choice":"Fought Mushrooms","floor":13.0,"gold_loss":0.0,"damage_taken":0.0}],"is_beta":false,"boss_relics":[],"items_purged_floors":[4],"is_endless":false,"potions_floor_spawned":[1,6,13],"killed_by":"Hexaghost","ascension_level":20}}