{"host":"92108ef2q9tm8rod","time":1614044874,"event":{"mods":["BaseMod","Defuse TimeMaze Blight","Minty Spire (QoL Compilation)","StSLib","The Jungle"],"gold_per_floor":[119,119,119,130,150,150,177,177,177,211,229,240,255,310,310,411,411,421,346,346,31,51,78,78,78,78,78,105,125,125,141,141,237,237,252,252,262,278,291,317,317,346,346,346,356,356,356,369,369,369],"floor_reached":51,"language":"ENG","playtime":1842,"items_purged":["Hologram"],"score":1007,"play_id":"1fec244c-d0cc-4b6d-b118-6948efeb6ded","local_time":"20210223014754","daily_mods":["SealedDeck","Purple Cards","Heirloom","Flight"],"is_ascension_mode":false,"campfire_choices":[{"data":"White Noise","floor":6,"key":"SMITH"},{"data":"LikeWater","floor":8,"key":"SMITH"},{"floor":15,"key":"REST"},{"data":"Gash","floor":24,"key":"SMITH"},{"data":"Loop","floor":25,"key":"SMITH"},{"data":"Cold Snap","floor":27,"key":"SMITH"},{"data":"Cold Snap","floor":30,"key":"SMITH"},{"data":"BootSequence","floor":32,"key":"SMITH"},{"floor":41,"key":"REST"},{"floor":44,"key":"REST"},{"floor":46,"key":"REST"},{"floor":49,"key":"REST"}],"circlet_count":0,"master_deck":["Cold Snap+1","Gash+1","BootSequence+1","Cold Snap+1","Loop+1","LikeWater+1","ClearTheMind+1","Gash+1","White Noise+1","LikeWater+1"],"relics":["Cracked Core","TungstenRod","Turnip","Darkstone Periapt","Shuriken","Bag of Marbles","Thread and Needle","FossilizedHelix","Pantograph","InkBottle","Nuclear Battery","Orichalcum","White Beast Statue","Peace Pipe"],"acts_visited":["Exordium","Exordium","TheBeyond"],"potions_floor_usage":[28,29,29,29,31,31,35,42,50,50,50],"damage_taken":[{"damage":0,"enemies":"Cultist","floor":1,"turns":3},{"damage":0,"enemies":"2 Louse","floor":4,"turns":2},{"damage":0,"enemies":"Jaw Worm","floor":5,"turns":3},{"damage":5,"enemies":"Gremlin Nob","floor":7,"turns":3},{"damage":0,"enemies":"Lagavulin","floor":10,"turns":5},{"damage":5,"enemies":"Exordium Thugs","floor":11,"turns":3},{"damage":0,"enemies":"Exordium Wildlife","floor":12,"turns":3},{"damage":0,"enemies":"Looter","floor":13,"turns":3},{"damage":0,"enemies":"Slime Boss","floor":16,"turns":7},{"damage":6,"enemies":"theJungle:Flameango_and_Byrd","floor":18,"turns":5},{"damage":0,"enemies":"Shell Parasite","floor":22,"turns":3},{"damage":0,"enemies":"theJungle:2_Phrogs","floor":23,"turns":7},{"damage":0,"enemies":"theJungle:Cassacara","floor":28,"turns":5},{"damage":0,"enemies":"theJungle:2_Snecko_Cultists","floor":29,"turns":3},{"damage":0,"enemies":"theJungle:SlimyTreeVines","floor":31,"turns":4},{"damage":0,"enemies":"theJungle:QueenSpyder","floor":33,"turns":7},{"damage":10,"enemies":"3 Shapes","floor":35,"turns":5},{"damage":0,"enemies":"Orb Walker","floor":37,"turns":3},{"damage":0,"enemies":"Spire Growth","floor":38,"turns":4},{"damage":0,"enemies":"Writhing Mass","floor":39,"turns":6},{"damage":0,"enemies":"Giant Head","floor":40,"turns":8},{"damage":6,"enemies":"Nemesis","floor":42,"turns":7},{"damage":0,"enemies":"Maw","floor":45,"turns":7},{"damage":0,"enemies":"Spire Growth","floor":48,"turns":5},{"damage":18,"enemies":"Awakened One","floor":50,"turns":9}],"seed_played":"155614172693226923","potions_obtained":[{"floor":7,"key":"Energy Potion"},{"floor":10,"key":"GamblersBrew"},{"floor":11,"key":"Regen Potion"},{"floor":12,"key":"EntropicBrew"},{"floor":28,"key":"Explosive Potion"},{"floor":31,"key":"ColorlessPotion"},{"floor":33,"key":"CultistPotion"},{"floor":39,"key":"SpeedPotion"},{"floor":40,"key":"BlessingOfTheForge"},{"floor":45,"key":"Ancient Potion"}],"is_trial":true,"path_per_floor":["M","?","?","M","M","R","E","R","T","E","M","M","M","T","R","B",null,"M","$","?","$","M","E","R","R","T","R","E","M","R","M","R","B",null,"M","$","M","M","M","E","R","E","T","R","M","R","?","M","R","B",null],"character_chosen":"DEFECT","items_purchased":["Thread and Needle"],"campfire_rested":5,"item_purchase_floors":[21],"current_hp_per_floor":[75,61,66,66,66,66,61,61,61,61,56,56,56,56,80,80,80,74,74,74,74,74,74,74,74,74,74,80,80,80,80,80,80,80,70,70,70,70,70,70,80,74,74,80,80,80,73,73,80,62],"gold":369,"neow_bonus":"","is_daily":false,"chose_seed":false,"campfire_upgraded":7,"win_rate":0.0,"timestamp":1614044874,"path_taken":["M","?","?","M","M","R","E","R","T","E","?","M","M","?","R","BOSS","M","$","?","$","M","E","R","R","T","R","E","M","R","M","R","BOSS","M","$","M","M","M","E","R","E","T","R","M","R","?","M","R","BOSS"],"items_purchased_type":["Relic"],"build_version":"2020-12-22","purchased_purges":1,"victory":true,"max_hp_per_floor":[75,75,80,80,80,80,80,80,80,80,80,80,80,80,80,80,80,80,80,80,80,80,80,80,80,80,80,80,80,80,80,80,80,80,80,80,80,80,80,80,80,80,80,80,80,80,80,80,80,80],"card_choices":[{"not_picked":["BowlingBash","Consume","EmptyBody"],"picked":"SKIP","floor":1},{"not_picked":["SandsOfTime","Go for the Eyes","Cold Snap"],"picked":"SKIP","floor":4},{"not_picked":["Cold Snap","BowlingBash","Beam Cell"],"picked":"SKIP","floor":5},{"not_picked":["Cold Snap","Glacier","Stack"],"picked":"SKIP","floor":7},{"not_picked":["Tantrum","Thunder Strike","Darkness"],"picked":"SKIP","floor":10},{"not_picked":["MentalFortress","Conclude","SignatureMove"],"picked":"SKIP","floor":11},{"not_picked":["Redo","Gash","Compile Driver"],"picked":"SKIP","floor":12},{"not_picked":["EmptyFist","FTL","BowlingBash"],"picked":"SKIP","floor":13},{"not_picked":["Leap","Sweeping Beam","Reinforced Body"],"picked":"SKIP","floor":18},{"not_picked":["Crescendo","Tantrum","Halt+1"],"picked":"SKIP","floor":22},{"not_picked":["Crescendo","Tantrum","Halt+1"],"picked":"SKIP","floor":22},{"not_picked":["Compile Driver","FlyingSleeves","Amplify"],"picked":"SKIP","floor":23},{"not_picked":["SashWhip+1","Stack","BootSequence"],"picked":"SKIP","floor":28},{"not_picked":["Tantrum","SandsOfTime+1"],"picked":"LikeWater+1","floor":29},{"not_picked":["FollowUp","ThirdEye","CutThroughFate"],"picked":"SKIP","floor":31},{"not_picked":["ClearTheMind","Sweeping Beam","CarveReality+1"],"picked":"SKIP","floor":35},{"not_picked":["Gash+1","Double Energy+1","Conclude"],"picked":"SKIP","floor":37},{"not_picked":["Double Energy","Leap+1","Stack+1"],"picked":"SKIP","floor":38},{"not_picked":["EmptyFist+1","Swivel","SpiritShield"],"picked":"SKIP","floor":39},{"not_picked":["SandsOfTime+1","Evaluate","Capacitor+1"],"picked":"SKIP","floor":40},{"not_picked":["ClearTheMind+1","Halt+1","Ball Lightning+1"],"picked":"SKIP","floor":42},{"not_picked":["Adaptation+1","Protect+1","Weave+1"],"picked":"SKIP","floor":45},{"not_picked":["SignatureMove+1","Self Repair+1","Weave"],"picked":"SKIP","floor":48}],"player_experience":3448941,"relics_obtained":[{"floor":7,"key":"Turnip"},{"floor":9,"key":"Darkstone Periapt"},{"floor":10,"key":"Shuriken"},{"floor":14,"key":"Bag of Marbles"},{"floor":23,"key":"FossilizedHelix"},{"floor":26,"key":"Pantograph"},{"floor":28,"key":"InkBottle"},{"floor":40,"key":"Orichalcum"},{"floor":42,"key":"White Beast Statue"},{"floor":43,"key":"Peace Pipe"}],"event_choices":[{"damage_healed":0,"gold_gain":0,"player_choice":"Entered Light","damage_taken":15,"max_hp_gain":0,"max_hp_loss":0,"event_name":"Shining Light","floor":2,"gold_loss":0,"cards_upgraded":["Gash","ClearTheMind"]},{"damage_healed":0,"gold_gain":0,"player_choice":"Donut","damage_taken":0,"max_hp_gain":5,"max_hp_loss":0,"event_name":"Big Fish","floor":3,"gold_loss":0},{"damage_healed":0,"gold_gain":0,"player_choice":"Damaged","damage_taken":8,"max_hp_gain":0,"max_hp_loss":0,"event_name":"Wheel of Change","floor":47,"gold_loss":0}],"is_beta":false,"boss_relics":[{"not_picked":["Inserter","Runic Dome","FrozenCore"]},{"not_picked":["Snecko Eye","Busted Crown"],"picked":"Nuclear Battery"}],"items_purged_floors":[19],"is_endless":false,"potions_floor_spawned":[7,10,11,12,28,31,33,39,40,45,48],"ascension_level":0}}