{"host":"clf2hd4adhiiw0zf","time":1614123775,"event":{"mods":["AchievementEnabler","BaseMod","Beaked The Cultist","Bestiary","Dark Map","Downfall","Gremlin Mod","Hermit","Jorbs\u0027s Wanderer Trilogy","Marisa????????","Minty Spire (QoL Compilation)","Quick Restart","Replay The Spire","Shop Mod","Spire Arcade","StSLib","The Construct","The Cursed","Wide Potions"],"gold_per_floor":[99,119,132,149,161,190,190,206,283,299,299,57,57,57,77,180,180,180,197,257,307,323,357,357,157,207,257,257,272,272,297,317,420,420,499,509,528,528,528,542,592,609,609,641,641,641,641],"floor_reached":45,"language":"ENG","playtime":3026,"items_purged":[],"score":731,"play_id":"8eebd8c3-8930-4dcb-88e0-b0fe5e97bce1","local_time":"20210223164255","is_ascension_mode":true,"campfire_choices":[{"floor":13.0,"key":"REST"},{"floor":18.0,"key":"RECALL"},{"data":"Guardian:ConstructionForm","floor":25.0,"key":"SMITH"},{"data":"Guardian:TwinSlam","floor":28.0,"key":"SMITH"},{"data":"Guardian:Harden","floor":30.0,"key":"SMITH"}],"circlet_count":0,"master_deck":["Guardian:Strike_Guardian","Guardian:Strike_Guardian","Guardian:Strike_Guardian","Guardian:Defend_Guardian","Guardian:Defend_Guardian","Guardian:Defend_Guardian","Guardian:Defend_Guardian","Guardian:CurlUp","Guardian:TwinSlam+1","Guardian:PiercingHide","Guardian:SentryBeam+1","Guardian:TemporalStrike","Guardian:DecasProtection","Guardian:TimeSifter","Guardian:Harden+1","Guardian:ShieldSpikes","Guardian:EvasiveProtocol","Guardian:ShieldSpikes","Guardian:ConstructionForm+1","Guardian:ChargeUp+1","Guardian:ArmoredProtocol","Guardian:Harden","Guardian:PiercingHide+1","Guardian:StasisField","Guardian:RevengeProtocol","Replay:SS_fish_1","Replay:SS_forest_2","Guardian:GatlingBeam"],"relics":["Runic Pyramid","Boot","Happy Flower","Pet Ghost","Akabeko","SsserpentHead","SlaversCollar","Slimebound:PreparedRelic","downfall:HeartBlessingRed","downfall:HeartBlessingBlue","MutagenicStrength","PreservedInsect","expansioncontent:StudyCardRelic","ReplayTheSpireMod:Lightbulb","Omamori"],"acts_visited":["Exordium","TheCity","TheBeyond"],"potions_floor_usage":[45],"damage_taken":[{"damage":0.0,"enemies":"Cultist","floor":2.0,"turns":4.0},{"damage":2.0,"enemies":"Small Slimes","floor":3.0,"turns":4.0},{"damage":0.0,"enemies":"2 Louse","floor":4.0,"turns":4.0},{"damage":0.0,"enemies":"2 Fungi Beasts","floor":5.0,"turns":3.0},{"damage":40.0,"enemies":"Gremlin Nob","floor":6.0,"turns":5.0},{"damage":14.0,"enemies":"Lots of Slimes","floor":8.0,"turns":4.0},{"damage":7.0,"enemies":"Exordium Wildlife","floor":10.0,"turns":3.0},{"damage":0.0,"enemies":"downfall:FleeingMerchant","floor":12.0,"turns":4.0},{"damage":0.0,"enemies":"downfall:LooterAlt","floor":15.0,"turns":2.0},{"damage":0.0,"enemies":"SI_SHIV_ARCHETYPE","floor":16.0,"turns":10.0},{"damage":6.0,"enemies":"Shell Parasite","floor":19.0,"turns":7.0},{"damage":0.0,"enemies":"Chosen","floor":20.0,"turns":8.0},{"damage":0.0,"enemies":"3 Cultists","floor":22.0,"turns":5.0},{"damage":17.0,"enemies":"Slavers","floor":23.0,"turns":6.0},{"damage":0.0,"enemies":"Snake Plant","floor":29.0,"turns":2.0},{"damage":0.0,"enemies":"Book of Stabbing","floor":31.0,"turns":6.0},{"damage":0.0,"enemies":"Chosen and Byrds","floor":32.0,"turns":8.0},{"damage":2.0,"enemies":"DF_ARCHETYPE_CLAW","floor":33.0,"turns":10.0},{"damage":5.0,"enemies":"3 Darklings","floor":36.0,"turns":8.0},{"damage":0.0,"enemies":"3 Shapes","floor":37.0,"turns":10.0},{"damage":8.0,"enemies":"Jaw Worm Horde","floor":40.0,"turns":4.0},{"damage":1.0,"enemies":"Maw","floor":42.0,"turns":10.0},{"damage":41.0,"enemies":"Reptomancer","floor":44.0,"turns":9.0},{"damage":42,"enemies":"Transient","floor":45,"turns":5}],"seed_played":"4381650753395196516","potions_obtained":[{"floor":3.0,"key":"Strength Potion"},{"floor":5.0,"key":"Guardian:DefensiveModePotion"},{"floor":6.0,"key":"Strength Potion"},{"floor":10.0,"key":"Toxic Potion"},{"floor":15.0,"key":"Languid Potion"},{"floor":20.0,"key":"Reflective Coating"},{"floor":22.0,"key":"Guardian:AcceleratePotion"},{"floor":31.0,"key":"Dexterity Potion"},{"floor":33.0,"key":"hexamod:SoulburnPotion"},{"floor":36.0,"key":"Energy Potion"}],"is_trial":false,"path_per_floor":["R","M","M","M","M","E","T","M","?","M","?","$","R","?","M","B",null,"R","M","M","?","M","E","T","R","?","?","R","M","R","E","M","B",null,"R","M","M","PTL","PTL","M","?","M","T","E","M"],"character_chosen":"GUARDIAN","items_purchased":["Akabeko","Guardian:EvasiveProtocol"],"campfire_rested":1,"item_purchase_floors":[12,12],"current_hp_per_floor":[72,72,70,70,70,30,30,16,16,9,9,9,33,33,33,33,68,68,62,62,62,62,45,45,55,55,55,55,55,55,55,55,53,81,81,76,76,76,76,68,63,62,62,21,0,0,0],"gold":641,"neow_bonus":"BOSS_RELIC","is_daily":false,"chose_seed":false,"campfire_upgraded":3,"win_rate":0.0,"timestamp":1614123775,"path_taken":["R","M","M","M","?","E","T","M","?","M","?","$","R","?","M","BOSS","R","M","?","?","M","E","T","R","?","?","R","M","R","E","M","BOSS","R","M","M","PTL","PTL","M","?","M","T","E","M"],"items_purchased_type":["Relic","Card"],"build_version":"2020-12-22","purchased_purges":0,"victory":false,"max_hp_per_floor":[80,80,80,80,80,80,80,80,80,80,80,80,80,80,80,80,80,80,80,80,80,80,80,80,90,90,90,90,90,90,90,90,90,90,90,90,90,90,90,90,90,90,90,90,90,90,90],"card_choices":[{"not_picked":["Guardian:Gem_Lightblue","Guardian:Reroute"],"picked":"Guardian:SentryBeam","floor":2.0},{"not_picked":["Guardian:PiercingHide","Guardian:Recover"],"picked":"Guardian:Gem_White","floor":3.0},{"not_picked":["Guardian:PrimingBeam","Guardian:RollAttack"],"picked":"Guardian:TemporalStrike","floor":4.0},{"not_picked":["Guardian:CrystalBeam","Guardian:Planning"],"picked":"Guardian:Gem_Purple","floor":5.0},{"not_picked":["Guardian:PiercingHide","Guardian:FuturePlans"],"picked":"Guardian:DecasProtection","floor":6.0},{"not_picked":["Guardian:Reroute","Guardian:Planning","Guardian:Repulse"],"picked":"SKIP","floor":8.0},{"not_picked":["Guardian:TemporalShield","Guardian:Planning"],"picked":"Guardian:TimeSifter","floor":9.0},{"not_picked":["Guardian:CrystalBeam","Guardian:ChargeCore"],"picked":"Guardian:Gem_Red","floor":9.0},{"not_picked":["Guardian:Gem_Lightblue","Guardian:SentryBeam"],"picked":"Guardian:Harden","floor":10.0},{"not_picked":["Guardian:Planning","Guardian:FuturePlans"],"picked":"Guardian:ShieldSpikes","floor":12.0},{"not_picked":["Guardian:ChargeCore","Guardian:FloatingOrbs"],"picked":"Guardian:ShieldSpikes","floor":15.0},{"not_picked":["Guardian:GatlingBeam","Guardian:StasisEngine"],"picked":"Guardian:ConstructionForm","floor":16.0},{"not_picked":["Guardian:TemporalShield","Guardian:Planning+1","Guardian:Reroute"],"picked":"SKIP","floor":19.0},{"not_picked":["Guardian:Recover+1","Guardian:PiercingHide+1"],"picked":"Guardian:ChargeUp","floor":20.0},{"not_picked":["Guardian:PrimingBeam","Guardian:PrismaticBarrier+1","Guardian:FloatingOrbs"],"picked":"SKIP","floor":22.0},{"not_picked":["Guardian:FloatingOrbs","Guardian:Planning"],"picked":"Guardian:ArmoredProtocol","floor":23.0},{"not_picked":["Guardian:RefractedBeam","Guardian:Emergency+1"],"picked":"Guardian:Harden","floor":29.0},{"not_picked":["Guardian:Planning","Guardian:TemporalShield"],"picked":"Guardian:PiercingHide+1","floor":31.0},{"not_picked":["Guardian:ShieldCharger","Guardian:FloatingOrbs+1"],"picked":"Guardian:StasisField","floor":32.0},{"not_picked":["Guardian:StasisField","Guardian:FierceBash"],"picked":"Guardian:RevengeProtocol","floor":33.0},{"not_picked":["Guardian:PrimingBeam","Guardian:VentSteam","Guardian:Suspension+1"],"picked":"SKIP","floor":36.0},{"not_picked":["Guardian:Planning","Guardian:Reroute","Guardian:TemporalShield"],"picked":"SKIP","floor":37.0},{"not_picked":["Guardian:Gem_Lightblue","Guardian:Gem_Cyan","Guardian:Planning+1"],"picked":"SKIP","floor":40.0},{"not_picked":["Replay:SS_forest_2","expansioncontent:InvincibleStrength"],"picked":"Replay:SS_fish_1","floor":41.0},{"not_picked":["expansioncontent:InvincibleStrength","expansioncontent:PolyBeam"],"picked":"Replay:SS_forest_2","floor":41.0},{"not_picked":["Guardian:ChargeCore","Guardian:GuardianWhirl+1","Guardian:SentryBeam+1"],"picked":"SKIP","floor":42.0},{"not_picked":["Guardian:Preprogram","Guardian:CrystalBeam"],"picked":"Guardian:GatlingBeam","floor":44.0}],"player_experience":370889,"relics_obtained":[{"floor":6.0,"key":"Boot"},{"floor":7.0,"key":"Happy Flower"},{"floor":9.0,"key":"Pet Ghost"},{"floor":23.0,"key":"Slimebound:PreparedRelic"},{"floor":31.0,"key":"PreservedInsect"},{"floor":43.0,"key":"ReplayTheSpireMod:Lightbulb"},{"floor":44.0,"key":"Omamori"}],"event_choices":[{"damage_healed":0.0,"max_hp_gain":0.0,"max_hp_loss":0.0,"gold_gain":0.0,"event_name":"FaceTrader","player_choice":"Trade","floor":14.0,"gold_loss":0.0,"damage_taken":0.0,"relics_obtained":["SsserpentHead"]},{"damage_healed":0.0,"max_hp_gain":0.0,"max_hp_loss":0.0,"gold_gain":0.0,"event_name":"Ghosts","player_choice":"Ignored","floor":21.0,"gold_loss":0.0,"damage_taken":0.0},{"damage_healed":0.0,"max_hp_gain":0.0,"max_hp_loss":0.0,"gold_gain":0.0,"event_name":"Drug Dealer","player_choice":"Inject Mutagens","floor":26.0,"gold_loss":0.0,"damage_taken":0.0,"relics_obtained":["MutagenicStrength"]}],"is_beta":false,"boss_relics":[{"not_picked":["Pandora\u0027s Box","Empty Cage"],"picked":"SlaversCollar"},{"not_picked":["Runic Dome","Kintsugi"],"picked":"expansioncontent:StudyCardRelic"}],"items_purged_floors":[],"is_endless":false,"potions_floor_spawned":[3,5,6,10,15,20,22,31,33,36,37],"killed_by":"Transient","ascension_level":6}}