{"host":"qc8gw3x1c8jlo9fx","time":1614057460,"event":{"mods":["AchievementEnabler","BaseMod","Better Note","BetterRewards","Conspire","Hubris","Infinite Spire","Jedi Mod","Minty Spire (QoL Compilation)","Reliquary","Replay The Spire","StSLib","The IronCluck"],"gold_per_floor":[144,189,189,109,154,244,244,244,244,244,419,494,494,551,551,696,696],"floor_reached":16,"language":"ENG","playtime":593,"items_purged":[],"score":123,"play_id":"dfb5ff3a-8a41-492c-a12c-a2f2adb365ed","local_time":"20210222221740","daily_mods":["Draft","Flight","Midas"],"is_ascension_mode":false,"campfire_choices":[{"floor":8,"key":"REST"},{"floor":15,"key":"REST"}],"circlet_count":0,"master_deck":["hubris:ReadiedAction","ReplayTheSpireMod:Strike From Hell","Anger","Armaments","jedi:fear","jedi:fear","Shockwave","Armaments","Wild Strike","Feel No Pain","Dropkick","Wild Strike","jedi:fear","Wild Strike+1","Shrug It Off","Wild Strike","Seeing Red+1","Fire Breathing","Dual Wield","Flex","Doubt","Iron Wave","hubris:CleavingFinish"],"relics":["Burning Blood","Durian","Replay:Bandana","reliquary:PurpleTingedLeaf","Golden Idol","Odd Mushroom"],"acts_visited":["Exordium"],"potions_floor_usage":[16],"damage_taken":[{"damage":9,"enemies":"2 Louse","floor":1,"turns":4},{"damage":13,"enemies":"infinitespire:Voidling","floor":2,"turns":3},{"damage":13,"enemies":"Jaw Worm","floor":5,"turns":3},{"damage":13,"enemies":"Gremlin Nob","floor":6,"turns":3},{"damage":10,"enemies":"Blue Slaver","floor":12,"turns":3},{"damage":18,"enemies":"The Mushroom Lair","floor":14,"turns":5},{"damage":64,"enemies":"The Guardian","floor":16,"turns":10}],"seed_played":"-7386017133472573341","potions_obtained":[{"floor":1,"key":"jedi:wingpotion"},{"floor":2,"key":"AttackPotion"}],"is_trial":false,"path_per_floor":["M","M","?","$","M","E","?","R","T","T","?","M","?","?","R","B"],"character_chosen":"IRONCLAD","items_purchased":["Fire Breathing"],"campfire_rested":2,"item_purchase_floors":[4],"current_hp_per_floor":[77,74,74,74,67,65,48,73,73,73,73,70,49,38,63,0,0],"gold":696,"neow_bonus":"","is_daily":true,"chose_seed":false,"campfire_upgraded":0,"win_rate":0.0,"timestamp":1614057460,"path_taken":["M","M","?","$","?","E","?","R","T","?","?","?","?","?","R","BOSS"],"items_purchased_type":["Card"],"build_version":"2020-12-22","purchased_purges":0,"victory":false,"max_hp_per_floor":[80,80,80,80,80,85,85,85,85,85,85,85,85,85,85,85,85],"card_choices":[{"not_picked":["Replay:Undeath\u0027s Touch","Clash"],"picked":"hubris:ReadiedAction","floor":0},{"not_picked":["ReplayTheSpireMod:Corrosion Curse","Rupture"],"picked":"ReplayTheSpireMod:Strike From Hell","floor":0},{"not_picked":["Havoc","hubris:ReadiedAction"],"picked":"Anger","floor":0},{"not_picked":["Replay:Undeath\u0027s Touch","ReplayTheSpireMod:Strike From Hell"],"picked":"Armaments","floor":0},{"not_picked":["Rupture","Heavy Blade"],"picked":"jedi:fear","floor":0},{"not_picked":["Havoc","Shrug It Off"],"picked":"jedi:fear","floor":0},{"not_picked":["Clash","hubris:ReadiedAction"],"picked":"Shockwave","floor":0},{"not_picked":["ReplayTheSpireMod:Strike From Hell","jedi:MakeshiftSword"],"picked":"Armaments","floor":0},{"not_picked":["Cleave","Defy Death"],"picked":"Wild Strike","floor":0},{"not_picked":["Heavy Blade","Sever Soul"],"picked":"Feel No Pain","floor":0},{"not_picked":["Clash","Body Slam"],"picked":"Dropkick","floor":0},{"not_picked":["Clash","Dropkick"],"picked":"Wild Strike","floor":0},{"not_picked":["Ghostly Armor","Battle Trance"],"picked":"jedi:fear","floor":0},{"not_picked":["Heavy Blade","Anger"],"picked":"Wild Strike","floor":0},{"not_picked":["ReplayTheSpireMod:LeadingStrike","Wild Strike"],"picked":"Shrug It Off","floor":0},{"not_picked":["jedi:fear","Run Through"],"picked":"Wild Strike","floor":1},{"not_picked":["Dark Embrace","Evolve"],"picked":"Seeing Red","floor":2},{"not_picked":["Rupture","Burning Pact"],"picked":"Dual Wield","floor":5},{"not_picked":["conspire:Charge","Reaper"],"picked":"Flex","floor":6},{"not_picked":["Clothesline","True Grit"],"picked":"Iron Wave","floor":12},{"not_picked":["Sever Soul","jedi:fear"],"picked":"hubris:CleavingFinish","floor":14}],"player_experience":220788,"relics_obtained":[{"floor":6,"key":"Durian"},{"floor":9,"key":"Replay:Bandana"},{"floor":10,"key":"reliquary:PurpleTingedLeaf"},{"floor":14,"key":"Odd Mushroom"}],"event_choices":[{"damage_healed":0,"gold_gain":0,"player_choice":"Bought 0 Potions","damage_taken":0,"max_hp_gain":0,"max_hp_loss":0,"event_name":"The Woman in Blue","floor":3,"gold_loss":0},{"damage_healed":0,"gold_gain":0,"player_choice":"Entered Light","damage_taken":17,"max_hp_gain":0,"max_hp_loss":0,"event_name":"Shining Light","floor":7,"gold_loss":0,"cards_upgraded":["Wild Strike","Seeing Red"]},{"damage_healed":0,"gold_gain":175,"player_choice":"AGREE","damage_taken":0,"max_hp_gain":0,"max_hp_loss":0,"event_name":"Liars Game","floor":11,"gold_loss":0,"cards_obtained":["Doubt"]},{"damage_healed":0,"gold_gain":0,"player_choice":"Take Damage","damage_taken":21,"relics_obtained":["Golden Idol"],"max_hp_gain":0,"max_hp_loss":0,"event_name":"Golden Idol","floor":13,"gold_loss":0},{"damage_healed":0,"gold_gain":0,"player_choice":"Fought Mushrooms","damage_taken":0,"max_hp_gain":0,"max_hp_loss":0,"event_name":"Mushrooms","floor":14,"gold_loss":0}],"is_beta":false,"boss_relics":[],"items_purged_floors":[],"is_endless":false,"potions_floor_spawned":[1,2],"killed_by":"The Guardian","ascension_level":0}}