{"host":"zybdh2ue20qfjbiz","time":1614080329,"event":{"mods":["AchievementEnabler","BaseMod","Better Altar","Better Skull","BetterRewards","Friendly Minions","Koishi","Lobotomy","LobotomyExtend","Minty Spire (QoL Compilation)","RemiliaÅiÂQïƒ‰ª?Åj","StSLib"],"gold_per_floor":[117,117,131,144,160,191,191,224,271,290,240,274,274,274,274,372,372,388,303,318,243,99,130,141,141,166,166,184,184,218,218,218,323,323,342,342,358,358,368,403,419,449,498,524,524,540,550,564,564,564,564],"floor_reached":52,"language":"ENG","playtime":3324,"items_purged":["Strike_RM","Strike_RM","Strike_RM"],"score":1392,"play_id":"7b8a7168-ca5d-4c58-bd3b-6a9425afe560","local_time":"20210223143849","is_ascension_mode":true,"campfire_choices":[{"data":"BloodySeventeenLaser","floor":7,"key":"SMITH"},{"data":"DiffusionOfMisfortune","floor":13,"key":"SMITH"},{"data":"ChainGang","floor":15,"key":"SMITH"},{"data":"MastersStateliness","floor":25,"key":"SMITH"},{"data":"BloodAndWine","floor":27,"key":"SMITH"},{"data":"RedMagic","floor":32,"key":"SMITH"},{"data":"HeartBreak","floor":45,"key":"SMITH"},{"data":"MastersStateliness","floor":49,"key":"SMITH"}],"circlet_count":0,"master_deck":["Defend_RM+1","RedMoon","ScarletShoot","BloodySeventeenLaser+1","RedMagic+1","BloodAndWine+1","ChainGang+1","EndlessAdversity+1","DiffusionOfMisfortune+1","ScarletDevil","DevilSight","DiffusionOfMisfortune+1","BloodRain+1","MastersStateliness+1","BloodySeventeenLaser+1","BatForm","BlasphemousPunishment","HeartBreak+1","MastersStateliness+1","BombardNight+1","MillenniumVampire","UnderTheZenith+1","DiffusionOfMisfortune+1"],"relics":["ScarletHat","Question Card","AntiCross","Meat on the Bone","LetterFromLob","Mummified Hand","Singing Bowl","Centennial Puzzle","Ancient Tea Set","LaetitiaHeart","Moonlight_r","ScarletEmblem","Blue Candle","DollysMirror","Strawberry","War Paint","PreservedInsect","Empty Cage","Dead Branch","Bag of Marbles","Bottled Tornado","Boot","Potion Belt"],"acts_visited":["Exordium","TheCity","TheBeyond"],"potions_floor_usage":[],"damage_taken":[{"damage":4,"enemies":"Jaw Worm","floor":1,"turns":2},{"damage":7,"enemies":"Cultist","floor":3,"turns":2},{"damage":0,"enemies":"2 Louse","floor":4,"turns":1},{"damage":6,"enemies":"Blue Slaver","floor":5,"turns":4},{"damage":8,"enemies":"3 Sentries","floor":6,"turns":3},{"damage":1,"enemies":"Gremlin Nob","floor":8,"turns":2},{"damage":0,"enemies":"2 Fungi Beasts","floor":10,"turns":2},{"damage":0,"enemies":"3 Sentries","floor":12,"turns":3},{"damage":0,"enemies":"3 Sentries","floor":14,"turns":2},{"damage":0,"enemies":"3 Sentries","floor":14,"turns":1},{"damage":0,"enemies":"Slime Boss","floor":16,"turns":2},{"damage":0,"enemies":"Spheric Guardian","floor":18,"turns":1},{"damage":9,"enemies":"2 Thieves","floor":20,"turns":2},{"damage":0,"enemies":"Slavers","floor":23,"turns":1},{"damage":3,"enemies":"Chosen and Byrds","floor":24,"turns":2},{"damage":0,"enemies":"Snecko","floor":28,"turns":1},{"damage":5,"enemies":"Book of Stabbing","floor":30,"turns":3},{"damage":10,"enemies":"Champ","floor":33,"turns":4},{"damage":0,"enemies":"Orb Walker","floor":35,"turns":1},{"damage":10,"enemies":"3 Darklings","floor":37,"turns":2},{"damage":11,"enemies":"Spire Growth","floor":39,"turns":1},{"damage":13,"enemies":"Giant Head","floor":40,"turns":2},{"damage":5,"enemies":"Maw","floor":41,"turns":3},{"damage":0,"enemies":"Reptomancer","floor":42,"turns":2},{"damage":0,"enemies":"Giant Head","floor":44,"turns":1},{"damage":0,"enemies":"Jaw Worm Horde","floor":46,"turns":1},{"damage":0,"enemies":"Spire Growth","floor":47,"turns":3},{"damage":0,"enemies":"Writhing Mass","floor":48,"turns":1},{"damage":46,"enemies":"Donu and Deca","floor":50,"turns":3}],"seed_played":"7702515118985602168","potions_obtained":[{"floor":1,"key":"DistilledChaos"},{"floor":4,"key":"ColorlessPotion"},{"floor":5,"key":"AttackPotion"},{"floor":23,"key":"LiquidMemories"},{"floor":42,"key":"DuplicationPotion"},{"floor":48,"key":"BlessingOfTheForge"}],"is_trial":false,"path_per_floor":["M","?","M","M","M","E","R","E","T","M","?","E","R","?","R","B",null,"M","?","M","?","$","E","M","R","T","R","M","?","E","?","R","B",null,"M","?","M","?","M","E","M","E","T","E","R","M","M","M","R","B",null,null],"character_chosen":"REMILIA","items_purchased":["Question Card","AntiCross","BloodySeventeenLaser","RedMagic","Meat on the Bone","DollysMirror"],"campfire_rested":0,"item_purchase_floors":[0,0,0,0,0,22],"current_hp_per_floor":[36,36,42,42,38,42,42,43,43,43,43,45,45,21,21,39,63,65,65,56,56,56,63,62,62,62,62,64,64,67,67,67,70,74,76,76,66,66,58,54,57,63,63,80,80,82,84,84,84,43,43],"gold":564,"neow_bonus":"","is_daily":false,"chose_seed":false,"campfire_upgraded":8,"win_rate":0.0,"timestamp":1614080329,"path_taken":["M","?","M","?","M","E","R","E","T","M","?","E","R","?","R","BOSS","M","?","M","?","$","E","M","R","T","R","M","?","E","?","R","BOSS","M","?","M","?","M","E","?","E","T","E","R","M","?","M","R","BOSS"],"items_purchased_type":["Relic","Relic","Card","Card","Relic","Relic"],"build_version":"2020-12-22","purchased_purges":3,"victory":true,"max_hp_per_floor":[75,75,75,75,75,75,75,75,75,75,75,77,77,63,63,63,63,65,65,65,65,65,72,72,72,72,72,72,72,74,74,74,74,74,76,76,76,76,76,78,78,78,78,80,80,82,84,84,84,84,84],"card_choices":[{"not_picked":["StarOfDavid","VampireKiss","RedRainbow"],"picked":"BloodAndWine","floor":1},{"not_picked":["BloodyMagicSquare","VampirishNight","UltimateOffering"],"picked":"ChainGang","floor":3},{"not_picked":["ScarletDevilSign","UltimateOffering","UnderTheZenith"],"picked":"EndlessAdversity","floor":4},{"not_picked":["VampirishNight","BloodHunter","ForbiddenFruit"],"picked":"DiffusionOfMisfortune","floor":5},{"not_picked":["VampireKiss","BloodHunter","RedRainbow"],"picked":"ScarletDevil","floor":6},{"not_picked":["RedRainbow","UnstableMagic","HunterOfTheNight"],"picked":"DevilSight","floor":8},{"not_picked":["EquivalentExchange","RedRainbow","UnstableMagic"],"picked":"DiffusionOfMisfortune","floor":10},{"not_picked":["BloodyMagicSquare","UnderTheZenith","BloodHunter","RedRainbow"],"picked":"Singing Bowl","floor":12},{"not_picked":["ForecastOfChange","DemonKingCradle","ScarletCoffin"],"picked":"BloodRain","floor":16},{"not_picked":["MastersStateliness","SuperhumanBloodyKnife","UnderTheZenith","Stigmanizer"],"picked":"Singing Bowl","floor":18},{"not_picked":["CharismaGuard","UnderTheZenith","FitfulNightmare"],"picked":"MastersStateliness","floor":20},{"not_picked":["ScarletDevil","EndlessAdversity","GlobalNightmare"],"picked":"BatForm","floor":23},{"not_picked":["EndlessAdversity","Septette","EternalNight"],"picked":"ReincarnationDial","floor":24},{"not_picked":["FavorOfDestiny","StarOfDavid","VampireKiss"],"picked":"BlasphemousPunishment","floor":28},{"not_picked":["EternalNight","UltimateOffering+1","DiffusionOfMisfortune","NightDance"],"picked":"Singing Bowl","floor":30},{"not_picked":["BatForm","DemonKingCradle","HellCatastrophe"],"picked":"HeartBreak","floor":33},{"not_picked":["StarOfDavid","CharismaGuard","GlobalNightmare+1","BlasphemousPunishment"],"picked":"Singing Bowl","floor":35},{"not_picked":["BadLadyScramble","VampireClaw+1","ScarletDevilSign+1"],"picked":"MastersStateliness","floor":37},{"not_picked":["VampireClaw+1","MastersStateliness+1","BlasphemousPunishment+1"],"picked":"BombardNight+1","floor":39},{"not_picked":["ScarletDevilSign","TwelveNightmare+1","StarOfDavid","CeilingFear"],"picked":"Singing Bowl","floor":40},{"not_picked":["ScarletDevil","VampirishNight","UnstableMagic"],"picked":"MillenniumVampire","floor":41},{"not_picked":["ScarletImprint","ScarletDevil","LeisurelyOfLord+1"],"picked":"UnderTheZenith+1","floor":42},{"not_picked":["StarOfDavid","VampireSweep","RedRainbow+1","ScarletMeister"],"picked":"Singing Bowl","floor":44},{"not_picked":["NightDance+1","BloodHunter","FavorOfDestiny","FitfulNightmare+1"],"picked":"Singing Bowl","floor":46},{"not_picked":["RedNightlessCastle","EternalNight","VampireKiss+1","UnderTheZenith+1"],"picked":"Singing Bowl","floor":47},{"not_picked":["ForbiddenFruit+1","FitfulNightmare+1","VampireFantasy+1"],"picked":"DiffusionOfMisfortune+1","floor":48}],"player_experience":434129,"relics_obtained":[{"floor":1,"key":"LetterFromLob"},{"floor":6,"key":"Mummified Hand"},{"floor":8,"key":"Singing Bowl"},{"floor":9,"key":"Centennial Puzzle"},{"floor":12,"key":"Ancient Tea Set"},{"floor":23,"key":"Strawberry"},{"floor":26,"key":"War Paint"},{"floor":30,"key":"PreservedInsect"},{"floor":40,"key":"Bag of Marbles"},{"floor":42,"key":"Bottled Tornado"},{"floor":43,"key":"Boot"},{"floor":44,"key":"Potion Belt"}],"event_choices":[{"damage_healed":0,"gold_gain":0,"player_choice":"Bought 0 Potions","damage_taken":0,"max_hp_gain":0,"max_hp_loss":0,"event_name":"The Woman in Blue","floor":2,"gold_loss":0},{"cards_removed":["Strike_RM"],"damage_healed":0,"gold_gain":0,"player_choice":"Card Removal","damage_taken":0,"max_hp_gain":0,"max_hp_loss":0,"event_name":"The Cleric","floor":11,"gold_loss":50},{"damage_healed":0,"gold_gain":0,"player_choice":"Obtained Relic","damage_taken":0,"relics_obtained":["Blue Candle"],"max_hp_gain":0,"max_hp_loss":0,"event_name":"Addict","floor":19,"gold_loss":85},{"cards_removed":["Defend_RM"],"damage_healed":0,"gold_gain":0,"player_choice":"Gave Gold","damage_taken":0,"max_hp_gain":0,"max_hp_loss":0,"event_name":"Beggar","floor":21,"gold_loss":75},{"damage_healed":0,"gold_gain":0,"player_choice":"Ignored","damage_taken":0,"max_hp_gain":0,"max_hp_loss":0,"event_name":"Ghosts","floor":29,"gold_loss":0},{"cards_removed":["Koishi:BasicStrike"],"damage_healed":0,"gold_gain":0,"player_choice":"Took Card","damage_taken":0,"max_hp_gain":0,"max_hp_loss":0,"event_name":"NoteForYourself","floor":31,"gold_loss":0,"cards_obtained":["Koishi:BasicStrike"]},{"cards_removed":["ReincarnationDial"],"damage_healed":0,"gold_gain":0,"player_choice":"Removed Skill","damage_taken":0,"max_hp_gain":0,"max_hp_loss":0,"event_name":"Falling","floor":36,"gold_loss":0},{"damage_healed":0,"gold_gain":0,"player_choice":"Gave Potion","damage_taken":0,"relics_obtained":["Dead Branch"],"max_hp_gain":0,"max_hp_loss":0,"event_name":"WeMeetAgain","floor":38,"gold_loss":0}],"is_beta":false,"boss_relics":[{"not_picked":["Sozu","Calling Bell"],"picked":"ScarletEmblem"},{"not_picked":["Fusion Hammer","Astrolabe"],"picked":"Empty Cage"}],"items_purged_floors":[0,0,0],"is_endless":false,"potions_floor_spawned":[1,4,5,8,14,16,20,23,30,33,37,40,42,48],"ascension_level":1}}