{"host":"auii0tli5ebhxikt","time":1614095533,"event":{"mods":["ATMod(°¢èªMod)","BaseMod","Downfall","Energized Spire","Minty Spire (QoL Compilation)","Quick Restart","Relic Stats","Reliquary","Replay The Spire","Spicy Shops","StSLib","The Marked","[IsaacMod]ÒÔÈö¼âËþ","¡¾ÒÅÎï¿¨ÅÆ¡¿REMEMod"],"gold_per_floor":[113,131,131,53,143,176,176,192,192,46,46,109,36,68,68,208,208,234,252,162,197,257,257,338,338,406,436,1,37,37,37,37,165,165,196,249,46,46,64,64,64,116,192,243,54,68,68,81,81,141],"floor_reached":51,"language":"ZHS","playtime":3369,"items_purged":["Strike_B"],"score":808,"play_id":"789f0c8b-d696-48eb-94cb-1e60e8be7fd9","local_time":"20210223235213","is_ascension_mode":true,"campfire_choices":[{"floor":7,"key":"REST"},{"data":"AT_RightCognition","floor":11,"key":"SMITH"},{"data":"Dualcast","floor":15,"key":"SMITH"},{"floor":23,"key":"REST"},{"data":"Zap","floor":25,"key":"SMITH"},{"floor":32,"key":"REST"},{"data":"AT_RightCognition","floor":40,"key":"SMITH"},{"data":"Crystallizer","floor":47,"key":"SMITH"},{"floor":49,"key":"REST"}],"circlet_count":0,"master_deck":["Strike_B","Strike_B","Strike_B","Defend_B","Defend_B","Defend_B","Defend_B","Zap+1","Dualcast+1","AT_RightCognition+1","BettingIsNotGood","Cold Snap","BasicCrystalCard","Conserve Battery","Capacitor","Amplify","Electrodynamics","Redo","Strike_B","Beam Cell","Crystallizer+1","AT_RightCognition+1","Go for the Eyes+1"],"relics":["FrozenCore","AT_ATBox","HushsDoor","REME_ComplimentaryCards","BookOfRevelations","NeowsBlessing","AT_DeathDance","OrangePellets","Regal Pillow","REME_ArchaeologicalTools","reliquary:FingerTrap","REME_CardOfGreed","PillsDrop","GuppysTail","Meat on the Bone","Iron Hammer","reliquary:PurpleTingedLeaf","SteamSale","Bottled Tornado","AT_ImmortalShieldbow","Busted Crown","GuppysHead","CaptainsWheel","Lee\u0027s Waffle","DeathBook","Ring of Shattering","AT_Manta","reliquary:OuijaBoard","Divine Protection","PreservedInsect","Lantern","reliquary:Bookmark","Runic Capacitor"],"acts_visited":["Exordium","TheCity","TheBeyond"],"potions_floor_usage":[16,16,16,24,33,34,50,50,50],"damage_taken":[{"damage":0,"enemies":"Small Slimes","floor":1,"turns":1},{"damage":0,"enemies":"2 Louse","floor":2,"turns":1},{"damage":0,"enemies":"3 Sentries","floor":6,"turns":1},{"damage":0,"enemies":"Cultist","floor":8,"turns":4},{"damage":14,"enemies":"Exordium Thugs","floor":12,"turns":6},{"damage":2,"enemies":"Lagavulin","floor":14,"turns":5},{"damage":12,"enemies":"Hexaghost","floor":16,"turns":8},{"damage":0,"enemies":"Spheric Guardian","floor":18,"turns":5},{"damage":2,"enemies":"3 Byrds","floor":19,"turns":3},{"damage":10,"enemies":"Snake Plant","floor":21,"turns":8},{"damage":1,"enemies":"Replay:Snechameleon","floor":24,"turns":7},{"damage":35,"enemies":"Slavers","floor":27,"turns":5},{"damage":8,"enemies":"Shelled Parasite and Fungi","floor":29,"turns":6},{"damage":0,"enemies":"Automaton","floor":33,"turns":8},{"damage":0,"enemies":"3 Darklings","floor":35,"turns":5},{"damage":9,"enemies":"Mind Bloom Boss Battle","floor":36,"turns":5},{"damage":1,"enemies":"Orb Walker","floor":39,"turns":4},{"damage":15,"enemies":"2 Orb Walkers","floor":42,"turns":3},{"damage":0,"enemies":"R_Hoarder","floor":44,"turns":4},{"damage":0,"enemies":"Spire Growth","floor":46,"turns":4},{"damage":3,"enemies":"Jaw Worm Horde","floor":48,"turns":4},{"damage":0,"enemies":"Replay:Hell Engine","floor":50,"turns":11}],"seed_played":"4693146526441161215","potions_obtained":[{"floor":1,"key":"Strength Potion"},{"floor":6,"key":"REME_GoldPotion"},{"floor":14,"key":"Reflective Coating"},{"floor":22,"key":"ColorlessPotion"},{"floor":24,"key":"EssenceOfSteel"},{"floor":33,"key":"REME_GoldPotion"},{"floor":35,"key":"Adrenaline Potion"},{"floor":39,"key":"PowerPotion"},{"floor":42,"key":"Dexterity Potion"}],"is_trial":false,"path_per_floor":["M","M","?","$","?","E","R","M","T","$","R","M","$","E","R","B",null,"M","M","?","M","?","R","E","R","T","E","$","M","?","?","R","B",null,"M","?","$","?","M","R","T","?","T","E","$","M","R","M","R","B",null],"character_chosen":"DEFECT","items_purchased":["OrangePellets","reliquary:FingerTrap","REME_CardOfGreed","GuppysTail","SteamSale","Bottled Tornado","AT_ImmortalShieldbow","GuppysHead","Lee\u0027s Waffle","DeathBook","Lantern","reliquary:Bookmark","Runic Capacitor"],"campfire_rested":4,"item_purchase_floors":[4,10,13,17,28,28,28,34,37,37,45,45,45],"current_hp_per_floor":[75,75,63,63,48,53,75,75,75,75,75,61,61,59,59,47,65,60,58,58,48,39,60,59,59,59,34,34,40,40,40,63,63,53,53,45,60,60,60,60,60,46,46,47,47,49,49,55,63,63],"gold":141,"neow_bonus":"THREE_ENEMY_KILL","is_daily":false,"chose_seed":false,"campfire_upgraded":5,"win_rate":0.0,"timestamp":1614095533,"path_taken":["M","M","?","$","?","E","R","M","T","$","R","M","?","E","R","BOSS","M","M","?","M","?","R","E","R","T","E","$","M","?","?","R","BOSS","M","?","$","?","M","R","?","?","T","E","?","M","R","M","R","BOSS"],"items_purchased_type":["Relic","Relic","Relic","Relic","Relic","Relic","Relic","Relic","Relic","Relic","Relic","Relic","Relic"],"build_version":"2020-12-22","purchased_purges":1,"victory":true,"max_hp_per_floor":[75,75,75,75,75,75,75,75,75,75,75,75,75,75,75,75,65,60,60,60,60,60,60,60,60,60,63,63,63,63,63,63,63,53,53,53,60,60,60,60,60,60,60,60,60,60,60,63,63,63],"relic_stats":{"OrangePellets":[8],"Regal Pillow":8,"Lee\u0027s Waffle":15,"Busted Crown":30,"counters":[22,108],"PreservedInsect":0,"obtain_stats":[{"reliquary:OuijaBoard":42,"GuppysTail":17,"Divine Protection":43,"Regal Pillow":6,"Lantern":45,"AT_ATBox":0,"Runic Capacitor":45,"Bottled Tornado":28,"FrozenCore":17,"DeathBook":37,"PillsDrop":14,"Iron Hammer":24,"Ring of Shattering":38,"REME_ArchaeologicalTools":9,"reliquary:FingerTrap":10,"Cracked Core":0,"KeepersGift":0,"Lee\u0027s Waffle":37,"NeowsBlessing":0,"AT_Manta":41,"BookOfRevelations":0,"PreservedInsect":44,"SteamSale":28,"AT_ImmortalShieldbow":28,"reliquary:Bookmark":45,"OrangePellets":4,"CaptainsWheel":36,"Busted Crown":34,"REME_CardOfGreed":13,"GuppysHead":34,"AT_DeathDance":3,"HushsDoor":0,"reliquary:PurpleTingedLeaf":26,"REME_ComplimentaryCards":0,"Meat on the Bone":22},{"reliquary:OuijaBoard":18,"GuppysTail":7,"Divine Protection":18,"Regal Pillow":3,"Lantern":19,"AT_ATBox":0,"Runic Capacitor":19,"Bottled Tornado":12,"FrozenCore":7,"DeathBook":16,"PillsDrop":6,"Iron Hammer":11,"Ring of Shattering":16,"REME_ArchaeologicalTools":4,"reliquary:FingerTrap":4,"Cracked Core":0,"KeepersGift":0,"Lee\u0027s Waffle":16,"NeowsBlessing":0,"AT_Manta":17,"BookOfRevelations":0,"PreservedInsect":19,"SteamSale":12,"AT_ImmortalShieldbow":12,"reliquary:Bookmark":19,"OrangePellets":2,"CaptainsWheel":16,"Busted Crown":14,"REME_CardOfGreed":5,"GuppysHead":14,"AT_DeathDance":2,"HushsDoor":0,"reliquary:PurpleTingedLeaf":11,"REME_ComplimentaryCards":0,"Meat on the Bone":10},{"reliquary:OuijaBoard":85,"GuppysTail":26,"Divine Protection":85,"Regal Pillow":3,"Lantern":89,"AT_ATBox":0,"Runic Capacitor":89,"Bottled Tornado":54,"FrozenCore":26,"DeathBook":78,"PillsDrop":18,"Iron Hammer":49,"Ring of Shattering":78,"REME_ArchaeologicalTools":7,"reliquary:FingerTrap":7,"Cracked Core":0,"KeepersGift":0,"Lee\u0027s Waffle":78,"NeowsBlessing":0,"AT_Manta":82,"BookOfRevelations":0,"PreservedInsect":89,"SteamSale":54,"AT_ImmortalShieldbow":54,"reliquary:Bookmark":89,"OrangePellets":2,"CaptainsWheel":78,"Busted Crown":68,"REME_CardOfGreed":13,"GuppysHead":68,"AT_DeathDance":2,"HushsDoor":0,"reliquary:PurpleTingedLeaf":49,"REME_ComplimentaryCards":0,"Meat on the Bone":42}],"FrozenCore":[44],"Meat on the Bone":12},"card_choices":[{"not_picked":[],"picked":"BettingIsNotGood","floor":0},{"not_picked":["Compile Driver","ReplayTheSpireMod:Reroute Power","Barrage"],"picked":"SKIP","floor":1},{"not_picked":["Turbo","Fission"],"picked":"Cold Snap","floor":2},{"not_picked":["Melter","Reprogram"],"picked":"BasicCrystalCard","floor":6},{"not_picked":["AT_RobotInSpace","BasicCrystalCard"],"picked":"Conserve Battery","floor":8},{"not_picked":["Barrage","Redo"],"picked":"Capacitor","floor":12},{"not_picked":["Rebound","Doom and Gloom"],"picked":"Amplify","floor":14},{"not_picked":["AT_RightCognition","Amplify"],"picked":"Electrodynamics","floor":16},{"not_picked":["ReplayTheSpireMod:System Scan","Glacier"],"picked":"Redo","floor":18},{"not_picked":["Stack","Force Field","Steam"],"picked":"SKIP","floor":19},{"not_picked":["Barrage","Compile Driver","AT_HeatAcrobatics"],"picked":"SKIP","floor":21},{"not_picked":["Multi-Cast","Steam"],"picked":"Beam Cell","floor":22},{"not_picked":["REME_Compress","Leap","Cold Snap"],"picked":"SKIP","floor":24},{"not_picked":["Static Discharge+1","AT_ThunderBolt+1"],"picked":"Crystallizer","floor":27},{"not_picked":["Panic Button","AT_RobotInSpace","Tempest"],"picked":"SKIP","floor":29},{"not_picked":["Mirror Shield","Meteor Strike"],"picked":"AT_RightCognition","floor":33},{"not_picked":["Skim+1"],"picked":"SKIP","floor":35},{"not_picked":["Leap+1"],"picked":"SKIP","floor":39},{"not_picked":[],"picked":"Go for the Eyes+1","floor":42},{"not_picked":["Turbo"],"picked":"SKIP","floor":44},{"not_picked":["Capacitor"],"picked":"SKIP","floor":46},{"not_picked":["Undo"],"picked":"SKIP","floor":48}],"player_experience":129476,"relics_obtained":[{"floor":6,"key":"Regal Pillow"},{"floor":9,"key":"REME_ArchaeologicalTools"},{"floor":14,"key":"PillsDrop"},{"floor":22,"key":"Meat on the Bone"},{"floor":24,"key":"Iron Hammer"},{"floor":26,"key":"reliquary:PurpleTingedLeaf"},{"floor":36,"key":"CaptainsWheel"},{"floor":38,"key":"Ring of Shattering"},{"floor":41,"key":"AT_Manta"},{"floor":42,"key":"reliquary:OuijaBoard"},{"floor":43,"key":"Divine Protection"},{"floor":44,"key":"PreservedInsect"}],"event_choices":[{"damage_healed":0,"gold_gain":0,"player_choice":"Success","damage_taken":12,"relics_obtained":["AT_DeathDance"],"max_hp_gain":0,"max_hp_loss":0,"event_name":"Scrap Ooze","floor":3,"gold_loss":0},{"damage_healed":0,"gold_gain":0,"player_choice":"Ignored","damage_taken":0,"max_hp_gain":0,"max_hp_loss":0,"event_name":"Vampires","floor":31,"gold_loss":0},{"damage_healed":0,"gold_gain":0,"player_choice":"Fight","damage_taken":0,"max_hp_gain":0,"max_hp_loss":0,"event_name":"MindBloom","floor":36,"gold_loss":0},{"damage_healed":0,"gold_gain":0,"player_choice":"Fight","damage_taken":0,"max_hp_gain":0,"max_hp_loss":0,"event_name":"Mysterious Sphere","floor":42,"gold_loss":0}],"is_beta":false,"boss_relics":[{"not_picked":["Cursed Key","Runic Dome"],"picked":"FrozenCore"},{"not_picked":[]},{"not_picked":["ChampionBelt","bronze:MakeshiftBattery"],"picked":"Busted Crown"},{"not_picked":[]}],"items_purged_floors":[28],"is_endless":false,"potions_floor_spawned":[1,6,14,24,33,35,39,42],"ascension_level":2}}