{"host":"9glxjasd35ghdaim","time":1614120699,"event":{"mods":["Act Like it!","AlwaysNeverKeys","Aspiration","BaseMod","Better Third Choice","CCEM2","CapriCore","Colored Map","Colored Powertips","Conspire","Dark Map","Displayed Cursed Tome","Downfall","Evolution","GifTheSpireLib","Marked Mod","Minty Spire (QoL Compilation)","Permanent Neow","Quick Restart","Random Character Button","Reliquary","StS++","StSLib","Unceasing Turn Reminder","??????REMEMod"],"gold_per_floor":[99,116,129,19,36,56,107,16,45,45,56,56,76,61,75,172,172,172,188,207,307,307,336,361,361,361,361,361],"floor_reached":26,"language":"ENG","playtime":2692,"items_purged":[],"score":228,"play_id":"5743932e-1921-4cb9-ab26-76f585f94b3c","local_time":"20210223175139","is_ascension_mode":false,"campfire_choices":[{"data":"champ:Execute","floor":1,"key":"SMITH"},{"floor":12,"key":"REST"},{"data":"champ:ShieldSlam","floor":18,"key":"SMITH"}],"circlet_count":0,"master_deck":["champ:Strike","champ:Strike","champ:Strike","champ:Strike","champ:Defend","champ:Execute+1","champ:Taunt","champ:GutPunch","champ:ArenaPreparation","champ:IronFortress","champ:AdrenalArmor","champ:PreciseThrust","champ:BerserkersShout","champ:PerfectedStrike","champ:Defend","champ:FaceSlap","champ:FocusedBerserking","champ:ShieldSlam+1","champ:Endure","champ:RecklessLeap","champ:VampiricStrike","champ:ShieldThrow","champ:Encircle","champ:GladiatorForm","champ:PerfectedStrike","champ:BringItOn","champ:CalledShot","champ:PreciseThrust","champ:SwordThrow"],"relics":["champ:ChampionCrown","EVO:Axolotl","REME_ComplimentaryCards","Oddly Smooth Stone","aspiration:HiddenCompartment","REME_HandOfSuture","aspiration:SecretTechniqueScroll","HornCleat","downfall:RedIOU"],"acts_visited":["Exordium","TheCity"],"potions_floor_usage":[8,9,14,23,23,23,26],"damage_taken":[{"damage":0,"enemies":"Small Slimes","floor":2,"turns":4},{"damage":10,"enemies":"Cultist","floor":3,"turns":3},{"damage":20,"enemies":"downfall:FleeingMerchant","floor":4,"turns":4},{"damage":0,"enemies":"2 Louse","floor":5,"turns":3},{"damage":35,"enemies":"Gremlin Gang","floor":6,"turns":5},{"damage":30,"enemies":"downfall:FleeingMerchant","floor":8,"turns":4},{"damage":103,"enemies":"Lagavulin","floor":9,"turns":5},{"damage":34,"enemies":"downfall:LooterAlt","floor":11,"turns":4},{"damage":20,"enemies":"3 Louse","floor":13,"turns":3},{"damage":50,"enemies":"downfall:FleeingMerchant","floor":14,"turns":4},{"damage":26,"enemies":"conspire:2 RoseBushes","floor":15,"turns":4},{"damage":61,"enemies":"DF_ARCHETYPE_STREAMLINE","floor":16,"turns":6},{"damage":56,"enemies":"Spheric Guardian","floor":19,"turns":4},{"damage":16,"enemies":"downfall:LooterAlt2","floor":20,"turns":4},{"damage":100,"enemies":"REME_1_Revenger","floor":23,"turns":5},{"damage":21,"enemies":"conspire:HollyBat","floor":26,"turns":4}],"seed_played":"6538714029265357887","potions_obtained":[{"floor":3,"key":"champ:TechniquePotion"},{"floor":6,"key":"ColorlessPotion"},{"floor":9,"key":"LiquidBronze"},{"floor":15,"key":"Dexterity Potion"},{"floor":16,"key":"StSpp:InhibitionPotion"},{"floor":20,"key":"Explosive Potion"},{"floor":23,"key":"Energy Potion"}],"is_trial":false,"path_per_floor":["R","M","M","$","M","M","T","$","E","?","M","R","M","$","M","B",null,"R","M","M","?","?","E","T","?","M"],"character_chosen":"THE_CHAMP","items_purchased":["champ:AdrenalArmor","champ:PreciseThrust","champ:FocusedBerserking"],"campfire_rested":1,"item_purchase_floors":[4,4,8],"current_hp_per_floor":[90,90,90,90,90,90,90,90,72,72,68,90,90,90,89,68,90,90,79,63,63,63,12,12,12,0,0,0],"gold":361,"neow_bonus":"RANDOM_COMMON_RELIC","is_daily":false,"chose_seed":false,"campfire_upgraded":2,"win_rate":0.0,"timestamp":1614120699,"path_taken":["R","M","M","$","M","M","T","$","E","?","M","R","?","$","M","BOSS","R","M","?","?","?","E","T","?","M"],"items_purchased_type":["Card","Card","Card"],"build_version":"2020-12-22","purchased_purges":0,"victory":false,"max_hp_per_floor":[90,90,90,90,90,90,90,90,90,90,90,90,90,90,90,90,90,90,90,90,90,90,90,90,90,90,90,90],"card_choices":[{"not_picked":["champ:RisingSlash","champ:RecklessLeap"],"picked":"champ:GutPunch","floor":2},{"not_picked":["champ:DeathBlow","champ:Shatter"],"picked":"champ:ArenaPreparation","floor":3},{"not_picked":["champ:FanOfKnives","champ:Haymaker"],"picked":"champ:IronFortress","floor":4},{"not_picked":["champ:PreciseThrust","champ:FlashCut"],"picked":"champ:BerserkersShout","floor":5},{"not_picked":["champ:ShieldSlam","champ:DeathBlow"],"picked":"champ:PerfectedStrike","floor":6},{"not_picked":["champ:CheapShot","champ:Backstep"],"picked":"champ:FaceSlap","floor":8},{"not_picked":["champ:DeathBlow","champ:TornadoPunch"],"picked":"champ:ShieldSlam","floor":9},{"not_picked":["champ:SetATrap","champ:Backstep"],"picked":"champ:RecklessLeap","floor":11},{"not_picked":["champ:AdrenalArmor","champ:FanOfKnives"],"picked":"champ:VampiricStrike","floor":13},{"not_picked":["champ:FlashCut","champ:EnGarde"],"picked":"champ:ShieldThrow","floor":14},{"not_picked":["champ:FocusedBerserking","champ:FanOfKnives"],"picked":"champ:Encircle","floor":15},{"not_picked":["champ:MurderStrike","champ:LastStand"],"picked":"champ:GladiatorForm","floor":16},{"not_picked":["champ:Circumvent","champ:StanceDance"],"picked":"champ:PerfectedStrike","floor":19},{"not_picked":["champ:Circumvent","champ:ShieldWall"],"picked":"champ:BringItOn","floor":20},{"not_picked":["champ:FocusedBerserking+1","champ:StanceDance"],"picked":"champ:SwordThrow","floor":23}],"player_experience":240260,"relics_obtained":[{"floor":7,"key":"aspiration:HiddenCompartment"},{"floor":9,"key":"REME_HandOfSuture"},{"floor":23,"key":"HornCleat"},{"floor":24,"key":"CCEMRelics:GrindingGear"}],"event_choices":[{"damage_healed":0,"gold_gain":0,"cards_transformed":["champ:Defend","champ:Defend"],"player_choice":"Became Test Subject","damage_taken":0,"max_hp_gain":0,"max_hp_loss":0,"event_name":"Drug Dealer","floor":22,"gold_loss":0,"cards_obtained":["champ:CalledShot","champ:PreciseThrust"]}],"is_beta":false,"boss_relics":[{"not_picked":["Velvet Choker","StSpp:PileOfSugar"],"picked":"aspiration:SecretTechniqueScroll"}],"items_purged_floors":[],"is_endless":false,"potions_floor_spawned":[3,6,9,15,16,20,23],"killed_by":"conspire:HollyBat","ascension_level":0}}