{"host":"bnbc66jny2i0hx0x","time":1614067013,"event":{"mods":["AchievementEnabler","BaseMod","Minty Spire (QoL Compilation)","Relic Sorter","StSLib"],"gold_per_floor":[117,130,7,26,45,74,7,33,107,141,141,141,152,177,177,253,253,264,275,292,305,319,344,344,364,364,398,398,415,415,415,415],"floor_reached":31,"language":"ENG","playtime":1382,"items_purged":[],"score":672,"play_id":"61b7c728-21a5-4d0e-9f6e-8aac4a798033","local_time":"20210222235653","is_ascension_mode":true,"campfire_choices":[{"data":"Consume","floor":12.0,"key":"SMITH"},{"floor":15.0,"key":"DIG"},{"floor":24.0,"key":"REST"},{"floor":28,"key":"REST"}],"circlet_count":0,"master_deck":["AscendersBane","Zap","Dualcast","Melter","Sunder","Go for the Eyes","Gash","Coolheaded","BootSequence","Consume+1","Core Surge","Rip and Tear","Ball Lightning","Capacitor","Electrodynamics","Doom and Gloom","Buffer","Capacitor","Machine Learning","Melter","Loop","Static Discharge","Turbo","BootSequence","Steam Power","Recycle","Capacitor"],"relics":["Cracked Core","PreservedInsect","Cables","StoneCalendar","Pantograph","Strawberry","InkBottle","Shovel","DataDisk","Pandora\u0027s Box","Anchor","White Beast Statue","Dream Catcher"],"acts_visited":["Exordium","TheCity"],"potions_floor_usage":[29,31],"damage_taken":[{"damage":0.0,"enemies":"Jaw Worm","floor":1.0,"turns":3.0},{"damage":9.0,"enemies":"2 Louse","floor":2.0,"turns":2.0},{"damage":0.0,"enemies":"Small Slimes","floor":4.0,"turns":3.0},{"damage":0.0,"enemies":"3 Louse","floor":5.0,"turns":2.0},{"damage":8.0,"enemies":"Gremlin Nob","floor":6.0,"turns":3.0},{"damage":11.0,"enemies":"3 Sentries","floor":8.0,"turns":5.0},{"damage":0.0,"enemies":"Gremlin Nob","floor":10.0,"turns":2.0},{"damage":10.0,"enemies":"Lots of Slimes","floor":13.0,"turns":4.0},{"damage":10.0,"enemies":"3 Sentries","floor":14.0,"turns":3.0},{"damage":0.0,"enemies":"Slime Boss","floor":16.0,"turns":6.0},{"damage":12.0,"enemies":"2 Thieves","floor":18.0,"turns":2.0},{"damage":2.0,"enemies":"Chosen","floor":19.0,"turns":4.0},{"damage":24.0,"enemies":"Sentry and Sphere","floor":20.0,"turns":4.0},{"damage":6.0,"enemies":"Snake Plant","floor":21.0,"turns":3.0},{"damage":0.0,"enemies":"Shelled Parasite and Fungi","floor":22.0,"turns":3.0},{"damage":18.0,"enemies":"Gremlin Leader","floor":23.0,"turns":5.0},{"damage":0,"enemies":"Sentry and Sphere","floor":25,"turns":2},{"damage":26,"enemies":"Slavers","floor":27,"turns":5},{"damage":27,"enemies":"Snake Plant","floor":29,"turns":4},{"damage":12,"enemies":"Masked Bandits","floor":31,"turns":2}],"seed_played":"-3948185090748726207","potions_obtained":[{"floor":4.0,"key":"FocusPotion"},{"floor":5.0,"key":"Fruit Juice"},{"floor":8.0,"key":"Fire Potion"},{"floor":16.0,"key":"Block Potion"},{"floor":18.0,"key":"SkillPotion"},{"floor":25,"key":"EssenceOfSteel"},{"floor":27,"key":"Strength Potion"},{"floor":29,"key":"SpeedPotion"}],"is_trial":false,"path_per_floor":["M","M","$","M","M","E","$","E","T","E","?","R","M","E","R","B",null,"M","M","M","M","M","E","R","M","T","E","R","M","?","?"],"character_chosen":"DEFECT","items_purchased":["Sunder","Go for the Eyes","Consume"],"campfire_rested":2,"item_purchase_floors":[3,3,7],"current_hp_per_floor":[64,55,55,55,55,47,47,41,41,48,43,43,33,23,23,48,74,62,60,36,30,30,12,36,36,36,10,34,7,7,0,0],"gold":415,"neow_bonus":"RANDOM_COMMON_RELIC","is_daily":false,"chose_seed":false,"campfire_upgraded":1,"win_rate":0.0,"timestamp":1614067013,"path_taken":["M","M","$","M","M","E","$","E","T","E","?","R","M","E","R","BOSS","M","M","M","M","M","E","R","M","T","E","R","M","?","?"],"items_purchased_type":["Card","Card","Card"],"build_version":"2020-12-22","purchased_purges":0,"victory":false,"max_hp_per_floor":[71,71,71,71,71,71,71,76,76,83,83,83,83,83,83,83,83,83,83,83,83,83,83,83,83,83,83,83,83,83,83,83],"card_choices":[{"not_picked":["Steam","Streamline","Redo"],"picked":"SKIP","floor":1.0},{"not_picked":["Steam","Stack"],"picked":"Melter","floor":2.0},{"not_picked":["Lockon","Force Field"],"picked":"Gash","floor":4.0},{"not_picked":["Barrage","White Noise"],"picked":"Coolheaded","floor":5.0},{"not_picked":["Coolheaded","Force Field"],"picked":"BootSequence","floor":6.0},{"not_picked":["Sweeping Beam","Reprogram"],"picked":"Core Surge","floor":8.0},{"not_picked":["Force Field","Stack"],"picked":"Rip and Tear","floor":10.0},{"not_picked":["Coolheaded","Steam"],"picked":"Ball Lightning","floor":13.0},{"not_picked":["Tempest","Sweeping Beam"],"picked":"Capacitor","floor":14.0},{"not_picked":["Hyperbeam","Biased Cognition"],"picked":"Electrodynamics","floor":16.0},{"not_picked":["Go for the Eyes","Redo"],"picked":"Turbo","floor":18.0},{"not_picked":["Heatsinks","Doom and Gloom"],"picked":"BootSequence","floor":19.0},{"not_picked":["Reprogram","Loop"],"picked":"Steam Power","floor":20.0},{"not_picked":["Ball Lightning","Skim"],"picked":"Recycle","floor":21.0},{"not_picked":["Redo","Barrage","Hologram"],"picked":"SKIP","floor":22.0},{"not_picked":["Steam","Conserve Battery","Compile Driver"],"picked":"SKIP","floor":23.0},{"not_picked":["Stack","Conserve Battery"],"picked":"Capacitor","floor":25},{"not_picked":["Redo","Steam Power","Reinforced Body"],"picked":"SKIP","floor":27},{"not_picked":["Leap","Doom and Gloom","Turbo"],"picked":"SKIP","floor":29}],"player_experience":1280124,"relics_obtained":[{"floor":6.0,"key":"Cables"},{"floor":8.0,"key":"StoneCalendar"},{"floor":9.0,"key":"Pantograph"},{"floor":10.0,"key":"Strawberry"},{"floor":14.0,"key":"Shovel"},{"floor":15.0,"key":"DataDisk"},{"floor":23.0,"key":"Anchor"},{"floor":26,"key":"White Beast Statue"},{"floor":27,"key":"Dream Catcher"}],"event_choices":[{"damage_healed":0.0,"max_hp_gain":0.0,"max_hp_loss":0.0,"gold_gain":0.0,"event_name":"Scrap Ooze","player_choice":"Success","floor":11.0,"gold_loss":0.0,"damage_taken":5.0,"relics_obtained":["InkBottle"]},{"cards_removed":["Hyperbeam"],"damage_healed":0,"gold_gain":0,"player_choice":"Elegance","damage_taken":0,"max_hp_gain":0,"max_hp_loss":0,"event_name":"Back to Basics","floor":30,"gold_loss":0},{"damage_healed":0,"gold_gain":0,"player_choice":"Fought Bandits","damage_taken":0,"max_hp_gain":0,"max_hp_loss":0,"event_name":"Masked Bandits","floor":31,"gold_loss":0}],"is_beta":false,"boss_relics":[{"not_picked":["FrozenCore","Astrolabe"],"picked":"Pandora\u0027s Box"}],"items_purged_floors":[],"is_endless":false,"potions_floor_spawned":[4,5,8,16,18,25,27,29],"killed_by":"Masked Bandits","ascension_level":15}}