{"host":"tgqjap25jvjx3f06","time":1614083446,"event":{"mods":["BaseMod","DeckTracker","Dota2Spire","Minty Spire (QoL Compilation)","Quick Restart","Relic Filter Mod","Replay The Spire","Shop Mod","StSLib","óô»ðÖ¸ÄÏ"],"gold_per_floor":[363,363,379,379,6,40,60,60,60,76,76,76,116,116,116,235,235,255,255,276,20,33,77,77,77,145,178,35,74,74,103,103,103,103],"floor_reached":33,"language":"ZHS","playtime":1366,"items_purged":["Strike_B"],"score":345,"play_id":"ca21819f-ebf8-4113-b957-f614f645239e","local_time":"20210223203046","is_ascension_mode":true,"campfire_choices":[{"data":"Glacier","floor":8.0,"key":"SMITH"},{"data":"Streamline","floor":11.0,"key":"SMITH"},{"data":"ReplayTheSpireMod:Omega Cannon","floor":24.0,"key":"SMITH"},{"data":"Creative AI","floor":32,"key":"SMITH"}],"circlet_count":0,"master_deck":["Strike_B","Strike_B","Defend_B","Defend_B","Defend_B","Zap","Dualcast","Glacier+1","Undo","Streamline+1","Coolheaded","ReplayTheSpireMod:Omega Cannon+1","Core Surge","FTL","Electrodynamics","Skim","Self Repair+1","ReplayGash","FIFO Queue","Creative AI+1"],"relics":["Cracked Core","Bloody Idol","MerchantsRug","Dota2Spire:DivineRapier","Dota2Spire:ShivaGuard","Blue Candle","Replay:Bronze Core","Replay:Accelerometer","Boot","Dota2Spire:ArcaneBoots","ClockworkSouvenir","Replay:Wax Seal","Blood Vial"],"acts_visited":["Exordium","TheCity"],"potions_floor_usage":[33,33],"damage_taken":[{"damage":0.0,"enemies":"Cultist","floor":1.0,"turns":3.0},{"damage":10.0,"enemies":"Small Slimes","floor":3.0,"turns":2.0},{"damage":23.0,"enemies":"3 Sentries","floor":6.0,"turns":13.0},{"damage":0.0,"enemies":"2 Louse","floor":7.0,"turns":2.0},{"damage":0.0,"enemies":"2 Fungi Beasts","floor":10.0,"turns":4.0},{"damage":13.0,"enemies":"Gremlin Nob","floor":13.0,"turns":3.0},{"damage":15.0,"enemies":"Hexaghost","floor":16.0,"turns":9.0},{"damage":0.0,"enemies":"Chosen","floor":18.0,"turns":3.0},{"damage":0.0,"enemies":"3 Byrds","floor":20.0,"turns":2.0},{"damage":0.0,"enemies":"Snecko","floor":22.0,"turns":3.0},{"damage":41.0,"enemies":"Slavers","floor":23.0,"turns":4.0},{"damage":1.0,"enemies":"Gremlin Leader","floor":27.0,"turns":4.0},{"damage":33.0,"enemies":"Slavers","floor":29.0,"turns":5.0},{"damage":6.0,"enemies":"Book of Stabbing","floor":31.0,"turns":4.0},{"damage":42,"enemies":"Automaton","floor":33,"turns":6}],"seed_played":"5034472941277143198","potions_obtained":[{"floor":1.0,"key":"EssenceOfDarkness"},{"floor":6.0,"key":"Explosive Potion"},{"floor":7.0,"key":"ColorlessPotion"},{"floor":10.0,"key":"ColorlessPotion"},{"floor":16.0,"key":"Adrenaline Potion"},{"floor":18.0,"key":"Block Potion"},{"floor":22.0,"key":"Explosive Potion"},{"floor":31.0,"key":"Fire Potion"}],"is_trial":false,"path_per_floor":["M","?","M","?","$","E","M","R","T","M","R","?","E","?","R","B",null,"M","?","M","$","M","E","R","?","T","E","$","E","?","E","R","B"],"character_chosen":"DEFECT","items_purchased":["Lee\u0027s Waffle","MerchantsRug","Replay:Accelerometer","ClockworkSouvenir"],"campfire_rested":0,"item_purchase_floors":[5,5,21,28],"current_hp_per_floor":[54,54,44,26,82,59,59,59,59,59,59,59,46,73,73,58,82,82,82,82,82,82,41,41,41,41,50,50,27,27,36,36,0,0],"gold":103,"neow_bonus":"TWO_FIFTY_GOLD","is_daily":false,"chose_seed":false,"campfire_upgraded":4,"win_rate":0.0,"timestamp":1614083446,"path_taken":["M","?","M","?","$","E","M","R","T","M","R","?","E","?","R","BOSS","M","?","M","$","?","E","R","?","T","E","?","E","?","E","R","BOSS"],"items_purchased_type":["Relic","Relic","Relic","Relic"],"build_version":"2020-12-22","purchased_purges":1,"victory":false,"max_hp_per_floor":[75,75,75,75,82,82,82,82,82,82,82,82,82,82,82,82,82,82,82,82,82,82,82,82,82,82,82,82,82,82,82,82,82,82],"card_choices":[{"not_picked":["Blizzard","Barrage","Cold Snap"],"picked":"SKIP","floor":1.0},{"not_picked":["ReplayTheSpireMod:Calculation Training","Leap"],"picked":"Glacier","floor":3.0},{"not_picked":["Cold Snap","Stack"],"picked":"Undo","floor":6.0},{"not_picked":["Aggregate","Barrage","Rebound"],"picked":"SKIP","floor":7.0},{"not_picked":["Turbo","Barrage"],"picked":"Streamline","floor":10.0},{"not_picked":["Blizzard","ReplayTheSpireMod:GoodbyeWorld"],"picked":"Coolheaded","floor":13.0},{"not_picked":["Fission","Hyperbeam"],"picked":"Core Surge","floor":16.0},{"not_picked":["Gash+1","Melter+1"],"picked":"FTL","floor":18.0},{"not_picked":["Fusion","Lockon"],"picked":"Self Repair+1","floor":20.0},{"not_picked":["Barrage","Go for the Eyes"],"picked":"ReplayGash","floor":22.0},{"not_picked":["Compile Driver","BasicCrystalCard+1"],"picked":"FIFO Queue","floor":23.0},{"not_picked":["Fusion","ReplayTheSpireMod:Repulse"],"picked":"Creative AI","floor":27.0},{"not_picked":["Redo","Go for the Eyes","ReplaySolidLightProjector"],"picked":"SKIP","floor":29.0},{"not_picked":["Redo","Go for the Eyes","ReplaySolidLightProjector"],"picked":"SKIP","floor":29.0},{"not_picked":["ReplayTheSpireMod:GoodbyeWorld","Ball Lightning","Conserve Battery"],"picked":"SKIP","floor":31.0}],"player_experience":347214,"relics_obtained":[{"floor":6.0,"key":"Dota2Spire:DivineRapier"},{"floor":9.0,"key":"Dota2Spire:ShivaGuard"},{"floor":13.0,"key":"Blue Candle"},{"floor":23.0,"key":"Boot"},{"floor":27.0,"key":"Dota2Spire:ArcaneBoots"},{"floor":29.0,"key":"Replay:Wax Seal"},{"floor":31.0,"key":"Blood Vial"}],"event_choices":[{"damage_healed":0.0,"max_hp_gain":0.0,"max_hp_loss":0.0,"gold_gain":0.0,"event_name":"Golden Idol","player_choice":"Take Damage","floor":4.0,"gold_loss":0.0,"damage_taken":18.0,"relics_obtained":["Golden Idol"]},{"damage_healed":27.0,"max_hp_gain":0.0,"max_hp_loss":0.0,"gold_gain":0.0,"event_name":"Big Fish","player_choice":"Banana","floor":14.0,"gold_loss":0.0,"damage_taken":0.0},{"damage_healed":0.0,"max_hp_gain":0.0,"max_hp_loss":0.0,"gold_gain":0.0,"event_name":"Match and Keep!","player_choice":"2 cards matched","floor":19.0,"gold_loss":0.0,"damage_taken":0.0,"cards_obtained":["Electrodynamics","Skim"]},{"damage_healed":0.0,"max_hp_gain":0.0,"max_hp_loss":0.0,"gold_gain":0.0,"event_name":"Vampires","player_choice":"Ignored","floor":25.0,"gold_loss":0.0,"damage_taken":0.0},{"damage_healed":0.0,"max_hp_gain":0.0,"max_hp_loss":0.0,"gold_gain":0.0,"event_name":"Forgotten Altar","player_choice":"Gave Idol","floor":30.0,"relics_lost":["Golden Idol"],"gold_loss":0.0,"damage_taken":0.0,"relics_obtained":["Bloody Idol"]}],"is_beta":false,"boss_relics":[{"not_picked":["SacredBark","Black Star"],"picked":"Replay:Bronze Core"}],"items_purged_floors":[5],"is_endless":false,"potions_floor_spawned":[1,6,7,10,16,18,22,31],"killed_by":"Automaton","ascension_level":1}}