{"host":"lexjlbpq6ib1pogf","time":1614070859,"event":{"mods":["BaseMod","BetterRewards","Minty Spire (QoL Compilation)"],"gold_per_floor":[109,122,122,132,132,132,146,146,146,166,166,183,183,196,196,196,196],"floor_reached":16,"language":"ENG","playtime":2079,"items_purged":[],"score":119,"play_id":"41febec9-1100-4db6-92f6-1d01a956058f","local_time":"20210223200059","is_ascension_mode":false,"campfire_choices":[{"data":"Shockwave","floor":6,"key":"SMITH"},{"data":"Shrug It Off","floor":8,"key":"SMITH"},{"data":"Fire Breathing","floor":13,"key":"SMITH"},{"floor":15,"key":"REST"}],"circlet_count":0,"master_deck":["Strike_R","Strike_R","Strike_R","Strike_R+1","Strike_R","Defend_R","Defend_R+1","Defend_R","Defend_R","Bash","Sword Boomerang","Pommel Strike","Shrug It Off+1","Intimidate","Pain","Shockwave+1","Sword Boomerang","Fire Breathing+1","Sword Boomerang","Sword Boomerang"],"relics":["Burning Blood","Question Card","FossilizedHelix"],"acts_visited":["Exordium"],"potions_floor_usage":[10,14,16],"damage_taken":[{"damage":1,"enemies":"Cultist","floor":1,"turns":3},{"damage":0,"enemies":"Small Slimes","floor":2,"turns":3},{"damage":0,"enemies":"2 Louse","floor":4,"turns":2},{"damage":25,"enemies":"Gremlin Gang","floor":7,"turns":6},{"damage":23,"enemies":"Exordium Wildlife","floor":10,"turns":4},{"damage":4,"enemies":"3 Louse","floor":12,"turns":4},{"damage":3,"enemies":"Blue Slaver","floor":14,"turns":3},{"damage":88,"enemies":"The Guardian","floor":16,"turns":11}],"seed_played":"4959253683528688398","potions_obtained":[{"floor":1,"key":"LiquidBronze"},{"floor":2,"key":"Regen Potion"},{"floor":14,"key":"Fruit Juice"}],"is_trial":false,"path_per_floor":["M","M","?","M","?","R","M","R","T","M","?","M","R","M","R","B"],"character_chosen":"IRONCLAD","items_purchased":["Sword Boomerang"],"campfire_rested":1,"item_purchase_floors":[0],"current_hp_per_floor":[80,80,64,70,70,70,51,51,51,34,31,33,33,41,66,0,0],"gold":196,"neow_bonus":"","is_daily":false,"chose_seed":false,"campfire_upgraded":3,"win_rate":0.0,"timestamp":1614070859,"path_taken":["M","?","?","M","?","R","M","R","T","?","?","M","R","M","R","BOSS"],"items_purchased_type":["Card"],"build_version":"2020-12-22","purchased_purges":0,"victory":false,"max_hp_per_floor":[80,80,80,80,80,80,80,80,80,80,80,80,80,85,85,85,85],"card_choices":[{"not_picked":["Iron Wave","Flex"],"picked":"Pommel Strike","floor":1},{"not_picked":["Searing Blow","Shockwave"],"picked":"Shrug It Off","floor":2},{"not_picked":["Rampage","Heavy Blade"],"picked":"Intimidate","floor":4},{"not_picked":["Shrug It Off","Pommel Strike"],"picked":"Sword Boomerang","floor":7},{"not_picked":["True Grit","Headbutt","Seeing Red"],"picked":"Fire Breathing","floor":10},{"not_picked":["Pommel Strike","Body Slam","Heavy Blade"],"picked":"Sword Boomerang","floor":12},{"not_picked":["Juggernaut","Seeing Red","Perfected Strike"],"picked":"Sword Boomerang","floor":14}],"player_experience":86636,"relics_obtained":[{"floor":9,"key":"Question Card"}],"event_choices":[{"damage_healed":0,"gold_gain":0,"player_choice":"Entered Light","damage_taken":16,"max_hp_gain":0,"max_hp_loss":0,"event_name":"Shining Light","floor":3,"gold_loss":0,"cards_upgraded":["Strike_R","Defend_R"]},{"damage_healed":0,"gold_gain":0,"player_choice":"2 cards matched","damage_taken":0,"max_hp_gain":0,"max_hp_loss":0,"event_name":"Match and Keep!","floor":5,"gold_loss":0,"cards_obtained":["Pain","Shockwave"]},{"damage_healed":0,"gold_gain":0,"player_choice":"Success","damage_taken":3,"relics_obtained":["FossilizedHelix"],"max_hp_gain":0,"max_hp_loss":0,"event_name":"Scrap Ooze","floor":11,"gold_loss":0}],"is_beta":false,"boss_relics":[],"items_purged_floors":[],"is_endless":false,"potions_floor_spawned":[1,2,14],"killed_by":"The Guardian","ascension_level":0}}