{"host":"4ag909k4xupnj24b","time":1614125212,"event":{"mods":["BaseMod","Downfall","Minty Spire (QoL Compilation)","StSLib"],"gold_per_floor":[99,112,212,17,29,63,63,63,24,24,24,39,39,51,63,162,162,162,172,122,132,132,132,132],"floor_reached":22,"language":"ENG","playtime":1308,"items_purged":[],"score":284,"play_id":"b0245f67-0bc4-45b1-a741-269087cb100f","local_time":"20210223160652","is_ascension_mode":false,"campfire_choices":[{"data":"hexamod:GhostflameInferno","floor":1,"key":"SMITH"},{"data":"hexamod:EmpoweredFlame","floor":10,"key":"SMITH"},{"data":"hexamod:GhostOfSpireFuture","floor":13,"key":"SMITH"},{"data":"hexamod:HexaLevel","floor":18,"key":"SMITH"}],"circlet_count":0,"master_deck":["hexamod:Strike","hexamod:Strike","hexamod:Strike","hexamod:Strike","hexamod:Defend","hexamod:Defend","hexamod:Defend","hexamod:Defend","hexamod:Sear","hexamod:Float","hexamod:GhostflameInferno+1","hexamod:FastForward","downfall:Bewildered","hexamod:GhostOfSpirePresent","Clumsy","hexamod:SearingWound","expansioncontent:InvincibleStrength","hexamod:GhostOfSpireFuture+1","hexamod:AdvancingGuard","hexamod:BurningTouch","hexamod:Firestarter","Regret","Regret","Parasite","hexamod:EmpoweredFlame+1","hexamod:HauntingEcho","hexamod:FastForward","hexamod:HexaLevel+1","hexamod:HauntingEcho","hexamod:GhostOfSpirePresent","hexamod:RadiantFlame","hexamod:AdvancingGuard+1"],"relics":["hexamod:UnbrokenSoul","downfall:ExtraCursedKey","Bottled Lightning","FossilizedHelix"],"acts_visited":["Exordium","TheCity"],"potions_floor_usage":[6,16],"damage_taken":[{"damage":9,"enemies":"2 Louse","floor":2,"turns":2},{"damage":5,"enemies":"downfall:FleeingMerchant","floor":4,"turns":4},{"damage":0,"enemies":"Jaw Worm","floor":5,"turns":3},{"damage":17,"enemies":"Lagavulin","floor":6,"turns":7},{"damage":7,"enemies":"downfall:FleeingMerchant","floor":9,"turns":4},{"damage":0,"enemies":"Cultist","floor":12,"turns":2},{"damage":18,"enemies":"2 Fungi Beasts","floor":14,"turns":4},{"damage":0,"enemies":"downfall:LooterAlt","floor":15,"turns":3},{"damage":18,"enemies":"SI_SHIV_ARCHETYPE","floor":16,"turns":9},{"damage":22,"enemies":"3 Byrds","floor":19,"turns":5},{"damage":42,"enemies":"downfall:LooterAlt2","floor":21,"turns":5},{"damage":34,"enemies":"Snecko","floor":22,"turns":4}],"seed_played":"-3226564413287534183","potions_obtained":[{"floor":5,"key":"DuplicationPotion"},{"floor":12,"key":"SpeedPotion"},{"floor":14,"key":"Swift Potion"},{"floor":16,"key":"DuplicationPotion"}],"is_trial":false,"path_per_floor":["R","M","?","$","M","E","T","?","$","R","?","M","R","M","M","B",null,"R","M","?","M","M"],"character_chosen":"THE_SPIRIT","items_purchased":["expansioncontent:InvincibleStrength","hexamod:GhostOfSpireFuture","hexamod:AdvancingGuard","hexamod:HauntingEcho"],"campfire_rested":0,"item_purchase_floors":[4,4,4,9],"current_hp_per_floor":[70,61,61,56,56,39,39,56,49,49,70,70,70,52,52,34,70,70,48,70,28,0,0,0],"gold":132,"neow_bonus":"ONE_RANDOM_RARE_CARD","is_daily":false,"chose_seed":false,"campfire_upgraded":4,"win_rate":0.0,"timestamp":1614125212,"path_taken":["R","M","?","$","M","E","T","?","$","R","?","M","R","M","M","BOSS","R","M","?","M","M"],"items_purchased_type":["Card","Card","Card","Card"],"build_version":"2020-12-22","purchased_purges":0,"victory":false,"max_hp_per_floor":[70,70,70,70,70,70,70,70,70,70,70,70,70,70,70,70,70,70,70,70,70,70,70,70],"card_choices":[{"not_picked":["hexamod:BurningTouch","hexamod:HauntingEcho"],"picked":"hexamod:FastForward","floor":2},{"not_picked":["hexamod:Again","hexamod:BacktrackSmack"],"picked":"hexamod:SearingWound","floor":4},{"not_picked":["hexamod:GhostShield","hexamod:InspiringFlames"],"picked":"hexamod:BurningTouch","floor":5},{"not_picked":["hexamod:GhostOfSpirePresent","hexamod:ThermalTransfer"],"picked":"hexamod:Firestarter","floor":6},{"not_picked":["hexamod:PowerFromBeyond","hexamod:ShieldOfDarkness"],"picked":"hexamod:EmpoweredFlame","floor":9},{"not_picked":["hexamod:ShieldOfDarkness","hexamod:InspiringFlames"],"picked":"hexamod:FastForward","floor":12},{"not_picked":["hexamod:CatchUp","hexamod:InspiringFlames"],"picked":"hexamod:HexaLevel","floor":14},{"not_picked":["hexamod:DynamicBlow","hexamod:AdvancingGuard"],"picked":"hexamod:HauntingEcho","floor":15},{"not_picked":["hexamod:FifthSeal","hexamod:GiftsFromTheDead"],"picked":"hexamod:GhostOfSpirePresent","floor":16},{"not_picked":["hexamod:SwordOfDarkness","hexamod:PowerFromBeyond+1"],"picked":"hexamod:RadiantFlame","floor":19},{"not_picked":["hexamod:FastForward","hexamod:DynamicBlow"],"picked":"hexamod:AdvancingGuard+1","floor":21}],"player_experience":911179,"relics_obtained":[{"floor":6,"key":"Bottled Lightning"},{"floor":7,"key":"FossilizedHelix"}],"event_choices":[{"damage_healed":17,"gold_gain":0,"player_choice":"Healed and dodged fight","damage_taken":0,"max_hp_gain":0,"max_hp_loss":0,"event_name":"Mushrooms","floor":8,"gold_loss":0,"cards_obtained":["Parasite"]},{"damage_healed":23,"gold_gain":0,"player_choice":"Banana","damage_taken":0,"max_hp_gain":0,"max_hp_loss":0,"event_name":"Big Fish","floor":11,"gold_loss":0}],"is_beta":false,"boss_relics":[{"not_picked":["Black Star","SlaversCollar"],"picked":"hexamod:UnbrokenSoul"}],"items_purged_floors":[],"is_endless":false,"potions_floor_spawned":[5,12,14,16],"killed_by":"Snecko","ascension_level":0}}