{"host":"sav7uxregyirlf69","time":1614054441,"event":{"mods":["AchievementEnabler","BaseMod","Colored Map","DeckTracker","Keyboard Shortcuts","Minty Spire (QoL Compilation)","READ ME - Guardian Mod","StSLib","SuperFastMode"],"gold_per_floor":[20,20,20,40,56,56,56,83,83,101,118,130,130,148,148,219,219,236,236,236,82,82,114,126,126,126,159,74,86,86,86],"floor_reached":30,"language":"KOR","playtime":590,"items_purged":["Strike_R"],"score":540,"play_id":"f6f6a9eb-d706-4cfb-b37f-dcb9a5e1f204","local_time":"20210223132721","is_ascension_mode":true,"campfire_choices":[{"data":"Evolve","floor":6.0,"key":"SMITH"},{"data":"Body Slam","floor":13.0,"key":"SMITH"},{"floor":15.0,"key":"RECALL"},{"floor":25,"key":"REST"}],"circlet_count":0,"master_deck":["AscendersBane","Strike_R","Strike_R","Strike_R","Defend_R","Defend_R","Defend_R","Defend_R","Bash","Wild Strike+1","Evolve+1","Reckless Charge","Warcry+1","Seeing Red+1","Body Slam+1","Warcry+1","Immolate","Shrug It Off+1","Burning Pact+1","Feel No Pain","Feel No Pain+1","Sentinel+1","Havoc+1"],"relics":["Burning Blood","Dead Branch","Du-Vu Doll","Gremlin Horn","Toxic Egg 2","Philosopher\u0027s Stone","Frozen Egg 2","Omamori","Pantograph"],"acts_visited":["Exordium","TheCity"],"potions_floor_usage":[16,16,18,27],"damage_taken":[{"damage":6.0,"enemies":"Cultist","floor":1.0,"turns":3.0},{"damage":2.0,"enemies":"Jaw Worm","floor":4.0,"turns":3.0},{"damage":7.0,"enemies":"Small Slimes","floor":5.0,"turns":3.0},{"damage":30.0,"enemies":"3 Sentries","floor":8.0,"turns":6.0},{"damage":8.0,"enemies":"3 Louse","floor":10.0,"turns":4.0},{"damage":1.0,"enemies":"Lots of Slimes","floor":11.0,"turns":3.0},{"damage":3.0,"enemies":"Blue Slaver","floor":12.0,"turns":2.0},{"damage":10.0,"enemies":"Exordium Thugs","floor":14.0,"turns":3.0},{"damage":32,"enemies":"The Guardian","floor":16,"turns":14},{"damage":9,"enemies":"3 Byrds","floor":18,"turns":5},{"damage":16,"enemies":"Gremlin Leader","floor":23,"turns":5},{"damage":7,"enemies":"Spheric Guardian","floor":24,"turns":3},{"damage":45,"enemies":"Book of Stabbing","floor":27,"turns":4},{"damage":11,"enemies":"Snake Plant","floor":29,"turns":2},{"damage":7,"enemies":"Snecko","floor":30,"turns":2}],"seed_played":"-67663961050582552","potions_obtained":[{"floor":4.0,"key":"Strength Potion"},{"floor":8.0,"key":"DistilledChaos"},{"floor":16,"key":"AttackPotion"},{"floor":23,"key":"SkillPotion"},{"floor":27,"key":"ElixirPotion"}],"is_trial":false,"path_per_floor":["M","?","$","M","M","R","T","E","T","M","M","M","R","M","R","B",null,"M","?","?","$","?","E","M","R","T","E","$","M","M"],"character_chosen":"IRONCLAD","items_purchased":["Feel No Pain","Sentinel+1"],"campfire_rested":1,"item_purchase_floors":[21,28],"current_hp_per_floor":[68,68,68,72,71,71,71,47,47,45,50,53,53,49,49,23,62,59,59,38,38,38,28,27,51,51,12,12,7,0,0],"gold":86,"neow_bonus":"ONE_RARE_RELIC","is_daily":false,"chose_seed":false,"campfire_upgraded":2,"win_rate":0.0,"timestamp":1614054441,"path_taken":["M","?","?","M","?","R","?","E","T","M","M","M","R","M","R","BOSS","M","?","?","$","?","E","M","R","T","E","$","?","M"],"items_purchased_type":["Card","Card"],"build_version":"2020-12-22","purchased_purges":1,"victory":false,"max_hp_per_floor":[75,75,75,75,75,75,75,75,75,75,75,75,75,75,75,75,75,75,75,80,80,80,80,80,80,80,80,80,80,80,80],"card_choices":[{"not_picked":["Anger","Twin Strike"],"picked":"Wild Strike","floor":1.0},{"not_picked":["Armaments","Perfected Strike"],"picked":"Evolve","floor":4.0},{"not_picked":["Flex","Entrench","Headbutt"],"picked":"SKIP","floor":5.0},{"not_picked":["Warcry","Sword Boomerang"],"picked":"Reckless Charge","floor":8.0},{"not_picked":["Body Slam","Havoc+1"],"picked":"Warcry+1","floor":10.0},{"not_picked":["Battle Trance+1","Anger"],"picked":"Seeing Red+1","floor":11.0},{"not_picked":["Bloodletting+1","Berserk"],"picked":"Body Slam","floor":12.0},{"not_picked":["Flex+1","Sword Boomerang"],"picked":"Warcry+1","floor":14.0},{"not_picked":["Double Tap+1","Reaper"],"picked":"Immolate","floor":16},{"not_picked":["Headbutt","Thunderclap"],"picked":"Shrug It Off+1","floor":18},{"not_picked":["Heavy Blade+1","Whirlwind","Flex+1"],"picked":"SKIP","floor":23},{"not_picked":["Demon Form+1","Whirlwind+1"],"picked":"Feel No Pain+1","floor":24},{"not_picked":["Evolve+1","Anger","Iron Wave"],"picked":"SKIP","floor":27},{"not_picked":["Rupture+1","Twin Strike"],"picked":"Havoc+1","floor":29}],"player_experience":1666471,"relics_obtained":[{"floor":7.0,"key":"Du-Vu Doll"},{"floor":8.0,"key":"Gremlin Horn"},{"floor":9.0,"key":"Toxic Egg 2"},{"floor":23,"key":"Frozen Egg 2"},{"floor":26,"key":"Omamori"},{"floor":27,"key":"Pantograph"}],"event_choices":[{"damage_healed":0.0,"max_hp_gain":0.0,"max_hp_loss":0.0,"gold_gain":0.0,"event_name":"Accursed Blacksmith","player_choice":"Forge","floor":2.0,"gold_loss":0.0,"damage_taken":0.0,"cards_upgraded":["Wild Strike"]},{"damage_healed":0,"gold_gain":0,"player_choice":"Read","damage_taken":0,"max_hp_gain":0,"max_hp_loss":0,"event_name":"The Library","floor":19,"gold_loss":0,"cards_obtained":["Burning Pact"]},{"damage_healed":0,"gold_gain":0,"player_choice":"Shed Blood","damage_taken":26,"max_hp_gain":5,"max_hp_loss":0,"event_name":"Forgotten Altar","floor":20,"gold_loss":0},{"cards_removed":["Strike_R"],"damage_healed":0,"gold_gain":0,"player_choice":"Purged","damage_taken":0,"max_hp_gain":0,"max_hp_loss":0,"event_name":"Purifier","floor":22,"gold_loss":0}],"is_beta":false,"boss_relics":[{"not_picked":["Coffee Dripper","Runic Cube"],"picked":"Philosopher\u0027s Stone"}],"items_purged_floors":[21],"is_endless":false,"potions_floor_spawned":[4,8,11,12,14,16,23,27],"killed_by":"Snecko","ascension_level":20}}