{"host":"c6u7e77myxvw4d0m","time":1614076474,"event":{"mods":["AchievementEnabler","BaseMod","Bestiary","Colored Map","Colored Powertips","Minty Spire (QoL Compilation)","Rare Cards Sparkle","Relic Stats","everything is the same but u backflip on backflip"],"gold_per_floor":[119,129,141,153,228,228,263,263,263,280,294,0,35,50,50,121,121,131,146,146,165,19,48,48,66,92,122,102,116,116,130,130,209,209,221,37,37,55,66,66,0,30,81,101,112,112,122,156,156,156,156,156,156,13,45,45,45],"floor_reached":56,"language":"ENG","playtime":6069,"items_purged":["Strike_G","Strike_G"],"score":2051,"play_id":"d51e2021-0c5e-40dd-90a1-6582413303e9","local_time":"20210223123434","is_ascension_mode":true,"campfire_choices":[{"data":"Infinite Blades","floor":6.0,"key":"SMITH"},{"floor":8.0,"key":"REST"},{"data":"Wraith Form v2","floor":15.0,"key":"SMITH"},{"data":"After Image","floor":24.0,"key":"SMITH"},{"data":"Cloak And Dagger","floor":30.0,"key":"SMITH"},{"floor":32.0,"key":"REST"},{"data":"Wraith Form v2","floor":40.0,"key":"SMITH"},{"floor":46.0,"key":"RECALL"},{"data":"After Image","floor":49.0,"key":"SMITH"},{"data":"Blade Dance","floor":53.0,"key":"SMITH"}],"circlet_count":0,"master_deck":["AscendersBane","Strike_G","Strike_G","Strike_G+1","Defend_G","Defend_G","Defend_G","Defend_G","Defend_G","Survivor","Neutralize+1","Backstab","Slice","Deadly Poison","Infinite Blades+1","Leg Sweep","Blade Dance+1","Endless Agony","Dodge and Roll","Wraith Form v2+1","Dagger Spray","After Image+1","Slice+1","Cloak And Dagger+1","Quick Slash","PiercingWail","PiercingWail+1","Footwork","Prepared+1","Terror","After Image+1","Wraith Form v2+1","Blade Dance","Madness","Madness","Blade Dance","Noxious Fumes+1","Concentrate+1","Corpse Explosion","Accuracy+1","Leg Sweep+1","Accuracy+1","Caltrops+1","Infinite Blades+1","Acrobatics"],"relics":["WristBlade","The Courier","Question Card","Shuriken","MealTicket","Runic Pyramid","Prayer Wheel","Ornamental Fan","Busted Crown","Frozen Egg 2","Meat on the Bone","Whetstone","Omamori","Boot"],"acts_visited":["Exordium","TheCity","TheBeyond","TheEnding"],"potions_floor_usage":[56],"damage_taken":[{"damage":1.0,"enemies":"2 Louse","floor":1.0,"turns":3.0},{"damage":3.0,"enemies":"Small Slimes","floor":2.0,"turns":3.0},{"damage":0.0,"enemies":"Cultist","floor":3.0,"turns":3.0},{"damage":15.0,"enemies":"Large Slime","floor":4.0,"turns":6.0},{"damage":17.0,"enemies":"Lagavulin","floor":7.0,"turns":5.0},{"damage":8.0,"enemies":"Gremlin Gang","floor":10.0,"turns":4.0},{"damage":3.0,"enemies":"Blue Slaver","floor":11.0,"turns":3.0},{"damage":5.0,"enemies":"3 Sentries","floor":13.0,"turns":5.0},{"damage":2.0,"enemies":"2 Fungi Beasts","floor":14.0,"turns":3.0},{"damage":1.0,"enemies":"Slime Boss","floor":16.0,"turns":6.0},{"damage":27.0,"enemies":"2 Thieves","floor":18.0,"turns":4.0},{"damage":1.0,"enemies":"3 Byrds","floor":19.0,"turns":4.0},{"damage":0.0,"enemies":"Cultist and Chosen","floor":21.0,"turns":8.0},{"damage":3.0,"enemies":"Slavers","floor":23.0,"turns":6.0},{"damage":0.0,"enemies":"Centurion and Healer","floor":25.0,"turns":4.0},{"damage":2.0,"enemies":"Gremlin Leader","floor":27.0,"turns":6.0},{"damage":0.0,"enemies":"Snake Plant","floor":29.0,"turns":5.0},{"damage":8.0,"enemies":"Shelled Parasite and Fungi","floor":31.0,"turns":4.0},{"damage":16.0,"enemies":"Champ","floor":33.0,"turns":8.0},{"damage":0.0,"enemies":"3 Shapes","floor":35.0,"turns":5.0},{"damage":5.0,"enemies":"Orb Walker","floor":38.0,"turns":3.0},{"damage":0.0,"enemies":"Spire Growth","floor":39.0,"turns":6.0},{"damage":0.0,"enemies":"Reptomancer","floor":42.0,"turns":8.0},{"damage":0.0,"enemies":"Transient","floor":44.0,"turns":6.0},{"damage":0.0,"enemies":"Maw","floor":45.0,"turns":6.0},{"damage":17.0,"enemies":"4 Shapes","floor":47.0,"turns":4.0},{"damage":0.0,"enemies":"Nemesis","floor":48.0,"turns":5.0},{"damage":14.0,"enemies":"Donu and Deca","floor":50.0,"turns":7.0},{"damage":39.0,"enemies":"Time Eater","floor":51.0,"turns":11.0},{"damage":65.0,"enemies":"Shield and Spear","floor":55.0,"turns":8.0},{"damage":53,"enemies":"The Heart","floor":56,"turns":3}],"seed_played":"-9021106419638653904","potions_obtained":[{"floor":1.0,"key":"EntropicBrew"},{"floor":7.0,"key":"Dexterity Potion"},{"floor":16.0,"key":"SmokeBomb"},{"floor":23.0,"key":"Fire Potion"},{"floor":29.0,"key":"AttackPotion"},{"floor":33.0,"key":"Block Potion"},{"floor":44.0,"key":"Poison Potion"},{"floor":55.0,"key":"LiquidMemories"}],"is_trial":false,"path_per_floor":["M","M","M","M","?","R","E","R","T","M","M","$","E","M","R","B",null,"M","M","?","M","$","E","R","M","T","E","?","M","R","M","R","B",null,"M","$","?","M","M","R","?","E","T","M","M","R","M","E","R","B","B",null,"R","$","E","B"],"character_chosen":"THE_SILENT","items_purchased":["Shuriken","Dodge and Roll","Fire Potion","Quick Slash","Wraith Form v2","Blade Dance","Accuracy+1","Caltrops+1","Infinite Blades+1"],"campfire_rested":2,"item_purchase_floors":[12,12,22,22,36,36,54,54,54],"current_hp_per_floor":[58,55,55,40,29,29,26,45,45,37,34,34,29,27,27,26,56,29,28,28,28,43,40,40,40,40,38,38,38,38,30,49,33,58,58,66,54,49,49,49,49,49,49,49,49,49,44,44,44,42,15,53,53,66,13,0,0],"gold":45,"neow_bonus":"BOSS_RELIC","is_daily":false,"chose_seed":false,"campfire_upgraded":7,"win_rate":0.0,"timestamp":1614076474,"path_taken":["M","M","M","M","?","R","E","R","T","M","M","$","E","M","R","BOSS","M","M","?","M","$","E","R","M","T","E","?","M","R","M","R","BOSS","M","$","?","M","M","R","?","E","T","M","M","R","M","E","R","BOSS","BOSS","R","$","E","BOSS"],"items_purchased_type":["Relic","Card","Potion","Card","Card","Card","Card","Card","Card"],"build_version":"2020-12-22","purchased_purges":2,"victory":false,"max_hp_per_floor":[66,66,66,66,66,66,66,66,66,66,66,66,66,66,66,66,66,66,66,66,66,66,66,66,66,66,66,66,66,66,66,66,66,66,66,66,66,66,66,66,66,66,66,66,66,66,66,66,66,66,66,66,66,66,66,66,66],"relic_stats":{"Busted Crown":30,"counters":[31,162],"Shuriken":[101],"Ornamental Fan":[292],"MealTicket":36,"Prayer Wheel":9,"Whetstone":["Strike_G","Neutralize"],"Question Card":32,"Boot":[0],"obtain_stats":[{"The Courier":7,"Omamori":48,"Whetstone":43,"Frozen Egg 2":41,"Question Card":9,"Boot":55,"Busted Crown":34,"WristBlade":0,"Shuriken":12,"Ornamental Fan":27,"MealTicket":13,"Prayer Wheel":23,"Ring of the Snake":0,"Runic Pyramid":17,"Meat on the Bone":42},{"The Courier":5,"Omamori":27,"Whetstone":23,"Frozen Egg 2":22,"Question Card":5,"Boot":30,"Busted Crown":19,"WristBlade":0,"Shuriken":7,"Ornamental Fan":16,"MealTicket":8,"Prayer Wheel":14,"Ring of the Snake":0,"Runic Pyramid":10,"Meat on the Bone":23},{"The Courier":20,"Omamori":133,"Whetstone":112,"Frozen Egg 2":104,"Question Card":20,"Boot":159,"Busted Crown":90,"WristBlade":0,"Shuriken":27,"Ornamental Fan":73,"MealTicket":32,"Prayer Wheel":63,"Ring of the Snake":0,"Runic Pyramid":41,"Meat on the Bone":112}],"Meat on the Bone":48},"card_choices":[{"not_picked":["Skewer","Quick Slash"],"picked":"Backstab","floor":1.0},{"not_picked":["Masterful Stab","Sucker Punch"],"picked":"Slice","floor":2.0},{"not_picked":["Backflip","Setup"],"picked":"Deadly Poison","floor":3.0},{"not_picked":["Leg Sweep","All Out Attack"],"picked":"Infinite Blades","floor":4.0},{"not_picked":["All Out Attack","Prepared"],"picked":"Leg Sweep","floor":7.0},{"not_picked":["Dodge and Roll","Choke","Dagger Spray"],"picked":"Blade Dance","floor":10.0},{"not_picked":["Poisoned Stab","Dagger Spray","Deadly Poison"],"picked":"Endless Agony","floor":11.0},{"not_picked":["Finisher","Predator","Noxious Fumes"],"picked":"Wraith Form v2","floor":13.0},{"not_picked":["Calculated Gamble","Dodge and Roll","Reflex"],"picked":"Dagger Spray","floor":14.0},{"not_picked":["Malaise","Envenom","Wraith Form v2"],"picked":"After Image","floor":16.0},{"not_picked":["Poisoned Stab","Deflect","Outmaneuver+1"],"picked":"Slice+1","floor":18.0},{"not_picked":["Setup","Prepared","Dagger Spray","Tactician"],"picked":"SKIP","floor":19.0},{"not_picked":["Well Laid Plans","Choke","Escape Plan","Eviscerate"],"picked":"SKIP","floor":21.0},{"not_picked":["Bane","Terror","Backflip+1"],"picked":"PiercingWail","floor":23.0},{"not_picked":["Endless Agony+1","Acrobatics","Bane"],"picked":"PiercingWail+1","floor":25.0},{"not_picked":["Poisoned Stab","Reflex","Sucker Punch","Accuracy"],"picked":"SKIP","floor":25.0},{"not_picked":["Envenom","Slice","Cloak And Dagger"],"picked":"Footwork","floor":27.0},{"not_picked":["Dagger Spray","Sucker Punch","PiercingWail"],"picked":"Prepared+1","floor":29.0},{"not_picked":["Leg Sweep","Underhanded Strike","Sucker Punch+1","Predator"],"picked":"SKIP","floor":29.0},{"not_picked":["Leg Sweep","Underhanded Strike","Sucker Punch+1","Predator"],"picked":"SKIP","floor":29.0},{"not_picked":["Bane","Underhanded Strike","Escape Plan"],"picked":"Terror","floor":31.0},{"not_picked":["Acrobatics","Tactician","Choke","Eviscerate+1"],"picked":"SKIP","floor":31.0},{"not_picked":["Envenom","Tools of the Trade","Die Die Die"],"picked":"After Image","floor":33.0},{"not_picked":["Underhanded Strike+1","Dodge and Roll"],"picked":"SKIP","floor":35.0},{"not_picked":["Riddle With Holes+1","Prepared+1"],"picked":"SKIP","floor":35.0},{"not_picked":["Leg Sweep+1"],"picked":"Blade Dance","floor":38.0},{"not_picked":["Expertise","Endless Agony+1"],"picked":"SKIP","floor":38.0},{"not_picked":["Quick Slash"],"picked":"Noxious Fumes+1","floor":39.0},{"not_picked":["Quick Slash","Bane+1"],"picked":"SKIP","floor":39.0},{"not_picked":["Deadly Poison","Flying Knee"],"picked":"SKIP","floor":42.0},{"not_picked":["Cloak And Dagger"],"picked":"Concentrate+1","floor":44.0},{"not_picked":["Deflect+1","Deadly Poison"],"picked":"SKIP","floor":44.0},{"not_picked":["Endless Agony"],"picked":"Corpse Explosion","floor":45.0},{"not_picked":["Prepared","Heel Hook+1"],"picked":"SKIP","floor":45.0},{"not_picked":["Flying Knee+1"],"picked":"Accuracy+1","floor":47.0},{"not_picked":["Dagger Spray"],"picked":"Leg Sweep+1","floor":47.0},{"not_picked":["Bane","Distraction+1"],"picked":"SKIP","floor":48.0},{"not_picked":["Dagger Throw"],"picked":"Acrobatics","floor":55.0}],"player_experience":872185,"relics_obtained":[{"floor":7.0,"key":"The Courier"},{"floor":9.0,"key":"Question Card"},{"floor":13.0,"key":"MealTicket"},{"floor":23.0,"key":"Prayer Wheel"},{"floor":27.0,"key":"Ornamental Fan"},{"floor":42.0,"key":"Meat on the Bone"},{"floor":43.0,"key":"Whetstone"},{"floor":48.0,"key":"Omamori"},{"floor":55.0,"key":"Boot"}],"event_choices":[{"damage_healed":0.0,"max_hp_gain":0.0,"max_hp_loss":0.0,"gold_gain":75.0,"event_name":"World of Goop","player_choice":"Gather Gold","floor":5.0,"gold_loss":0.0,"damage_taken":11.0},{"damage_healed":0.0,"max_hp_gain":0.0,"max_hp_loss":0.0,"gold_gain":0.0,"event_name":"The Library","player_choice":"Read","floor":20.0,"gold_loss":0.0,"damage_taken":0.0,"cards_obtained":["Cloak And Dagger"]},{"damage_healed":0.0,"max_hp_gain":0.0,"max_hp_loss":0.0,"gold_gain":0.0,"event_name":"The Woman in Blue","player_choice":"Bought 1 Potion","floor":28.0,"gold_loss":0.0,"damage_taken":0.0},{"damage_healed":0.0,"max_hp_gain":0.0,"max_hp_loss":0.0,"gold_gain":0.0,"event_name":"Winding Halls","player_choice":"Embrace Madness","floor":37.0,"gold_loss":0.0,"damage_taken":12.0,"cards_obtained":["Madness","Madness"]},{"damage_healed":0.0,"max_hp_gain":0.0,"max_hp_loss":0.0,"gold_gain":0.0,"event_name":"WeMeetAgain","player_choice":"Paid Gold","floor":41.0,"gold_loss":66.0,"damage_taken":0.0,"relics_obtained":["Frozen Egg 2"]}],"is_beta":false,"boss_relics":[{"not_picked":["Pandora\u0027s Box","HoveringKite"],"picked":"Runic Pyramid"},{"not_picked":["Snecko Eye","SacredBark"],"picked":"Busted Crown"}],"items_purged_floors":[12,22],"is_endless":false,"potions_floor_spawned":[1,4,7,10,14,16,21,23,27,29,33,35,42,44,55],"killed_by":"The Heart","ascension_level":20}}