{"host":"zxd2l8an9de7z7b9","time":1614057221,"event":{"mods":["100% Spire Juice","2.2 Compatiblity","AchievementEnabler","BaseMod","CapriCore","Colored Map","Colored Powertips","Marisa£¨Ùöéë¡¡Øª×âÞÞ£©","Minty Spire (QoL Compilation)","Rare Cards Sparkle","StSLib","SuperFastMode","Td1madao Mod","everything is the same but u backflip on backflip"],"gold_per_floor":[113,213,223,242,256,256,288,288,338,348,348,365,365,382,382,382,382],"floor_reached":16,"language":"KOR","playtime":307,"items_purged":[],"score":104,"play_id":"6440f5fc-46eb-4b5a-8b05-e1164a863b80","local_time":"20210223141341","is_ascension_mode":false,"campfire_choices":[{"data":"Bash","floor":6.0,"key":"SMITH"},{"floor":11.0,"key":"REST"},{"floor":15.0,"key":"REST"}],"circlet_count":0,"master_deck":["Strike_R","Strike_R","Strike_R","Strike_R","Strike_R","Defend_R","Defend_R","Bash+1","Dual Wield"],"relics":["Burning Blood","NeowsBlessing","Sundial","Bag of Marbles"],"acts_visited":["Exordium"],"potions_floor_usage":[16,16,16],"damage_taken":[{"damage":0.0,"enemies":"Cultist","floor":1.0,"turns":1.0},{"damage":0.0,"enemies":"2 Louse","floor":3.0,"turns":1.0},{"damage":0.0,"enemies":"Small Slimes","floor":4.0,"turns":1.0},{"damage":26.0,"enemies":"Blue Slaver","floor":5.0,"turns":4.0},{"damage":40.0,"enemies":"3 Sentries","floor":7.0,"turns":10.0},{"damage":10.0,"enemies":"Looter","floor":10.0,"turns":3.0},{"damage":28.0,"enemies":"Lots of Slimes","floor":12.0,"turns":5.0},{"damage":16.0,"enemies":"3 Louse","floor":14.0,"turns":4.0},{"damage":29,"enemies":"The Guardian","floor":16,"turns":7}],"seed_played":"-7243109426285480050","potions_obtained":[{"floor":1.0,"key":"Dexterity Potion"},{"floor":5.0,"key":"LiquidMemories"},{"floor":10.0,"key":"SteroidPotion"},{"floor":12.0,"key":"Swift Potion"},{"floor":14.0,"key":"AttackPotion"}],"is_trial":false,"path_per_floor":["M","?","M","M","M","R","E","?","T","M","R","M","?","M","R","B"],"character_chosen":"IRONCLAD","items_purchased":[],"campfire_rested":2,"item_purchase_floors":[],"current_hp_per_floor":[80,80,80,80,60,60,26,26,26,22,46,24,24,14,38,9,9],"gold":382,"neow_bonus":"THREE_ENEMY_KILL","is_daily":false,"chose_seed":false,"campfire_upgraded":1,"win_rate":0.0,"timestamp":1614057221,"path_taken":["M","?","M","?","M","R","E","?","T","?","R","?","?","M","R","BOSS"],"items_purchased_type":[],"build_version":"2020-12-22","purchased_purges":0,"victory":false,"max_hp_per_floor":[80,80,80,80,80,80,80,80,80,80,80,80,80,80,80,80,80],"card_choices":[{"not_picked":["Pummel","Iron Wave","Perfected Strike"],"picked":"SKIP","floor":1.0},{"not_picked":["Metallicize","Armaments","Body Slam"],"picked":"SKIP","floor":3.0},{"not_picked":["Blood for Blood","Cleave"],"picked":"Dual Wield","floor":4.0},{"not_picked":["Pommel Strike","Ghostly Armor","Cleave"],"picked":"SKIP","floor":5.0},{"not_picked":["Double Tap","Clothesline","Heavy Blade"],"picked":"SKIP","floor":7.0},{"not_picked":["Ghostly Armor","Sentinel","Seeing Red"],"picked":"SKIP","floor":10.0},{"not_picked":["Havoc","Twin Strike","Clothesline"],"picked":"SKIP","floor":12.0},{"not_picked":["Anger","Flame Barrier","Body Slam"],"picked":"SKIP","floor":14.0}],"player_experience":450098,"relics_obtained":[{"floor":7.0,"key":"Sundial"},{"floor":9.0,"key":"Bag of Marbles"}],"event_choices":[{"damage_healed":0.0,"max_hp_gain":0.0,"max_hp_loss":0.0,"gold_gain":100.0,"event_name":"Wheel of Change","player_choice":"Gold","floor":2.0,"gold_loss":0.0,"damage_taken":0.0},{"cards_removed":["Defend_R"],"damage_healed":0.0,"max_hp_gain":0.0,"max_hp_loss":0.0,"gold_gain":0.0,"event_name":"Purifier","player_choice":"Purged","floor":8.0,"gold_loss":0.0,"damage_taken":0.0},{"cards_removed":["Defend_R"],"damage_healed":0.0,"max_hp_gain":0.0,"max_hp_loss":0.0,"gold_gain":0.0,"event_name":"Bonfire Elementals","player_choice":"Offered Basic","floor":13.0,"gold_loss":0.0,"damage_taken":0.0}],"is_beta":false,"boss_relics":[],"items_purged_floors":[],"is_endless":false,"potions_floor_spawned":[1,5,10,12,14],"killed_by":"The Guardian","ascension_level":0}}