{"host":"rzxtdhi6dlaar4wu","time":1614108504,"event":{"mods":["2.2 Compatiblity","AchievementEnabler","BaseMod","Block Reminder","Colored Map","Colored Powertips","Minty Spire (QoL Compilation)","Quick Restart","Random Character Button","Rare Cards Sparkle","Relic Stats","StSLib","The IronCluck"],"gold_per_floor":[114,114,114,114,125,125,125,141,165,12,27,61,79,122,122,251,314,328,328,346,346,136,152,196,216,287,306,306,306,327,345,345,345,345],"floor_reached":33,"language":"ENG","playtime":1544,"items_purged":["Strike_G"],"score":329,"play_id":"8098d68d-cb66-4346-bba8-85dee3a10200","local_time":"20210223202824","is_ascension_mode":false,"campfire_choices":[{"data":"Survivor","floor":6,"key":"SMITH"},{"data":"Well Laid Plans","floor":15,"key":"SMITH"},{"floor":29,"key":"REST"},{"floor":32,"key":"REST"}],"circlet_count":0,"master_deck":["Strike_G","Strike_G","Strike_G","Defend_G","Defend_G","Defend_G","Defend_G","Survivor+1","Neutralize+1","Dagger Spray","Poisoned Stab+1","Injury","Well Laid Plans+1","Poisoned Stab","Dash","All Out Attack","Leg Sweep","Envenom","Backstab","PiercingWail","Deadly Poison","Outmaneuver+1","Dodge and Roll+1","Dark Shackles","Well Laid Plans","PiercingWail","Masterful Stab","Slice","Dodge and Roll","Bane","All Out Attack+1","Bane","Bouncing Flask+1","Dash+1"],"relics":["Ring of the Snake","StoneCalendar","Paper Crane","Golden Idol","Lantern","Membership Card","Bronze Scales","Bag of Marbles","Tiny House","War Paint","Toxic Egg 2","Shuriken"],"acts_visited":["Exordium","TheCity"],"potions_floor_usage":[14,33,33],"damage_taken":[{"damage":0,"enemies":"Small Slimes","floor":1,"turns":5},{"damage":0,"enemies":"2 Louse","floor":5,"turns":3},{"damage":0,"enemies":"Jaw Worm","floor":8,"turns":5},{"damage":5,"enemies":"Exordium Wildlife","floor":11,"turns":5},{"damage":5,"enemies":"Lagavulin","floor":12,"turns":7},{"damage":0,"enemies":"Large Slime","floor":13,"turns":6},{"damage":2,"enemies":"3 Sentries","floor":14,"turns":5},{"damage":0,"enemies":"Slime Boss","floor":16,"turns":7},{"damage":0,"enemies":"2 Thieves","floor":18,"turns":5},{"damage":11,"enemies":"Spheric Guardian","floor":20,"turns":6},{"damage":0,"enemies":"Snake Plant","floor":23,"turns":4},{"damage":43,"enemies":"Slavers","floor":24,"turns":7},{"damage":0,"enemies":"Chosen and Byrds","floor":25,"turns":6},{"damage":14,"enemies":"Shelled Parasite and Fungi","floor":27,"turns":6},{"damage":14,"enemies":"Centurion and Healer","floor":30,"turns":5},{"damage":0,"enemies":"Snecko","floor":31,"turns":3},{"damage":36,"enemies":"Champ","floor":33,"turns":9}],"seed_played":"7025319095603360861","potions_obtained":[{"floor":1,"key":"Block Potion"},{"floor":5,"key":"SkillPotion"},{"floor":14,"key":"GamblersBrew"},{"floor":17,"key":"LiquidBronze"}],"is_trial":false,"path_per_floor":["M","?","?","?","M","R","?","M","T","$","M","E","M","E","R","B",null,"M","?","M","?","$","M","E","M","T","M","T","R","M","M","R","B"],"character_chosen":"THE_SILENT","items_purchased":["Membership Card","Dark Shackles","Well Laid Plans","PiercingWail","Masterful Stab","Slice","Dodge and Roll"],"campfire_rested":2,"item_purchase_floors":[10,22,22,22,22,22,22],"current_hp_per_floor":[49,49,35,28,28,28,28,28,28,28,23,18,18,16,16,16,75,75,75,64,64,64,64,21,21,21,7,7,29,15,15,37,1,1],"gold":345,"neow_bonus":"ONE_RARE_RELIC","is_daily":false,"chose_seed":false,"campfire_upgraded":2,"win_rate":0.0,"timestamp":1614108504,"path_taken":["M","?","?","?","M","R","?","M","T","$","?","E","M","E","R","BOSS","M","?","M","?","$","M","E","M","T","M","?","R","M","M","R","BOSS"],"items_purchased_type":["Relic","Card","Card","Card","Card","Card","Card"],"build_version":"2020-12-22","purchased_purges":1,"victory":false,"max_hp_per_floor":[70,70,70,70,70,70,70,70,70,70,70,70,70,70,70,70,75,75,75,75,75,75,75,75,75,75,75,75,75,75,75,75,75,75],"relic_stats":{"counters":[17,94],"Golden Idol":100,"Shuriken":[5],"Bronze Scales":[154],"StoneCalendar":[154],"War Paint":["Dodge and Roll","Outmaneuver"],"obtain_stats":[{"Lantern":9,"Tiny House":17,"Golden Idol":7,"Shuriken":28,"Bronze Scales":12,"StoneCalendar":0,"Bag of Marbles":14,"Membership Card":10,"Paper Crane":2,"War Paint":24,"Toxic Egg 2":26,"Ring of the Snake":0},{"Lantern":3,"Tiny House":8,"Golden Idol":2,"Shuriken":14,"Bronze Scales":5,"StoneCalendar":0,"Bag of Marbles":7,"Membership Card":3,"Paper Crane":1,"War Paint":12,"Toxic Egg 2":13,"Ring of the Snake":0},{"Lantern":13,"Tiny House":43,"Golden Idol":8,"Shuriken":77,"Bronze Scales":25,"StoneCalendar":0,"Bag of Marbles":36,"Membership Card":13,"Paper Crane":5,"War Paint":65,"Toxic Egg 2":71,"Ring of the Snake":0}],"Ring of the Snake":[34]},"card_choices":[{"not_picked":["Prepared","Acrobatics"],"picked":"Dagger Spray","floor":1},{"not_picked":["Blade Dance","Dodge and Roll"],"picked":"Poisoned Stab","floor":5},{"not_picked":["Acrobatics","Cloak And Dagger"],"picked":"Well Laid Plans","floor":8},{"not_picked":["Blade Dance","Acrobatics"],"picked":"Poisoned Stab","floor":11},{"not_picked":["Heel Hook","Dodge and Roll"],"picked":"Dash","floor":12},{"not_picked":["Glass Knife","Escape Plan"],"picked":"All Out Attack","floor":13},{"not_picked":["Riddle With Holes","Reflex"],"picked":"Leg Sweep","floor":14},{"not_picked":["Die Die Die","Burst"],"picked":"Envenom","floor":16},{"not_picked":["Slice","Heel Hook"],"picked":"Backstab","floor":17},{"not_picked":["Distraction+1","Backstab"],"picked":"PiercingWail","floor":18},{"not_picked":["Dodge and Roll","Outmaneuver"],"picked":"Deadly Poison","floor":20},{"not_picked":["Leg Sweep","Flying Knee+1"],"picked":"Bane","floor":23},{"not_picked":["Dagger Throw","Finisher","Choke"],"picked":"SKIP","floor":24},{"not_picked":["Acrobatics","Leg Sweep"],"picked":"All Out Attack+1","floor":25},{"not_picked":["Underhanded Strike","Quick Slash"],"picked":"Bane","floor":27},{"not_picked":["Malaise+1","Infinite Blades"],"picked":"Bouncing Flask+1","floor":30},{"not_picked":["Outmaneuver+1","Backstab+1"],"picked":"Dash+1","floor":31}],"player_experience":174506,"relics_obtained":[{"floor":9,"key":"Lantern"},{"floor":12,"key":"Bronze Scales"},{"floor":14,"key":"Bag of Marbles"},{"floor":24,"key":"War Paint"},{"floor":26,"key":"Toxic Egg 2"},{"floor":28,"key":"Shuriken"}],"event_choices":[{"damage_healed":0,"gold_gain":0,"player_choice":"Box","damage_taken":0,"relics_obtained":["Paper Crane"],"max_hp_gain":0,"max_hp_loss":0,"event_name":"Big Fish","floor":2,"gold_loss":0,"cards_obtained":["Regret"]},{"damage_healed":0,"gold_gain":0,"player_choice":"Entered Light","damage_taken":14,"max_hp_gain":0,"max_hp_loss":0,"event_name":"Shining Light","floor":3,"gold_loss":0,"cards_upgraded":["Defend_G","Neutralize"]},{"cards_removed":["Regret"],"damage_healed":0,"gold_gain":0,"player_choice":"Card Removal","damage_taken":7,"max_hp_gain":0,"max_hp_loss":0,"event_name":"Golden Wing","floor":4,"gold_loss":0},{"damage_healed":0,"gold_gain":0,"player_choice":"Take Wound","damage_taken":0,"relics_obtained":["Golden Idol"],"max_hp_gain":0,"max_hp_loss":0,"event_name":"Golden Idol","floor":7,"gold_loss":0,"cards_obtained":["Injury"]},{"damage_healed":0,"gold_gain":0,"player_choice":"Ignored","damage_taken":0,"max_hp_gain":0,"max_hp_loss":0,"event_name":"Ghosts","floor":19,"gold_loss":0},{"damage_healed":0,"gold_gain":0,"cards_transformed":["Strike_G","Defend_G"],"player_choice":"Became Test Subject","damage_taken":0,"max_hp_gain":0,"max_hp_loss":0,"event_name":"Drug Dealer","floor":21,"gold_loss":0,"cards_obtained":["Outmaneuver","Dodge and Roll"]}],"is_beta":false,"boss_relics":[{"not_picked":["Fusion Hammer","Snecko Eye"],"picked":"Tiny House"}],"items_purged_floors":[22],"is_endless":false,"potions_floor_spawned":[1,5,14,18,24,31],"killed_by":"Champ","ascension_level":0}}