{"host":"ELF","time":1614060805,"event":{"mods":["BaseMod","Bestiary","Minty Spire (QoL Compilation)","Relic Stats","Slay the Relics Exporter"],"gold_per_floor":[110,110,110,110,34,49,49,62,111,131,131,152,167,192,192,281,281,304,174,174,47,65,65,65],"floor_reached":23,"language":"ENG","playtime":1056,"items_purged":["Injury","Strike_G"],"score":366,"play_id":"9957e64e-f570-433a-b9f0-456427568947","local_time":"20210223001325","is_ascension_mode":true,"campfire_choices":[{"data":"Infinite Blades","floor":7,"key":"SMITH"},{"data":"Adrenaline","floor":11,"key":"SMITH"},{"data":"Prepared","floor":15,"key":"SMITH"}],"circlet_count":0,"master_deck":["AscendersBane","Strike_G","Strike_G","Defend_G+1","Defend_G+1","Defend_G","Defend_G","Survivor","Neutralize","Finisher+1","Adrenaline+1","Underhanded Strike+1","Riddle With Holes","Infinite Blades+1","Acrobatics","Slice","Adrenaline+1","Dash","Prepared+1","Slice","Unload","Prepared","Malaise","Tactician"],"relics":["Astrolabe","Golden Idol","Smiling Mask","Calling Bell","Art of War","Matryoshka","Unceasing Top"],"acts_visited":["Exordium","TheCity"],"potions_floor_usage":[16,18,23],"damage_taken":[{"damage":0,"enemies":"Jaw Worm","floor":1,"turns":2},{"damage":0,"enemies":"2 Louse","floor":6,"turns":3},{"damage":8,"enemies":"Cultist","floor":8,"turns":5},{"damage":0,"enemies":"Blue Slaver","floor":10,"turns":4},{"damage":23,"enemies":"Exordium Thugs","floor":12,"turns":3},{"damage":0,"enemies":"Red Slaver","floor":13,"turns":2},{"damage":5,"enemies":"Blue Slaver","floor":14,"turns":3},{"damage":5,"enemies":"Hexaghost","floor":16,"turns":9},{"damage":0,"enemies":"Spheric Guardian","floor":18,"turns":3},{"damage":24,"enemies":"Shell Parasite","floor":22,"turns":5},{"damage":31,"enemies":"Slavers","floor":23,"turns":2}],"seed_played":"-6480172112201784944","potions_obtained":[{"floor":8,"key":"BlessingOfTheForge"},{"floor":12,"key":"Ancient Potion"},{"floor":13,"key":"DistilledChaos"},{"floor":16,"key":"Strength Potion"},{"floor":22,"key":"Dexterity Potion"}],"is_trial":false,"path_per_floor":["M","?","?","?","$","M","R","M","T","M","R","M","M","M","R","B",null,"M","$","?","$","M","E"],"character_chosen":"THE_SILENT","items_purchased":["Infinite Blades","Ancient Potion","Tactician"],"campfire_rested":0,"item_purchase_floors":[5,19,21],"current_hp_per_floor":[59,39,39,61,61,61,61,53,53,53,53,30,30,25,25,20,55,55,55,55,55,31,0,0],"gold":65,"neow_bonus":"BOSS_RELIC","is_daily":false,"chose_seed":false,"campfire_upgraded":3,"win_rate":0.0,"timestamp":1614060805,"path_taken":["M","?","?","?","?","M","R","M","T","?","R","M","M","M","R","BOSS","M","$","?","?","M","E"],"items_purchased_type":["Card","Potion","Card"],"build_version":"2020-12-18","purchased_purges":2,"victory":false,"max_hp_per_floor":[66,66,66,66,66,66,66,66,66,66,66,66,66,66,66,66,66,66,66,66,66,66,66,66],"relic_stats":{"counters":[11,41],"Golden Idol":49,"Astrolabe":["Finisher","Adrenaline","Underhanded Strike"],"Art of War":[0],"Smiling Mask":75,"obtain_stats":[{"Calling Bell":17,"Matryoshka":17,"Golden Idol":3,"Astrolabe":0,"Art of War":17,"Smiling Mask":9,"Unceasing Top":17,"Ring of the Snake":0},{"Calling Bell":8,"Matryoshka":8,"Golden Idol":1,"Astrolabe":0,"Art of War":8,"Smiling Mask":3,"Unceasing Top":8,"Ring of the Snake":0},{"Calling Bell":31,"Matryoshka":31,"Golden Idol":2,"Astrolabe":0,"Art of War":31,"Smiling Mask":10,"Unceasing Top":31,"Ring of the Snake":0}],"Unceasing Top":[6]},"card_choices":[{"not_picked":["Bane","Flying Knee"],"picked":"Riddle With Holes","floor":1},{"not_picked":["PiercingWail","Concentrate"],"picked":"Acrobatics","floor":6},{"not_picked":["Deflect","Dagger Throw"],"picked":"Slice","floor":8},{"not_picked":["Deflect","Escape Plan"],"picked":"Adrenaline","floor":10},{"not_picked":["Calculated Gamble","Deflect"],"picked":"Dash","floor":12},{"not_picked":["Flying Knee","Dash"],"picked":"Prepared","floor":13},{"not_picked":["Catalyst","Expertise"],"picked":"Slice","floor":14},{"not_picked":["Grand Finale","A Thousand Cuts"],"picked":"Unload","floor":16},{"not_picked":["Caltrops","Sucker Punch"],"picked":"Prepared","floor":18},{"not_picked":["Riddle With Holes","All Out Attack","Sucker Punch"],"picked":"SKIP","floor":22}],"player_experience":3524887,"relics_obtained":[{"floor":9,"key":"Smiling Mask"},{"floor":17,"key":"Art of War"},{"floor":17,"key":"Matryoshka"},{"floor":17,"key":"Unceasing Top"}],"event_choices":[{"damage_healed":0,"gold_gain":0,"player_choice":"Entered Light","damage_taken":20,"max_hp_gain":0,"max_hp_loss":0,"event_name":"Shining Light","floor":2,"gold_loss":0,"cards_upgraded":["Defend_G","Defend_G"]},{"damage_healed":0,"gold_gain":0,"player_choice":"Take Wound","damage_taken":0,"relics_obtained":["Golden Idol"],"max_hp_gain":0,"max_hp_loss":0,"event_name":"Golden Idol","floor":3,"gold_loss":0,"cards_obtained":["Injury"]},{"damage_healed":22,"gold_gain":0,"player_choice":"Banana","damage_taken":0,"max_hp_gain":0,"max_hp_loss":0,"event_name":"Big Fish","floor":4,"gold_loss":0},{"damage_healed":0,"gold_gain":0,"player_choice":"1 cards matched","damage_taken":0,"max_hp_gain":0,"max_hp_loss":0,"event_name":"Match and Keep!","floor":20,"gold_loss":0,"cards_obtained":["Malaise"]}],"is_beta":true,"boss_relics":[{"not_picked":["Black Star","Busted Crown"],"picked":"Calling Bell"}],"items_purged_floors":[19,21],"is_endless":false,"potions_floor_spawned":[8,12,13,16,22],"killed_by":"Slavers","ascension_level":20}}