{"host":"m3txpv198clqze8f","time":1614092311,"event":{"mods":["ATMod(°¢èªMod)","Act Like it!","BaseMod","Colored Powertips","Friendly Minions","Library of Ruina","Minty Spire (QoL Compilation)","MostiFishMod","Quick Restart","Relic Filter Mod","StSLib"],"gold_per_floor":[113,129,129,147,166,166,166,191,215,215,234,268,68,108,108,287,287,331,331,331,400,462,462,97,150,174,17,119,119,119,159,159,336,336,476,476,581,616,616,674,766,808,834,227,286,161,206,351,351,476,476,476,82,166,191],"floor_reached":56,"language":"ZHS","playtime":3606,"items_purged":["Execute_lor+1","LightAttack+1","LightDefense+1","BulkyImpact+1"],"score":1557,"play_id":"c095f88a-42a3-4cd5-9fb3-cac472c4c15d","local_time":"20210223225831","is_ascension_mode":false,"campfire_choices":[{"data":"FlamingDragonFist","floor":6.0,"key":"SMITH"},{"data":"Parry2","floor":15.0,"key":"SMITH"},{"data":"Execute_lor","floor":23.0,"key":"SMITH"},{"floor":29,"key":"RECALL"},{"floor":32,"key":"REST"},{"floor":49,"key":"REST"},{"floor":52,"key":"REST"}],"circlet_count":0,"master_deck":["Dodge+1","LightDefense+1","ChargeAndCover+1","FocusedStrikes+1","Parry2+1","CoordinatedAssault+1","Unlock1+1","FlamingDragonFist+1","Parry2+1","Deflect_lor+1","StayCalm+1","Quickness+1","CoordinatedAssault+1","ForTheFamily+1","ViolentFlame+1","Quickness+1","GuidanceOfTheGears+1"],"relics":["PageOfLibrarian","AT_ATBox","DaveBox","DSteel32","SynthV:TestCard","Bag of Preparation","Oddly Smooth Stone","AT_MibuBalloonWealth","PageOfPorccubus","PageOfBlackSwan","Centennial Puzzle","PageOfPunishingBird","PageOfBloodbath","PageOfSnowWhitesApple","Medical Kit","AT_DeathDance","HereWithMe","Lizard Tail","PageOfBigBird","PageOfTodaysShyLook","ImprovedEquipment","Bronze Scales","AT_PhaseBoots","PageOfAlriune","SynthV:C4"],"acts_visited":["Exordium","TheCity","TheBeyond","TheEnding"],"potions_floor_usage":[55],"damage_taken":[{"damage":0.0,"enemies":"Small Slimes","floor":1.0,"turns":5.0},{"damage":0.0,"enemies":"Cultist","floor":2.0,"turns":4.0},{"damage":0.0,"enemies":"Jaw Worm","floor":4.0,"turns":3.0},{"damage":0.0,"enemies":"2 Fungi Beasts","floor":5.0,"turns":2.0},{"damage":0.0,"enemies":"Gremlin Nob","floor":8.0,"turns":2.0},{"damage":0.0,"enemies":"Exordium Wildlife","floor":11.0,"turns":2.0},{"damage":0.0,"enemies":"3 Sentries","floor":12.0,"turns":6.0},{"damage":0.0,"enemies":"Red Slaver","floor":14.0,"turns":2.0},{"damage":0.0,"enemies":"Slime Boss","floor":16.0,"turns":8.0},{"damage":0.0,"enemies":"Spheric Guardian","floor":18.0,"turns":3.0},{"damage":0.0,"enemies":"2 Thieves","floor":21.0,"turns":3.0},{"damage":0.0,"enemies":"Sentry and Sphere","floor":22.0,"turns":4.0},{"damage":6.0,"enemies":"Book of Stabbing","floor":25.0,"turns":5.0},{"damage":0,"enemies":"Gremlin Leader","floor":28,"turns":3},{"damage":0,"enemies":"Snecko","floor":31,"turns":3},{"damage":0,"enemies":"Collector","floor":33,"turns":6},{"damage":0,"enemies":"3 Darklings","floor":35,"turns":3},{"damage":0,"enemies":"2 Orb Walkers","floor":37,"turns":4},{"damage":0,"enemies":"Orb Walker","floor":38,"turns":2},{"damage":0,"enemies":"Giant Head","floor":40,"turns":6},{"damage":0,"enemies":"Jaw Worm Horde","floor":41,"turns":3},{"damage":0,"enemies":"Spire Growth","floor":42,"turns":3},{"damage":0,"enemies":"Nemesis","floor":45,"turns":7},{"damage":0,"enemies":"Transient","floor":47,"turns":5},{"damage":0,"enemies":"3 Darklings","floor":48,"turns":5},{"damage":5,"enemies":"Awakened One","floor":50,"turns":9},{"damage":0,"enemies":"Shield and Spear","floor":54,"turns":4},{"damage":10,"enemies":"The Heart","floor":55,"turns":7}],"seed_played":"-2065224263768507017","potions_obtained":[{"floor":1.0,"key":"DuplicationPotion"},{"floor":2.0,"key":"Fire Potion"},{"floor":4.0,"key":"Energy Potion"},{"floor":14.0,"key":"SkillPotion"},{"floor":22.0,"key":"Ancient Potion"},{"floor":31,"key":"DuplicationPotion"}],"is_trial":false,"path_per_floor":["M","M","?","M","M","R","?","E","T","?","M","E","$","M","R","B",null,"M","T","?","M","M","R","$","E","T","$","E","R","?","M","R","B",null,"M","?","?","M","?","E","M","M","T","$","E","$","M","M","R","B",null,"R","$","E","B",null],"character_chosen":"Librarian","items_purchased":["PageOfPorccubus","Parry2","PageOfPunishingBird","Medical Kit","ImprovedEquipment","Bronze Scales","FairyPotion","PageOfAlriune"],"campfire_rested":3,"item_purchase_floors":[13,13,24,27,44,44,44,53],"current_hp_per_floor":[60,60,60,60,60,60,65,65,65,58,58,58,58,58,58,58,82,82,82,82,82,82,82,82,76,76,76,76,76,76,76,100,100,100,100,100,100,100,100,100,100,100,100,100,100,100,100,100,100,95,100,100,100,100,90],"gold":191,"neow_bonus":"THREE_CARDS","is_daily":false,"chose_seed":false,"campfire_upgraded":3,"win_rate":0.0,"timestamp":1614092311,"path_taken":["M","M","?","?","M","R","?","E","T","?","M","E","$","?","R","BOSS","M","?","?","M","M","R","?","E","T","?","E","R","?","M","R","BOSS","M","?","?","M","?","E","M","M","T","$","E","$","M","M","R","BOSS","R","$","E","BOSS"],"items_purchased_type":["Relic","Card","Relic","Relic","Relic","Relic","Potion","Relic"],"build_version":"2020-12-22","purchased_purges":4,"victory":true,"max_hp_per_floor":[77,77,77,77,77,77,82,82,82,82,82,82,82,82,82,82,82,82,82,82,82,100,100,100,100,100,100,100,100,100,100,100,100,100,100,100,100,100,100,100,100,100,100,100,100,100,100,100,100,100,100,100,100,100,100],"card_choices":[{"not_picked":["Parry","AssaultOrder","Diversion","InhaleSmoke","BurningFlash","FierceCharge","UndertakePrescript","GreatSerpentsImpact"],"picked":"Parry2","floor":1.0},{"not_picked":["DeepDrag","Overpower","StartinOutLightly","SnakesPrey","DirtyBlow","AGoldenOpportunity","GreatSerpentsImpact","StructuralAnalysis","EnergyShield","ChopItOff"],"picked":"CoordinatedAssault","floor":2.0},{"not_picked":["Reload","Faith","YoureAHindrance","SenseQuarry","CoordinatedAssault","SmokingPipe","RulesOfTheBackstreets","FierceCharge","StartinOutLightly","TrimTheIngredients"],"picked":"Unlock1","floor":4.0},{"not_picked":["GrazeTheGrass","Zzzzzap","Wallop_lor","HiddenBlade","UnavoidableGaze","BackAttack","PinpointShot","SunsetBlade","BackstreetsDash","SerpentSwordTechnique"],"picked":"FlamingDragonFist","floor":5.0},{"not_picked":["RushDown","Leap_lor","QuickSuppression","LawAndOrder","Diversion","SerpentineBarrier","ScratchThat","GuidanceOfTheGears","Rewind","Standoff","FlashingStrike"],"picked":"SKIP","floor":8.0},{"not_picked":["GatherIntel","HighKick","UncannyStrike","OpportunitySpotted","BizarreAttack","ICanCookAnything","StayCalm","Tailoring","StrongStrike","ChiWen","Reload"],"picked":"SKIP","floor":11.0},{"not_picked":["WillOfThePrescript","GuidanceOfTheGears","Creak","TimeForALittleTest","UncannyStrike","Unlock1","BurningFlash","QuickAttack","Concentration","DimensionalRift","Observe"],"picked":"SKIP","floor":12.0},{"not_picked":["Outburst","FleetEdge","Rampage_lor","GuardingStance","LossOfSenses","Multislash","FlowOfTheSword","EndlessBattle","BoundaryOfDeath","GrazeTheGrass","SteelKnuckles"],"picked":"SKIP","floor":14.0},{"not_picked":["RagingStormLove","SavageMode","Cruelty","Punishment"],"picked":"Deflect_lor","floor":16.0},{"not_picked":["Overpower","Pound+1","Rewind+1","GuidanceOfTheGears+1","DesperateStruggle","EnergyCycle","CoordinatedAssault","PreemptiveStrike","FierceCharge","Disposal","SharpSwipe"],"picked":"SKIP","floor":18.0},{"not_picked":["DarkCloud+1","GuardingStance","SerpentSwordTechnique","Tailoring","SharpSwipe+1","StrikeDown","Thrust","ViolentFlame","ScratchThat","GuidanceOfTheGears"],"picked":"Quickness","floor":21.0},{"not_picked":["BindingArms","FocusFire+1","SinglePointStab","FendThisOffIfYouCan","ChopItOff","TimeForALittleTest","PinpointShot+1","Faith","ClassAndRespect","GuardingStance","QuickSuppression"],"picked":"SKIP","floor":22.0},{"not_picked":["BlowItUp","Rampage_lor+1","Pound","BayonetCombat","Thrust+1","WrathOfTorment","PinpointShot+1","RhinoRam","DefenseOrder","UnavoidableGaze","Standoff"],"picked":"SKIP","floor":25},{"not_picked":["SpearedSweep","VioletBlade+1","CoordinatedAssault","TendonChords","Reload","Gamble","WillOfThePrescript","DirtyBlow","HighSpeedStabbing+1","ScratchThat","WillBeTasty"],"picked":"SKIP","floor":28},{"not_picked":["Pound","AsThePrescriptOrders","EndlessBattle","CrackOfDawn","FleetEdge","HiddenBlade","WillOfThePrescript","Struggle","ViolentFlame","SunsetBlade+1","CombatPreparation+1"],"picked":"SKIP","floor":31},{"not_picked":["DesperateStruggle","IllEndYou","UncannyStrike","DeepDrag","SpearedSweep+1","Quickness","StrongStrike+1","Thirst+1","MindWhip+1","PinpointShot"],"picked":"CoordinatedAssault+1","floor":35},{"not_picked":["Feast+1","SharpSwipe","SunsetBlade","SnakesPrey","FleetEdge","Outburst+1","ReadyUp+1","Parry","ChopItOff+1","DimensionalRift"],"picked":"BulkyImpact","floor":37},{"not_picked":["RapidGashes+1","SpearedSweep","HighKick+1","AsThePrescriptOrders+1","BizarreAttack","FrontalAssault","Thrust","ViolentFlame+1","GuardingStance","PinpointShot","Faith+1"],"picked":"SKIP","floor":38},{"not_picked":["PinpointShot","UpbeatPerformance+1","ConcentratedFire+1","FierceCharge","Struggle","InhaleSmoke","SerpentineBarrier","IngredientHunt+1","Disposal","SearingSword"],"picked":"ForTheFamily","floor":40},{"not_picked":["StrikeDown","Reload","Thrust+1","PreparedMind+1","NightInTheBackstreets+1","IllEndYou","IdentifyWeakpoint","UpbeatPerformance+1","Creak","Guardian_lor+1"],"picked":"ViolentFlame","floor":41},{"not_picked":["FaintMemories","Diversion+1","SnakesPrey","CircusKnives+1","Endure","SturdyDefense","SunsetBlade","PreemptiveStrike+1","SuppressingShot+1","MirageStorm"],"picked":"Quickness+1","floor":42},{"not_picked":["FendThisOffIfYouCan+1","Transpierce","NightInTheBackstreets+1","MultiBlock","MindCrush","DestructiveImpact+1","PreparedMind","StrongStrike+1","ClassAndRespect","Standoff"],"picked":"GuidanceOfTheGears+1","floor":45},{"not_picked":["SerpentSwordTechnique+1","OpportunitySpotted+1","EnergyStrike+1","SharpSwipe","SinglePointStab","ExtractFuel","FeatherShield","FierceCharge","FleetEdge","JiaoTu+1","MultiBlock+1"],"picked":"SKIP","floor":47},{"not_picked":["HighKick+1","Tailoring","QuickSuppression+1","SmokingPipe+1","ClassAndRespect+1","FierceCharge","SomberProcuration+1","SuppressingShot+1","RapidGashes","Endure+1","DriedUp"],"picked":"SKIP","floor":48},{"not_picked":["Thirst","TraceOfFumes","InnerArdor+1","BulkyImpact","GuidanceOfTheGears+1","UndertakePrescript","Unlock1+1","EnergyBeam","Bvapour","ChargeUp","SerpentSwordTechnique"],"picked":"SKIP","floor":54}],"player_experience":136181,"relics_obtained":[{"floor":1.0,"key":"SynthV:TestCard"},{"floor":8.0,"key":"Oddly Smooth Stone"},{"floor":12.0,"key":"AT_MibuBalloonWealth"},{"floor":19.0,"key":"Centennial Puzzle"},{"floor":25,"key":"PageOfBloodbath"},{"floor":26,"key":"PageOfSnowWhitesApple"},{"floor":28,"key":"AT_DeathDance"},{"floor":37,"key":"Lizard Tail"},{"floor":40,"key":"PageOfBigBird"},{"floor":43,"key":"PageOfTodaysShyLook"},{"floor":45,"key":"AT_SpeedBoots"},{"floor":54,"key":"SynthV:C4"}],"event_choices":[{"damage_healed":0.0,"max_hp_gain":0.0,"max_hp_loss":0.0,"gold_gain":0.0,"event_name":"WeMeetAgain","player_choice":"Gave Potion","floor":3.0,"gold_loss":0.0,"damage_taken":0.0,"relics_obtained":["Bag of Preparation"]},{"damage_healed":0.0,"max_hp_gain":5.0,"max_hp_loss":0.0,"gold_gain":0.0,"event_name":"Big Fish","player_choice":"Donut","floor":7.0,"gold_loss":0.0,"damage_taken":0.0},{"cards_removed":["LightAttack"],"damage_healed":0.0,"max_hp_gain":0.0,"max_hp_loss":0.0,"gold_gain":0.0,"event_name":"Golden Wing","player_choice":"Card Removal","floor":10.0,"gold_loss":0.0,"damage_taken":7.0},{"damage_healed":0.0,"max_hp_gain":0.0,"max_hp_loss":0.0,"gold_gain":0.0,"cards_transformed":["LightAttack","LightDefense"],"event_name":"Drug Dealer","player_choice":"Became Test Subject","floor":20.0,"gold_loss":0.0,"damage_taken":0.0,"cards_obtained":["Execute_lor","StayCalm"]},{"cards_removed":["LightDefense"],"damage_healed":0,"gold_gain":0,"player_choice":"Elegance","damage_taken":0,"max_hp_gain":0,"max_hp_loss":0,"event_name":"Back to Basics","floor":30,"gold_loss":0},{"damage_healed":0,"gold_gain":0,"player_choice":"Ignored","damage_taken":0,"max_hp_gain":0,"max_hp_loss":0,"event_name":"Tomb of Lord Red Mask","floor":36,"gold_loss":0},{"damage_healed":0,"gold_gain":0,"player_choice":"Fight","damage_taken":0,"max_hp_gain":0,"max_hp_loss":0,"event_name":"Mysterious Sphere","floor":37,"gold_loss":0},{"damage_healed":0,"gold_gain":0,"player_choice":"0 cards matched","damage_taken":0,"max_hp_gain":0,"max_hp_loss":0,"event_name":"Match and Keep!","floor":39,"gold_loss":0,"cards_obtained":[]}],"is_beta":false,"boss_relics":[{"not_picked":["ExusiaiGun","PatriotShield"],"picked":"PageOfBlackSwan"},{"not_picked":["RhineCircuit","RhineSuit"],"picked":"HereWithMe"}],"items_purged_floors":[24,44,46,53],"is_endless":false,"potions_floor_spawned":[1,2,4,14,16,18,22,31,38,40,42,47],"ascension_level":0}}