{"host":"fnlf8nl5agtxb8g8","time":1614106744,"event":{"mods":["Act Like it!","BaseMod","Better Altar","Better Match","Better Note","Better Sensory Stone","Better Skull","Better Third Choice","Better Vampires","Downfall","Minty Spire (QoL Compilation)","Quick Restart","Rare Cards Sparkle","StSLib"],"gold_per_floor":[99,118,134,134,40,40,112,129,148,21,31,65,65,78,95,195,195,195,209,221,238,123,136,162,179,191,216,216,246,246,246,266,363,363,363,382,393,393,375,392,438,6,32,46,58,58,58,58],"floor_reached":46,"language":"ENG","playtime":3249,"items_purged":["champ:Strike","champ:Strike","downfall:Bewildered","Parasite"],"score":648,"play_id":"85eb84fb-a1bd-4664-9c2b-d12fe021c933","local_time":"20210223125904","is_ascension_mode":false,"campfire_choices":[{"data":"champ:Taunt","floor":1,"key":"SMITH"},{"data":"champ:MurderStrike","floor":13,"key":"SMITH"},{"data":"champ:RisingSlash","floor":18,"key":"SMITH"},{"data":"champ:ShieldWall","floor":28,"key":"SMITH"},{"data":"champ:ShieldThrow","floor":30,"key":"SMITH"},{"data":"champ:DancingMaster","floor":35,"key":"SMITH"}],"circlet_count":0,"master_deck":["champ:Strike","champ:Strike","champ:Defend+1","champ:Execute","champ:Taunt+1","champ:FlashCut","champ:TornadoPunch","champ:PerfectedStrike","champ:ArenaPreparation+1","champ:FocusedDefense","champ:SetATrap","champ:MurderStrike+1","champ:RisingSlash+1","champ:DefensiveShout","champ:MurderStrike","champ:ShieldWall+1","champ:MurderStrike","champ:Lariat+1","champ:ShieldThrow+1","champ:FocusedDefense","champ:Circumvent+1","champ:DancingMaster+1","champ:TornadoPunch+1","champ:CalledShot"],"relics":["bronze:MakeshiftBattery","CultistMask","White Beast Statue","Potion Belt","SlaversCollar","Boot","Art of War","War Paint","Philosopher\u0027s Stone","Gremlin Horn","sneckomod:BlankCard","Membership Card","Oddly Smooth Stone","Shuriken","Pocketwatch"],"acts_visited":["Exordium","TheCity","TheBeyond"],"potions_floor_usage":[16,23,29,29,33,33,39],"damage_taken":[{"damage":10,"enemies":"2 Louse","floor":2,"turns":2},{"damage":16,"enemies":"Jaw Worm","floor":3,"turns":3},{"damage":10,"enemies":"downfall:FleeingMerchant","floor":5,"turns":4},{"damage":0,"enemies":"Cultist","floor":8,"turns":2},{"damage":10,"enemies":"Gremlin Gang","floor":9,"turns":2},{"damage":0,"enemies":"downfall:FleeingMerchant","floor":10,"turns":4},{"damage":10,"enemies":"Exordium Wildlife","floor":11,"turns":2},{"damage":22,"enemies":"3 Sentries","floor":12,"turns":5},{"damage":18,"enemies":"3 Louse","floor":14,"turns":3},{"damage":4,"enemies":"2 Fungi Beasts","floor":15,"turns":2},{"damage":24,"enemies":"WA_ARCHETYPE_RETAIN","floor":16,"turns":6},{"damage":10,"enemies":"Chosen","floor":19,"turns":3},{"damage":0,"enemies":"downfall:LooterAlt2","floor":20,"turns":3},{"damage":1,"enemies":"Snake Plant","floor":21,"turns":2},{"damage":33,"enemies":"downfall:FleeingMerchant","floor":22,"turns":4},{"damage":31,"enemies":"Sentry and Sphere","floor":23,"turns":5},{"damage":9,"enemies":"3 Cultists","floor":25,"turns":4},{"damage":10,"enemies":"Centurion and Healer","floor":26,"turns":5},{"damage":0,"enemies":"Book of Stabbing","floor":27,"turns":2},{"damage":56,"enemies":"Gremlin Leader","floor":29,"turns":6},{"damage":14,"enemies":"Snake Plant","floor":32,"turns":3},{"damage":0,"enemies":"DF_ARCHETYPE_CLAW","floor":33,"turns":4},{"damage":1,"enemies":"Orb Walker","floor":36,"turns":3},{"damage":21,"enemies":"3 Shapes","floor":37,"turns":5},{"damage":15,"enemies":"downfall:FleeingMerchant","floor":39,"turns":4},{"damage":5,"enemies":"Writhing Mass","floor":40,"turns":4},{"damage":15,"enemies":"Reptomancer","floor":43,"turns":3},{"damage":45,"enemies":"Sphere and 2 Shapes","floor":44,"turns":3},{"damage":26,"enemies":"Maw","floor":45,"turns":6},{"damage":32,"enemies":"Spire Growth","floor":46,"turns":2}],"seed_played":"-7532771104821729402","potions_obtained":[{"floor":8,"key":"Guardian:BlockOnCardUsePotion"},{"floor":9,"key":"bronze:BurnAndBuffPotion"},{"floor":10,"key":"Swift Potion"},{"floor":12,"key":"sneckomod:MuddlingPotion"},{"floor":14,"key":"Ancient Potion"},{"floor":15,"key":"EntropicBrew"},{"floor":16,"key":"EssenceOfSteel"},{"floor":23,"key":"PowerPotion"},{"floor":27,"key":"FairyPotion"},{"floor":29,"key":"DistilledChaos"},{"floor":32,"key":"LiquidBronze"},{"floor":33,"key":"sneckomod:MuddlingPotion"},{"floor":36,"key":"CultistPotion"},{"floor":37,"key":"bronze:BurnAndBuffPotion"},{"floor":39,"key":"Fruit Juice"},{"floor":40,"key":"FearPotion"}],"is_trial":false,"path_per_floor":["R","M","M","?","$","?","T","M","M","$","M","E","R","M","M","B",null,"R","M","M","M","$","M","T","M","M","E","R","E","R","?","M","B",null,"R","M","M","?","$","M","T","$","E","M","M","M"],"character_chosen":"THE_CHAMP","items_purchased":["champ:ArenaPreparation","champ:RisingSlash","Gremlin Horn","Membership Card","Oddly Smooth Stone","Shuriken"],"campfire_rested":0,"item_purchase_floors":[5,10,39,42,42,42],"current_hp_per_floor":[90,90,84,84,84,84,84,84,74,74,74,67,67,59,55,41,90,90,90,90,89,81,65,65,56,56,56,56,47,47,47,33,33,90,90,89,68,68,73,68,68,68,68,48,27,0,0,0],"gold":58,"neow_bonus":"BOSS_RELIC","is_daily":false,"chose_seed":false,"campfire_upgraded":6,"win_rate":0.0,"timestamp":1614106744,"path_taken":["R","M","M","?","$","?","T","M","?","$","M","E","R","M","M","BOSS","R","M","M","M","$","M","T","M","?","E","R","E","R","?","M","BOSS","R","M","M","?","$","M","T","$","E","M","M","M"],"items_purchased_type":["Card","Card","Relic","Relic","Relic","Relic"],"build_version":"2020-12-22","purchased_purges":4,"victory":false,"max_hp_per_floor":[90,90,90,90,90,90,90,90,90,90,90,90,90,90,90,90,90,90,90,90,90,90,90,90,90,90,90,90,90,90,90,90,90,90,90,90,90,90,95,95,95,92,92,92,92,92,92,92],"card_choices":[{"not_picked":["champ:Shatter","champ:CrownThrow"],"picked":"champ:FlashCut","floor":2},{"not_picked":["champ:RisingSlash","champ:GutPunch"],"picked":"champ:TornadoPunch","floor":3},{"not_picked":["champ:Haymaker","champ:FlashCut"],"picked":"champ:PerfectedStrike","floor":5},{"not_picked":["champ:FlashCut","champ:Lariat"],"picked":"champ:FocusedDefense","floor":8},{"not_picked":["champ:Parry","champ:CrookedStrike"],"picked":"champ:SetATrap","floor":9},{"not_picked":["champ:StanceDance","champ:GladiatorStyle"],"picked":"champ:MurderStrike","floor":10},{"not_picked":["champ:EnGarde","champ:Encircle"],"picked":"champ:DefensiveShout","floor":11},{"not_picked":["champ:EnragedBash","champ:GutPunch"],"picked":"champ:MurderStrike","floor":12},{"not_picked":["champ:EnGarde","champ:Endure"],"picked":"champ:ShieldWall","floor":14},{"not_picked":["champ:AdrenalArmor","champ:RecklessLeap","champ:BringItOn"],"picked":"SKIP","floor":15},{"not_picked":["champ:Devastate","champ:StrikeOfGenius"],"picked":"champ:MurderStrike","floor":16},{"not_picked":["champ:EndlessRage","champ:FancyFootwork"],"picked":"champ:Lariat+1","floor":19},{"not_picked":["champ:BringItOn","champ:GladiatorStyle+1","champ:HeartStrike"],"picked":"SKIP","floor":20},{"not_picked":["champ:CrookedStrike","champ:BladeFlurry","champ:RisingSlash"],"picked":"SKIP","floor":21},{"not_picked":["champ:StanceDance","champ:HoldFirm"],"picked":"champ:ShieldThrow","floor":22},{"not_picked":["champ:FlashCut","champ:EnragedBash","champ:PerfectedStrike"],"picked":"SKIP","floor":23},{"not_picked":["champ:Shatter","champ:CrownThrow","champ:DefensiveShout"],"picked":"SKIP","floor":25},{"not_picked":["champ:Backstep+1","champ:CrookedStrike","champ:SkillfulDodge"],"picked":"SKIP","floor":26},{"not_picked":["champ:Backstep","champ:BladeFlurry"],"picked":"champ:FocusedDefense","floor":27},{"not_picked":["champ:CalledShot","champ:FocusedDefense"],"picked":"champ:Circumvent+1","floor":29},{"not_picked":["champ:Shatter","champ:PerfectedStrike","champ:HeartStrike"],"picked":"SKIP","floor":32},{"not_picked":["champ:CheapShot","champ:LastStand"],"picked":"champ:DancingMaster","floor":33},{"not_picked":["champ:RisingSlash+1","champ:DefensiveShout"],"picked":"champ:ShieldWall","floor":36},{"not_picked":["champ:AdrenalArmor+1","champ:ShieldSlam+1"],"picked":"champ:TornadoPunch+1","floor":37},{"not_picked":["champ:Backstep","champ:RisingSlash"],"picked":"champ:CalledShot","floor":39},{"not_picked":["champ:Haymaker","champ:IronFortress+1","champ:PreciseThrust"],"picked":"SKIP","floor":40},{"not_picked":["champ:Duel","champ:CrownThrow","champ:Lariat+1"],"picked":"SKIP","floor":43},{"not_picked":["champ:CrownThrow+1","champ:ShieldWall+1","champ:Encircle+1"],"picked":"SKIP","floor":44},{"not_picked":["champ:Devastate","champ:AdrenalArmor+1","champ:TornadoPunch"],"picked":"SKIP","floor":45}],"player_experience":898835,"relics_obtained":[{"floor":7,"key":"White Beast Statue"},{"floor":12,"key":"Potion Belt"},{"floor":24,"key":"Boot"},{"floor":27,"key":"Art of War"},{"floor":29,"key":"War Paint"},{"floor":41,"key":"sneckomod:BlankCard"},{"floor":43,"key":"Pocketwatch"}],"event_choices":[{"damage_healed":0,"gold_gain":0,"player_choice":"Trade","damage_taken":0,"relics_obtained":["CultistMask"],"max_hp_gain":0,"max_hp_loss":0,"event_name":"FaceTrader","floor":6,"gold_loss":0},{"cards_removed":["champ:ShieldWall"],"damage_healed":0,"gold_gain":0,"player_choice":"Removed Power","damage_taken":0,"max_hp_gain":0,"max_hp_loss":0,"event_name":"Falling","floor":38,"gold_loss":0}],"is_beta":false,"boss_relics":[{"not_picked":["SacredBark","Tiny House"],"picked":"SlaversCollar"},{"not_picked":["Pandora\u0027s Box","sneckomod:SneckoTalon"],"picked":"Philosopher\u0027s Stone"}],"items_purged_floors":[10,22,39,42],"is_endless":false,"potions_floor_spawned":[8,9,10,11,12,14,15,16,19,20,21,22,23,25,26,27,29,32,33,36,37,39,40,43,44,45],"killed_by":"Spire Growth","ascension_level":0}}