{"host":"r6jigiblrojhp6xe","time":1614092009,"event":{"mods":["AchievementEnabler","BaseMod","DeckTracker","Hermit","Minty Spire (QoL Compilation)","Quick Restart","Rare Cards Sparkle","Relic Stats","StSLib","SuperFastMode","everything is the same but u backflip on backflip"],"gold_per_floor":[112,37,50,64,75,75,108,108,177,203,203,221,232,244,244,315,315,330,24,41,41,41,71,71,86,112,112,9,29,29,48,48,48,48],"floor_reached":33,"language":"KOR","playtime":760,"items_purged":["Defend_G","Defend_G"],"score":612,"play_id":"c34fc1d6-35e2-4d68-a912-c4bf4fbcf879","local_time":"20210223235328","is_ascension_mode":true,"campfire_choices":[{"data":"Blade Dance","floor":6.0,"key":"SMITH"},{"data":"Masterful Stab","floor":8.0,"key":"SMITH"},{"floor":15.0,"key":"REST"},{"data":"Venomology","floor":24.0,"key":"SMITH"},{"data":"Cloak And Dagger","floor":27.0,"key":"SMITH"},{"data":"Accuracy","floor":32.0,"key":"SMITH"}],"circlet_count":0,"master_deck":["AscendersBane","Strike_G","Strike_G","Strike_G","Strike_G","Defend_G","Defend_G","Defend_G","Survivor","Neutralize","Blade Dance+1","Dagger Spray","Slice","Blade Dance","Backflip","Venomology+1","Cloak And Dagger+1","PiercingWail","Accuracy+1"],"relics":["Ring of the Snake","Vajra","The Specimen","Ancient Tea Set","Coffee Dripper","Membership Card","Blood Vial","The Courier","Strawberry","Toy Ornithopter","MealTicket"],"acts_visited":["Exordium","TheCity"],"potions_floor_usage":[33,33,33],"damage_taken":[{"damage":0.0,"enemies":"Jaw Worm","floor":1.0,"turns":1.0},{"damage":1.0,"enemies":"Cultist","floor":3.0,"turns":3.0},{"damage":3.0,"enemies":"2 Louse","floor":4.0,"turns":3.0},{"damage":0.0,"enemies":"Gremlin Gang","floor":5.0,"turns":4.0},{"damage":10.0,"enemies":"Lagavulin","floor":7.0,"turns":3.0},{"damage":26.0,"enemies":"Gremlin Nob","floor":10.0,"turns":4.0},{"damage":6.0,"enemies":"Exordium Thugs","floor":12.0,"turns":4.0},{"damage":0.0,"enemies":"Lots of Slimes","floor":13.0,"turns":2.0},{"damage":1.0,"enemies":"Looter","floor":14.0,"turns":2.0},{"damage":16.0,"enemies":"Slime Boss","floor":16.0,"turns":8.0},{"damage":18.0,"enemies":"Shell Parasite","floor":18.0,"turns":4.0},{"damage":6.0,"enemies":"2 Thieves","floor":20.0,"turns":3.0},{"damage":0.0,"enemies":"Snecko","floor":22.0,"turns":1.0},{"damage":7.0,"enemies":"Gremlin Leader","floor":23.0,"turns":4.0},{"damage":22.0,"enemies":"Shelled Parasite and Fungi","floor":25.0,"turns":4.0},{"damage":24.0,"enemies":"Snake Plant","floor":29.0,"turns":4.0},{"damage":13.0,"enemies":"Cultist and Chosen","floor":31.0,"turns":4.0},{"damage":24,"enemies":"Champ","floor":33,"turns":7}],"seed_played":"8163080192423810023","potions_obtained":[{"floor":1.0,"key":"Strength Potion"},{"floor":4.0,"key":"Energy Potion"},{"floor":7.0,"key":"SmokeBomb"},{"floor":13.0,"key":"BlessingOfTheForge"},{"floor":25.0,"key":"Dexterity Potion"},{"floor":31.0,"key":"SkillPotion"}],"is_trial":false,"path_per_floor":["M","$","M","M","M","R","E","R","T","E","?","M","M","M","R","B",null,"M","$","M","?","M","E","R","M","T","R","$","M","?","M","R","B"],"character_chosen":"THE_SILENT","items_purchased":["Membership Card","Blood Vial","Toy Ornithopter","Accuracy"],"campfire_rested":1,"item_purchase_floors":[19,19,28,28],"current_hp_per_floor":[59,59,58,55,55,55,45,45,45,19,19,13,13,12,31,15,53,35,35,31,44,46,41,41,21,28,28,28,11,11,10,10,3,3],"gold":48,"neow_bonus":"RANDOM_COMMON_RELIC","is_daily":false,"chose_seed":false,"campfire_upgraded":5,"win_rate":0.0,"timestamp":1614092008,"path_taken":["M","$","M","M","M","R","E","R","T","E","?","M","M","?","R","BOSS","M","$","M","?","M","E","R","M","T","R","$","M","?","?","R","BOSS"],"items_purchased_type":["Relic","Relic","Relic","Card"],"build_version":"2020-12-22","purchased_purges":2,"victory":false,"max_hp_per_floor":[66,66,66,66,66,66,66,66,66,66,66,66,66,66,66,66,66,66,66,66,66,66,66,66,66,73,73,73,73,73,73,73,73,73],"relic_stats":{"Blood Vial":14,"counters":[18,65],"MealTicket":0,"obtain_stats":[{"Blood Vial":19,"The Specimen":7,"Strawberry":26,"Vajra":0,"MealTicket":30,"The Courier":23,"Coffee Dripper":17,"Membership Card":19,"Ancient Tea Set":10,"Toy Ornithopter":28,"Ring of the Snake":0},{"Blood Vial":11,"The Specimen":5,"Strawberry":15,"Vajra":0,"MealTicket":16,"The Courier":14,"Coffee Dripper":10,"Membership Card":11,"Ancient Tea Set":6,"Toy Ornithopter":15,"Ring of the Snake":0},{"Blood Vial":38,"The Specimen":14,"Strawberry":50,"Vajra":0,"MealTicket":54,"The Courier":46,"Coffee Dripper":34,"Membership Card":38,"Ancient Tea Set":18,"Toy Ornithopter":50,"Ring of the Snake":0}],"Toy Ornithopter":30,"Ring of the Snake":[34]},"card_choices":[{"not_picked":["Predator","Noxious Fumes"],"picked":"Blade Dance","floor":1.0},{"not_picked":["Choke","Poisoned Stab","Sucker Punch"],"picked":"SKIP","floor":3.0},{"not_picked":["Acrobatics","Quick Slash"],"picked":"Masterful Stab","floor":4.0},{"not_picked":["Slice","Outmaneuver","Dagger Throw"],"picked":"SKIP","floor":5.0},{"not_picked":["Deflect","Deadly Poison"],"picked":"Dagger Spray","floor":7.0},{"not_picked":["Acrobatics","Choke","Dagger Throw"],"picked":"SKIP","floor":10.0},{"not_picked":["Dodge and Roll","Unload","Crippling Poison"],"picked":"SKIP","floor":12.0},{"not_picked":["Endless Agony","Underhanded Strike"],"picked":"Blade Dance","floor":13.0},{"not_picked":["Outmaneuver","Deadly Poison"],"picked":"Backflip","floor":14.0},{"not_picked":["Wraith Form v2","Storm of Steel"],"picked":"Venomology","floor":16.0},{"not_picked":["Prepared","Underhanded Strike"],"picked":"Cloak And Dagger","floor":18.0},{"not_picked":["Unload","Sucker Punch","Poisoned Stab"],"picked":"SKIP","floor":20.0},{"not_picked":["Flying Knee","Outmaneuver"],"picked":"PiercingWail","floor":23.0},{"not_picked":["Prepared","Bane","Outmaneuver"],"picked":"SKIP","floor":25.0},{"not_picked":["Concentrate","Bane","Choke+1"],"picked":"SKIP","floor":29.0},{"not_picked":["Outmaneuver","Skewer","Dodge and Roll"],"picked":"SKIP","floor":31.0}],"player_experience":617063,"relics_obtained":[{"floor":7.0,"key":"The Specimen"},{"floor":10.0,"key":"Ancient Tea Set"},{"floor":23.0,"key":"The Courier"},{"floor":26.0,"key":"Strawberry"}],"event_choices":[{"damage_healed":0.0,"max_hp_gain":0.0,"max_hp_loss":0.0,"gold_gain":0.0,"cards_transformed":["Strike_G"],"event_name":"Transmorgrifier","player_choice":"Transformed","floor":11.0,"gold_loss":0.0,"damage_taken":0.0,"cards_obtained":["Slice"]},{"damage_healed":13.0,"max_hp_gain":0.0,"max_hp_loss":0.0,"gold_gain":0.0,"event_name":"The Library","player_choice":"Heal","floor":21.0,"gold_loss":0.0,"damage_taken":0.0},{"cards_removed":["Masterful Stab"],"damage_healed":0.0,"max_hp_gain":0.0,"max_hp_loss":0.0,"gold_gain":0.0,"event_name":"WeMeetAgain","player_choice":"Gave Card","floor":30.0,"gold_loss":0.0,"damage_taken":0.0,"relics_obtained":["MealTicket"]}],"is_beta":false,"boss_relics":[{"not_picked":["Snecko Eye","Black Star"],"picked":"Coffee Dripper"}],"items_purged_floors":[2,19],"is_endless":false,"potions_floor_spawned":[1,4,7,13,22,25,29,31],"killed_by":"Champ","ascension_level":20}}