{"host":"hrvs05np4ys7itky","time":1614055994,"event":{"mods":["BaseMod","Colored Map","Colored Powertips","Downfall","Emptier Cage","Hermit","Highlight Path","Minty Spire (QoL Compilation)","Permanent Neow","Rare Cards Sparkle","Relic Stats","StSLib","everything is the same but u backflip on backflip"],"gold_per_floor":[118,134,134,134,37,37,69,86,86,106,141,141,141,18,18,96,96,112,128,75,89,106,106,125,125,125,141,41,41,0,12,12,86,86,97,112,127,147,22,22,22],"floor_reached":40,"language":"ENG","playtime":2356,"items_purged":["Strike_B","Defend_B","Zap"],"score":744,"play_id":"ac1f50a1-95e9-4966-9c83-dea033f975cf","local_time":"20210222235314","is_ascension_mode":true,"campfire_choices":[{"data":"Defragment","floor":6,"key":"SMITH"},{"floor":15,"key":"REST"},{"floor":23,"key":"REST"},{"data":"Buffer","floor":25,"key":"SMITH"},{"floor":32,"key":"REST"}],"circlet_count":0,"master_deck":["AscendersBane","Defend_B","Defend_B","Dualcast","Ball Lightning","Rip and Tear","CurseOfTheBell","CurseOfTheBell","Defragment+1","Steam","Fusion","Thunder Strike","Fusion","Conserve Battery","Steam","Buffer+1","BootSequence+1","Leap+1","Reprogram+1","Double Energy","Barrage","Coolheaded","Skim","Glacier","Glacier","Necronomicurse","Steam+1","Hyperbeam","Hologram","Coolheaded","Steam Power+1"],"relics":["Cracked Core","NeowsBlessing","StrikeDummy","downfall:ExtraCursedBell","Bag of Preparation","Matryoshka","Ice Cream","Regal Pillow","Bronze Scales","Pantograph","FossilizedHelix","Astrolabe","Letter Opener","Bottled Tornado","Necronomicon","Empty Cage"],"acts_visited":["Exordium","TheCity","TheBeyond"],"potions_floor_usage":[11,16,18,33,36,40],"damage_taken":[{"damage":0,"enemies":"Jaw Worm","floor":1,"turns":1},{"damage":0,"enemies":"Small Slimes","floor":2,"turns":1},{"damage":0,"enemies":"Lagavulin","floor":7,"turns":1},{"damage":0,"enemies":"2 Louse","floor":8,"turns":2},{"damage":17,"enemies":"Exordium Thugs","floor":10,"turns":3},{"damage":24,"enemies":"3 Sentries","floor":11,"turns":5},{"damage":44,"enemies":"Slime Boss","floor":16,"turns":9},{"damage":0,"enemies":"3 Byrds","floor":18,"turns":3},{"damage":0,"enemies":"Spheric Guardian","floor":19,"turns":5},{"damage":23,"enemies":"Snecko","floor":21,"turns":5},{"damage":25,"enemies":"Snake Plant","floor":22,"turns":4},{"damage":16,"enemies":"Centurion and Healer","floor":24,"turns":9},{"damage":0,"enemies":"Chosen and Byrds","floor":27,"turns":5},{"damage":0,"enemies":"Cultist and Chosen","floor":31,"turns":9},{"damage":2,"enemies":"Champ","floor":33,"turns":13},{"damage":0,"enemies":"Orb Walker","floor":35,"turns":4},{"damage":0,"enemies":"3 Shapes","floor":36,"turns":5},{"damage":0,"enemies":"Jaw Worm Horde","floor":37,"turns":5},{"damage":25,"enemies":"Writhing Mass","floor":38,"turns":10},{"damage":0,"enemies":"Reptomancer","floor":40,"turns":2}],"seed_played":"5984730051490022913","potions_obtained":[{"floor":1,"key":"LiquidBronze"},{"floor":11,"key":"Swift Potion"},{"floor":16,"key":"AttackPotion"},{"floor":19,"key":"sneckomod:MuddlingPotion"},{"floor":27,"key":"LiquidMemories"},{"floor":31,"key":"Block Potion"},{"floor":38,"key":"SkillPotion"}],"is_trial":false,"path_per_floor":["M","M","?","?","$","R","E","M","T","M","E","?","?","$","R","B",null,"M","M","$","M","M","R","M","R","T","M","$","?","?","M","R","B",null,"M","M","M","M","$","E"],"character_chosen":"DEFECT","items_purchased":["Defragment","Steam","Steam","Barrage"],"campfire_rested":3,"item_purchase_floors":[5,5,14,20],"current_hp_per_floor":[64,64,53,53,53,53,53,53,53,36,12,12,12,12,48,27,60,60,60,60,37,12,48,32,32,32,32,32,11,11,11,47,69,71,71,71,71,46,46,46,46],"gold":22,"neow_bonus":"THREE_ENEMY_KILL","is_daily":false,"chose_seed":false,"campfire_upgraded":2,"win_rate":0.0,"timestamp":1614055994,"path_taken":["M","M","?","?","$","R","E","M","T","M","E","?","?","$","R","BOSS","M","M","$","M","M","R","M","R","T","M","$","?","?","?","R","BOSS","M","?","M","M","$","E"],"items_purchased_type":["Card","Card","Card","Card"],"build_version":"2020-12-22","purchased_purges":3,"victory":false,"max_hp_per_floor":[71,71,71,71,71,71,71,71,71,71,71,71,71,71,71,71,71,71,71,71,71,71,71,71,71,71,71,71,71,71,71,71,71,71,71,71,71,71,71,71,71],"relic_stats":{"Regal Pillow":45,"counters":[20,100],"Bronze Scales":[307],"Pantograph":47,"Astrolabe":["BootSequence","Leap","Reprogram"],"Bag of Preparation":[36],"Necronomicon":[9],"Letter Opener":[185],"obtain_stats":[{"Ice Cream":4,"Regal Pillow":7,"NeowsBlessing":0,"Astrolabe":17,"Bag of Preparation":4,"Letter Opener":26,"Bottled Tornado":26,"Empty Cage":34,"Matryoshka":4,"Bronze Scales":9,"Pantograph":9,"Necronomicon":29,"downfall:ExtraCursedBell":4,"Cracked Core":0,"StrikeDummy":3,"FossilizedHelix":11},{"Ice Cream":2,"Regal Pillow":3,"NeowsBlessing":0,"Astrolabe":7,"Bag of Preparation":2,"Letter Opener":12,"Bottled Tornado":12,"Empty Cage":15,"Matryoshka":2,"Bronze Scales":4,"Pantograph":4,"Necronomicon":13,"downfall:ExtraCursedBell":2,"Cracked Core":0,"StrikeDummy":2,"FossilizedHelix":6},{"Ice Cream":2,"Regal Pillow":3,"NeowsBlessing":0,"Astrolabe":22,"Bag of Preparation":2,"Letter Opener":47,"Bottled Tornado":47,"Empty Cage":74,"Matryoshka":2,"Bronze Scales":5,"Pantograph":5,"Necronomicon":52,"downfall:ExtraCursedBell":2,"Cracked Core":0,"StrikeDummy":2,"FossilizedHelix":13}]},"card_choices":[{"not_picked":["Chill","Beam Cell"],"picked":"Ball Lightning","floor":1},{"not_picked":["Chaos","Turbo"],"picked":"Rip and Tear","floor":2},{"not_picked":["Streamline","Ball Lightning"],"picked":"Fusion","floor":7},{"not_picked":["Cold Snap","Barrage"],"picked":"Thunder Strike","floor":8},{"not_picked":["Steam Power","Self Repair"],"picked":"Fusion","floor":10},{"not_picked":["Aggregate","Rebound"],"picked":"Conserve Battery","floor":11},{"not_picked":["Amplify","Thunder Strike"],"picked":"Buffer","floor":16},{"not_picked":["Steam Power","Gash","Redo"],"picked":"SKIP","floor":18},{"not_picked":["Go for the Eyes","Stack+1"],"picked":"Double Energy","floor":19},{"not_picked":["Chill","Beam Cell"],"picked":"Coolheaded","floor":21},{"not_picked":["Compile Driver","BootSequence"],"picked":"Skim","floor":22},{"not_picked":["Stack+1","Compile Driver"],"picked":"Glacier","floor":24},{"not_picked":["Genetic Algorithm+1","Steam"],"picked":"Glacier","floor":27},{"not_picked":["Sunder","Steam Power"],"picked":"Steam+1","floor":31},{"not_picked":["Amplify","All For One"],"picked":"Hyperbeam","floor":33},{"not_picked":["Beam Cell","Stack"],"picked":"Hologram","floor":35},{"not_picked":["Gash","Barrage"],"picked":"Coolheaded","floor":36},{"not_picked":["Doom and Gloom","Electrodynamics","Streamline+1"],"picked":"SKIP","floor":37},{"not_picked":["Glacier","Coolheaded"],"picked":"Steam Power+1","floor":38}],"player_experience":1132676,"relics_obtained":[{"floor":4,"key":"Bag of Preparation"},{"floor":4,"key":"Matryoshka"},{"floor":4,"key":"Ice Cream"},{"floor":7,"key":"Regal Pillow"},{"floor":9,"key":"Bronze Scales"},{"floor":9,"key":"Pantograph"},{"floor":11,"key":"FossilizedHelix"},{"floor":26,"key":"Letter Opener"},{"floor":26,"key":"Bottled Tornado"},{"floor":29,"key":"Necronomicon"}],"event_choices":[{"damage_healed":0,"gold_gain":0,"player_choice":"Success","damage_taken":11,"relics_obtained":["StrikeDummy"],"max_hp_gain":0,"max_hp_loss":0,"event_name":"Scrap Ooze","floor":3,"gold_loss":0},{"damage_healed":0,"gold_gain":0,"player_choice":"Ignored","damage_taken":0,"max_hp_gain":0,"max_hp_loss":0,"event_name":"Liars Game","floor":12,"gold_loss":0},{"damage_healed":0,"gold_gain":0,"cards_transformed":["Strike_B"],"player_choice":"Transformed","damage_taken":0,"max_hp_gain":0,"max_hp_loss":0,"event_name":"Transmorgrifier","floor":13,"gold_loss":0,"cards_obtained":["Loop"]},{"damage_healed":0,"gold_gain":0,"player_choice":"Obtained Book","damage_taken":21,"max_hp_gain":0,"max_hp_loss":0,"event_name":"Cursed Tome","floor":29,"gold_loss":0},{"damage_healed":0,"gold_gain":0,"player_choice":"Paid Fearfully","damage_taken":0,"max_hp_gain":0,"max_hp_loss":0,"event_name":"Masked Bandits","floor":30,"gold_loss":41}],"is_beta":false,"boss_relics":[{"not_picked":["Runic Dome","expansioncontent:StudyCardRelic"],"picked":"Astrolabe"},{"not_picked":["Fusion Hammer","Philosopher\u0027s Stone"],"picked":"Empty Cage"}],"items_purged_floors":[14,28,39],"is_endless":false,"potions_floor_spawned":[1,11,16,19,27,31,38],"killed_by":"Reptomancer","ascension_level":15}}