{"host":"d73an99q9oevilk5","time":1614050376,"event":{"mods":["2.2 Compatiblity","AchievementEnabler","Act Like it!","Aspiration","BaseMod","Beaked The Cultist","Better Third Choice","BetterRewards","Colored Map","Colored Powertips","Conspire","Downfall","GifTheSpireLib","Halation","Hubris","Infinite Spire","Marisa????????","Mimic Mod","Minty Spire (QoL Compilation)","MostiFishMod","Quick Restart","Relic Sorter","Reliquary","Replay The Spire","Shop Mod","Spikes Relics","StSLib","Stuff the Spire","The Cursed","The Jungle","The Necromancer","The Saiyan","Waifu the Spire","egg","slay the spire mod where everything is the same but ironclad has a cowboy hat"],"gold_per_floor":[113,133,149,149,160,188,188,217,267,299,299,299,299,299,299,404,404,416,416,416,433,433,433,448,137,174,174,174,203,203,203,219,253,253,358,358,373,373,473,489,458,485,504,504,538,538,548,548,247,20,20,20],"floor_reached":53,"language":"ENG","playtime":2596,"items_purged":["Regret"],"score":1016,"play_id":"373484e4-d0d4-40a6-8e53-deec738c50a6","local_time":"20210222201936","is_ascension_mode":false,"campfire_choices":[{"data":"beaked:Ceremony","floor":7.0,"key":"SMITH"},{"data":"beaked:Ceremony","floor":7.0,"key":"SMITH"},{"data":"beaked:Brace","floor":13.0,"key":"SMITH"},{"data":"beaked:Ceremony","floor":13.0,"key":"SMITH"},{"data":"1","floor":15.0,"key":"LIFT"},{"data":"beaked:Tweet","floor":23.0,"key":"SMITH"},{"data":"beaked:KnowThyFoe","floor":23.0,"key":"SMITH"},{"data":"MostiFishMod:Kaleido","floor":27.0,"key":"SMITH"},{"data":"beaked:BloodRitual","floor":27.0,"key":"SMITH"},{"data":"beaked:Evade","floor":34.0,"key":"SMITH"},{"data":"beaked:Foresight","floor":44.0,"key":"SMITH"},{"data":"beaked:MimicWarrior","floor":44.0,"key":"SMITH"},{"data":"beaked:AwakenedForm","floor":46.0,"key":"SMITH"},{"data":"beaked:Foresight","floor":46.0,"key":"SMITH"},{"data":"MostiFishMod:MusicBox","floor":51,"key":"SMITH"},{"data":"beaked:CursingBlood","floor":51,"key":"SMITH"}],"circlet_count":0,"master_deck":["beaked:Strike_Y","beaked:Strike_Y","beaked:Strike_Y","beaked:Strike_Y","beaked:Strike_Y","beaked:Strike_Y","beaked:Defend_Y","beaked:Defend_Y","beaked:Defend_Y","beaked:Defend_Y","beaked:Ceremony+1","beaked:Ceremony+1","beaked:Ceremony+1","beaked:Daydream","beaked:Brace+1","beaked:Tweet+1","beaked:AwakenedForm+1","beaked:Hexing","beaked:WarriorEssence","beaked:CursingBlood+1","beaked:MimicWarrior+1","beaked:Insight","beaked:Evade+1","beaked:KnowThyFoe+1","beaked:Foresight+1","MostiFishMod:Kaleido+1","beaked:BloodRitual+1","beaked:Foresight+1","beaked:MachineSpirit","beaked:WarriorEssence+1","beaked:ScreechingChant","beaked:Foresight+1","beaked:CursingBlood+1","ReplayTheSpireMod:Wings of Steel","beaked:Caw","MostiFishMod:MusicBox+1"],"relics":["beaked:MendingPlumage","hubris:Icosahedron","halation:VictoryRuler","DaveBox","JellyFishMachine","Orrery","halation:PenCase","Replay:Baseball","SynthV:TestCard","Girya","reliquary:Aerogel","Centennial Puzzle","infinitespire:CheckeredPen","infinitespire:Satchel","PreservedInsect","Replay:Grab Bag","Replay:Fungal Core","ChewingGum","RhineCircuit","ChiLing","Chi","Ling","DaCapo","StuffTheSpire:HeavyRock","Unceasing Top","beaked:FlawlessSticks","halation:EternalFortune","ReplayTheSpireMod:Ninjato","Replay:Wax Seal","StuffTheSpire:Mouthbags"],"acts_visited":["Exordium","TheCity","TheBeyond"],"potions_floor_usage":[52,52],"damage_taken":[{"damage":1.0,"enemies":"Cultist","floor":1.0,"turns":4.0},{"damage":3.0,"enemies":"conspire:RoseBush","floor":2.0,"turns":3.0},{"damage":3.0,"enemies":"Small Slimes","floor":3.0,"turns":4.0},{"damage":20.0,"enemies":"3 Louse","floor":5.0,"turns":4.0},{"damage":13.0,"enemies":"3 Sentries","floor":6.0,"turns":6.0},{"damage":21.0,"enemies":"Lagavulin","floor":8.0,"turns":7.0},{"damage":10.0,"enemies":"Gremlin Nob","floor":10.0,"turns":5.0},{"damage":48.0,"enemies":"The Guardian","floor":16.0,"turns":7.0},{"damage":18.0,"enemies":"Shell Parasite","floor":18.0,"turns":4.0},{"damage":31.0,"enemies":"2 Thieves","floor":21.0,"turns":4.0},{"damage":10.0,"enemies":"conspire:HollyBat","floor":24.0,"turns":6.0},{"damage":3.0,"enemies":"Shelled Parasite and Fungi","floor":26.0,"turns":4.0},{"damage":5.0,"enemies":"conspire:Head Lice","floor":29.0,"turns":4.0},{"damage":16.0,"enemies":"Shelled Parasite and Fungi","floor":32.0,"turns":2.0},{"damage":25.0,"enemies":"conspire:SneckoGhost","floor":33.0,"turns":4.0},{"damage":50.0,"enemies":"hubris:MusketHawk","floor":35.0,"turns":6.0},{"damage":53.0,"enemies":"3 Darklings","floor":37.0,"turns":4.0},{"damage":23.0,"enemies":"3 Shapes","floor":40.0,"turns":2.0},{"damage":6.0,"enemies":"Transient","floor":41.0,"turns":5.0},{"damage":29.0,"enemies":"Reptomancer","floor":42.0,"turns":4.0},{"damage":1.0,"enemies":"Sphere and 2 Shapes","floor":43.0,"turns":2.0},{"damage":15.0,"enemies":"Maw","floor":45.0,"turns":5.0},{"damage":32,"enemies":"Maw","floor":47,"turns":6},{"damage":56,"enemies":"Time Eater","floor":52,"turns":6}],"seed_played":"-25329272066289920","potions_obtained":[{"floor":5.0,"key":"infinitespire:BlackPotion"},{"floor":8.0,"key":"ColorlessPotion"},{"floor":18.0,"key":"Languid Potion"},{"floor":21.0,"key":"Milkshake"},{"floor":24.0,"key":"AttackPotion"},{"floor":33.0,"key":"Venom Potion"},{"floor":41.0,"key":"FearPotion"},{"floor":42.0,"key":"Toxic Potion"},{"floor":47,"key":"Dexterity Potion"}],"is_trial":false,"path_per_floor":["M","M","M","?","M","E","R","E","T","E","?","?","R","T","R","B",null,"M","?","AVR","M","?","R","M","$","MIM","R","?","E","PTL","PTL","M","E","R_BF","B",null,"M","?","?","M","M","E","M","R","MIM","R","M","T","$","$","R","B",null],"character_chosen":"BEAKED_THE_CULTIST","items_purchased":["Orrery","beaked:Hexing","Replay:Baseball","ChiLing","MostiFishMod:Kaleido","beaked:Caw","StuffTheSpire:Mouthbags","MostiFishMod:MusicBox","Block Potion"],"campfire_rested":0,"item_purchase_floors":[0,0,0,25,25,49,49,50,50],"current_hp_per_floor":[50,50,50,50,39,50,50,37,37,44,44,44,44,44,44,35,50,50,50,50,28,28,28,50,50,50,50,50,50,50,50,46,49,49,47,53,18,21,21,46,56,38,50,50,56,56,56,56,56,56,56,50],"gold":20,"neow_bonus":"","is_daily":false,"chose_seed":false,"campfire_upgraded":15,"win_rate":0.0,"timestamp":1614050376,"path_taken":["M","M","?","?","M","E","R","E","T","E","?","?","R","?","R","BOSS","M","?","AVR","M","?","R","M","?","MIM","R","?","E","PTL","PTL","M","E","R_BF","BOSS","M","?","?","M","?","E","M","R","MIM","R","M","?","?","$","R","BOSS"],"items_purchased_type":["Relic","Card","Relic","Relic","Card","Card","Relic","Card","Potion"],"build_version":"2020-12-22","purchased_purges":1,"victory":true,"max_hp_per_floor":[50,50,50,50,50,50,50,50,50,50,50,50,50,50,50,50,50,50,50,50,50,50,50,50,50,50,50,50,50,50,50,53,53,53,53,53,53,56,56,56,56,56,56,56,56,56,56,56,56,56,56,56],"card_choices":[{"not_picked":["beaked:Tradeoff","beaked:Molting"],"picked":"beaked:Daydream","floor":0.0},{"not_picked":["beaked:BounceBack","beaked:Daydream"],"picked":"beaked:Brace","floor":0.0},{"not_picked":["beaked:Insight","beaked:MaddeningMurmurs"],"picked":"beaked:Tweet","floor":0.0},{"not_picked":["beaked:FeelMyPain","beaked:Tradeoff"],"picked":"beaked:AwakenedForm","floor":0.0},{"not_picked":["beaked:SacrificialAttack","beaked:Redirect","beaked:Negation"],"picked":"SKIP","floor":1.0},{"not_picked":["beaked:FeelMyPain","beaked:Tradeoff","beaked:BraceForImpact","beaked:MimicMachine","beaked:Tweet"],"picked":"SKIP","floor":2.0},{"not_picked":["beaked:BounceBack","beaked:MimicMachine","beaked:Devastation","beaked:MimicHuntress"],"picked":"beaked:WarriorEssence","floor":3.0},{"not_picked":["beaked:FeelMyPain","beaked:Tradeoff","beaked:Flinch","beaked:BounceBack"],"picked":"beaked:CursingBlood","floor":5.0},{"not_picked":["ReplayTheSpireMod:Owlgaze","beaked:FeelMyPain","beaked:Cower","beaked:Insight"],"picked":"beaked:MimicWarrior","floor":6.0},{"not_picked":["ReplayTheSpireMod:Owlgaze","beaked:Hexing","beaked:Daydream","beaked:FeelMyPain"],"picked":"beaked:Insight","floor":8.0},{"not_picked":["beaked:Resilience","beaked:Windmill","beaked:SacrificialAttack","beaked:RitualOfBody"],"picked":"beaked:Evade","floor":10.0},{"not_picked":["beaked:DarkTribute","beaked:WildInstinct","beaked:MachineEssence","beaked:Brainwash"],"picked":"beaked:KnowThyFoe","floor":16.0},{"not_picked":["beaked:MachineSpirit","beaked:Struggle","beaked:Mantra+1","beaked:MimicHuntress+1"],"picked":"beaked:Foresight+1","floor":18.0},{"not_picked":["beaked:SurvivalInstinct","beaked:Poke+1","beaked:Redirect","beaked:Insight","beaked:FeelMyPain+1"],"picked":"SKIP","floor":21.0},{"not_picked":["beaked:Hexing+1","beaked:Daydream","beaked:CursingBlood","beaked:SurvivalInstinct+1","beaked:BraceForImpact"],"picked":"SKIP","floor":24.0},{"not_picked":["beaked:TuckingFeathers","beaked:Negation+1","beaked:DarkTribute","beaked:CursingBlood+1"],"picked":"beaked:BloodRitual","floor":26.0},{"not_picked":["beaked:TuckingFeathers","beaked:SurvivalInstinct","ReplayTheSpireMod:Prepare the Ceremony","beaked:Hexing","beaked:Insight"],"picked":"SKIP","floor":29.0},{"not_picked":["ReplayTheSpireMod:RavenHex+1","beaked:MaddeningMurmurs","beaked:WarriorEssence+1","beaked:Redirect"],"picked":"beaked:MachineSpirit","floor":32.0},{"not_picked":["beaked:MaddeningMurmurs","beaked:MimicHuntress","beaked:BloodRitual","beaked:SacrificialScars"],"picked":"beaked:WarriorEssence+1","floor":33.0},{"not_picked":["beaked:FakeOut","beaked:DarkPact","beaked:DarkTribute","beaked:AwakenedForm"],"picked":"beaked:ScreechingChant","floor":35.0},{"not_picked":["beaked:SurvivalInstinct+1","beaked:BarbedWire+1","beaked:Poke+1","ReplayTheSpireMod:RavenHex","beaked:Negation"],"picked":"SKIP","floor":37.0},{"not_picked":["beaked:StickSmack+1","beaked:Windmill+1","beaked:Tradeoff","beaked:MimicMachine"],"picked":"beaked:Foresight","floor":40.0},{"not_picked":["beaked:FeelMyPain","beaked:RitualOfBody+1","beaked:Foresight","beaked:Brace+1","beaked:VigorBurst+1"],"picked":"SKIP","floor":41.0},{"not_picked":["ReplayTheSpireMod:Owlgaze","beaked:Redirect+1","beaked:Windmill+1","beaked:SacrificialAttack+1"],"picked":"beaked:CursingBlood+1","floor":42.0},{"not_picked":["beaked:TuckingFeathers+1","beaked:Cower+1","beaked:DigDeep","beaked:CursingBlood+1","beaked:Redirect+1"],"picked":"SKIP","floor":43.0},{"not_picked":["beaked:Brace","beaked:Cower+1","beaked:StickSmack+1","beaked:Foresight"],"picked":"ReplayTheSpireMod:Wings of Steel","floor":45.0},{"not_picked":["beaked:Brace+1","beaked:Hexing+1","beaked:Recite+1","beaked:Replenish","beaked:StickSmack+1"],"picked":"SKIP","floor":47}],"player_experience":1970591,"relics_obtained":[{"floor":1.0,"key":"SynthV:TestCard"},{"floor":6.0,"key":"Girya"},{"floor":8.0,"key":"reliquary:Aerogel"},{"floor":9.0,"key":"Centennial Puzzle"},{"floor":10.0,"key":"infinitespire:CheckeredPen"},{"floor":14.0,"key":"PreservedInsect"},{"floor":26.0,"key":"DaCapo"},{"floor":29.0,"key":"StuffTheSpire:HeavyRock"},{"floor":33.0,"key":"Unceasing Top"},{"floor":45.0,"key":"ReplayTheSpireMod:Ninjato"},{"floor":48,"key":"Replay:Wax Seal"}],"event_choices":[{"damage_healed":0.0,"max_hp_gain":0.0,"max_hp_loss":0.0,"gold_gain":0.0,"event_name":"Big Fish","player_choice":"Box","floor":12.0,"gold_loss":0.0,"damage_taken":0.0,"relics_obtained":["infinitespire:Satchel"],"cards_obtained":["Regret"]},{"damage_healed":0.0,"max_hp_gain":0.0,"max_hp_loss":0.0,"gold_gain":0.0,"event_name":"The Library","player_choice":"Read","floor":28.0,"gold_loss":0.0,"damage_taken":0.0,"cards_obtained":["beaked:Foresight"]},{"damage_healed":0.0,"max_hp_gain":0.0,"max_hp_loss":0.0,"gold_gain":100.0,"event_name":"Golden Shrine","player_choice":"Pray","floor":39.0,"gold_loss":0.0,"damage_taken":0.0}],"is_beta":false,"boss_relics":[{"not_picked":["halation:Risk","PatriotShield"],"picked":"Replay:Grab Bag"},{"not_picked":["conspire:SeveredTorchhead","Runic Dome"],"picked":"Replay:Fungal Core"},{"not_picked":["Fusion Hammer","aspiration:FutureDiary"],"picked":"ChewingGum"},{"not_picked":["aspiration:RunicSpoon","Kintsugi"],"picked":"RhineCircuit"},{"not_picked":["GuanYuAspect","aspiration:RitualDagger"],"picked":"beaked:FlawlessSticks"}],"items_purged_floors":[20],"is_endless":false,"potions_floor_spawned":[5,8,18,21,24,33,41,42,47],"ascension_level":0}}