{"host":"uceopoba4zvqsgiy","time":1614071455,"event":{"mods":["2.2 Compatiblity","Act Like it!","BaseMod","Better Skull","Better Third Choice","Elementarium","Evolution","GifTheSpireLib","Hermit","Humility","Infinite Spire","Jorbs\u0027s Wanderer Trilogy","Marked Mod","Minty Spire (QoL Compilation)","Potionbrewer","Reliquary","Replay The Spire","Robot Space Explorer","Shade Mod","Spicy Shops","StS++","StSLib","Stuff the Spire","The Blue Laboratory","The Caster","The Cursed","The Dragon Tamer","The Dragonkin","The Hierophant","The Judge","The Jungle","TheSurvivalist","Wandering Minibosses"],"gold_per_floor":[113,113,113,113,132,132,132,132,158,158,181,193,226,243,268,197,197,300,300,311,311,327,61,76,103,103,103,103],"floor_reached":27,"language":"ENG","playtime":2854,"items_purged":[],"score":443,"play_id":"57b361ad-074a-4598-b4a0-32ded182d8dc","local_time":"20210223194055","is_ascension_mode":true,"campfire_choices":[{"floor":8.0,"key":"REST"},{"floor":10.0,"key":"REST"},{"floor":17,"key":"REST"}],"circlet_count":0,"master_deck":["WordoMod:BurdenOfSin","WordoMod:StrikeCard","WordoMod:StrikeCard","WordoMod:StrikeCard","WordoMod:DefendCard","WordoMod:DefendCard","WordoMod:DefendCard","WordoMod:Accursed","WordoMod:IllWill","WordoMod:Cremate","stsjorbsmod:Withering","WordoMod:Cataclysm","WordoMod:Sacrilege","Clumsy","WordoMod:Taunt","WordoMod:Penitence","WordoMod:GreatSeal","StuffTheSpire:GnomedCurse","WordoMod:BloodThinning","infinitespire:Starlight","infinitespire:UltimateForm","infinitespire:Fortify","WordoMod:CurseBuckler","Decay","WordoMod:Unchained","Overencumbered","StuffTheSpire:BrainWave","WordoMod:Sickness+1","Insight"],"relics":["WordoMod:Obsidian","WordoMod:Effigy","EVO:Axolotl","NeowsBlessing","reliquary:RoseTintedGlasses","Regal Pillow","Simple Rune","StuffTheSpire:Experiment12","Happy Flower","Bronze Scales","Bottled Lightning","reliquary:Firecrackers","Honey Jar","Black Star","Replay:PocketPolymizer","Turnip","StuffTheSpire:Saxophone","Iron Hammer","reliquary:GummyVitamins"],"acts_visited":["Exordium","TheCity"],"potions_floor_usage":[15,15,15,15,25,25],"damage_taken":[{"damage":0.0,"enemies":"2 Louse","floor":1.0,"turns":1.0},{"damage":0.0,"enemies":"infinitespire:Voidling","floor":5.0,"turns":1.0},{"damage":0.0,"enemies":"Replay:BlueRogue","floor":9.0,"turns":1.0},{"damage":2.0,"enemies":"Cultist","floor":12.0,"turns":3.0},{"damage":2.0,"enemies":"Lagavulin","floor":13.0,"turns":6.0},{"damage":9,"enemies":"3 Louse","floor":14,"turns":3},{"damage":19,"enemies":"Gremlin Nob","floor":15,"turns":2},{"damage":27,"enemies":"Hexaghost","floor":18,"turns":10},{"damage":19,"enemies":"2 Thieves","floor":20,"turns":4},{"damage":3,"enemies":"Chosen","floor":22,"turns":5},{"damage":14,"enemies":"Shelled Parasite and Fungi","floor":24,"turns":7},{"damage":55,"enemies":"Slavers","floor":25,"turns":7},{"damage":8,"enemies":"Book of Stabbing","floor":27,"turns":2}],"seed_played":"6865199584079218823","potions_obtained":[{"floor":5.0,"key":"blueLaboratory:BottleOfVodka"},{"floor":9.0,"key":"StSpp:ScatteredPotion"},{"floor":13,"key":"SkillPotion"},{"floor":18,"key":"potionbrewer:DiscountPotion"},{"floor":20,"key":"Dexterity Potion"}],"is_trial":false,"path_per_floor":["M","?","?","?","M","PTL","PTL","R","E","R","T","M","E","M","E","$","R","B",null,"M","AVR","M","$","M","E","?","E"],"character_chosen":"JUDGE_CLASS","items_purchased":["WordoMod:Penitence","Turnip","StuffTheSpire:Saxophone"],"campfire_rested":3,"item_purchase_floors":[16,23,23],"current_hp_per_floor":[75,75,75,2,2,2,2,39,39,75,75,73,71,62,43,43,75,48,68,49,49,56,56,52,7,7,0,0],"gold":103,"neow_bonus":"THREE_ENEMY_KILL","is_daily":false,"chose_seed":false,"campfire_upgraded":0,"win_rate":0.0,"timestamp":1614071455,"path_taken":["M","?","?","?","M","PTL","PTL","R","E","R","T","?","E","M","E","$","R","BOSS","M","AVR","?","?","M","E","?","E"],"items_purchased_type":["Card","Relic","Relic"],"build_version":"2020-12-22","purchased_purges":0,"victory":false,"max_hp_per_floor":[75,75,75,75,75,75,75,75,75,75,75,75,75,75,75,75,75,75,75,75,75,75,75,75,75,75,75,75],"card_choices":[{"not_picked":["WordoMod:Spite","WordoMod:SecondChance","WordoMod:DarkBead"],"picked":"SKIP","floor":1.0},{"not_picked":["WordoMod:Retaliate","WordoMod:ScatterAshes"],"picked":"WordoMod:Cremate","floor":5.0},{"not_picked":["StuffTheSpire:GnomedCurse","Doubt"],"picked":"stsjorbsmod:Withering","floor":9.0},{"not_picked":["WordoMod:Unchained","WordoMod:InduceTrauma"],"picked":"WordoMod:Cataclysm","floor":9.0},{"not_picked":["WordoMod:BadMemories","WordoMod:ScatterAshes","WordoMod:SoulSpear"],"picked":"SKIP","floor":12.0},{"not_picked":["WordoMod:Exorcism","WordoMod:UltimateSacrifice"],"picked":"WordoMod:Sacrilege","floor":13},{"not_picked":["Replay:Hysterical Blindness","ReplayTheSpireMod:Faulty Equipment"],"picked":"Clumsy","floor":14},{"not_picked":["WordoMod:ShackleGuard","WordoMod:Repent"],"picked":"WordoMod:Taunt","floor":14},{"not_picked":["WordoMod:MentalFortitude","WordoMod:Hysteria","WordoMod:FalseDiagnosis"],"picked":"SKIP","floor":15},{"not_picked":["WordoMod:BurnMyDread","WordoMod:MonkeysPaw"],"picked":"WordoMod:GreatSeal","floor":18},{"not_picked":["stsjorbsmod:Procrastination","Elementarium:StickyTar"],"picked":"StuffTheSpire:GnomedCurse","floor":20},{"not_picked":["WordoMod:BadMemories","WordoMod:SoulSpear","WordoMod:CurseBuckler"],"picked":"WordoMod:BloodThinning","floor":20},{"not_picked":["WordoMod:HoldTheFort","WordoMod:InduceTrauma","WordoMod:Exorcism"],"picked":"WordoMod:CurseBuckler","floor":22},{"not_picked":["WordoMod:TheCure","WordoMod:CurseBuckler","WordoMod:WillOWisp"],"picked":"WordoMod:Unchained","floor":24},{"not_picked":["Languid","Replay:Hysterical Blindness"],"picked":"Overencumbered","floor":25},{"not_picked":["WordoMod:ScatterAshes","WordoMod:ShackleGuard","WordoMod:BloodThinning+1"],"picked":"WordoMod:Sickness+1","floor":25}],"player_experience":1863634,"relics_obtained":[{"floor":9.0,"key":"Happy Flower"},{"floor":11.0,"key":"Bronze Scales"},{"floor":13,"key":"Bottled Lightning"},{"floor":15,"key":"reliquary:Firecrackers"},{"floor":25,"key":"Iron Hammer"},{"floor":25,"key":"reliquary:GummyVitamins"}],"event_choices":[{"damage_healed":0.0,"max_hp_gain":0.0,"max_hp_loss":0.0,"gold_gain":0.0,"event_name":"Golden Wing","player_choice":"Ignored","floor":3.0,"gold_loss":0.0,"damage_taken":0.0},{"damage_healed":0.0,"max_hp_gain":0.0,"max_hp_loss":0.0,"gold_gain":0.0,"event_name":"betterSkull:BetterSkull","player_choice":"RE RE RE RE ","floor":4.0,"gold_loss":0.0,"damage_taken":81.0,"cards_upgraded":[],"relics_obtained":["reliquary:RoseTintedGlasses","Regal Pillow","Simple Rune","StuffTheSpire:Experiment12"]},{"damage_healed":0,"gold_gain":0,"player_choice":"Insight","damage_taken":0,"max_hp_gain":0,"max_hp_loss":0,"event_name":"betterThird:BetterWriting","floor":26,"gold_loss":0,"cards_obtained":["Insight"]}],"is_beta":false,"boss_relics":[{"not_picked":["Replay:Wanted Poster","Replay:Bronze Core"],"picked":"Honey Jar"}],"items_purged_floors":[],"is_endless":false,"potions_floor_spawned":[5,9,13,18,20],"killed_by":"Book of Stabbing","ascension_level":5,"is_humility":true}}