{"host":"wmrrle71ao22fxdw","time":1614085323,"event":{"mods":["BaseMod","Colored Map","Minty Spire (QoL Compilation)","Rare Cards Sparkle","Relic Stats"],"gold_per_floor":[118,137,137,147,157,182,182,182,209,220,253,253,15,15,15,115,115,125,143,155,8,18,48,65,65,65,65,98,117,151,163,163,262,262,281,27,27,77,0,34,34,62,86,117,47,57,69,89,89,89],"floor_reached":51,"language":"ENG","playtime":2689,"items_purged":["Strike_R"],"score":999,"play_id":"50f40d4e-8a5b-4833-99fb-1f9f255e09a4","local_time":"20210223140203","is_ascension_mode":true,"campfire_choices":[{"data":"Hemokinesis","floor":8,"key":"SMITH"},{"data":"True Grit","floor":12,"key":"SMITH"},{"data":"Spot Weakness","floor":15,"key":"SMITH"},{"data":"Pummel","floor":25,"key":"SMITH"},{"data":"Reaper","floor":32,"key":"SMITH"},{"floor":41,"key":"REST"},{"floor":49,"key":"REST"}],"circlet_count":0,"master_deck":["Strike_R","Strike_R","Strike_R","Defend_R","Defend_R","Defend_R","Defend_R","Bash","Hemokinesis+1","Spot Weakness+1","Seeing Red","Headbutt","Thunderclap","True Grit+1","Armaments","Evolve","Offering","CurseOfTheBell","Twin Strike","Heavy Blade","Shrug It Off+1","Pummel+1","Feed","Disarm","Reaper+1","Sword Boomerang+1","Metallicize","Fire Breathing","Exhume","Sentinel+1","Apotheosis","Madness","Madness","Metallicize+1","Uppercut","Shrug It Off+1","Inflame","Rage+1","Whirlwind+1","Shockwave+1","Flex+1"],"relics":["Burning Blood","Bronze Scales","Blood Vial","PreservedInsect","HornCleat","Calling Bell","Toy Ornithopter","Letter Opener","Thread and Needle","Akabeko","Dream Catcher","Kunai","Lizard Tail","Magic Flower","Pear","Fusion Hammer","Dead Branch","Red Mask","Lantern","Smiling Mask","Ancient Tea Set","Paper Frog"],"acts_visited":["TheCity","TheBeyond"],"potions_floor_usage":[23,28,28,33,33,40,50],"damage_taken":[{"damage":0,"enemies":"Small Slimes","floor":1,"turns":3},{"damage":3,"enemies":"2 Louse","floor":2,"turns":3},{"damage":3,"enemies":"Cultist","floor":4,"turns":3},{"damage":10,"enemies":"Red Slaver","floor":5,"turns":3},{"damage":22,"enemies":"3 Sentries","floor":6,"turns":7},{"damage":2,"enemies":"3 Louse","floor":10,"turns":2},{"damage":30,"enemies":"Lagavulin","floor":11,"turns":5},{"damage":23,"enemies":"Slime Boss","floor":16,"turns":11},{"damage":23,"enemies":"Shell Parasite","floor":18,"turns":4},{"damage":18,"enemies":"Chosen","floor":19,"turns":5},{"damage":25,"enemies":"Shelled Parasite and Fungi","floor":20,"turns":4},{"damage":14,"enemies":"Chosen and Byrds","floor":22,"turns":4},{"damage":8,"enemies":"Gremlin Leader","floor":23,"turns":2},{"damage":15,"enemies":"Snecko","floor":24,"turns":4},{"damage":16,"enemies":"Slavers","floor":28,"turns":6},{"damage":6,"enemies":"Snake Plant","floor":29,"turns":2},{"damage":23,"enemies":"Book of Stabbing","floor":30,"turns":3},{"damage":16,"enemies":"Sentry and Sphere","floor":31,"turns":6},{"damage":198,"enemies":"Automaton","floor":33,"turns":17},{"damage":43,"enemies":"3 Shapes","floor":35,"turns":4},{"damage":18,"enemies":"Mind Bloom Boss Battle","floor":38,"turns":8},{"damage":8,"enemies":"Nemesis","floor":40,"turns":5},{"damage":35,"enemies":"Reptomancer","floor":42,"turns":6},{"damage":21,"enemies":"Nemesis","floor":44,"turns":5},{"damage":16,"enemies":"3 Darklings","floor":46,"turns":6},{"damage":12,"enemies":"Sphere and 2 Shapes","floor":47,"turns":3},{"damage":61,"enemies":"Transient","floor":48,"turns":5},{"damage":74,"enemies":"Donu and Deca","floor":50,"turns":7}],"seed_played":"-290597815747824987","potions_obtained":[{"floor":2,"key":"FearPotion"},{"floor":4,"key":"ColorlessPotion"},{"floor":16,"key":"ColorlessPotion"},{"floor":18,"key":"DistilledChaos"},{"floor":24,"key":"FearPotion"},{"floor":28,"key":"Fruit Juice"},{"floor":29,"key":"Fruit Juice"},{"floor":35,"key":"Explosive Potion"},{"floor":44,"key":"SpeedPotion"},{"floor":47,"key":"SteroidPotion"}],"is_trial":false,"path_per_floor":["M","M","?","M","M","E","?","R","T","M","E","R","$","?","R","B",null,"M","M","M","$","M","E","M","R","T","?","E","M","E","M","R","B",null,"M","$","?","?","?","E","R","E","T","E","$","M","M","M","R","B",null],"character_chosen":"IRONCLAD","items_purchased":["HornCleat","Akabeko","Apotheosis","Inflame"],"campfire_rested":2,"item_purchase_floors":[13,21,36,45],"current_hp_per_floor":[88,88,81,84,80,64,69,69,69,75,53,53,53,53,53,38,93,76,66,49,49,43,48,41,41,41,41,43,54,71,72,72,36,119,102,102,87,101,101,118,125,101,101,109,109,105,126,77,116,76],"gold":89,"neow_bonus":"TEN_PERCENT_HP_BONUS","is_daily":false,"chose_seed":false,"campfire_upgraded":5,"win_rate":0.0,"timestamp":1614085323,"path_taken":["M","M","?","M","M","E","?","R","T","M","E","R","$","?","R","BOSS","M","M","M","$","M","E","M","R","T","?","E","?","E","M","R","BOSS","M","$","?","?","?","E","R","E","T","E","$","?","M","M","R","BOSS"],"items_purchased_type":["Relic","Relic","Card","Card"],"build_version":"2020-12-22","purchased_purges":1,"victory":true,"max_hp_per_floor":[88,88,88,88,88,88,93,93,93,93,93,93,93,93,93,93,93,93,93,93,93,93,93,93,93,93,93,93,96,106,109,109,119,119,122,122,122,122,122,125,125,125,125,129,129,129,133,133,133,133],"relic_stats":{"counters":[28,143],"Dead Branch":[53],"Magic Flower":[137],"PreservedInsect":272,"Letter Opener":[161],"Smiling Mask":0,"Burning Blood":198,"Blood Vial":51,"Dream Catcher":2,"Lizard Tail":89,"Bronze Scales":[286],"Kunai":[21],"obtain_stats":[{"Lantern":40,"Pear":30,"Dead Branch":38,"Magic Flower":28,"Thread and Needle":17,"PreservedInsect":11,"Letter Opener":17,"Smiling Mask":42,"Ancient Tea Set":43,"Burning Blood":0,"Akabeko":21,"Blood Vial":9,"Calling Bell":17,"Dream Catcher":23,"Lizard Tail":27,"HornCleat":13,"Bronze Scales":6,"Fusion Hammer":34,"Red Mask":39,"Kunai":26,"Toy Ornithopter":17,"Paper Frog":44},{"Lantern":22,"Pear":17,"Dead Branch":21,"Magic Flower":15,"Thread and Needle":8,"PreservedInsect":7,"Letter Opener":8,"Smiling Mask":23,"Ancient Tea Set":23,"Burning Blood":0,"Akabeko":11,"Blood Vial":5,"Calling Bell":8,"Dream Catcher":13,"Lizard Tail":14,"HornCleat":7,"Bronze Scales":5,"Fusion Hammer":19,"Red Mask":21,"Kunai":14,"Toy Ornithopter":8,"Paper Frog":24},{"Lantern":111,"Pear":71,"Dead Branch":106,"Magic Flower":66,"Thread and Needle":37,"PreservedInsect":26,"Letter Opener":37,"Smiling Mask":117,"Ancient Tea Set":117,"Burning Blood":0,"Akabeko":50,"Blood Vial":19,"Calling Bell":37,"Dream Catcher":56,"Lizard Tail":60,"HornCleat":26,"Bronze Scales":19,"Fusion Hammer":94,"Red Mask":106,"Kunai":60,"Toy Ornithopter":37,"Paper Frog":122}],"Toy Ornithopter":47},"card_choices":[{"not_picked":["Thunderclap","Disarm"],"picked":"Hemokinesis","floor":1},{"not_picked":["Cleave","Perfected Strike"],"picked":"Spot Weakness","floor":2},{"not_picked":["Warcry","Clash"],"picked":"Seeing Red","floor":4},{"not_picked":["Twin Strike","Havoc"],"picked":"Headbutt","floor":5},{"not_picked":["Entrench","Flex"],"picked":"Thunderclap","floor":6},{"not_picked":["Battle Trance","Metallicize"],"picked":"True Grit","floor":10},{"not_picked":["Rage","Flex"],"picked":"Armaments","floor":11},{"not_picked":["Corruption","Exhume"],"picked":"Offering","floor":16},{"not_picked":["Iron Wave+1","Spot Weakness"],"picked":"Twin Strike","floor":18},{"not_picked":["Anger","Headbutt+1"],"picked":"Heavy Blade","floor":19},{"not_picked":["Warcry","Clash"],"picked":"Shrug It Off+1","floor":20},{"not_picked":["Blood for Blood","Dual Wield"],"picked":"Pummel","floor":22},{"not_picked":["Carnage","Twin Strike"],"picked":"Feed","floor":23},{"not_picked":["Heavy Blade","Reckless Charge"],"picked":"Disarm","floor":24},{"not_picked":["Havoc","Carnage"],"picked":"Reaper","floor":28},{"not_picked":["Heavy Blade","Warcry"],"picked":"Sword Boomerang+1","floor":29},{"not_picked":["Flex","True Grit"],"picked":"Metallicize","floor":30},{"not_picked":["Thunderclap","Clash"],"picked":"Fire Breathing","floor":31},{"not_picked":["Corruption","Fiend Fire"],"picked":"Exhume","floor":33},{"not_picked":["True Grit+1","Wild Strike"],"picked":"Sentinel+1","floor":35},{"not_picked":["Anger+1","Clothesline+1"],"picked":"Metallicize+1","floor":38},{"not_picked":["Intimidate","Sword Boomerang","True Grit"],"picked":"SKIP","floor":40},{"not_picked":["Body Slam","Sever Soul+1"],"picked":"Uppercut","floor":41},{"not_picked":["Iron Wave","Anger+1"],"picked":"Shrug It Off+1","floor":42},{"not_picked":["Infernal Blade","Rampage","Sentinel+1"],"picked":"SKIP","floor":44},{"not_picked":["Cleave+1","Fire Breathing"],"picked":"Rage+1","floor":46},{"not_picked":["Rupture","Uppercut"],"picked":"Whirlwind+1","floor":47},{"not_picked":["Wild Strike","Anger+1"],"picked":"Shockwave+1","floor":48},{"not_picked":["True Grit+1","Pommel Strike+1"],"picked":"Flex+1","floor":49}],"player_experience":119100,"relics_obtained":[{"floor":6,"key":"Bronze Scales"},{"floor":9,"key":"Blood Vial"},{"floor":11,"key":"PreservedInsect"},{"floor":17,"key":"Toy Ornithopter"},{"floor":17,"key":"Letter Opener"},{"floor":17,"key":"Thread and Needle"},{"floor":23,"key":"Dream Catcher"},{"floor":26,"key":"Kunai"},{"floor":28,"key":"Magic Flower"},{"floor":30,"key":"Pear"},{"floor":38,"key":"Dead Branch"},{"floor":40,"key":"Lantern"},{"floor":42,"key":"Smiling Mask"},{"floor":43,"key":"Ancient Tea Set"},{"floor":44,"key":"Paper Frog"}],"event_choices":[{"cards_removed":["Strike_R"],"damage_healed":0,"gold_gain":0,"player_choice":"Card Removal","damage_taken":7,"max_hp_gain":0,"max_hp_loss":0,"event_name":"Golden Wing","floor":3,"gold_loss":0},{"damage_healed":0,"gold_gain":0,"player_choice":"Donut","damage_taken":0,"max_hp_gain":5,"max_hp_loss":0,"event_name":"Big Fish","floor":7,"gold_loss":0},{"damage_healed":0,"gold_gain":0,"player_choice":"1 cards matched","damage_taken":0,"max_hp_gain":0,"max_hp_loss":0,"event_name":"Match and Keep!","floor":14,"gold_loss":0,"cards_obtained":["Evolve"]},{"damage_healed":0,"gold_gain":0,"player_choice":"Gave Potion","damage_taken":0,"relics_obtained":["Lizard Tail"],"max_hp_gain":0,"max_hp_loss":0,"event_name":"WeMeetAgain","floor":27,"gold_loss":0},{"damage_healed":0,"gold_gain":0,"player_choice":"Embrace Madness","damage_taken":15,"max_hp_gain":0,"max_hp_loss":0,"event_name":"Winding Halls","floor":37,"gold_loss":0,"cards_obtained":["Madness","Madness"]},{"damage_healed":0,"gold_gain":0,"player_choice":"Fight","damage_taken":0,"max_hp_gain":0,"max_hp_loss":0,"event_name":"MindBloom","floor":38,"gold_loss":0},{"damage_healed":0,"gold_gain":0,"player_choice":"Paid","damage_taken":0,"relics_obtained":["Red Mask"],"max_hp_gain":0,"max_hp_loss":0,"event_name":"Tomb of Lord Red Mask","floor":39,"gold_loss":77}],"is_beta":false,"boss_relics":[{"not_picked":["Busted Crown","Tiny House"],"picked":"Calling Bell"},{"not_picked":["Empty Cage","Coffee Dripper"],"picked":"Fusion Hammer"}],"items_purged_floors":[36],"is_endless":false,"potions_floor_spawned":[2,4,16,18,22,24,28,29,35,44,47],"ascension_level":1}}