{"host":"8is2j71l4wmybkoi","time":1614090057,"event":{"mods":["AchievementEnabler","BaseMod","Colored Map","DeckTracker","Minty Spire (QoL Compilation)","Rare Cards Sparkle","Relic Stats","StSLib","SuperFastMode"],"gold_per_floor":[369,369,385,36,53,79,79,108,108,108,121,121,146,164,164,243,243,261,279,279,290,304,304,338,338,365,393,393,405,430,430,430,505,505,521,521,521],"floor_reached":36,"language":"KOR","playtime":1542,"items_purged":["Strike_B"],"score":1001,"play_id":"df0ea5e4-cb1d-4d84-8002-e76e5fe27f5b","local_time":"20210223232057","is_ascension_mode":true,"campfire_choices":[{"data":"Zap","floor":7.0,"key":"SMITH"},{"data":"Hologram","floor":10.0,"key":"SMITH"},{"data":"Rainbow","floor":12.0,"key":"SMITH"},{"data":"Dualcast","floor":15.0,"key":"SMITH"},{"floor":23.0,"key":"RECALL"},{"data":"Steam","floor":25.0,"key":"SMITH"},{"data":"Compile Driver","floor":32,"key":"SMITH"}],"circlet_count":0,"master_deck":["AscendersBane","Strike_B","Defend_B","Defend_B","Zap+1","Dualcast+1","Compile Driver+1","Rainbow+1","Hologram+1","Steam+1","Auto Shields+1","Melter","Stack+1","Redo+1","Static Discharge+1","Buffer+1","Genetic Algorithm+1","Glacier+1","Hologram+1","Melter","Defragment+1","Leap+1","Defragment+1","Ghostly+1","Ghostly+1","Ghostly+1","Thunder Strike+1","Darkness+1","Fission+1","Aggregate+1"],"relics":["Cracked Core","Frozen Egg 2","Toxic Egg 2","Gremlin Horn","HornCleat","Mercury Hourglass","Coffee Dripper","Molten Egg 2","Lantern","Red Mask","Bag of Marbles","Empty Cage"],"acts_visited":["Exordium","TheCity","TheBeyond"],"potions_floor_usage":[27],"damage_taken":[{"damage":1.0,"enemies":"Cultist","floor":1.0,"turns":3.0},{"damage":0.0,"enemies":"2 Louse","floor":3.0,"turns":2.0},{"damage":0.0,"enemies":"Small Slimes","floor":5.0,"turns":3.0},{"damage":19.0,"enemies":"Gremlin Nob","floor":6.0,"turns":4.0},{"damage":0.0,"enemies":"Lagavulin","floor":8.0,"turns":7.0},{"damage":0.0,"enemies":"3 Louse","floor":11.0,"turns":2.0},{"damage":13.0,"enemies":"3 Sentries","floor":13.0,"turns":6.0},{"damage":0.0,"enemies":"2 Fungi Beasts","floor":14.0,"turns":2.0},{"damage":9.0,"enemies":"The Guardian","floor":16.0,"turns":9.0},{"damage":6.0,"enemies":"2 Thieves","floor":18.0,"turns":3.0},{"damage":14.0,"enemies":"3 Byrds","floor":19.0,"turns":4.0},{"damage":0.0,"enemies":"Snake Plant","floor":21.0,"turns":5.0},{"damage":0.0,"enemies":"Chosen and Byrds","floor":22.0,"turns":5.0},{"damage":0.0,"enemies":"Book of Stabbing","floor":24.0,"turns":6.0},{"damage":0,"enemies":"Masked Bandits","floor":27,"turns":4},{"damage":0,"enemies":"3 Cultists","floor":29,"turns":5},{"damage":0,"enemies":"Gremlin Leader","floor":30,"turns":9},{"damage":0,"enemies":"Collector","floor":33,"turns":11},{"damage":5,"enemies":"3 Darklings","floor":35,"turns":5},{"damage":31,"enemies":"2 Orb Walkers","floor":36,"turns":6}],"seed_played":"353648643896765537","potions_obtained":[{"floor":3.0,"key":"DistilledChaos"},{"floor":6.0,"key":"Energy Potion"},{"floor":13.0,"key":"LiquidMemories"},{"floor":16.0,"key":"Energy Potion"},{"floor":22.0,"key":"Ancient Potion"},{"floor":24.0,"key":"PotionOfCapacity"},{"floor":27,"key":"Dexterity Potion"},{"floor":30,"key":"LiquidMemories"}],"is_trial":false,"path_per_floor":["M","?","M","$","M","E","R","E","T","R","M","R","E","M","R","B",null,"M","M","?","M","M","R","E","R","T","?","?","M","E","?","R","B",null,"M","?"],"character_chosen":"DEFECT","items_purchased":["Frozen Egg 2","Hologram"],"campfire_rested":0,"item_purchase_floors":[4,4],"current_hp_per_floor":[63,63,63,63,63,44,44,44,44,44,44,44,31,31,31,22,57,51,37,37,37,37,37,37,37,37,37,34,34,34,34,34,34,34,29,0,0],"gold":521,"neow_bonus":"TWO_FIFTY_GOLD","is_daily":false,"chose_seed":false,"campfire_upgraded":6,"win_rate":0.0,"timestamp":1614090057,"path_taken":["M","?","?","$","M","E","R","E","T","R","M","R","E","M","R","BOSS","M","M","?","M","M","R","E","R","T","?","?","M","E","?","R","BOSS","M","?"],"items_purchased_type":["Relic","Card"],"build_version":"2020-12-22","purchased_purges":1,"victory":false,"max_hp_per_floor":[71,68,68,68,68,68,68,68,68,68,68,68,68,68,68,68,68,68,68,68,68,68,68,68,68,68,68,34,34,34,34,34,34,34,34,34,34],"relic_stats":{"Gremlin Horn":[26,26],"counters":[20,101],"obtain_stats":[{"Lantern":26,"HornCleat":9,"Gremlin Horn":8,"Molten Egg 2":24,"Coffee Dripper":17,"Red Mask":27,"Bag of Marbles":30,"Frozen Egg 2":4,"Toxic Egg 2":6,"Cracked Core":0,"Empty Cage":34,"Mercury Hourglass":13},{"Lantern":14,"HornCleat":5,"Gremlin Horn":5,"Molten Egg 2":14,"Coffee Dripper":9,"Red Mask":15,"Bag of Marbles":17,"Frozen Egg 2":2,"Toxic Egg 2":4,"Cracked Core":0,"Empty Cage":18,"Mercury Hourglass":7},{"Lantern":61,"HornCleat":19,"Gremlin Horn":19,"Molten Egg 2":61,"Coffee Dripper":38,"Red Mask":65,"Bag of Marbles":79,"Frozen Egg 2":5,"Toxic Egg 2":12,"Cracked Core":0,"Empty Cage":90,"Mercury Hourglass":27}],"Mercury Hourglass":[352]},"card_choices":[{"not_picked":["Turbo","Beam Cell"],"picked":"Compile Driver","floor":1.0},{"not_picked":["Beam Cell","Barrage"],"picked":"Rainbow","floor":3.0},{"not_picked":["Doom and Gloom","Beam Cell"],"picked":"Steam","floor":5.0},{"not_picked":["Melter","Ball Lightning"],"picked":"Auto Shields+1","floor":6.0},{"not_picked":["Steam Power+1","Barrage"],"picked":"Melter","floor":8.0},{"not_picked":["Compile Driver","Leap+1"],"picked":"Stack+1","floor":11.0},{"not_picked":["Compile Driver","Blizzard"],"picked":"Redo+1","floor":13.0},{"not_picked":["Streamline","Rebound"],"picked":"Static Discharge+1","floor":14.0},{"not_picked":["Seek+1","Rainbow+1"],"picked":"Buffer+1","floor":16.0},{"not_picked":["Coolheaded+1","Cold Snap"],"picked":"Genetic Algorithm+1","floor":18.0},{"not_picked":["Sweeping Beam","White Noise+1"],"picked":"Glacier+1","floor":19.0},{"not_picked":["Heatsinks+1","Scrape"],"picked":"Defragment+1","floor":21.0},{"not_picked":["Conserve Battery+1","Redo+1","Steam+1"],"picked":"SKIP","floor":22.0},{"not_picked":["Redo+1","Streamline+1"],"picked":"Leap+1","floor":24.0},{"not_picked":["Hologram+1","Go for the Eyes+1"],"picked":"Defragment+1","floor":27},{"not_picked":["Rebound+1","Ball Lightning+1","Beam Cell+1"],"picked":"SKIP","floor":29},{"not_picked":["Reprogram+1","Hologram+1"],"picked":"Thunder Strike+1","floor":30},{"not_picked":["Rainbow+1","Machine Learning+1"],"picked":"Fission+1","floor":33},{"not_picked":["Beam Cell+1","Streamline+1"],"picked":"Aggregate+1","floor":35}],"player_experience":1328621,"relics_obtained":[{"floor":6.0,"key":"Toxic Egg 2"},{"floor":8.0,"key":"Gremlin Horn"},{"floor":9.0,"key":"HornCleat"},{"floor":13.0,"key":"Mercury Hourglass"},{"floor":24.0,"key":"Molten Egg 2"},{"floor":26.0,"key":"Lantern"},{"floor":27,"key":"Red Mask"},{"floor":30,"key":"Bag of Marbles"}],"event_choices":[{"cards_removed":["Parasite"],"damage_healed":0.0,"max_hp_gain":0.0,"max_hp_loss":0.0,"gold_gain":0.0,"event_name":"Fountain of Cleansing","player_choice":"Removed Curses","floor":2.0,"gold_loss":0.0,"damage_taken":0.0},{"damage_healed":0.0,"max_hp_gain":0.0,"max_hp_loss":0.0,"gold_gain":0.0,"cards_transformed":["Strike_B","Defend_B"],"event_name":"Drug Dealer","player_choice":"Became Test Subject","floor":20.0,"gold_loss":0.0,"damage_taken":0.0,"cards_obtained":["Hologram","Melter"]},{"damage_healed":0,"gold_gain":0,"player_choice":"Fought Bandits","damage_taken":0,"max_hp_gain":0,"max_hp_loss":0,"event_name":"Masked Bandits","floor":27,"gold_loss":0},{"damage_healed":0,"gold_gain":0,"player_choice":"Became a Ghost","damage_taken":0,"max_hp_gain":0,"max_hp_loss":34,"event_name":"Ghosts","floor":28,"gold_loss":0,"cards_obtained":["Ghostly","Ghostly","Ghostly"]},{"damage_healed":0,"gold_gain":0,"player_choice":"Read","damage_taken":0,"max_hp_gain":0,"max_hp_loss":0,"event_name":"The Library","floor":31,"gold_loss":0,"cards_obtained":["Darkness"]},{"damage_healed":0,"gold_gain":0,"player_choice":"Fight","damage_taken":0,"max_hp_gain":0,"max_hp_loss":0,"event_name":"Mysterious Sphere","floor":36,"gold_loss":0}],"is_beta":false,"boss_relics":[{"not_picked":["Snecko Eye","Velvet Choker"],"picked":"Coffee Dripper"},{"not_picked":["SacredBark","Cursed Key"],"picked":"Empty Cage"}],"items_purged_floors":[4],"is_endless":false,"potions_floor_spawned":[3,6,13,16,22,24,27,30],"killed_by":"2 Orb Walkers","ascension_level":15}}