{"host":"m2qkn877fkm57m2k","time":1614103380,"event":{"mods":["AchievementEnabler","Bartender","BaseMod","Colored Map","Magitek Elite","Minty Spire (QoL Compilation)","Permanent Neow","Relic Sorter","StSLib"],"gold_per_floor":[115,115,40,59,59,59,89,89,116,116,132,165,165,180,180,285,285,250,250,19,19,19,19,19,48,72,101,115,115,115],"floor_reached":29,"language":"ENG","playtime":2548,"items_purged":["Defend_L"],"score":294,"play_id":"2a0c7d4a-affd-4907-85e5-b79d888ffab0","local_time":"20210223190259","is_ascension_mode":true,"campfire_choices":[{"data":"Transfusion","floor":6.0,"key":"SMITH"},{"data":"Protect_M","floor":8.0,"key":"SMITH"},{"data":"Icebrand","floor":10.0,"key":"SMITH"},{"data":"Transfusion","floor":15.0,"key":"SMITH"},{"data":"Tornado","floor":23,"key":"SMITH"}],"circlet_count":0,"master_deck":["Strike_L","Defend_L+1","Defend_L+1","Defend_L","Fire2","Cure","Icebrand+1","Transpose2","Transfusion+1","Protect_M+1","Gaia_Gear","Falchion","Transfusion+1","Thousand_Needles","Tornado+1","Minerva_Bustier"],"relics":["Pendant","Pocketwatch","Strawberry","Regal Pillow","Snecko Eye","Medical Kit","Toy Ornithopter","Juzu Bracelet","Kunai"],"acts_visited":["Exordium","TheCity"],"potions_floor_usage":[25],"damage_taken":[{"damage":0.0,"enemies":"Small Slimes","floor":1.0,"turns":3.0},{"damage":0.0,"enemies":"2 Louse","floor":4.0,"turns":3.0},{"damage":13.0,"enemies":"Lagavulin","floor":7.0,"turns":8.0},{"damage":0.0,"enemies":"Jaw Worm","floor":11.0,"turns":5.0},{"damage":8.0,"enemies":"3 Sentries","floor":12.0,"turns":13.0},{"damage":0.0,"enemies":"Looter","floor":14.0,"turns":4.0},{"damage":41.0,"enemies":"Hexaghost","floor":16.0,"turns":17.0},{"damage":6,"enemies":"2 Thieves","floor":18,"turns":5},{"damage":6,"enemies":"Gremlin Leader","floor":25,"turns":10},{"damage":36,"enemies":"Slavers","floor":27,"turns":4},{"damage":0,"enemies":"Chosen","floor":28,"turns":6},{"damage":49,"enemies":"Book of Stabbing","floor":29,"turns":10}],"seed_played":"-6050226940624745223","potions_obtained":[{"floor":7.0,"key":"SkillPotion"},{"floor":12.0,"key":"ColorlessPotion"},{"floor":16.0,"key":"BlessingOfTheForge"},{"floor":18,"key":"Block Potion"}],"is_trial":false,"path_per_floor":["M","?","$","M","?","R","E","R","T","R","M","E","?","M","R","B",null,"M","?","$","?","?","R","$","E","T","E","M","E"],"character_chosen":"MAGITEKELITE","items_purchased":["Tornado","Medical Kit"],"campfire_rested":0,"item_purchase_floors":[20,20],"current_hp_per_floor":[57,57,57,57,46,46,39,39,46,46,52,50,50,56,56,21,64,64,64,64,64,64,64,64,64,64,34,40,0,0],"gold":115,"neow_bonus":"REMOVE_TWO","is_daily":false,"chose_seed":false,"campfire_upgraded":5,"win_rate":0.0,"timestamp":1614103379,"path_taken":["M","?","$","M","?","R","E","R","T","R","M","E","?","M","R","BOSS","M","?","$","?","?","R","?","E","T","E","M","E"],"items_purchased_type":["Card","Relic"],"build_version":"2020-12-22","purchased_purges":1,"victory":false,"max_hp_per_floor":[57,57,57,57,57,57,57,57,64,64,64,64,64,64,64,64,64,64,64,64,64,64,64,64,64,64,64,64,64,64],"card_choices":[{"not_picked":["Man_Eater","Thunder_Blade"],"picked":"Icebrand","floor":1.0},{"not_picked":["Icebrand","Thornlet"],"picked":"Transfusion","floor":4.0},{"not_picked":["Falchion","Rasp"],"picked":"Protect_M","floor":7.0},{"not_picked":["Mythril_Knife","Aero"],"picked":"Gaia_Gear","floor":11.0},{"not_picked":["Throw","Gladius"],"picked":"Falchion","floor":12.0},{"not_picked":["Man_Eater","Astra"],"picked":"Transfusion","floor":14.0},{"not_picked":["Drain","Remember"],"picked":"Thousand_Needles","floor":16.0},{"not_picked":["Mythril_Knife+1","Gaia_Gear","Aero"],"picked":"SKIP","floor":18},{"not_picked":["Dark","Falchion","Water"],"picked":"SKIP","floor":25},{"not_picked":["Gladius","Wall"],"picked":"Minerva_Bustier","floor":27},{"not_picked":["Break+1","Flare","Aero"],"picked":"SKIP","floor":28},{"not_picked":["Break+1","Flare","Aero"],"picked":"SKIP","floor":28}],"player_experience":34016,"relics_obtained":[{"floor":7.0,"key":"Pocketwatch"},{"floor":9.0,"key":"Strawberry"},{"floor":12.0,"key":"Regal Pillow"},{"floor":25,"key":"Toy Ornithopter"},{"floor":26,"key":"Juzu Bracelet"},{"floor":27,"key":"Kunai"}],"event_choices":[{"damage_healed":0.0,"max_hp_gain":0.0,"max_hp_loss":0.0,"gold_gain":0.0,"cards_transformed":["Strike_L"],"event_name":"Living Wall","player_choice":"Change","floor":2.0,"gold_loss":0.0,"damage_taken":0.0,"cards_obtained":["Transpose2"]},{"damage_healed":0.0,"max_hp_gain":0.0,"max_hp_loss":0.0,"gold_gain":0.0,"event_name":"Shining Light","player_choice":"Entered Light","floor":5.0,"gold_loss":0.0,"damage_taken":11.0,"cards_upgraded":["Defend_L","Defend_L"]},{"damage_healed":0.0,"max_hp_gain":0.0,"max_hp_loss":0.0,"gold_gain":0.0,"event_name":"Liars Game","player_choice":"Ignored","floor":13.0,"gold_loss":0.0,"damage_taken":0.0},{"damage_healed":0,"gold_gain":0,"player_choice":"Ignored","damage_taken":0,"max_hp_gain":0,"max_hp_loss":0,"event_name":"Ghosts","floor":19,"gold_loss":0},{"cards_removed":["Defend_L"],"damage_healed":0,"gold_gain":0,"player_choice":"Elegance","damage_taken":0,"max_hp_gain":0,"max_hp_loss":0,"event_name":"Back to Basics","floor":21,"gold_loss":0}],"is_beta":false,"boss_relics":[{"not_picked":["Runic Pyramid","Tiny House"],"picked":"Snecko Eye"}],"items_purged_floors":[3],"is_endless":false,"potions_floor_spawned":[7,12,16,18],"killed_by":"Book of Stabbing","ascension_level":2}}