{"host":"i5vvwdf42szr3cje","time":1614043624,"event":{"mods":["BaseMod","Colored Map","Hermit","Minty Spire (QoL Compilation)","Replay The Spire","StSLib","The Disciple","The Hierophant"],"gold_per_floor":[116,133,151,151,168,201,276,276,276,308,325,354,380,380,380],"floor_reached":14,"language":"ENG","playtime":935,"items_purged":[],"score":138,"play_id":"a3e03c52-35ea-47f5-aa25-6f560ec56be7","local_time":"20210222172704","is_ascension_mode":true,"campfire_choices":[{"data":"Neutralize","floor":8.0,"key":"SMITH"}],"circlet_count":0,"master_deck":["Strike_G","Strike_G","Strike_G","Strike_G","Strike_G","Defend_G","Defend_G","Defend_G","Defend_G","Defend_G","Survivor","Neutralize+1","Dagger Spray","Poisoned Stab","Cloak And Dagger","ReplayTheSpireMod:Scrap Shanks","Dagger Spray","ReplayTheSpireMod:Speed Training","Cloak And Dagger","Cloak And Dagger"],"relics":["Ring of the Snake","NeowsBlessing","Omamori","Mango","Dead Branch","Happy Flower","Odd Mushroom"],"acts_visited":["Exordium"],"potions_floor_usage":[13],"damage_taken":[{"damage":0.0,"enemies":"Small Slimes","floor":1.0,"turns":1.0},{"damage":0.0,"enemies":"Jaw Worm","floor":2.0,"turns":1.0},{"damage":0.0,"enemies":"2 Louse","floor":3.0,"turns":1.0},{"damage":3.0,"enemies":"Lots of Slimes","floor":5.0,"turns":2.0},{"damage":25.0,"enemies":"Lagavulin","floor":6.0,"turns":7.0},{"damage":23.0,"enemies":"Replay:BlueRogue","floor":10.0,"turns":8.0},{"damage":1.0,"enemies":"Looter","floor":11.0,"turns":4.0},{"damage":14.0,"enemies":"3 Sentries","floor":12.0,"turns":6.0},{"damage":0,"enemies":"The Mushroom Lair","floor":13,"turns":4},{"damage":6,"enemies":"Replay:BlueRogue","floor":14,"turns":3}],"seed_played":"-5322188918501976360","potions_obtained":[{"floor":2.0,"key":"Toxic Potion"},{"floor":5.0,"key":"EntropicBrew"},{"floor":12.0,"key":"EssenceOfSteel"},{"floor":13,"key":"CunningPotion"}],"is_trial":false,"path_per_floor":["M","M","M","?","M","E","?","R","T","E","M","E","?","E"],"character_chosen":"THE_SILENT","items_purchased":[],"campfire_rested":0,"item_purchase_floors":[],"current_hp_per_floor":[70,70,70,67,64,53,42,42,42,19,18,4,4,0,0],"gold":380,"neow_bonus":"THREE_ENEMY_KILL","is_daily":false,"chose_seed":false,"campfire_upgraded":1,"win_rate":0.0,"timestamp":1614043624,"path_taken":["M","M","M","?","M","E","?","R","T","E","M","E","?","E"],"items_purchased_type":[],"build_version":"2020-12-22","purchased_purges":0,"victory":false,"max_hp_per_floor":[70,70,70,70,70,84,84,84,84,84,84,84,84,84,84],"card_choices":[{"not_picked":["Quick Slash","Outmaneuver"],"picked":"Dagger Spray","floor":1.0},{"not_picked":["Prepared","Deadly Poison"],"picked":"Poisoned Stab","floor":2.0},{"not_picked":["Setup","Malaise"],"picked":"Cloak And Dagger","floor":3.0},{"not_picked":["Underhanded Strike","ReplayTheSpireMod:Tripwire"],"picked":"ReplayTheSpireMod:Scrap Shanks","floor":5.0},{"not_picked":["Replay:Poison Smokescreen","Deadly Poison"],"picked":"Dagger Spray","floor":6.0},{"not_picked":["Outmaneuver","Underhanded Strike","Calculated Gamble"],"picked":"SKIP","floor":10.0},{"not_picked":["Tactician","Finisher"],"picked":"ReplayTheSpireMod:Speed Training","floor":11.0},{"not_picked":["Deadly Poison","Distraction"],"picked":"Cloak And Dagger","floor":12.0},{"not_picked":["ReplayTheSpireMod:Scrap Shanks","Underhanded Strike"],"picked":"Cloak And Dagger","floor":13}],"player_experience":209006,"relics_obtained":[{"floor":6.0,"key":"Mango"},{"floor":10.0,"key":"Dead Branch"},{"floor":12.0,"key":"Happy Flower"},{"floor":13,"key":"Odd Mushroom"}],"event_choices":[{"damage_healed":0.0,"max_hp_gain":0.0,"max_hp_loss":0.0,"gold_gain":0.0,"event_name":"Scrap Ooze","player_choice":"Success","floor":4.0,"gold_loss":0.0,"damage_taken":3.0,"relics_obtained":["Omamori"]},{"damage_healed":0.0,"max_hp_gain":0.0,"max_hp_loss":0.0,"gold_gain":75.0,"event_name":"World of Goop","player_choice":"Gather Gold","floor":7.0,"gold_loss":0.0,"damage_taken":11.0},{"damage_healed":0,"gold_gain":0,"player_choice":"Fought Mushrooms","damage_taken":0,"max_hp_gain":0,"max_hp_loss":0,"event_name":"Mushrooms","floor":13,"gold_loss":0}],"is_beta":false,"boss_relics":[],"items_purged_floors":[],"is_endless":false,"potions_floor_spawned":[2,5,12,13],"killed_by":"Replay:BlueRogue","ascension_level":5}}