{"host":"7sni158j623xchr2","time":1614044730,"event":{"mods":["BaseMod","Colored Map","Highlight Path","Minty Spire (QoL Compilation)","Permanent Neow","Potion Indicator Mod","Rare Cards Sparkle","Relic Sorter","Relic Stats","StSLib","everything is the same but u backflip on backflip"],"gold_per_floor":[365,440,615,20,31,59,59,70,151,183,196,224,234,246,246,349,349,369,369,400,426,453,491,504,504,504,504,404,419,519,542,542,656,656,673,673,685,705,175,209,209,243,252,282,282,243,303,317,317,317,317,317,15,57,57],"floor_reached":56,"language":"ENG","playtime":1737,"items_purged":["Doubt","Defend_R","Strike_R","Parasite"],"score":1495,"play_id":"ff2c9509-b203-451a-a10e-55e4813bf8c3","local_time":"20210222194530","is_ascension_mode":true,"campfire_choices":[{"data":"Whirlwind","floor":7,"key":"SMITH"},{"data":"Disarm","floor":15,"key":"SMITH"},{"data":"Shockwave","floor":25,"key":"SMITH"},{"data":"Inflame","floor":27,"key":"SMITH"},{"data":"Inflame","floor":32,"key":"SMITH"},{"floor":41,"key":"RECALL"},{"data":"Feel No Pain","floor":45,"key":"SMITH"},{"data":"Corruption","floor":49,"key":"SMITH"},{"data":"Shrug It Off","floor":52,"key":"SMITH"}],"circlet_count":0,"master_deck":["Strike_R+1","Strike_R+1","Strike_R","Strike_R","Defend_R","Defend_R","Defend_R","Bash","Spot Weakness","Disarm+1","Whirlwind+1","Ghostly Armor","Inflame+1","Shockwave+1","Shrug It Off+1","Shrug It Off+1","Exhume+1","Power Through+1","Battle Trance+1","Flame Barrier+1","Corruption+1","Inflame+1","True Grit+1","Flame Barrier+1","Flame Barrier+1","Impervious+1","True Grit+1","Feel No Pain+1","Second Wind+1","Limit Break+1","Pummel+1","Shrug It Off+1","Power Through+1","Juggernaut"],"relics":["Burning Blood","Gremlin Horn","Orrery","Regal Pillow","Toxic Egg 2","Lizard Tail","Pear","Sozu","Red Mask","CeramicFish","Matryoshka","Letter Opener","Bag of Preparation","Cursed Key","Potion Belt","Toolbox","StrikeDummy","Meat on the Bone","Toy Ornithopter","MealTicket","Ginger","Chemical X","Whetstone"],"acts_visited":["Exordium","TheCity","TheBeyond","TheEnding"],"potions_floor_usage":[10,10,55,55,55],"damage_taken":[{"damage":14,"enemies":"Jaw Worm","floor":1,"turns":5},{"damage":0,"enemies":"Small Slimes","floor":5,"turns":3},{"damage":21,"enemies":"Lagavulin","floor":6,"turns":7},{"damage":2,"enemies":"Cultist","floor":8,"turns":4},{"damage":8,"enemies":"Gremlin Nob","floor":10,"turns":3},{"damage":0,"enemies":"2 Fungi Beasts","floor":11,"turns":2},{"damage":13,"enemies":"Lagavulin","floor":12,"turns":7},{"damage":9,"enemies":"3 Louse","floor":13,"turns":2},{"damage":0,"enemies":"Exordium Wildlife","floor":14,"turns":2},{"damage":20,"enemies":"The Guardian","floor":16,"turns":11},{"damage":16,"enemies":"2 Thieves","floor":18,"turns":3},{"damage":7,"enemies":"Masked Bandits","floor":20,"turns":2},{"damage":0,"enemies":"3 Byrds","floor":22,"turns":1},{"damage":5,"enemies":"Book of Stabbing","floor":23,"turns":7},{"damage":9,"enemies":"Cultist and Chosen","floor":24,"turns":9},{"damage":0,"enemies":"Snake Plant","floor":29,"turns":3},{"damage":0,"enemies":"Snecko","floor":31,"turns":3},{"damage":28,"enemies":"Automaton","floor":33,"turns":8},{"damage":5,"enemies":"3 Shapes","floor":35,"turns":2},{"damage":0,"enemies":"3 Darklings","floor":37,"turns":4},{"damage":15,"enemies":"Transient","floor":38,"turns":5},{"damage":0,"enemies":"Reptomancer","floor":40,"turns":6},{"damage":19,"enemies":"Giant Head","floor":42,"turns":8},{"damage":3,"enemies":"Reptomancer","floor":44,"turns":6},{"damage":11,"enemies":"2 Orb Walkers","floor":47,"turns":6},{"damage":16,"enemies":"4 Shapes","floor":48,"turns":4},{"damage":11,"enemies":"Awakened One","floor":50,"turns":12},{"damage":28,"enemies":"Shield and Spear","floor":54,"turns":3},{"damage":82,"enemies":"The Heart","floor":55,"turns":8}],"seed_played":"-6196144606712556552","potions_obtained":[{"floor":1,"key":"Fire Potion"},{"floor":8,"key":"LiquidMemories"},{"floor":12,"key":"DuplicationPotion"},{"floor":13,"key":"Fire Potion"}],"is_trial":false,"path_per_floor":["M","?","?","$","M","E","R","M","T","E","M","E","M","M","R","B",null,"M","?","?","T","M","E","M","R","T","R","$","M","?","M","R","B",null,"M","?","M","M","$","E","R","E","T","E","R","$","?","M","R","B",null,"R","$","E","B",null],"character_chosen":"IRONCLAD","items_purchased":["Disarm","Gremlin Horn","Orrery","DuplicationPotion","Feel No Pain","Potion Belt","Toolbox","Second Wind+1","Shrug It Off+1","Chemical X"],"campfire_rested":0,"item_purchase_floors":[4,4,4,4,39,39,39,39,46,53],"current_hp_per_floor":[64,53,53,53,59,44,44,48,48,46,52,55,52,58,58,44,82,72,72,71,71,77,78,75,75,75,75,75,81,81,82,82,60,82,82,82,82,73,73,79,79,66,66,69,69,82,77,67,67,62,82,82,79,57,48],"gold":57,"neow_bonus":"TWO_FIFTY_GOLD","is_daily":false,"chose_seed":false,"campfire_upgraded":8,"win_rate":0.0,"timestamp":1614044730,"path_taken":["M","?","?","$","M","E","R","M","T","E","M","E","M","M","R","BOSS","M","?","?","?","?","E","M","R","T","R","$","M","?","?","R","BOSS","M","?","M","M","$","E","R","E","T","E","R","$","?","M","R","BOSS","R","$","E","BOSS"],"items_purchased_type":["Card","Relic","Relic","Potion","Card","Relic","Relic","Card","Card","Relic"],"build_version":"2020-12-22","purchased_purges":4,"victory":true,"max_hp_per_floor":[72,72,72,72,72,72,72,72,72,72,72,82,82,82,82,82,82,82,82,82,82,82,82,82,82,82,82,82,82,82,82,82,82,82,82,82,82,82,82,82,82,82,82,82,82,82,82,82,82,82,82,82,79,79,79],"relic_stats":{"Regal Pillow":0,"Gremlin Horn":[23,27],"counters":[29,146],"CeramicFish":117,"Bag of Preparation":[28],"Letter Opener":[349],"Ginger":[2],"Whetstone":["Strike_R","Strike_R"],"Cursed Key":1,"Burning Blood":162,"Sozu":8,"Lizard Tail":39,"MealTicket":13,"Chemical X":[4],"obtain_stats":[{"Potion Belt":39,"Regal Pillow":6,"Pear":12,"Gremlin Horn":4,"CeramicFish":21,"Bag of Preparation":26,"Letter Opener":26,"Ginger":47,"Whetstone":54,"Cursed Key":34,"Burning Blood":0,"Sozu":17,"Lizard Tail":10,"Matryoshka":23,"Orrery":4,"Toolbox":39,"MealTicket":44,"Red Mask":20,"Chemical X":53,"Toxic Egg 2":9,"StrikeDummy":40,"Toy Ornithopter":43,"Meat on the Bone":42},{"Potion Belt":21,"Regal Pillow":3,"Pear":7,"Gremlin Horn":1,"CeramicFish":12,"Bag of Preparation":15,"Letter Opener":15,"Ginger":25,"Whetstone":28,"Cursed Key":18,"Burning Blood":0,"Sozu":10,"Lizard Tail":5,"Matryoshka":14,"Orrery":1,"Toolbox":21,"MealTicket":24,"Red Mask":12,"Chemical X":27,"Toxic Egg 2":4,"StrikeDummy":22,"Toy Ornithopter":23,"Meat on the Bone":23},{"Potion Belt":93,"Regal Pillow":15,"Pear":31,"Gremlin Horn":5,"CeramicFish":51,"Bag of Preparation":68,"Letter Opener":68,"Ginger":119,"Whetstone":138,"Cursed Key":82,"Burning Blood":0,"Sozu":46,"Lizard Tail":22,"Matryoshka":59,"Orrery":5,"Toolbox":93,"MealTicket":113,"Red Mask":51,"Chemical X":135,"Toxic Egg 2":19,"StrikeDummy":99,"Toy Ornithopter":107,"Meat on the Bone":107}],"Toy Ornithopter":15,"Meat on the Bone":12},"card_choices":[{"not_picked":["Wild Strike","Anger"],"picked":"Spot Weakness","floor":1},{"not_picked":["Searing Blow","Perfected Strike"],"picked":"Whirlwind","floor":4},{"not_picked":["Searing Blow","Warcry"],"picked":"Ghostly Armor","floor":4},{"not_picked":["Pommel Strike","Warcry"],"picked":"Inflame","floor":5},{"not_picked":["Perfected Strike","Sword Boomerang"],"picked":"Shockwave","floor":6},{"not_picked":["Intimidate","Twin Strike"],"picked":"Shrug It Off","floor":8},{"not_picked":["Reckless Charge","Sever Soul"],"picked":"Shrug It Off+1","floor":10},{"not_picked":["Clash","Heavy Blade"],"picked":"Exhume+1","floor":11},{"not_picked":["Flex+1","Heavy Blade"],"picked":"Power Through+1","floor":12},{"not_picked":["Flex+1","Heavy Blade"],"picked":"Battle Trance+1","floor":13},{"not_picked":["Whirlwind","Twin Strike"],"picked":"Flame Barrier+1","floor":14},{"not_picked":["Berserk","Offering+1"],"picked":"Corruption","floor":16},{"not_picked":["Entrench+1","Uppercut"],"picked":"Inflame","floor":18},{"not_picked":["Fire Breathing","Blood for Blood"],"picked":"True Grit+1","floor":20},{"not_picked":["Rage+1","Cleave"],"picked":"Flame Barrier+1","floor":22},{"not_picked":["Infernal Blade+1","Inflame+1"],"picked":"Sword Boomerang","floor":23},{"not_picked":["Anger","Cleave+1","Dropkick"],"picked":"SKIP","floor":24},{"not_picked":["Rampage","Blood for Blood","Heavy Blade"],"picked":"SKIP","floor":29},{"not_picked":["True Grit+1","Body Slam"],"picked":"Flame Barrier+1","floor":31},{"not_picked":["Fiend Fire","Barricade"],"picked":"Impervious+1","floor":33},{"not_picked":["Clash","Fire Breathing","Pommel Strike"],"picked":"SKIP","floor":35},{"not_picked":["Perfected Strike+1","Spot Weakness+1","Pommel Strike"],"picked":"SKIP","floor":37},{"not_picked":["Perfected Strike+1","Sword Boomerang"],"picked":"True Grit+1","floor":38},{"not_picked":["Berserk","Power Through+1"],"picked":"Limit Break+1","floor":40},{"not_picked":["Combust+1","Iron Wave+1"],"picked":"Pummel+1","floor":42},{"not_picked":["Reckless Charge","Searing Blow","Armaments+1"],"picked":"SKIP","floor":44},{"not_picked":["Anger","Feel No Pain"],"picked":"Power Through+1","floor":47},{"not_picked":["Perfected Strike+1","Twin Strike","Infernal Blade+1"],"picked":"SKIP","floor":48},{"not_picked":["Hemokinesis+1","Clothesline+1"],"picked":"Juggernaut","floor":54}],"player_experience":1839891,"relics_obtained":[{"floor":6,"key":"Regal Pillow"},{"floor":9,"key":"Toxic Egg 2"},{"floor":10,"key":"Lizard Tail"},{"floor":12,"key":"Pear"},{"floor":20,"key":"Red Mask"},{"floor":21,"key":"CeramicFish"},{"floor":23,"key":"Matryoshka"},{"floor":26,"key":"Letter Opener"},{"floor":26,"key":"Bag of Preparation"},{"floor":40,"key":"StrikeDummy"},{"floor":42,"key":"Meat on the Bone"},{"floor":43,"key":"Toy Ornithopter"},{"floor":44,"key":"MealTicket"},{"floor":47,"key":"Ginger"},{"floor":54,"key":"Whetstone"}],"event_choices":[{"damage_healed":0,"gold_gain":75,"player_choice":"Gather Gold","damage_taken":11,"max_hp_gain":0,"max_hp_loss":0,"event_name":"World of Goop","floor":2,"gold_loss":0},{"damage_healed":0,"gold_gain":175,"player_choice":"AGREE","damage_taken":0,"max_hp_gain":0,"max_hp_loss":0,"event_name":"Liars Game","floor":3,"gold_loss":0,"cards_obtained":["Doubt"]},{"damage_healed":0,"gold_gain":0,"player_choice":"Ignored","damage_taken":0,"max_hp_gain":0,"max_hp_loss":0,"event_name":"Vampires","floor":19,"gold_loss":0},{"damage_healed":0,"gold_gain":0,"player_choice":"Fought Bandits","damage_taken":0,"max_hp_gain":0,"max_hp_loss":0,"event_name":"Masked Bandits","floor":20,"gold_loss":0},{"damage_healed":0,"gold_gain":100,"player_choice":"Pray","damage_taken":0,"max_hp_gain":0,"max_hp_loss":0,"event_name":"Golden Shrine","floor":30,"gold_loss":0},{"cards_removed":["Sword Boomerang"],"damage_healed":0,"gold_gain":0,"player_choice":"Removed Attack","damage_taken":0,"max_hp_gain":0,"max_hp_loss":0,"event_name":"Falling","floor":36,"gold_loss":0},{"damage_healed":0,"gold_gain":0,"player_choice":"Fight","damage_taken":0,"max_hp_gain":0,"max_hp_loss":0,"event_name":"Mysterious Sphere","floor":47,"gold_loss":0}],"is_beta":false,"boss_relics":[{"not_picked":["Tiny House","Snecko Eye"],"picked":"Sozu"},{"not_picked":["Mark of Pain","Black Blood"],"picked":"Cursed Key"}],"items_purged_floors":[4,28,39,53],"is_endless":false,"potions_floor_spawned":[1,8,12,13,18,22,23,24,37,42,44,54],"ascension_level":4}}