{"host":"or1kyy78tiubr3jv","time":1614046858,"event":{"mods":["2.2 Compatiblity","AchievementEnabler","BaseMod","Bestiary","Better Note","Better Third Choice","BetterRewards","Colored Map","Colored Powertips","DeckTracker","Downfall","Energized Spire","Highlight Path","Infinite Spire","Minty Spire (QoL Compilation)","Quick Restart","Relic Filter","Reworked Bosses","StSLib","The Cursed"],"gold_per_floor":[99,115,115,115,127,127,127,137,137,166,341,353,253,269,285,388,388,388,388,388,401,401,419,419,430,430,453,465,265,290,302,302,302,302],"floor_reached":32,"language":"ENG","playtime":2013,"items_purged":["Doubt"],"score":286,"play_id":"8b2ee222-d308-435b-88e1-2d303e989b71","local_time":"20210222212058","is_ascension_mode":false,"campfire_choices":[{"data":"sneckomod:TailWhip","floor":1.0,"key":"SMITH"},{"data":"sneckomod:SnekBeam","floor":9.0,"key":"SMITH"},{"floor":13.0,"key":"REST"},{"floor":18.0,"key":"RECALL"},{"floor":29.0,"key":"REST"}],"circlet_count":0,"master_deck":["sneckomod:Strike","sneckomod:Strike","sneckomod:Strike","sneckomod:Defend","sneckomod:Defend","sneckomod:Defend","sneckomod:TailWhip+1","sneckomod:SnekBite+1","sneckomod:Unknown+1","sneckomod:Unknown+1","sneckomod:QuickBite","sneckomod:UnendingSupply","Core Surge","sneckomod:SnekBeam+1","sneckomod:UnknownCommonAttack","sneckomod:UnknownClassBLUE","sneckomod:DiceBlock","sneckomod:DiceBlock","sneckomod:UnknownBoss","sneckomod:WideSting","sneckomod:CheapStock","sneckomod:UnknownUncommonPower","sneckomod:UnknownCommonSkill","sneckomod:SoulDraw","Shame"],"relics":["sneckomod:SneckoSoul","Spirit Poop","sneckomod:LoadedDie","bronze:BronzeIdol","Letter Opener","downfall:HeartBlessingGreen","energizedSpire:CursedPentagram","Centennial Puzzle","infinitespire:Lucky Rock","downfall:HeartBlessingRed","downfall:HeartBlessingBlue","infinitespire:Beetle Shell"],"acts_visited":["Exordium","TheCity"],"potions_floor_usage":[31,31],"damage_taken":[{"damage":1.0,"enemies":"Jaw Worm","floor":2.0,"turns":3.0},{"damage":7.0,"enemies":"2 Louse","floor":5.0,"turns":3.0},{"damage":8.0,"enemies":"infinitespire:Voidling","floor":8.0,"turns":4.0},{"damage":31.0,"enemies":"3 Sentries","floor":10.0,"turns":11.0},{"damage":9.0,"enemies":"2 Fungi Beasts","floor":12.0,"turns":3.0},{"damage":6.0,"enemies":"Blue Slaver","floor":14.0,"turns":3.0},{"damage":10.0,"enemies":"downfall:LooterAlt","floor":15.0,"turns":2.0},{"damage":28.0,"enemies":"WA_ARCHETYPE_RETAIN","floor":16.0,"turns":8.0},{"damage":31.0,"enemies":"3 Byrds","floor":21.0,"turns":6.0},{"damage":16.0,"enemies":"downfall:LooterAlt2","floor":23.0,"turns":4.0},{"damage":6.0,"enemies":"Cultist and Chosen","floor":25.0,"turns":6.0},{"damage":17.0,"enemies":"Shelled Parasite and Fungi","floor":28.0,"turns":6.0},{"damage":52.0,"enemies":"Book of Stabbing","floor":30.0,"turns":6.0},{"damage":20,"enemies":"Snake Plant","floor":31,"turns":4},{"damage":12,"enemies":"Centurion and Healer","floor":32,"turns":1}],"seed_played":"-3077440312072546112","potions_obtained":[{"floor":5.0,"key":"Fire Potion"},{"floor":8.0,"key":"BlessingOfTheForge"},{"floor":12.0,"key":"Strength Potion"},{"floor":19.0,"key":"sneckomod:DiceRollPotion"},{"floor":19.0,"key":"Dexterity Potion"}],"is_trial":false,"path_per_floor":["R","M","?","?","M","?","T","M","R","E","?","M","R","M","M","B",null,"R","?","?","M","AVR","M","T","M","?","T","M","R","E","M","M"],"character_chosen":"THE_SNECKO","items_purchased":[],"campfire_rested":2,"item_purchase_floors":[],"current_hp_per_floor":[99,98,98,98,91,79,79,75,75,44,44,35,64,58,48,20,99,99,99,99,68,68,52,52,46,46,46,36,78,26,6,0,0,0],"gold":302,"neow_bonus":"TEN_PERCENT_HP_BONUS","is_daily":false,"chose_seed":false,"campfire_upgraded":2,"win_rate":0.0,"timestamp":1614046858,"path_taken":["R","M","?","?","?","?","T","M","R","E","?","M","R","M","M","BOSS","R","?","?","M","AVR","M","T","M","?","?","M","R","E","M","M"],"items_purchased_type":[],"build_version":"2020-12-22","purchased_purges":1,"victory":false,"max_hp_per_floor":[99,99,99,99,99,99,99,99,99,99,99,99,99,99,99,99,99,99,99,99,99,99,99,99,99,99,99,99,109,109,109,109,109,109],"card_choices":[{"not_picked":["sneckomod:WideSting","sneckomod:UnknownVulnerable"],"picked":"sneckomod:QuickBite","floor":2.0},{"not_picked":["sneckomod:QuickBite","sneckomod:UnknownCommonAttack"],"picked":"sneckomod:UnendingSupply","floor":5.0},{"not_picked":["sneckomod:QuickMove","sneckomod:UnknownBlock"],"picked":"sneckomod:SnekBeam","floor":8.0},{"not_picked":["sneckomod:SoulRoll","sneckomod:ImprovisedGuard"],"picked":"sneckomod:UnknownCommonAttack","floor":10.0},{"not_picked":["sneckomod:UnknownCommonSkill","sneckomod:UnknownExhaust"],"picked":"sneckomod:UnknownClassBLUE","floor":12.0},{"not_picked":["sneckomod:UnknownWeak","sneckomod:UnknownCommonAttack"],"picked":"sneckomod:DiceBlock","floor":14.0},{"not_picked":["sneckomod:DiceCrush","sneckomod:UnknownClassBLUE"],"picked":"sneckomod:DiceBlock","floor":15.0},{"not_picked":["sneckomod:Restock","sneckomod:SoulExchange"],"picked":"sneckomod:UnknownBoss","floor":16.0},{"not_picked":["sneckomod:QuickBite","sneckomod:Rotation"],"picked":"sneckomod:WideSting","floor":21.0},{"not_picked":["sneckomod:DefensiveFlair+1","sneckomod:UnknownBlock"],"picked":"sneckomod:CheapStock","floor":23.0},{"not_picked":["sneckomod:SoulCleanse","sneckomod:UnknownCommonAttack"],"picked":"sneckomod:UnknownUncommonPower","floor":25.0},{"not_picked":["sneckomod:RainOfDice","sneckomod:DefensiveFlair","sneckomod:QuickMove+1"],"picked":"SKIP","floor":28.0},{"not_picked":["sneckomod:DiceCrush","sneckomod:UnknownVulnerable"],"picked":"sneckomod:UnknownCommonSkill","floor":30.0},{"not_picked":["sneckomod:UnknownVulnerable","sneckomod:UnknownDraw+1"],"picked":"sneckomod:SoulDraw","floor":31}],"player_experience":568359,"relics_obtained":[{"floor":7.0,"key":"bronze:BronzeIdol"},{"floor":10.0,"key":"Letter Opener"},{"floor":27.0,"key":"infinitespire:Lucky Rock"},{"floor":30.0,"key":"infinitespire:Beetle Shell"}],"event_choices":[{"cards_removed":["downfall:Malfunctioning"],"damage_healed":0.0,"max_hp_gain":0.0,"max_hp_loss":0.0,"gold_gain":0.0,"event_name":"Bonfire Elementals","player_choice":"Offered Curse","floor":4.0,"gold_loss":0.0,"damage_taken":0.0,"relics_obtained":["Spirit Poop"]},{"damage_healed":0.0,"max_hp_gain":0.0,"max_hp_loss":0.0,"gold_gain":0.0,"event_name":"Lab","player_choice":"Got Potions","floor":19.0,"gold_loss":0.0,"damage_taken":0.0}],"is_beta":false,"boss_relics":[{"not_picked":["Busted Crown","Fusion Hammer"],"picked":"energizedSpire:CursedPentagram"}],"items_purged_floors":[22],"is_endless":false,"potions_floor_spawned":[5,8,12,21,25,28],"killed_by":"Centurion and Healer","ascension_level":0}}