{"host":"yqztwemefsbhfep8","time":1614061771,"event":{"mods":["BaseMod","Downfall","Minty Spire (QoL Compilation)","StSLib"],"gold_per_floor":[99,112,76,104,132,141,141,150,268,118,118,142,142,159,179,284,284,184,205,224,251,351,360,369,389,289,331,5,105,205,267,286,399,399,299,316,345,365,469,469,526,594,594,944,29,29,64,76,89,89,89,124,124,124,124,124],"floor_reached":57,"language":"ENG","playtime":3675,"items_purged":["Writhe","Regret"],"score":1312,"play_id":"8b74013a-c0d3-4869-83d6-165b01312ee2","local_time":"20210222222931","is_ascension_mode":false,"campfire_choices":[{"data":"hexamod:Float","floor":1,"key":"SMITH"},{"data":"hexamod:Hexaguard","floor":11,"key":"SMITH"},{"floor":13,"key":"RECALL"},{"data":"hexamod:VolcanoVisage","floor":18,"key":"SMITH"},{"floor":26,"key":"REST"},{"data":"hexamod:GiftsFromTheDead","floor":35,"key":"SMITH"},{"floor":40,"key":"REST"},{"floor":43,"key":"REST"},{"data":"hexamod:UnleashSpirits","floor":46,"key":"SMITH"},{"floor":54,"key":"REST"}],"circlet_count":0,"master_deck":["hexamod:Defend+1","hexamod:Defend+1","hexamod:Defend+1","hexamod:Defend+1","hexamod:Sear+1","hexamod:Float+1","hexamod:Hexaguard+1","hexamod:PhantomFireball+1","hexamod:FirstSeal","hexamod:FirstSeal","hexamod:SuperheatedStrike+1","hexamod:StepThrough+1","hexamod:FlamesFromBeyond+1","hexamod:VolcanoVisage+1","hexamod:Firestarter+1","hexamod:DynamicBlow+1","Slimebound:Tackle+1","Slimebound:Tackle+1","Slimebound:Tackle+1","downfall:Icky","hexamod:FifthSeal","hexamod:SixthSeal","hexamod:FlamesFromBeyond+1","hexamod:GiftsFromTheDead+1","hexamod:SoulSteal+1","hexamod:Hexaguard+1","expansioncontent:PrepareCrush+1","expansioncontent:PrepareCrush+1","hexamod:UnleashSpirits+1","hexamod:GiftsFromTheDead+1","expansioncontent:StudyTheSpire+1","hexamod:RecurringNightmare+1"],"relics":["hexamod:SpiritBrand","CeramicFish","White Beast Statue","Cursed Key","downfall:HeartBlessingRed","WingedGreaves","Matryoshka","hexamod:InflammatoryLetter","War Paint","downfall:HeartBlessingBlue","Lantern","Bag of Preparation","downfall:CloakOfManyFaces","CultistMask","FaceOfCleric","NlothsMask","GremlinMask","SsserpentHead","SacredBark","downfall:HeartBlessingGreen","FossilizedHelix","Toy Ornithopter","Letter Opener","Toolbox","Darkstone Periapt","DollysMirror","Bottled Lightning"],"acts_visited":["Exordium","TheCity","TheBeyond","TheEnding"],"potions_floor_usage":[9,9,12,16,25,25,27,27,28,30,30,31,31,33,33,37,39,39,45,49,52,56,56,56],"damage_taken":[{"damage":1,"enemies":"Jaw Worm","floor":2,"turns":3},{"damage":0,"enemies":"downfall:FleeingMerchant","floor":3,"turns":4},{"damage":0,"enemies":"2 Louse","floor":4,"turns":2},{"damage":0,"enemies":"Cultist","floor":5,"turns":3},{"damage":33,"enemies":"downfall:Heads","floor":9,"turns":6},{"damage":18,"enemies":"Exordium Wildlife","floor":12,"turns":4},{"damage":5,"enemies":"downfall:LooterAlt","floor":14,"turns":2},{"damage":0,"enemies":"2 Fungi Beasts","floor":15,"turns":2},{"damage":28,"enemies":"DF_ARCHETYPE_STREAMLINE","floor":16,"turns":9},{"damage":2,"enemies":"3 Byrds","floor":19,"turns":3},{"damage":8,"enemies":"Shell Parasite","floor":20,"turns":3},{"damage":22,"enemies":"Colosseum Nobs","floor":22,"turns":4},{"damage":9,"enemies":"Chosen and Byrds","floor":25,"turns":2},{"damage":55,"enemies":"Gremlin Leader","floor":27,"turns":7},{"damage":2,"enemies":"downfall:FleeingMerchant","floor":28,"turns":4},{"damage":14,"enemies":"downfall:FaceTrader","floor":30,"turns":4},{"damage":26,"enemies":"3 Cultists","floor":31,"turns":4},{"damage":14,"enemies":"Cultist and Chosen","floor":32,"turns":4},{"damage":31,"enemies":"WA_ARCHETYPE_CALM","floor":33,"turns":7},{"damage":24,"enemies":"3 Darklings","floor":36,"turns":4},{"damage":8,"enemies":"3 Shapes","floor":37,"turns":3},{"damage":46,"enemies":"Transient","floor":38,"turns":5},{"damage":37,"enemies":"2 Orb Walkers","floor":39,"turns":3},{"damage":0,"enemies":"downfall:FleeingMerchant","floor":45,"turns":4},{"damage":0,"enemies":"downfall:FleeingMerchant","floor":47,"turns":1},{"damage":24,"enemies":"Jaw Worm Horde","floor":48,"turns":3},{"damage":20,"enemies":"Spire Growth","floor":49,"turns":4},{"damage":9,"enemies":"SI_POISON_ARCHETYPE","floor":50,"turns":8},{"damage":37,"enemies":"downfall:CharBossMerchant","floor":52,"turns":6},{"damage":43,"enemies":"downfall:NeowBoss","floor":55,"turns":17},{"damage":33,"enemies":"downfall:NeowBossFinal","floor":56,"turns":10}],"seed_played":"-2965150687722813056","potions_obtained":[{"floor":4,"key":"LiquidMemories"},{"floor":5,"key":"Explosive Potion"},{"floor":9,"key":"Weak Potion"},{"floor":12,"key":"Explosive Potion"},{"floor":14,"key":"Weak Potion"},{"floor":15,"key":"GamblersBrew"},{"floor":16,"key":"Fire Potion"},{"floor":22,"key":"SkillPotion"},{"floor":25,"key":"Block Potion"},{"floor":27,"key":"Guardian:BlockOnCardUsePotion"},{"floor":28,"key":"SteroidPotion"},{"floor":30,"key":"AttackPotion"},{"floor":31,"key":"hexamod:SoulburnPotion"},{"floor":32,"key":"BlessingOfTheForge"},{"floor":33,"key":"hexamod:DoubleChargePotion"},{"floor":36,"key":"Block Potion"},{"floor":37,"key":"Guardian:BlockOnCardUsePotion"},{"floor":38,"key":"SpeedPotion"},{"floor":39,"key":"hexamod:EctoCoolerPotion"},{"floor":45,"key":"champ:CounterPotion"},{"floor":47,"key":"AttackPotion"},{"floor":49,"key":"Weak Potion"},{"floor":52,"key":"SpeedPotion"}],"is_trial":false,"path_per_floor":["R","M","$","M","M","?","T","?","?","?","R","M","R","M","M","B",null,"R","M","M","?","?","?","T","M","R","E","$","?","?","M","M","B",null,"R","M","M","M","?","R","T","?","R","?","$","R","$","M","M","B",null,"E","$","R","B","B",null],"character_chosen":"THE_SPIRIT","items_purchased":["hexamod:PhantomFireball","Bag of Preparation","Energy Potion","Swift Potion","Letter Opener","Toolbox","hexamod:UnleashSpirits","Darkstone Periapt","DollysMirror","expansioncontent:StudyTheSpire"],"campfire_rested":4,"item_purchase_floors":[3,28,28,28,45,45,45,45,47,47],"current_hp_per_floor":[70,69,69,69,70,70,70,63,37,80,80,76,76,78,78,57,80,80,78,80,80,65,65,65,56,90,49,61,61,61,50,51,28,93,93,77,84,53,24,53,53,48,77,77,97,97,98,82,82,88,102,78,78,103,68,65],"gold":124,"neow_bonus":"RANDOM_COMMON_RELIC","is_daily":false,"chose_seed":false,"campfire_upgraded":5,"win_rate":0.0,"timestamp":1614061771,"path_taken":["R","M","$","M","M","?","T","?","?","?","R","M","R","?","M","BOSS","R","M","M","?","?","?","T","M","R","E","$","?","?","?","M","BOSS","R","M","M","M","?","R","T","?","R","?","$","R","$","M","M","BOSS","E","$","R","BOSS","BOSS"],"items_purchased_type":["Card","Relic","Potion","Potion","Relic","Relic","Card","Relic","Relic","Card"],"build_version":"2020-12-22","purchased_purges":2,"victory":true,"max_hp_per_floor":[70,70,70,70,70,70,70,70,70,80,80,80,80,80,80,80,80,80,80,80,80,80,80,80,80,90,90,90,90,90,91,92,93,93,93,94,95,96,97,97,97,97,97,97,98,98,99,100,101,102,102,103,103,103,104,105],"card_choices":[{"not_picked":["hexamod:SwordOfDarkness","hexamod:SkipABeat","hexamod:BurningTouch"],"picked":"SKIP","floor":2},{"not_picked":["hexamod:GhostLash","hexamod:StepThrough"],"picked":"hexamod:Hexaguard","floor":3},{"not_picked":["hexamod:ThermalTransfer","hexamod:ShieldOfDarkness"],"picked":"hexamod:FirstSeal","floor":4},{"not_picked":["hexamod:HeatShield","hexamod:HauntingEcho"],"picked":"hexamod:SuperheatedStrike","floor":5},{"not_picked":["hexamod:Hexaguard","hexamod:SwordOfDarkness"],"picked":"hexamod:SuperheatedStrike","floor":9},{"not_picked":["hexamod:ExtraCrispy","hexamod:Again"],"picked":"hexamod:FlamesFromBeyond","floor":12},{"not_picked":["hexamod:EtherealExpedition","hexamod:InspiringFlames","hexamod:Again"],"picked":"SKIP","floor":14},{"not_picked":["hexamod:NightmareGuise","hexamod:Firestarter","hexamod:PhantomFireball"],"picked":"SKIP","floor":15},{"not_picked":["hexamod:UnlimitedPower","hexamod:GhostOfSpirePresent"],"picked":"hexamod:VolcanoVisage","floor":16},{"not_picked":["hexamod:HauntingEcho","hexamod:FlamesFromBeyond"],"picked":"hexamod:Firestarter+1","floor":19},{"not_picked":["hexamod:BurningTouch","hexamod:PhantomFireball"],"picked":"hexamod:DynamicBlow","floor":20},{"not_picked":["hexamod:SuperheatedStrike","hexamod:SwordOfDarkness+1"],"picked":"hexamod:FifthSeal","floor":25},{"not_picked":["hexamod:FourthSeal","hexamod:FirstSeal"],"picked":"hexamod:SixthSeal","floor":27},{"not_picked":["hexamod:Rewind+1","hexamod:SwordOfDarkness+1","hexamod:Toasty"],"picked":"SKIP","floor":27},{"not_picked":["hexamod:BurningTouch","hexamod:Hexaguard"],"picked":"hexamod:FlamesFromBeyond+1","floor":28},{"not_picked":["hexamod:GhostOfSpireFuture","hexamod:InspiringFlames","hexamod:Firestarter"],"picked":"SKIP","floor":31},{"not_picked":["hexamod:Hexaguard","hexamod:SpectersWail","hexamod:BurningTouch+1"],"picked":"SKIP","floor":32},{"not_picked":["hexamod:GhostOfSpirePresent","hexamod:ParanormalForm"],"picked":"hexamod:GiftsFromTheDead","floor":33},{"not_picked":["hexamod:FastForward","hexamod:HeatCrush+1","hexamod:SpectersWail+1"],"picked":"SKIP","floor":36},{"not_picked":["hexamod:Firestarter+1","hexamod:GhostShield+1"],"picked":"hexamod:SoulSteal+1","floor":37},{"not_picked":["hexamod:SwordOfDarkness","hexamod:ShieldOfDarkness+1"],"picked":"hexamod:Hexaguard+1","floor":38},{"not_picked":["expansioncontent:LastStand","expansioncontent:YouAreMine"],"picked":"expansioncontent:PrepareCrush","floor":42},{"not_picked":["expansioncontent:Chronoboost","expansioncontent:YouAreMine"],"picked":"expansioncontent:PrepareCrush","floor":42},{"not_picked":["hexamod:SecondSeal","hexamod:Firestarter+1","hexamod:HeatMetal"],"picked":"SKIP","floor":45},{"not_picked":["hexamod:InspiringFlames","hexamod:Toasty","hexamod:FastForward"],"picked":"SKIP","floor":47},{"not_picked":["hexamod:ShieldOfDarkness","hexamod:GhostLash","hexamod:RetreatToShadows"],"picked":"SKIP","floor":48},{"not_picked":["hexamod:SkipABeat","hexamod:SwordOfDarkness+1","hexamod:HeatMetal"],"picked":"SKIP","floor":49},{"not_picked":["hexamod:HeatMetal+1","hexamod:GhostflameBarrier+1"],"picked":"hexamod:RecurringNightmare+1","floor":52}],"player_experience":346475,"relics_obtained":[{"floor":7,"key":"White Beast Statue"},{"floor":22,"key":"WingedGreaves"},{"floor":22,"key":"Matryoshka"},{"floor":24,"key":"War Paint"},{"floor":27,"key":"Lantern"},{"floor":30,"key":"downfall:CloakOfManyFaces"},{"floor":39,"key":"FossilizedHelix"},{"floor":41,"key":"Toy Ornithopter"},{"floor":52,"key":"Bottled Lightning"}],"event_choices":[{"damage_healed":0,"gold_gain":0,"player_choice":"Fight","damage_taken":0,"max_hp_gain":0,"max_hp_loss":0,"event_name":"Mysterious Sphere","floor":39,"gold_loss":0},{"damage_healed":0,"gold_gain":300,"player_choice":"Gold","damage_taken":0,"max_hp_gain":0,"max_hp_loss":0,"event_name":"Wheel of Change","floor":44,"gold_loss":0}],"is_beta":false,"boss_relics":[{"not_picked":["bronze:MakeshiftBattery","Snecko Eye"],"picked":"Cursed Key"},{"not_picked":["Sozu","Philosopher\u0027s Stone"],"picked":"SacredBark"}],"items_purged_floors":[28,45],"is_endless":false,"potions_floor_spawned":[4,5,9,12,14,15,16,19,20,22,25,27,28,30,31,32,33,36,37,38,39,45,47,48,49,52],"ascension_level":0}}