{"host":"raai0vtvcfkt8csp","time":1614123629,"event":{"mods":["2.2 Compatiblity","BaseMod","Beaked The Cultist","Block Reminder","Booster Modes","Clockwork Mod","Custom Start","DeckTracker","Defective Defect","Defuse TimeMaze Blight","Dio Mod","GifTheSpireLib","Infinite Spire","Minty Spire (QoL Compilation)","Quick Restart","Random Character Button","Rare Cards Sparkle","StSLib","The Marked","Uncapped","Unceasing Turn Reminder"],"gold_per_floor":[113,113,113,131,150,150,180,180,180,180,26,44,72,72,72,170,170,110,123,123,123,53,80,80,114,137,170,189,210,228,228,228,333,333,350,397,424,476,476,476,514,514,514,546,411,201,226,236,236,343,352,331,328,328,326,304,303,303,280,280,280,277,248,228,228,228,286,298,314,251,272,284,296,279,300,302,314,294,306,318,304,254,266,305,317,299,311,293,282,294,281,293,262,309,321,298,256,355,320,332,354,416,396,408,408,420,401,405,408,406,495,511,824,832,842,850,862,955,967,979,979],"floor_reached":120,"language":"ENG","playtime":20123,"items_purged":[],"score":3647,"play_id":"148bb337-5647-4d8c-8047-30728eb8c9e0","local_time":"20210224004029","daily_mods":["Hoarder","Specialized","Vintage"],"is_ascension_mode":true,"campfire_choices":[{"floor":6.0,"key":"REST"},{"floor":8.0,"key":"REST"},{"floor":15.0,"key":"REST"},{"data":"Clockwork:ElasticNanites","floor":24.0,"key":"SMITH"},{"floor":32.0,"key":"DIG"},{"floor":40.0,"key":"DIG"},{"floor":42.0,"key":"DIG"},{"floor":49.0,"key":"DIG"},{"floor":58.0,"key":"DIG"},{"floor":61.0,"key":"DIG"},{"floor":66.0,"key":"DIG"},{"floor":79.0,"key":"DIG"},{"floor":83.0,"key":"DIG"},{"floor":92.0,"key":"DIG"},{"floor":95.0,"key":"DIG"},{"floor":100.0,"key":"DIG"},{"floor":117.0,"key":"DIG"}],"circlet_count":0,"master_deck":["Clockwork:Strike+1","Clockwork:Strike","Clockwork:Strike","Clockwork:Shield","Clockwork:Shield","Clockwork:Tinker+1","Clockwork:WarmUp+1","Clockwork:ReactiveNanites","Clockwork:ReactiveNanites","Clockwork:ReactiveNanites","Clockwork:ReactiveNanites","Clockwork:ReactiveNanites","Clockwork:ReactiveNanites","Clockwork:ReactiveNanites+1","Clockwork:ReactiveNanites","Clockwork:ReactiveNanites","Clockwork:ReactiveNanites","Clockwork:ReactiveNanites","Clockwork:ReactiveNanites","Clockwork:ReactiveNanites","Clockwork:ReactiveNanites","Clockwork:ReactiveNanites+1","infinitespire:Menacing+1","infinitespire:Menacing+1","infinitespire:Menacing+1","Clockwork:MechanicalBulk+1","Bandage Up+1","Bandage Up+1","Bandage Up+1","Clockwork:LogisticRegression","Clockwork:LogisticRegression","Clockwork:LogisticRegression","Clockwork:TimeOut+1","Clockwork:TimeOut+1","Clockwork:TimeOut+1","Clockwork:PerfectForm","Clockwork:PerfectForm","Clockwork:PerfectForm","Clockwork:TestingEnvironment+1","Clockwork:TestingEnvironment+1","Clockwork:TestingEnvironment+1","Clockwork:ElasticNanites+1","Clockwork:ElasticNanites+1","Clockwork:ElasticNanites","Clockwork:SystemScan+1","Clockwork:SystemScan+1","infinitespire:NeuralNetwork","infinitespire:NeuralNetwork","infinitespire:NeuralNetwork","infinitespire:TheBestDefense+1","infinitespire:TheBestDefense+1","infinitespire:TheBestDefense+1","Clockwork:LiteraryArmor+1","Clockwork:LiteraryArmor+1","Clockwork:LiteraryArmor+1","Clockwork:TimeOut+1","Clockwork:TimeOut+1","Clockwork:TimeOut+1","Clockwork:PerfectForm+1","Clockwork:PerfectForm+1","Clockwork:PerfectForm+1","infinitespire:Starlight+1","infinitespire:Starlight+1","infinitespire:Starlight+1","Clockwork:LiteraryArmor+1","Clockwork:LiteraryArmor+1","Clockwork:LiteraryArmor+1","Clockwork:Clone+1","Clockwork:Clone+1","Clockwork:Clone+1","Clockwork:RevUp+1","Clockwork:RevUp+1","Clockwork:RevUp+1","Clockwork:ElasticNanites+1","Clockwork:ElasticNanites+1","Clockwork:ElasticNanites+1","Clockwork:MechanicalBulk+1","Clockwork:PerfectForm+1","Clockwork:PerfectForm+1","Clockwork:PerfectForm+1","Parasite","Parasite","Parasite","Clockwork:TestingEnvironment+1","Clockwork:TestingEnvironment+1","Clockwork:TestingEnvironment+1","Writhe","Writhe","Writhe","Clockwork:Downsize+1","Regret","Regret","Regret","Clockwork:ReactiveNanites+1","Clockwork:ReactiveNanites+1","Clockwork:ReactiveNanites+1","Doubt","Doubt","Doubt","Clockwork:CraftQuicksilverHourglass+1","Clockwork:CraftQuicksilverHourglass+1","Clockwork:CraftQuicksilverHourglass+1"],"relics":["Clockwork:MomentumEngine","Toxic Egg 2","Whetstone","Blue Candle","Omamori","Mummified Hand","Ancient Tea Set","infinitespire:Bottled Soul","Cursed Key","infinitespire:Lucky Rock","Tiny Chest","Necronomicon","infinitespire:Midas Blood","Orichalcum","Toy Ornithopter","Centennial Puzzle","Shovel","infinitespire:EmpoweringShard","Dream Catcher","InkBottle","Clockwork:BootleggersToolkit","Anchor","infinitespire:Satchel","Happy Flower","Unceasing Top","Sling","SlaversCollar","Potion Belt","Frozen Egg 2","CeramicFish","Clockwork:BloodPhial","infinitespire:PuzzleCube","Juzu Bracelet","War Paint","infinitespire:CheckeredPen","Bag of Marbles","Torii","beaked:SacredDeck","Bag of Preparation","Kunai","Vajra","infinitespire:BottledMercury","Bottled Tornado","MealTicket","Eternal Feather","infinitespire:Beetle Shell","Darkstone Periapt","infinitespire:Golems Mask","Boot","MawBank","infinitespire:Cupcake","Nunchaku","StrikeDummy","PreservedInsect","Art of War","Matryoshka","Lantern","Blood Vial","infinitespire:FocusingShard","Clockwork:Varja","Black Star","Meat on the Bone","Oddly Smooth Stone","Gambling Chip","Thread and Needle","Clockwork:PerpetualMotionMachine","Singing Bowl","Molten Egg 2","Shuriken","Pen Nib","Strawberry","Bronze Scales","Regal Pillow","Akabeko","Lizard Tail","Gremlin Horn","White Beast Statue","beaked:ShinyBauble","Bottled Lightning","Ornamental Fan","infinitespire:ShieldingShard","infinitespire:WardingShard","Tiny House","Pantograph","Mercury Hourglass","HornCleat","Pear","The Courier","Letter Opener","Sundial","Pocketwatch","Dead Branch","Ginger","Old Coin","Incense Burner","Mango","Du-Vu Doll","WingedGreaves","Girya","Philosopher\u0027s Stone"],"acts_visited":["Exordium","TheCity","TheBeyond","Exordium","TheCity","TheBeyond","Exordium","TheCity"],"potions_floor_usage":[],"damage_taken":[{"damage":6.0,"enemies":"Jaw Worm","floor":1.0,"turns":7.0},{"damage":5.0,"enemies":"2 Louse","floor":4.0,"turns":7.0},{"damage":21.0,"enemies":"infinitespire:Voidling","floor":5.0,"turns":8.0},{"damage":51.0,"enemies":"Gremlin Nob","floor":7.0,"turns":8.0},{"damage":12.0,"enemies":"Large Slime","floor":12.0,"turns":12.0},{"damage":15.0,"enemies":"3 Sentries","floor":13.0,"turns":10.0},{"damage":0.0,"enemies":"Hexaghost","floor":16.0,"turns":9.0},{"damage":17.0,"enemies":"2 Thieves","floor":18.0,"turns":4.0},{"damage":0.0,"enemies":"Shell Parasite","floor":19.0,"turns":6.0},{"damage":35.0,"enemies":"Gremlin Leader","floor":23.0,"turns":10.0},{"damage":0.0,"enemies":"Slavers","floor":25.0,"turns":7.0},{"damage":25.0,"enemies":"Book of Stabbing","floor":27.0,"turns":7.0},{"damage":0.0,"enemies":"Snecko","floor":28.0,"turns":8.0},{"damage":2.0,"enemies":"Centurion and Healer","floor":29.0,"turns":16.0},{"damage":0.0,"enemies":"Snake Plant","floor":30.0,"turns":6.0},{"damage":18.0,"enemies":"Champ","floor":33.0,"turns":18.0},{"damage":0.0,"enemies":"Orb Walker","floor":35.0,"turns":8.0},{"damage":40.0,"enemies":"3 Shapes","floor":37.0,"turns":8.0},{"damage":19.0,"enemies":"2 Orb Walkers","floor":38.0,"turns":8.0},{"damage":18.0,"enemies":"Nightmare","floor":41.0,"turns":11.0},{"damage":6.0,"enemies":"Nemesis","floor":44.0,"turns":13.0},{"damage":0.0,"enemies":"beaked:SuperParasite","floor":47.0,"turns":7.0},{"damage":0.0,"enemies":"3 Darklings","floor":48.0,"turns":6.0},{"damage":1.0,"enemies":"infinitespire:MassOfShapes","floor":50.0,"turns":10.0},{"damage":1.0,"enemies":"Jaw Worm","floor":52.0,"turns":9.0},{"damage":2.0,"enemies":"Lagavulin Event","floor":53.0,"turns":8.0},{"damage":0.0,"enemies":"2 Louse","floor":55.0,"turns":5.0},{"damage":1.0,"enemies":"Small Slimes","floor":56.0,"turns":9.0},{"damage":11.0,"enemies":"3 Sentries","floor":57.0,"turns":9.0},{"damage":0.0,"enemies":"2 Fungi Beasts","floor":59.0,"turns":6.0},{"damage":0.0,"enemies":"Gremlin Nob","floor":62.0,"turns":7.0},{"damage":19.0,"enemies":"Exordium Wildlife","floor":63.0,"turns":7.0},{"damage":2.0,"enemies":"3 Sentries","floor":64.0,"turns":8.0},{"damage":0.0,"enemies":"The Guardian","floor":67.0,"turns":10.0},{"damage":5.0,"enemies":"3 Byrds","floor":69.0,"turns":5.0},{"damage":13.0,"enemies":"Gremlin Leader","floor":74.0,"turns":10.0},{"damage":52.0,"enemies":"Slavers","floor":76.0,"turns":8.0},{"damage":0.0,"enemies":"Gremlin Leader","floor":78.0,"turns":12.0},{"damage":0.0,"enemies":"Chosen","floor":81.0,"turns":7.0},{"damage":0.0,"enemies":"Centurion and Healer","floor":82.0,"turns":11.0},{"damage":0.0,"enemies":"Champ","floor":84.0,"turns":15.0},{"damage":0.0,"enemies":"Orb Walker","floor":86.0,"turns":8.0},{"damage":0.0,"enemies":"3 Shapes","floor":88.0,"turns":16.0},{"damage":0.0,"enemies":"Writhing Mass","floor":89.0,"turns":10.0},{"damage":0.0,"enemies":"Nemesis","floor":91.0,"turns":11.0},{"damage":51.0,"enemies":"Reptomancer","floor":93.0,"turns":12.0},{"damage":0.0,"enemies":"3 Darklings","floor":96.0,"turns":7.0},{"damage":0.0,"enemies":"beaked:SuperParasite","floor":97.0,"turns":10.0},{"damage":0.0,"enemies":"Reptomancer","floor":99.0,"turns":8.0},{"damage":0.0,"enemies":"Awakened One","floor":101.0,"turns":13.0},{"damage":0.0,"enemies":"Small Slimes","floor":103.0,"turns":6.0},{"damage":0.0,"enemies":"2 Louse","floor":105.0,"turns":4.0},{"damage":0.0,"enemies":"Jaw Worm","floor":107.0,"turns":6.0},{"damage":0.0,"enemies":"Gremlin Nob","floor":108.0,"turns":5.0},{"damage":0.0,"enemies":"Blue Slaver","floor":109.0,"turns":3.0},{"damage":0.0,"enemies":"Lagavulin","floor":110.0,"turns":6.0},{"damage":0.0,"enemies":"Looter","floor":112.0,"turns":1.0},{"damage":0.0,"enemies":"3 Sentries","floor":113.0,"turns":1.0},{"damage":0.0,"enemies":"2 Fungi Beasts","floor":114.0,"turns":2.0},{"damage":0.0,"enemies":"3 Louse","floor":115.0,"turns":3.0},{"damage":0.0,"enemies":"Blue Slaver","floor":116.0,"turns":2.0},{"damage":0.0,"enemies":"Slime Boss","floor":118.0,"turns":3.0},{"damage":0,"enemies":"Spheric Guardian","floor":120,"turns":1}],"seed_played":"6585018585583781171","potions_obtained":[{"floor":5.0,"key":"Fire Potion"},{"floor":12.0,"key":"Swift Potion"},{"floor":13.0,"key":"DistilledChaos"},{"floor":19.0,"key":"Swift Potion"},{"floor":23.0,"key":"PowerPotion"},{"floor":27.0,"key":"Energy Potion"},{"floor":30.0,"key":"Energy Potion"},{"floor":37.0,"key":"PowerPotion"},{"floor":41.0,"key":"Dexterity Potion"},{"floor":47.0,"key":"DistilledChaos"},{"floor":52.0,"key":"Energy Potion"},{"floor":53.0,"key":"Fire Potion"},{"floor":57.0,"key":"Block Potion"},{"floor":59.0,"key":"EntropicBrew"},{"floor":63.0,"key":"Energy Potion"},{"floor":69.0,"key":"PowerPotion"},{"floor":82.0,"key":"SneckoOil"},{"floor":84.0,"key":"LiquidBronze"},{"floor":88.0,"key":"Strength Potion"},{"floor":89.0,"key":"Regen Potion"},{"floor":107.0,"key":"FairyPotion"},{"floor":114.0,"key":"FairyPotion"}],"is_trial":true,"path_per_floor":["M","?","?","M","M","R","E","R","T","?","$","M","E","?","R","B",null,"M","M","?","?","$","E","R","E","T","E","M","M","M","?","R","B",null,"M","T","M","?","AVR","R","NM","R","T","E","?","$","E","M","R","B",null,"M","?","T","M","M","E","R","M","T","R","E","M","E","?","R","B",null,"M","?","?","T","?","E","?","E","T","E","R","?","M","M","R","B",null,"M","$","M","M","AVR","E","R","E","T","R","M","E","T","E","R","B",null,"M","$","M","?","M","E","M","E","T","M","E","M","M","M","R","B",null,"M"],"character_chosen":"CLOCKWORK","items_purchased":["Bandage Up+1","Clockwork:LogisticRegression","Clockwork:ElasticNanites","War Paint","Clockwork:TimeOut+1"],"campfire_rested":3,"item_purchase_floors":[11,11,22,46,46],"current_hp_per_floor":[79,58,58,53,42,67,16,41,41,24,24,30,33,33,58,82,85,68,80,80,64,64,53,53,65,65,52,64,85,85,85,85,85,85,85,85,63,66,66,66,85,85,85,85,85,85,85,85,85,85,85,85,85,85,85,85,85,85,85,85,85,85,85,85,85,85,85,85,85,85,85,85,85,85,85,85,85,85,85,85,85,85,85,85,85,85,85,85,103,103,105,105,112,130,130,130,130,148,148,148,150,157,157,157,157,157,157,169,169,171,189,189,191,205,205,205,205,205,205,205,205],"gold":979,"neow_bonus":"","is_daily":false,"chose_seed":false,"campfire_upgraded":1,"win_rate":0.0,"timestamp":1614123629,"path_taken":["M","?","?","?","M","R","E","R","T","?","$","M","E","?","R","BOSS","M","M","?","?","$","E","R","E","T","E","M","M","M","?","R","BOSS","M","?","M","?","AVR","R","NM","R","T","E","?","$","E","M","R","BOSS","M","?","?","M","M","E","R","M","T","R","E","M","E","?","R","BOSS","M","?","?","?","?","E","?","E","T","E","R","?","M","M","R","BOSS","M","$","M","M","AVR","E","R","E","T","R","M","E","?","E","R","BOSS","M","$","M","?","M","E","M","E","T","M","E","M","M","M","R","BOSS","M"],"items_purchased_type":["Card","Card","Card","Relic","Card"],"build_version":"2020-12-22","purchased_purges":0,"victory":false,"max_hp_per_floor":[85,85,85,85,85,85,85,85,85,85,85,85,85,85,85,85,85,85,85,85,85,85,85,85,85,85,85,85,85,85,85,85,85,85,85,85,85,85,85,85,85,85,85,85,85,85,85,85,85,85,85,85,85,85,85,85,85,85,85,85,85,85,85,85,85,85,85,85,85,85,85,85,85,85,85,85,85,85,85,85,85,85,85,85,85,85,85,85,103,103,105,105,112,130,130,130,130,148,148,148,150,157,157,157,157,157,157,169,169,171,189,189,191,205,205,205,205,205,205,205,205],"card_choices":[{"not_picked":["infinitespire:Punishment","infinitespire:SealOfDarkness+"],"picked":"infinitespire:Menacing","floor":2.0},{"not_picked":["Clockwork:ReserveSystems+1","Clockwork:Redundancy"],"picked":"Clockwork:MechanicalBulk+1","floor":7.0},{"not_picked":["Clockwork:CraftSomewhatSmoothStone+1","Clockwork:CogShield+1"],"picked":"Clockwork:TimeOut+1","floor":13.0},{"not_picked":["Clockwork:CraftQuicksilverHourglass","Clockwork:AeonShield+1"],"picked":"Clockwork:PerfectForm","floor":16.0},{"not_picked":["Clockwork:AdaptiveShield+1","Clockwork:StasisBreak","Clockwork:Redundancy"],"picked":"SKIP","floor":23.0},{"not_picked":["Clockwork:AdaptiveCannon+1","Clockwork:TiltAWhirl","Clockwork:SystemHardening+1"],"picked":"SKIP","floor":25.0},{"not_picked":["Clockwork:AssemblyLine+1","Clockwork:SnapKeep"],"picked":"Clockwork:SystemScan+1","floor":27.0},{"not_picked":["infinitespire:FinalStrike","infinitespire:FutureSight"],"picked":"infinitespire:TheBestDefense","floor":41.0},{"not_picked":["Clockwork:Pluck+1","Clockwork:SearchingStrike+1"],"picked":"Clockwork:LiteraryArmor+1","floor":41.0},{"not_picked":["Clockwork:ChargingShield+1","Clockwork:ForgeStrike","Clockwork:ChargingBlade"],"picked":"SKIP","floor":44.0},{"not_picked":["Clockwork:Friction+1","Clockwork:StasisBreak","Clockwork:QuantumStrike"],"picked":"SKIP","floor":47.0},{"not_picked":["Clockwork:CraftMomentumEngine+1","Clockwork:DefectiveParts+1"],"picked":"Clockwork:PerfectForm+1","floor":50.0},{"not_picked":["Clockwork:Minimalism+1","Clockwork:QuantumStrike"],"picked":"Clockwork:LiteraryArmor+1","floor":57.0},{"not_picked":["Clockwork:Friction","Clockwork:Minimalism+1"],"picked":"Clockwork:Clone+1","floor":62.0},{"not_picked":["Clockwork:Selectivity+1","Clockwork:Friction"],"picked":"Clockwork:RevUp+1","floor":64.0},{"not_picked":["Clockwork:Randomization","Clockwork:Inspiration+1"],"picked":"Clockwork:CraftMomentumEngine+1","floor":67.0},{"not_picked":["Clockwork:SnapKeep","Clockwork:ReserveSystems+1"],"picked":"Clockwork:MechanicalBulk+1","floor":74.0},{"not_picked":["Clockwork:Minimalism+1","Clockwork:SearingStrike"],"picked":"Clockwork:CraftVarja+1","floor":76.0},{"not_picked":["Clockwork:Enhance+1","Clockwork:CogShield+1","Clockwork:KaliMa"],"picked":"SKIP","floor":78.0},{"not_picked":["Clockwork:ForgeStrike+1","Clockwork:Scour+1","Clockwork:CraftVarja+1"],"picked":"Singing Bowl","floor":91.0},{"not_picked":["Clockwork:Pluck+1","Clockwork:Improve+1"],"picked":"Clockwork:TestingEnvironment+1","floor":93.0},{"not_picked":["Clockwork:ChargingShield+1","Clockwork:QuantumStrike+1"],"picked":"Clockwork:Downsize+1","floor":97.0},{"not_picked":["Clockwork:Minimalism+1","Clockwork:SystemHardening+1"],"picked":"Clockwork:ReactiveNanites+1","floor":99.0},{"not_picked":["Clockwork:AeonShield+1","Clockwork:SiegeStrike+1","Clockwork:CraftQuicksilverHourglass+1"],"picked":"Singing Bowl","floor":101.0},{"not_picked":["Clockwork:ForgeStrike+1","Clockwork:Pluck+1","Clockwork:CraftVarja+1"],"picked":"Singing Bowl","floor":102.0},{"not_picked":["Clockwork:CogShield+1","Clockwork:ForgeStrike+1","Clockwork:Selectivity+1"],"picked":"Singing Bowl","floor":108.0},{"not_picked":["Clockwork:Clone+1","Clockwork:MechanicalMass+1","Clockwork:HoardingStrike+1"],"picked":"Singing Bowl","floor":110.0},{"not_picked":["Clockwork:SearingStrike+1","Clockwork:SystemHardening+1","Clockwork:Roundhouse+1"],"picked":"Singing Bowl","floor":113.0},{"not_picked":["Clockwork:Halt+1","Clockwork:WindupStrike+1"],"picked":"Clockwork:CraftQuicksilverHourglass+1","floor":118.0}],"player_experience":1104118,"relics_obtained":[{"floor":1.0,"key":"Toxic Egg 2"},{"floor":4.0,"key":"Whetstone"},{"floor":5.0,"key":"Blue Candle"},{"floor":7.0,"key":"Omamori"},{"floor":9.0,"key":"Mummified Hand"},{"floor":12.0,"key":"Ancient Tea Set"},{"floor":13.0,"key":"infinitespire:Bottled Soul"},{"floor":18.0,"key":"infinitespire:Lucky Rock"},{"floor":19.0,"key":"Tiny Chest"},{"floor":21.0,"key":"Necronomicon"},{"floor":23.0,"key":"infinitespire:Midas Blood"},{"floor":25.0,"key":"Orichalcum"},{"floor":26.0,"key":"Toy Ornithopter"},{"floor":27.0,"key":"Centennial Puzzle"},{"floor":28.0,"key":"Shovel"},{"floor":29.0,"key":"infinitespire:EmpoweringShard"},{"floor":30.0,"key":"Dream Catcher"},{"floor":32.0,"key":"InkBottle"},{"floor":35.0,"key":"Anchor"},{"floor":36.0,"key":"infinitespire:Satchel"},{"floor":37.0,"key":"Happy Flower"},{"floor":38.0,"key":"Unceasing Top"},{"floor":40.0,"key":"Potion Belt"},{"floor":41.0,"key":"Frozen Egg 2"},{"floor":42.0,"key":"CeramicFish"},{"floor":44.0,"key":"infinitespire:PuzzleCube"},{"floor":47.0,"key":"infinitespire:CheckeredPen"},{"floor":48.0,"key":"Bag of Marbles"},{"floor":49.0,"key":"Torii"},{"floor":52.0,"key":"Bag of Preparation"},{"floor":55.0,"key":"Vajra"},{"floor":56.0,"key":"infinitespire:BottledMercury"},{"floor":57.0,"key":"Bottled Tornado"},{"floor":58.0,"key":"MealTicket"},{"floor":59.0,"key":"Eternal Feather"},{"floor":61.0,"key":"infinitespire:Beetle Shell"},{"floor":62.0,"key":"Darkstone Periapt"},{"floor":63.0,"key":"infinitespire:Golems Mask"},{"floor":64.0,"key":"Boot"},{"floor":66.0,"key":"MawBank"},{"floor":69.0,"key":"Nunchaku"},{"floor":74.0,"key":"StrikeDummy"},{"floor":76.0,"key":"PreservedInsect"},{"floor":78.0,"key":"Art of War"},{"floor":79.0,"key":"Matryoshka"},{"floor":81.0,"key":"Lantern"},{"floor":82.0,"key":"Blood Vial"},{"floor":83.0,"key":"infinitespire:FocusingShard"},{"floor":86.0,"key":"Meat on the Bone"},{"floor":88.0,"key":"Oddly Smooth Stone"},{"floor":89.0,"key":"Gambling Chip"},{"floor":91.0,"key":"Singing Bowl"},{"floor":91.0,"key":"Molten Egg 2"},{"floor":92.0,"key":"Shuriken"},{"floor":93.0,"key":"Pen Nib"},{"floor":93.0,"key":"Strawberry"},{"floor":94.0,"key":"Bronze Scales"},{"floor":94.0,"key":"Regal Pillow"},{"floor":95.0,"key":"Akabeko"},{"floor":96.0,"key":"Lizard Tail"},{"floor":97.0,"key":"Gremlin Horn"},{"floor":97.0,"key":"White Beast Statue"},{"floor":98.0,"key":"beaked:ShinyBauble"},{"floor":98.0,"key":"Bottled Lightning"},{"floor":99.0,"key":"Ornamental Fan"},{"floor":99.0,"key":"infinitespire:ShieldingShard"},{"floor":100.0,"key":"infinitespire:WardingShard"},{"floor":103.0,"key":"Pantograph"},{"floor":105.0,"key":"Mercury Hourglass"},{"floor":107.0,"key":"HornCleat"},{"floor":108.0,"key":"Pear"},{"floor":108.0,"key":"The Courier"},{"floor":109.0,"key":"Letter Opener"},{"floor":110.0,"key":"Sundial"},{"floor":110.0,"key":"Pocketwatch"},{"floor":111.0,"key":"Dead Branch"},{"floor":112.0,"key":"Ginger"},{"floor":113.0,"key":"Old Coin"},{"floor":113.0,"key":"Incense Burner"},{"floor":114.0,"key":"Mango"},{"floor":115.0,"key":"Du-Vu Doll"},{"floor":116.0,"key":"WingedGreaves"},{"floor":117.0,"key":"Girya"}],"event_choices":[{"damage_healed":0.0,"max_hp_gain":0.0,"max_hp_loss":0.0,"gold_gain":0.0,"event_name":"NoteForYourself","player_choice":"Ignored","floor":3.0,"gold_loss":0.0,"damage_taken":0.0},{"damage_healed":0.0,"max_hp_gain":0.0,"max_hp_loss":0.0,"gold_gain":0.0,"event_name":"Shining Light","player_choice":"Entered Light","floor":10.0,"gold_loss":0.0,"damage_taken":17.0,"cards_upgraded":["Clockwork:ReactiveNanites","Clockwork:Shield"]},{"damage_healed":0.0,"max_hp_gain":0.0,"max_hp_loss":0.0,"gold_gain":0.0,"event_name":"Golden Wing","player_choice":"Ignored","floor":14.0,"gold_loss":0.0,"damage_taken":0.0},{"damage_healed":0.0,"max_hp_gain":0.0,"max_hp_loss":0.0,"gold_gain":0.0,"event_name":"The Library","player_choice":"Read","floor":20.0,"gold_loss":0.0,"damage_taken":0.0,"cards_obtained":["Clockwork:TestingEnvironment"]},{"damage_healed":0.0,"max_hp_gain":0.0,"max_hp_loss":0.0,"gold_gain":0.0,"event_name":"Cursed Tome","player_choice":"Obtained Book","floor":21.0,"gold_loss":0.0,"damage_taken":16.0},{"damage_healed":0.0,"max_hp_gain":0.0,"max_hp_loss":0.0,"gold_gain":0.0,"event_name":"Beggar","player_choice":"Ignored","floor":31.0,"gold_loss":0.0,"damage_taken":0.0},{"damage_healed":0.0,"max_hp_gain":0.0,"max_hp_loss":0.0,"gold_gain":0.0,"event_name":"Mysterious Sphere","player_choice":"Fight","floor":38.0,"gold_loss":0.0,"damage_taken":0.0},{"damage_healed":0.0,"max_hp_gain":0.0,"max_hp_loss":0.0,"gold_gain":0.0,"event_name":"WeMeetAgain","player_choice":"Paid Gold","floor":45.0,"gold_loss":135.0,"damage_taken":0.0,"relics_obtained":["Juzu Bracelet"]},{"damage_healed":0.0,"max_hp_gain":0.0,"max_hp_loss":0.0,"gold_gain":0.0,"event_name":"Dead Adventurer","player_choice":"Searched \u00272\u0027 times","floor":53.0,"gold_loss":0.0,"damage_taken":0.0,"relics_obtained":["Kunai"]},{"damage_healed":0.0,"max_hp_gain":0.0,"max_hp_loss":0.0,"gold_gain":0.0,"event_name":"Accursed Blacksmith","player_choice":"Forge","floor":65.0,"gold_loss":0.0,"damage_taken":0.0,"cards_upgraded":["Clockwork:ElasticNanites"]},{"cards_removed":["Normality"],"damage_healed":0.0,"max_hp_gain":0.0,"max_hp_loss":0.0,"gold_gain":0.0,"event_name":"Beggar","player_choice":"Gave Gold","floor":70.0,"gold_loss":75.0,"damage_taken":0.0},{"damage_healed":0.0,"max_hp_gain":0.0,"max_hp_loss":0.0,"gold_gain":0.0,"event_name":"The Library","player_choice":"Read","floor":71.0,"gold_loss":0.0,"damage_taken":0.0,"cards_obtained":["Clockwork:ElasticNanites"]},{"damage_healed":0.0,"max_hp_gain":0.0,"max_hp_loss":0.0,"gold_gain":0.0,"event_name":"Ghosts","player_choice":"Ignored","floor":73.0,"gold_loss":0.0,"damage_taken":0.0},{"damage_healed":0.0,"max_hp_gain":0.0,"max_hp_loss":0.0,"gold_gain":0.0,"event_name":"Duplicator","player_choice":"Copied","floor":75.0,"gold_loss":0.0,"damage_taken":0.0,"cards_obtained":["Clockwork:PerfectForm"]},{"cards_removed":["Normality"],"damage_healed":0.0,"max_hp_gain":0.0,"max_hp_loss":0.0,"gold_gain":0.0,"event_name":"Back to Basics","player_choice":"Elegance","floor":80.0,"gold_loss":0.0,"damage_taken":0.0},{"cards_removed":["Normality"],"damage_healed":0.0,"max_hp_gain":0.0,"max_hp_loss":0.0,"gold_gain":0.0,"event_name":"Living Wall","player_choice":"Forget","floor":106.0,"gold_loss":0.0,"damage_taken":0.0}],"is_beta":false,"boss_relics":[{"not_picked":["Tiny House","Velvet Choker"],"picked":"Cursed Key"},{"not_picked":["Astrolabe","Pandora\u0027s Box"],"picked":"Clockwork:BootleggersToolkit"},{"not_picked":["Runic Pyramid","Philosopher\u0027s Stone"],"picked":"beaked:SacredDeck"},{"not_picked":["Pandora\u0027s Box","beaked:MawFillet"],"picked":"infinitespire:Cupcake"},{"not_picked":["Runic Pyramid","Fusion Hammer"],"picked":"Black Star"},{"not_picked":["Sozu","Calling Bell"],"picked":"Tiny House"},{"not_picked":["SacredBark","Snecko Eye"],"picked":"Philosopher\u0027s Stone"}],"items_purged_floors":[],"is_endless":true,"potions_floor_spawned":[5,12,13,19,23,27,30,37,41,47,52,53,57,59,63,69,82,84,88,89,99,101,103,105,107,108,109,110,112,113,114,115,116,118],"killed_by":"Spheric Guardian","ascension_level":1}}