{"host":"v63m4f6t57xrjbnq","time":1614080529,"event":{"mods":["100% Spire Juice","ATMod(°¢èªMod)","Act Like it!","Arknights","BaseMod","Colored Powertips","Dota2Spire","Downfall","Energized Spire","Gensokyo","Hallownest","KinomotoSakuraMod(Ä¾Ö®±¾Ó£)","KomeijiMod","LagranYue(À­¸ñÀÊ¡¤ÔÂ)","Lobotomy","LobotomyExtend","Marisa£¨ìFÓê¡¡Ä§ÀíÉ³£©","Marked Mod","Minty Spire (QoL Compilation)","Quick Restart","Reimu£¨²©ÀöÁéÃÎ£©","Relic Filter Mod","Remilia£¨ÀÙÃ×ÀòÑÇ£©","Replay The Spire","RumiaBox-Â¶Ã×æ«µÄÉñÃØºÐ×Ó","StSLib","The Administrix","The Marked","The Senshi","The Servant 0.9.4","Waifu the Spire","WarShipGirlsR/Õ½½¢ÉÙÅ®R mod","Yakumo Yukari mod","Youmu£¨»êÆÇÑýÃÎ£©","Yuyuko","¡¾ÒÅÎï¿¨ÅÆ¡¿REMEMod"],"gold_per_floor":[112,37,0,219,219,219,246,246,246,246,273,308,378,378,446,547,497,512,512,528,528,528,559,559,592,592,656,611,721,782,158,158,283,283,343,33,33,118,208,208,268,104,128,178,202,202,562,621,621,671,671,671,54,137,142],"floor_reached":56,"language":"ZHS","playtime":4066,"items_purged":["ClowCardTheShield","Languid","Shame","ClowCardTheFirey"],"score":1820,"play_id":"e324464f-417b-468b-8526-6ceb2c9ed7d5","local_time":"20210223194209","is_ascension_mode":false,"campfire_choices":[{"data":"sneckomod:UnknownRarePower","floor":6.0,"key":"SMITH"},{"data":"ClowCardTheRain","floor":8.0,"key":"SMITH"},{"floor":24.0,"key":"RECALL"},{"data":"ClowCardTheLoop","floor":32.0,"key":"SMITH"},{"data":"ClowCardTheStorm","floor":40.0,"key":"SMITH"},{"data":"ClowCardTheDark","floor":49,"key":"SMITH"},{"data":"ClowCardTheTime","floor":52,"key":"SMITH"}],"circlet_count":0,"master_deck":["ClowCardTheFloat","ClowCardTheStorm","ClowCardTheTwin","ClowCardThePower","SakuraCardTheBig+","ClowCardTheDark+1","ClowCardTheGlow","ClowCardTheFight","ClowCardTheThunder+1","ClowCardTheLoop+1","ClowCardTheThrough","ClowCardTheFloat","ClowCardTheMist","SakuraCardTheChange+","ClowCardTheLight+1","ClowCardTheTwin+1","ClowCardTheFloat","ClowCardTheErase","SakuraCardThePower+","ClowCardTheSword","ClowCardTheSword","ClowCardTheShield","SpellCardSeal+1","SpellCardRelease","ClowCardTheFloat","ClowCardTheRain+1","ClowCardTheLoop+1","ClowCardTheDash","ClowCardTheSword","ClowCardTheWindy+1","ClowCardTheWood+1","ClowCardTheTwin+1","ClowCardTheTime+1","ClowCardTheLoop+1","ClowCardTheBig","REME_FirmDetermination+1","ClowCardTheStorm+1","ClowCardTheFly+1","Blind+1","REME_MawOfCthun","ClowCardTheLoop"],"relics":["KSMOD_SealedBook","KSMOD_SealedWand","AT_ATBox","REME_ComplimentaryCards","LagranYue:RandomDrawCardRelic","LetterFromLob","REME_PuzzleBoxRelic","Tiny Chest","Dota2Spire:PowerTreads","Ring of Misfortune","ReplayTheSpireMod:Ring of Addiction","Toy Ornithopter","SacredBark","Dota2Spire:OctarineCore","MagicDraw3","Hallownest:DreamNailRelic","energizedSpire:HugeHouse","WarpedTongs","AT_SilvercatRing","War Paint","Baka2","AT_MibuBalloonWealth","KSMOD_Compass","Mango","Vajra","Pen Nib","ClockworkSouvenir","AT_ArcaneBoots","REME_LowDesire","AT_ArchangelStaff","AT_BellDemon","AT_ForceNature","Eternal Feather","Art of War","Dota2Spire:Desolator","Juzu Bracelet","Hallownest:GodTamersBeastRelic","Eternal Feather","Omamori","Sling","REME_HandOfSuture","Blood Vial"],"acts_visited":["Hallownest:Greenpath","Hallownest:CityofTears","Hallownest:KingdomsEdge","TheEnding"],"potions_floor_usage":[55,55],"damage_taken":[{"damage":3.0,"enemies":"Hallownest:2_MossCreeps","floor":1.0,"turns":2.0},{"damage":6.0,"enemies":"Hallownest:2_Tiktiks_and_1_Crawlid","floor":4.0,"turns":1.0},{"damage":4.0,"enemies":"Hallownest:eliteCrystalGuardian","floor":7.0,"turns":5.0},{"damage":4.0,"enemies":"Hallownest:monsterHuskWarrior","floor":11.0,"turns":2.0},{"damage":0.0,"enemies":"Hallownest:eliteMossKnight","floor":12.0,"turns":2.0},{"damage":0.0,"enemies":"Hallownest:BossBrokenVessel","floor":16.0,"turns":2.0},{"damage":7.0,"enemies":"Hallownest:Guard_and_Sentry","floor":18.0,"turns":2.0},{"damage":14.0,"enemies":"Hallownest:3_Youths","floor":20.0,"turns":4.0},{"damage":0.0,"enemies":"Hallownest:Nosk","floor":23.0,"turns":4.0},{"damage":0.0,"enemies":"Hallownest:eliteSoulWarrior","floor":25.0,"turns":3.0},{"damage":0.0,"enemies":"Hallownest:2_Flukemon","floor":27.0,"turns":3.0},{"damage":0.0,"enemies":"Hallownest:eliteWatcherKnight","floor":29.0,"turns":11.0},{"damage":0.0,"enemies":"Hallownest:Warrior_and_Youth","floor":30.0,"turns":2.0},{"damage":0.0,"enemies":"Hallownest:BossMantisLord","floor":33.0,"turns":3.0},{"damage":0.0,"enemies":"Hallownest:Shield_Heavy","floor":35.0,"turns":1.0},{"damage":6.0,"enemies":"Hallownest:3_Siblings","floor":38.0,"turns":3.0},{"damage":10.0,"enemies":"Hallownest:2_Wandering_and_1_Horned","floor":39.0,"turns":4.0},{"damage":3.0,"enemies":"Hallownest:eliteCollector","floor":41.0,"turns":4.0},{"damage":2,"enemies":"Hallownest:eliteHiveKnight","floor":44,"turns":3},{"damage":30,"enemies":"Hallownest:eliteHiveKnight","floor":47,"turns":4},{"damage":0,"enemies":"Hallownest:eliteHiveKnight","floor":47,"turns":1},{"damage":0,"enemies":"Hallownest:eliteHiveKnight","floor":47,"turns":2},{"damage":0,"enemies":"Hallownest:eliteHiveKnight","floor":47,"turns":2},{"damage":8,"enemies":"Hallownest:eliteCollector","floor":48,"turns":2},{"damage":36,"enemies":"Hallownest:BossHollowKnight","floor":50,"turns":4},{"damage":36,"enemies":"Shield and Spear","floor":54,"turns":3},{"damage":0,"enemies":"The Heart","floor":55,"turns":5}],"seed_played":"-6724366843077492097","potions_obtained":[{"floor":4.0,"key":"SneckoOil"},{"floor":7.0,"key":"MagicPotion:ReiMu"},{"floor":10.0,"key":"SkillPotion"},{"floor":11.0,"key":"Weak Potion"},{"floor":29.0,"key":"Weak Potion"},{"floor":30.0,"key":"Adrenaline Potion"},{"floor":33.0,"key":"SpeedPotion"},{"floor":35.0,"key":"Ancient Potion"},{"floor":38.0,"key":"BlessingOfTheForge"},{"floor":41.0,"key":"REME_GoldPotion"}],"is_trial":false,"path_per_floor":["M","$","?","M","?","R","E","R","T","?","M","E","T","?","R","B",null,"M","?","M","?","T","E","R","E","T","M","?","E","M","$","R","B",null,"M","$","?","M","M","R","E","$","T","E","T","?","?","E","R","B",null,"R","$","E","B",null],"character_chosen":"KINOMOTOSAKURA","items_purchased":["Pen Nib","ClockworkSouvenir","AT_SpeedBoots","Regen Potion","AT_ForceNature","ClowCardTheBig","ClowCardTheFly","Sling","REME_MawOfCthun","REME_HandOfSuture"],"campfire_rested":0,"item_purchase_floors":[31,31,31,31,36,36,42,53,53,53],"current_hp_per_floor":[60,60,60,54,54,54,50,50,50,50,51,51,51,51,51,56,56,49,49,40,40,40,45,45,45,45,45,45,66,66,66,66,64,64,64,64,62,56,52,52,52,57,57,55,55,55,45,37,56,43,49,49,47,11,23],"gold":142,"neow_bonus":"REMOVE_TWO","is_daily":false,"chose_seed":false,"campfire_upgraded":6,"win_rate":0.0,"timestamp":1614080529,"path_taken":["M","$","?","M","?","R","E","R","T","?","?","E","?","?","R","BOSS","M","?","M","?","?","E","R","E","T","?","?","E","M","$","R","BOSS","M","$","?","M","M","R","E","$","T","E","?","?","?","E","R","BOSS","R","$","E","BOSS"],"items_purchased_type":["Relic","Relic","Relic","Potion","Relic","Card","Card","Relic","Card","Relic"],"build_version":"2020-12-22","purchased_purges":4,"victory":true,"max_hp_per_floor":[63,63,63,63,63,63,63,63,63,63,63,63,63,63,61,61,56,56,56,54,54,54,54,54,54,54,52,52,66,66,66,66,64,64,64,64,62,62,62,62,62,62,62,62,62,62,56,56,56,49,49,49,47,47,47],"card_choices":[{"not_picked":["ClowCardTheCloud","ClowCardTheBubbles"],"picked":"ClowCardTheFloat","floor":1.0},{"not_picked":["ClowCardTheWatery","ClowCardTheFreeze","ClowCardTheWood"],"picked":"SKIP","floor":4.0},{"not_picked":["ClowCardTheDark","ClowCardTheCloud"],"picked":"ClowCardTheRain","floor":7.0},{"not_picked":["ClowCardTheFlower","ClowCardTheLibra"],"picked":"ClowCardThePower","floor":11.0},{"not_picked":["ClowCardTheFly","ClowCardTheMist"],"picked":"ClowCardTheLoop","floor":12.0},{"not_picked":["ClowCardTheThunder","ClowCardTheReturn"],"picked":"ClowCardTheDash","floor":16.0},{"not_picked":["ClowCardTheWatery","ClowCardTheSweet","ClowCardTheDream"],"picked":"SKIP","floor":18.0},{"not_picked":["ClowCardTheMist","ClowCardTheLock"],"picked":"ClowCardTheWood","floor":20.0},{"not_picked":["ClowCardTheLibra","ClowCardTheCreate"],"picked":"ClowCardTheTwin","floor":23.0},{"not_picked":["ClowCardThePower","ClowCardTheEarthy"],"picked":"ClowCardTheChange","floor":25.0},{"not_picked":["ClowCardTheIllusion+1","ClowCardThePower+1","ClowCardTheErase+1"],"picked":"SKIP","floor":27.0},{"not_picked":["ClowCardTheSand+1","ClowCardTheWood"],"picked":"ClowCardTheTwin","floor":29.0},{"not_picked":["ClowCardTheWatery","ClowCardTheWindy","ClowCardTheSong"],"picked":"SKIP","floor":30.0},{"not_picked":["ClowCardTheThrough","ClowCardTheFight"],"picked":"ClowCardTheTime","floor":33.0},{"not_picked":["ClowCardTheErase","ClowCardTheSleep+1","Replay:Bootleg Shield Generator"],"picked":"ClowCardTheLoop+1","floor":35.0},{"not_picked":["ClowCardTheLibra","ClowCardTheSweet+1","ClowCardTheIllusion"],"picked":"REME_FirmDetermination+1","floor":38.0},{"not_picked":["ClowCardTheChange+1","ClowCardTheMaze+1","Replay:BasicMightCard"],"picked":"ClowCardTheStorm","floor":39.0},{"not_picked":["ClowCardTheLock","ClowCardThePower","GradualImprovement"],"picked":"ClowCardTheCreate","floor":41.0},{"not_picked":["ClowCardTheGlow+1","ClowCardTheEarthy+1","ClowCardTheVoice","ReplayTheSpireMod:Uncanny Aura+1"],"picked":"SKIP","floor":44},{"not_picked":["ClowCardTheThunder","ClowCardTheBig","ClowCardTheMaze"],"picked":"Blind+1","floor":48},{"not_picked":["ClowCardTheMaze","ClowCardTheLittle+1","Chrysalis"],"picked":"ClowCardTheLoop","floor":54}],"player_experience":261677,"relics_obtained":[{"floor":1.0,"key":"Baka"},{"floor":1.0,"key":"LetterFromLob"},{"floor":4.0,"key":"Tiny Chest"},{"floor":7.0,"key":"Dota2Spire:PowerTreads"},{"floor":10.0,"key":"Ring of Misfortune"},{"floor":10.0,"key":"ReplayTheSpireMod:Ring of Addiction"},{"floor":10.0,"key":"Toy Ornithopter"},{"floor":10.0,"key":"SacredBark"},{"floor":12.0,"key":"Dota2Spire:OctarineCore"},{"floor":13.0,"key":"MagicDraw3"},{"floor":22.0,"key":"AT_SilvercatRing"},{"floor":23.0,"key":"War Paint"},{"floor":25.0,"key":"Baka2"},{"floor":25.0,"key":"AT_MibuBalloonWealth"},{"floor":26.0,"key":"KSMOD_Compass"},{"floor":29.0,"key":"Mango"},{"floor":29.0,"key":"Vajra"},{"floor":34.0,"key":"AT_ArchangelStaff"},{"floor":34.0,"key":"AT_BellDemon"},{"floor":41.0,"key":"Eternal Feather"},{"floor":43.0,"key":"Art of War"},{"floor":44,"key":"Dota2Spire:Desolator"},{"floor":45,"key":"Juzu Bracelet"},{"floor":48,"key":"Eternal Feather"},{"floor":48,"key":"Omamori"},{"floor":54,"key":"Blood Vial"}],"event_choices":[],"is_beta":false,"boss_relics":[{"not_picked":["REME_DemonsWealth","Astrolabe"],"picked":"energizedSpire:HugeHouse"},{"not_picked":["Runic Dome","Pandora\u0027s Box"],"picked":"REME_LowDesire"}],"items_purged_floors":[2,31,42,53],"is_endless":false,"potions_floor_spawned":[4,7,11,25,29,30,33,35,38,41,47],"ascension_level":0}}