{"host":"f76kcizrccta30ww","time":1614071646,"event":{"mods":["Act Like it!","Aspiration","BaseMod","Gensokyo","Marisa£®ÏF”Í°°ƒß¿Ì…≥£©","Minty Spire (QoL Compilation)","Pale of the Ancients","Replay The Spire","Shop Mod","StSLib","TestMod"],"gold_per_floor":[116,116,116,132,93,93,106,144,144,176,199,274,314,335,335,466,466,497,121,141,141,137,183,183,255,280,280,309,309,369,417,417,668,768,812,812,868,1123,660,735,735,847,894,964,964,1098,1141,484,484,613,613,613,458,533,796],"floor_reached":56,"language":"ZHS","playtime":6035,"items_purged":["Decay"],"score":1707,"play_id":"d0811cea-54b8-4413-9151-972298e2ac26","local_time":"20210223171406","is_ascension_mode":true,"campfire_choices":[{"data":"Bash","floor":6,"key":"SMITH"},{"data":"Shockwave","floor":15,"key":"SMITH"},{"floor":27,"key":"RECALL"},{"data":"Infernal Blade","floor":29,"key":"SMITH"},{"data":"ReplayTheSpireMod:LeadingStrike","floor":32,"key":"SMITH"},{"data":"Replay:Bag of Tricks","floor":41,"key":"SMITH"},{"data":"Limit Break","floor":45,"key":"SMITH"},{"data":"Strike_R","floor":49,"key":"PURGE"},{"data":"Strike_R+1","floor":52,"key":"SMITH"}],"circlet_count":0,"master_deck":["Strike_R+2","Strike_R","Strike_R+1","Strike_R","Defend_R","Bash+1","Clash","Replay:Bag of Tricks+1","Bouncing Flask+1","Reflex+1","Twin Strike","Sword Boomerang+1","Shockwave+1","Replay:Undeath\u0027s Touch","Anger","Wild Strike","ReplayTheSpireMod:LeadingStrike+1","Whirlwind","Barricade","Perfected Strike","Metallicize","Flex","Thunderclap","ReplayTheSpireMod:Muscle Training","Infernal Blade+1","Shrug It Off","Perfected Strike+1","Double Tap","Sword Boomerang","Corruption","Seeing Red","Flex","Pommel Strike","Apotheosis","Infernal Blade","Discovery","Bludgeon","Limit Break+1","Armaments+1","Metallicize","Seeing Red+1","ReplayTheSpireMod:Muscle Training","Dark Embrace","Survey Options","True Grit+1"],"relics":["Burning Blood","testmod-TestBox","testmod-DeterminationOfClimber","NeowsBlessing","Bloody Idol","Lantern","aspiration:SecretTechniqueScroll","Simple Rune","MerchantsRug","ReplayTheSpireMod:CursedCoin","Replay:Bandana","testmod-Acrobat","testmod-Maize","Bag of Marbles","Ginger","Replay:Wanted Poster","InkBottle","Gremlin Food","Another Sword","PreservedInsect","testmod-Antiphasic","Self Forming Clay","CatCart","Iron Hammer","OrangePellets","MealTicket","Medical Kit","Centennial Puzzle"],"acts_visited":["Exordium","TheCity","TheBeyond","TheEnding"],"potions_floor_usage":[54,55],"damage_taken":[{"damage":0,"enemies":"Cultist","floor":1,"turns":1},{"damage":0,"enemies":"2 Louse","floor":4,"turns":1},{"damage":0,"enemies":"Small Slimes","floor":7,"turns":1},{"damage":0,"enemies":"Lagavulin","floor":8,"turns":4},{"damage":0,"enemies":"Exordium Thugs","floor":10,"turns":2},{"damage":0,"enemies":"3 Louse","floor":11,"turns":1},{"damage":10,"enemies":"3 Sentries","floor":13,"turns":3},{"damage":0,"enemies":"Looter","floor":14,"turns":1},{"damage":0,"enemies":"Slime Boss","floor":16,"turns":2},{"damage":0,"enemies":"Spheric Guardian","floor":18,"turns":1},{"damage":14,"enemies":"Shell Parasite","floor":20,"turns":2},{"damage":1,"enemies":"Gremlin Leader","floor":23,"turns":1},{"damage":0,"enemies":"Slavers","floor":25,"turns":2},{"damage":0,"enemies":"Shelled Parasite and Fungi","floor":30,"turns":1},{"damage":0,"enemies":"Snecko","floor":31,"turns":1},{"damage":1,"enemies":"Pondfish","floor":33,"turns":4},{"damage":0,"enemies":"3 Shapes","floor":35,"turns":1},{"damage":0,"enemies":"Orb Walker","floor":37,"turns":1},{"damage":1,"enemies":"Transient","floor":38,"turns":3},{"damage":0,"enemies":"Reptomancer","floor":40,"turns":1},{"damage":0,"enemies":"R_Hoarder","floor":42,"turns":2},{"damage":0,"enemies":"Nemesis","floor":44,"turns":1},{"damage":0,"enemies":"Orin","floor":46,"turns":2},{"damage":1,"enemies":"4 Shapes","floor":47,"turns":1},{"damage":0,"enemies":"Replay:Hell Engine","floor":50,"turns":1},{"damage":1,"enemies":"Shield and Spear","floor":54,"turns":1},{"damage":0,"enemies":"The Heart","floor":55,"turns":3}],"seed_played":"272276683337392199","potions_obtained":[{"floor":7,"key":"Adrenaline Potion"},{"floor":11,"key":"Block Potion"},{"floor":13,"key":"AttackPotion"},{"floor":25,"key":"BloodPotion"},{"floor":30,"key":"Languid Potion"},{"floor":31,"key":"Flashbang"},{"floor":37,"key":"testmod-TestPotion"},{"floor":44,"key":"EntropicBrew"}],"is_trial":false,"path_per_floor":["M","?","?","M","$","R","M","E","T","M","M","?","E","M","R","B",null,"M","$","M","?","$","E","T","E","T","R","?","R","M","M","R","B",null,"M","T","M","M","$","E","R","E","T","E","R","?","M","$","R","B",null,"R","$","E","B",null],"character_chosen":"IRONCLAD","items_purchased":["Sword Boomerang+1","Simple Rune","MerchantsRug","Metallicize","Flex","ReplayTheSpireMod:CursedCoin","ReplayTheSpireMod:Muscle Training","Apotheosis","Gremlin Food","Infernal Blade","Discovery","Iron Hammer","OrangePellets","MealTicket","ReplayTheSpireMod:Muscle Training","Dark Embrace","Survey Options","Medical Kit"],"campfire_rested":0,"item_purchase_floors":[5,19,19,19,19,22,22,39,39,39,39,48,48,48,48,48,48,53],"current_hp_per_floor":[80,60,60,66,66,66,72,80,80,80,80,69,71,79,79,80,80,80,80,78,78,80,80,80,80,80,80,65,65,80,80,80,80,80,80,80,80,80,80,80,80,80,80,80,80,80,80,80,80,80,80,80,80,80,80],"gold":796,"neow_bonus":"THREE_ENEMY_KILL","is_daily":false,"chose_seed":false,"campfire_upgraded":7,"win_rate":0.0,"timestamp":1614071646,"path_taken":["M","?","?","M","$","R","?","E","T","M","M","?","E","M","R","BOSS","M","$","M","?","$","E","?","E","T","R","?","R","M","M","R","BOSS","M","?","?","M","$","E","R","E","T","E","R","?","M","$","R","BOSS","R","$","E","BOSS"],"items_purchased_type":["Card","Relic","Relic","Card","Card","Relic","Card","Card","Relic","Card","Card","Relic","Relic","Relic","Card","Card","Card","Relic"],"build_version":"2020-12-22","purchased_purges":1,"victory":true,"max_hp_per_floor":[80,80,80,80,80,80,80,80,80,80,80,80,80,80,80,80,80,80,80,80,80,80,80,80,80,80,80,80,80,80,80,80,80,80,80,80,80,80,80,80,80,80,80,80,80,80,80,80,80,80,80,80,80,80,80],"card_choices":[{"not_picked":["Iron Wave","Wild Strike"],"picked":"Clash","floor":1},{"not_picked":["True Grit","Sentinel"],"picked":"Twin Strike","floor":4},{"not_picked":["Run Through","Cleave"],"picked":"Shockwave","floor":7},{"not_picked":["ReplayTheSpireMod:Corrosion Curse","Fiend Fire"],"picked":"Replay:Undeath\u0027s Touch","floor":8},{"not_picked":["Warcry","Havoc"],"picked":"Anger","floor":10},{"not_picked":["Clash","Iron Wave"],"picked":"Wild Strike","floor":11},{"not_picked":["Wild Strike","Thunderclap"],"picked":"ReplayTheSpireMod:LeadingStrike","floor":13},{"not_picked":["Sever Soul","Thunderclap"],"picked":"Whirlwind","floor":14},{"not_picked":["Fiend Fire","Berserk"],"picked":"Barricade","floor":16},{"not_picked":["Cleave+1","Twin Strike"],"picked":"Perfected Strike","floor":18},{"not_picked":["Searing Blow","Cleave"],"picked":"Thunderclap","floor":20},{"not_picked":["Shrug It Off","Fire Breathing"],"picked":"Infernal Blade","floor":23},{"not_picked":["Cleave","Blood for Blood"],"picked":"Shrug It Off","floor":25},{"not_picked":["ReplayTheSpireMod:Strike From Hell","Anger+1"],"picked":"Perfected Strike+1","floor":28},{"not_picked":["Perfected Strike","Iron Wave"],"picked":"Double Tap","floor":30},{"not_picked":["Clash","Warcry"],"picked":"Sword Boomerang","floor":31},{"not_picked":["Eclipse","Fiend Fire"],"picked":"Corruption","floor":33},{"not_picked":["Anger+1","Perfected Strike"],"picked":"Seeing Red","floor":35},{"not_picked":["Rupture+1","Shockwave"],"picked":"Flex","floor":37},{"not_picked":["Anger+1","Iron Wave"],"picked":"Pommel Strike","floor":38},{"not_picked":["Perfected Strike","Sword Boomerang"],"picked":"Bludgeon","floor":40},{"not_picked":["Intimidate","Perfected Strike+1"],"picked":"Limit Break","floor":42},{"not_picked":["Sword Boomerang","Power Through"],"picked":"Armaments+1","floor":44},{"not_picked":["Body Slam","Clothesline"],"picked":"Metallicize","floor":46},{"not_picked":["Disarm+1","Shrug It Off"],"picked":"Seeing Red+1","floor":47},{"not_picked":["Pommel Strike","Dual Wield"],"picked":"True Grit+1","floor":54}],"player_experience":57103,"relics_obtained":[{"floor":8,"key":"Lantern"},{"floor":13,"key":"War Paint"},{"floor":23,"key":"Replay:Bandana"},{"floor":24,"key":"testmod-Acrobat"},{"floor":25,"key":"testmod-Maize"},{"floor":26,"key":"Bag of Marbles"},{"floor":28,"key":"Ginger"},{"floor":36,"key":"InkBottle"},{"floor":40,"key":"Another Sword"},{"floor":42,"key":"PreservedInsect"},{"floor":43,"key":"testmod-Antiphasic"},{"floor":44,"key":"Self Forming Clay"},{"floor":46,"key":"CatCart"},{"floor":54,"key":"Centennial Puzzle"}],"event_choices":[{"damage_healed":0,"gold_gain":0,"player_choice":"Take Damage","damage_taken":20,"relics_obtained":["Golden Idol"],"max_hp_gain":0,"max_hp_loss":0,"event_name":"Golden Idol","floor":2,"gold_loss":0},{"damage_healed":0,"gold_gain":75,"player_choice":"Gather Gold","damage_taken":11,"max_hp_gain":0,"max_hp_loss":0,"event_name":"World of Goop","floor":12,"gold_loss":0},{"damage_healed":0,"gold_gain":0,"player_choice":"Gave Idol","damage_taken":0,"relics_obtained":["Bloody Idol"],"max_hp_gain":0,"max_hp_loss":0,"event_name":"Forgotten Altar","floor":21,"relics_lost":["Golden Idol"],"gold_loss":0},{"damage_healed":0,"gold_gain":0,"player_choice":"Fight","damage_taken":0,"max_hp_gain":0,"max_hp_loss":0,"event_name":"OrinTheCat","floor":46,"gold_loss":0}],"is_beta":false,"boss_relics":[{"not_picked":["aspiration:DefectSkillbook","Philosopher\u0027s Stone"],"picked":"aspiration:SecretTechniqueScroll"},{"not_picked":["Velvet Choker","testmod-IncinerationGenerator"],"picked":"Replay:Wanted Poster"}],"items_purged_floors":[22],"is_endless":false,"potions_floor_spawned":[7,11,13,14,25,30,31,35,37,44],"ascension_level":3}}