{"host":"wqwfknj40rilnol1","time":1614086303,"event":{"mods":["AchievementEnabler","BaseMod","BetterRewards","Block Reminder","Colored Map","Highlight Path","Hubris","Minty Spire (QoL Compilation)","Permanent Neow","Relic Stats","Shop Mod","StSLib","The Cursed"],"gold_per_floor":[109,109,82,82,82,82,97,97,97,125,200,200,215,24,24,103,103,121,134,150,1,20,20,20,20,44,44,77,77,87,121,121,200,200,217,229,229,229,281,281,293,293,317,328,348,366,366,377,377,377],"floor_reached":51,"language":"ENG","playtime":2032,"items_purged":[],"score":1180,"play_id":"0ce20432-c889-4aba-84b3-416ec0584147","local_time":"20210223141823","is_ascension_mode":true,"campfire_choices":[{"data":"Bash","floor":6,"key":"SMITH"},{"data":"Inflame","floor":8,"key":"SMITH"},{"data":"Clothesline","floor":12,"key":"SMITH"},{"data":"Inflame","floor":15,"key":"SMITH"},{"data":"Bludgeon","floor":23,"key":"SMITH"},{"data":"hubris:EnhanceAbility","floor":25,"key":"SMITH"},{"floor":29,"key":"REST"},{"floor":32,"key":"REST"},{"data":"Inflame","floor":40,"key":"SMITH"},{"data":"hubris:SharpeningStone","floor":42,"key":"SMITH"},{"data":"hubris:StunningStrike","floor":49,"key":"SMITH"}],"circlet_count":0,"master_deck":["AscendersBane","Bash+1","Ghostly Armor","hubris:SharpeningStone+1","Reaper","Clothesline+1","Feed+1","Iron Wave","Fire Breathing","Combust","Metallicize","Shrug It Off","Inflame+1","Battle Trance+1","Shrug It Off+1","Inflame+1","Bludgeon+1","Warcry+1","Inflame+1","hubris:EnhanceAbility+1","Offering+1","Immolate","Parasite","Spot Weakness+1","hubris:StunningStrike+1","Battle Trance+1","Carnage"],"relics":["Pandora\u0027s Box","hubris:Icosahedron","Potion Belt","Pocketwatch","Toxic Egg 2","Membership Card","hubris:CrackedHourglass","MerchantsRug","Boot","Enchiridion","hubris:DeckOfHolding","Gremlin Horn","hubris:Backtick","Mummified Hand","Ancient Tea Set","Centennial Puzzle"],"acts_visited":["Exordium","TheCity","TheBeyond"],"potions_floor_usage":[16,16,22,31,46,50,50,50,50],"damage_taken":[{"damage":18,"enemies":"2 Louse","floor":1,"turns":3},{"damage":0,"enemies":"Small Slimes","floor":7,"turns":4},{"damage":20,"enemies":"Gremlin Nob","floor":10,"turns":4},{"damage":7,"enemies":"Jaw Worm","floor":13,"turns":3},{"damage":16,"enemies":"Slime Boss","floor":16,"turns":6},{"damage":32,"enemies":"2 Thieves","floor":18,"turns":4},{"damage":15,"enemies":"Shell Parasite","floor":19,"turns":4},{"damage":15,"enemies":"Snake Plant","floor":20,"turns":4},{"damage":37,"enemies":"Cultist and Chosen","floor":22,"turns":5},{"damage":57,"enemies":"Slavers","floor":28,"turns":5},{"damage":4,"enemies":"Chosen and Byrds","floor":30,"turns":7},{"damage":39,"enemies":"Book of Stabbing","floor":31,"turns":5},{"damage":22,"enemies":"Champ","floor":33,"turns":8},{"damage":0,"enemies":"Orb Walker","floor":35,"turns":1},{"damage":6,"enemies":"3 Darklings","floor":36,"turns":2},{"damage":21,"enemies":"Writhing Mass","floor":41,"turns":3},{"damage":6,"enemies":"Jaw Worm Horde","floor":44,"turns":3},{"damage":1,"enemies":"Maw","floor":45,"turns":5},{"damage":0,"enemies":"Sphere and 2 Shapes","floor":46,"turns":3},{"damage":14,"enemies":"3 Darklings","floor":48,"turns":3},{"damage":97,"enemies":"Time Eater","floor":50,"turns":9}],"seed_played":"4434767062309479313","potions_obtained":[{"floor":1,"key":"CultistPotion"},{"floor":7,"key":"PowerPotion"},{"floor":10,"key":"ElixirPotion"},{"floor":18,"key":"BloodPotion"},{"floor":22,"key":"LiquidBronze"},{"floor":31,"key":"SpeedPotion"},{"floor":35,"key":"LiquidBronze"},{"floor":36,"key":"AttackPotion"},{"floor":46,"key":"AttackPotion"},{"floor":48,"key":"Strength Potion"}],"is_trial":false,"path_per_floor":["M","?","$","?","?","R","M","R","T","E","?","R","M","$","R","B",null,"M","M","M","$","M","R","?","R","T","?","E","R","M","E","R","B",null,"M","M","?","?","T","R","M","R","T","M","M","M","?","M","R","B",null],"character_chosen":"IRONCLAD","items_purchased":["Shrug It Off","Membership Card","Inflame","MerchantsRug","Inflame","hubris:EnhanceAbility"],"campfire_rested":2,"item_purchase_floors":[3,14,14,21,21,21],"current_hp_per_floor":[60,60,60,60,53,53,63,63,63,53,42,42,39,39,39,69,85,63,52,41,41,47,47,47,47,47,31,9,42,48,27,60,57,97,110,114,108,108,108,108,88,88,88,86,92,116,116,106,106,9],"gold":377,"neow_bonus":"BOSS_RELIC","is_daily":false,"chose_seed":false,"campfire_upgraded":9,"win_rate":0.0,"timestamp":1614086303,"path_taken":["M","?","$","?","?","R","M","R","T","E","?","R","?","$","R","BOSS","M","M","?","$","M","R","?","R","T","?","E","R","M","E","R","BOSS","M","M","?","?","?","R","M","R","T","?","M","M","?","M","R","BOSS"],"items_purchased_type":["Card","Relic","Card","Relic","Card","Card"],"build_version":"2020-12-22","purchased_purges":0,"victory":true,"max_hp_per_floor":[78,78,78,78,78,78,82,82,82,82,82,82,86,86,86,90,90,94,98,102,102,106,106,106,106,106,106,110,110,110,110,110,110,110,110,114,108,108,108,108,108,108,108,112,112,116,116,116,116,116],"relic_stats":{"Centennial Puzzle":[12],"Gremlin Horn":[4,8],"counters":[21,91],"Mummified Hand":[78],"Pandora\u0027s Box":["Ghostly Armor","hubris:SharpeningStone","Rupture","Reaper","Clothesline","Feed","Iron Wave","Fire Breathing","Combust"],"Boot":[12],"obtain_stats":[{"Potion Belt":5,"MerchantsRug":21,"Gremlin Horn":31,"Enchiridion":27,"Boot":26,"Ancient Tea Set":39,"Burning Blood":0,"Centennial Puzzle":43,"hubris:Icosahedron":4,"hubris:Backtick":34,"Mummified Hand":34,"Pandora\u0027s Box":0,"hubris:DeckOfHolding":28,"Membership Card":14,"Toxic Egg 2":10,"hubris:CrackedHourglass":17,"Pocketwatch":9},{"Potion Belt":1,"MerchantsRug":8,"Gremlin Horn":12,"Enchiridion":9,"Boot":9,"Ancient Tea Set":15,"Burning Blood":0,"Centennial Puzzle":16,"hubris:Icosahedron":1,"hubris:Backtick":13,"Mummified Hand":13,"Pandora\u0027s Box":0,"hubris:DeckOfHolding":10,"Membership Card":4,"Toxic Egg 2":3,"hubris:CrackedHourglass":5,"Pocketwatch":2},{"Potion Belt":3,"MerchantsRug":32,"Gremlin Horn":54,"Enchiridion":37,"Boot":37,"Ancient Tea Set":65,"Burning Blood":0,"Centennial Puzzle":68,"hubris:Icosahedron":3,"hubris:Backtick":62,"Mummified Hand":62,"Pandora\u0027s Box":0,"hubris:DeckOfHolding":42,"Membership Card":14,"Toxic Egg 2":11,"hubris:CrackedHourglass":20,"Pocketwatch":7}],"Pocketwatch":[65]},"card_choices":[{"not_picked":["Iron Wave","Flex"],"picked":"Metallicize","floor":1},{"not_picked":["Bloodletting","Battle Trance"],"picked":"Inflame","floor":7},{"not_picked":["Flex+1","Headbutt"],"picked":"Battle Trance+1","floor":10},{"not_picked":["Thunderclap","Warcry+1"],"picked":"Shrug It Off+1","floor":13},{"not_picked":["Impervious+1","hubris:StunningStrike"],"picked":"Bludgeon","floor":16},{"not_picked":["Fire Breathing","Armaments+1","hubris:ReadiedAction+1"],"picked":"SKIP","floor":18},{"not_picked":["hubris:ReadiedAction+1","Reckless Charge","Flex+1"],"picked":"SKIP","floor":19},{"not_picked":["Armaments+1","Anger"],"picked":"Warcry+1","floor":20},{"not_picked":["Headbutt","Clothesline","Intimidate+1"],"picked":"SKIP","floor":22},{"not_picked":["Inflame","Clothesline","Flex+1"],"picked":"SKIP","floor":28},{"not_picked":["Clothesline","Combust","Armaments+1"],"picked":"SKIP","floor":30},{"not_picked":["Flex+1","Blood for Blood"],"picked":"Offering+1","floor":31},{"not_picked":["Barricade","Impervious+1"],"picked":"Immolate","floor":33},{"not_picked":["Body Slam+1","Warcry+1","Fire Breathing"],"picked":"SKIP","floor":35},{"not_picked":["Havoc+1","Blood for Blood","Flex+1"],"picked":"SKIP","floor":36},{"not_picked":["Flex+1","Sword Boomerang+1","Sever Soul+1"],"picked":"SKIP","floor":41},{"not_picked":["Blood for Blood","Thunderclap"],"picked":"Spot Weakness+1","floor":44},{"not_picked":["Havoc+1","Burning Pact+1","Sword Boomerang"],"picked":"SKIP","floor":45},{"not_picked":["Cleave+1","Thunderclap"],"picked":"hubris:StunningStrike","floor":46},{"not_picked":["Heavy Blade","Bloodletting+1"],"picked":"Carnage","floor":48}],"player_experience":303877,"relics_obtained":[{"floor":9,"key":"Pocketwatch"},{"floor":10,"key":"Toxic Egg 2"},{"floor":26,"key":"Boot"},{"floor":27,"key":"Enchiridion"},{"floor":28,"key":"hubris:DeckOfHolding"},{"floor":31,"key":"Gremlin Horn"},{"floor":39,"key":"Ancient Tea Set"},{"floor":43,"key":"Centennial Puzzle"}],"event_choices":[{"damage_healed":0,"gold_gain":0,"player_choice":"Success","damage_taken":7,"relics_obtained":["Potion Belt"],"max_hp_gain":0,"max_hp_loss":0,"event_name":"Scrap Ooze","floor":5,"gold_loss":0},{"damage_healed":0,"gold_gain":75,"player_choice":"Gather Gold","damage_taken":11,"max_hp_gain":0,"max_hp_loss":0,"event_name":"World of Goop","floor":11,"gold_loss":0},{"damage_healed":0,"gold_gain":0,"player_choice":"Ignored","damage_taken":0,"max_hp_gain":0,"max_hp_loss":0,"event_name":"Ghosts","floor":24,"gold_loss":0},{"damage_healed":0,"gold_gain":0,"player_choice":"Obtained Book","damage_taken":16,"max_hp_gain":0,"max_hp_loss":0,"event_name":"Cursed Tome","floor":27,"gold_loss":0},{"damage_healed":0,"gold_gain":0,"player_choice":"Max HP","damage_taken":0,"max_hp_gain":0,"max_hp_loss":6,"event_name":"Winding Halls","floor":37,"gold_loss":0},{"damage_healed":0,"gold_gain":0,"player_choice":"Ignored","damage_taken":0,"max_hp_gain":0,"max_hp_loss":0,"event_name":"Mysterious Sphere","floor":38,"gold_loss":0},{"damage_healed":0,"gold_gain":0,"cards_transformed":["Rupture"],"player_choice":"Transformed","damage_taken":0,"max_hp_gain":0,"max_hp_loss":0,"event_name":"Transmorgrifier","floor":47,"gold_loss":0,"cards_obtained":["Battle Trance"]}],"is_beta":false,"boss_relics":[{"not_picked":["hubris:VirtuousBlindfold","hubris:Stopwatch"],"picked":"hubris:CrackedHourglass"},{"not_picked":["Empty Cage","hubris:ScarierMask"],"picked":"hubris:Backtick"}],"items_purged_floors":[],"is_endless":false,"potions_floor_spawned":[1,7,10,18,22,31,35,36,46,48],"ascension_level":14}}