{"host":"juqmwis5balotvcq","time":1614055098,"event":{"mods":["AchievementEnabler","Aspiration","BaseMod","Better Altar","Better Match","Better Note","Better Sensory Stone","Better Skull","Better Third Choice","BetterRewards","CCEM2","Colored Map","Conspire","Downfall","GifTheSpireLib","Googly Eyes","Highlight Path","Minty Spire (QoL Compilation)","Permanent Neow","Replay The Spire","Spicy Shops","StSLib","The IronCluck","Unceasing Turn Reminder","everything is the same but u backflip on backflip"],"gold_per_floor":[99,114,132,132,151,51,51,70,82,117,134,134,34,46,57,160,160,160,177,195,206,219,219,271,271,299,299,299,299],"floor_reached":27,"language":"ENG","playtime":1799,"items_purged":[],"score":239,"play_id":"d5713ce9-c7bb-44b4-aa0b-6f515185bb51","local_time":"20210222203818","is_ascension_mode":false,"campfire_choices":[{"floor":1.0,"key":"RECALL"},{"data":"bronze:Replicate","floor":6.0,"key":"SMITH"},{"floor":13.0,"key":"REST"},{"data":"bronze:Return","floor":18.0,"key":"SMITH"},{"floor":25.0,"key":"REST"}],"circlet_count":0,"master_deck":["bronze:Strike","bronze:Strike","bronze:Strike","bronze:Defend","bronze:Defend","bronze:Defend","bronze:Defend","bronze:Replicate+1","bronze:Goto+1","bronze:DelayedGuard","bronze:FineTuning","bronze:Virus","bronze:Terminator","bronze:Return+1","bronze:WhirlingStrike","bronze:SpaghettiCode","CurseOfTheBell","bronze:Iterate","bronze:Mutator","bronze:CloningBeam","bronze:Overload","bronze:Format","bronze:DelayedGuard+1"],"relics":["Ring of Chaos","downfall:HeartBlessingRed","Quantum Egg","downfall:HeartBlessingBlue","Calling Bell","CCEMRelics:JestersCrown","Replay:Accelerometer","CaptainsWheel","Lantern","Toxic Egg 2"],"acts_visited":["Exordium","TheCity"],"potions_floor_usage":[],"damage_taken":[{"damage":4.0,"enemies":"2 Louse","floor":2.0,"turns":4.0},{"damage":1.0,"enemies":"Cultist","floor":3.0,"turns":4.0},{"damage":2.0,"enemies":"conspire:RoseBush","floor":5.0,"turns":4.0},{"damage":7.0,"enemies":"Gremlin Gang","floor":8.0,"turns":5.0},{"damage":11.0,"enemies":"Large Slime","floor":9.0,"turns":4.0},{"damage":16.0,"enemies":"Gremlin Nob","floor":10.0,"turns":3.0},{"damage":11.0,"enemies":"3 Louse","floor":11.0,"turns":3.0},{"damage":5.0,"enemies":"downfall:LooterAlt","floor":14.0,"turns":2.0},{"damage":2.0,"enemies":"Blue Slaver","floor":15.0,"turns":4.0},{"damage":17.0,"enemies":"IC_STATUS_ARCHETYPE","floor":16.0,"turns":3.0},{"damage":21.0,"enemies":"conspire:FuzzyDice","floor":19.0,"turns":7.0},{"damage":10.0,"enemies":"Chosen","floor":20.0,"turns":4.0},{"damage":22.0,"enemies":"Shelled Parasite and Fungi","floor":21.0,"turns":3.0},{"damage":0.0,"enemies":"conspire:HollyBat","floor":22.0,"turns":5.0},{"damage":32.0,"enemies":"conspire:SneckoGhost","floor":26.0,"turns":5.0},{"damage":21,"enemies":"Snake Plant","floor":27,"turns":1}],"seed_played":"4729086145123311068","potions_obtained":[{"floor":3.0,"key":"bronze:CleanCodePotion"},{"floor":10.0,"key":"bronze:FreeFunctionsPotion"},{"floor":12.0,"key":"SkillPotion"},{"floor":14.0,"key":"SkillPotion"},{"floor":15.0,"key":"LiquidBronze"},{"floor":21.0,"key":"AttackPotion"},{"floor":22.0,"key":"DuplicationPotion"}],"is_trial":false,"path_per_floor":["R","M","M","?","M","R","T","M","M","E","M","?","R","M","M","B",null,"R","M","M","M","M","?","T","R","E","M"],"character_chosen":"THE_AUTOMATON","items_purchased":[],"campfire_rested":2,"item_purchase_floors":[],"current_hp_per_floor":[70,66,65,65,63,63,63,56,45,29,18,18,52,47,45,28,80,80,59,49,27,27,27,27,51,19,0,0,0],"gold":299,"neow_bonus":"BOSS_RELIC","is_daily":false,"chose_seed":false,"campfire_upgraded":2,"win_rate":0.0,"timestamp":1614055098,"path_taken":["R","M","M","?","M","R","T","?","M","E","?","?","R","M","M","BOSS","R","M","M","?","?","?","T","R","E","M"],"items_purchased_type":[],"build_version":"2020-12-22","purchased_purges":0,"victory":false,"max_hp_per_floor":[70,70,70,70,70,70,70,70,70,70,70,70,80,80,80,80,80,80,80,80,80,80,80,80,80,80,80,80,80],"card_choices":[{"not_picked":["bronze:Overheat","bronze:Shield"],"picked":"bronze:DelayedGuard","floor":2.0},{"not_picked":["bronze:BitShift","bronze:Separator"],"picked":"bronze:FineTuning","floor":3.0},{"not_picked":["bronze:BitShift","bronze:DelayedGuard","bronze:WildBeam"],"picked":"SKIP","floor":5.0},{"not_picked":["bronze:BuggyMess","bronze:BugBarrage"],"picked":"bronze:Virus","floor":8.0},{"not_picked":["bronze:BitShift","bronze:Shield","bronze:BugBarrage"],"picked":"SKIP","floor":9.0},{"not_picked":["bronze:ClassDefault","bronze:Turbo"],"picked":"bronze:Terminator","floor":10.0},{"not_picked":["bronze:OilSpill","bronze:Shield"],"picked":"bronze:Return","floor":11.0},{"not_picked":["bronze:CutThrough","bronze:Repulsor"],"picked":"bronze:WhirlingStrike","floor":14.0},{"not_picked":["bronze:Frontload","bronze:Invalidate","bronze:RecursiveStrike"],"picked":"SKIP","floor":15.0},{"not_picked":["bronze:BurnOut","bronze:AlphaBuild"],"picked":"bronze:SpaghettiCode","floor":16.0},{"not_picked":["bronze:Invalidate","bronze:Allocate+1"],"picked":"bronze:Iterate","floor":19.0},{"not_picked":["bronze:DelayedGuard+1","bronze:Overheat"],"picked":"bronze:Mutator","floor":20.0},{"not_picked":["bronze:WhirlingStrike","bronze:WildBeam"],"picked":"bronze:CloningBeam","floor":21.0},{"not_picked":["bronze:Separator+1","bronze:Invalidate"],"picked":"bronze:Overload","floor":22.0},{"not_picked":["bronze:Safeguard+1","bronze:Philosophize+1"],"picked":"bronze:DelayedGuard+1","floor":26.0}],"player_experience":335823,"relics_obtained":[{"floor":10.0,"key":"Quantum Egg"},{"floor":17.0,"key":"CCEMRelics:JestersCrown"},{"floor":17.0,"key":"Replay:Accelerometer"},{"floor":17.0,"key":"CaptainsWheel"},{"floor":24.0,"key":"Lantern"},{"floor":26.0,"key":"Toxic Egg 2"}],"event_choices":[{"damage_healed":0.0,"max_hp_gain":0.0,"max_hp_loss":0.0,"gold_gain":0.0,"event_name":"Lab","player_choice":"Got Potions","floor":12.0,"gold_loss":0.0,"damage_taken":0.0}],"is_beta":false,"boss_relics":[{"not_picked":["aspiration:WatcherSkillbook","Painkiller Herb"],"picked":"Calling Bell"}],"items_purged_floors":[],"is_endless":false,"potions_floor_spawned":[3,10,14,15,21,22],"killed_by":"Snake Plant","ascension_level":0}}