{"host":"vx488ommchhibo3k","time":1614053181,"event":{"mods":["BaseMod","BetterRewards","Colored Map","Colored Powertips","Highlight Path","Minty Spire (QoL Compilation)","Quick Restart","Rare Cards Sparkle","Shop Mod","StSLib","SuperFastMode"],"gold_per_floor":[112,63,63,63,82,112,122,122,147,174,174,174,174],"floor_reached":12,"language":"JPN","playtime":611,"items_purged":["Strike_B"],"score":86,"play_id":"98f21250-9a1a-48a4-a739-9599014868f8","local_time":"20210223130621","is_ascension_mode":false,"campfire_choices":[{"data":"Chrysalis","floor":8,"key":"SMITH"}],"circlet_count":0,"master_deck":["Strike_B","Strike_B","Strike_B","Defend_B","Defend_B","Defend_B","Defend_B","Zap","Dualcast","Core Surge","Storm","Conserve Battery","Chrysalis+1","Conserve Battery","Self Repair","Compile Driver","Loop","Static Discharge","Go for the Eyes","FTL"],"relics":["Cracked Core","Orichalcum","Gambling Chip","MerchantsRug","Nunchaku","PreservedInsect","Darkstone Periapt","Regal Pillow"],"acts_visited":["Exordium"],"potions_floor_usage":[6,10,12],"damage_taken":[{"damage":0,"enemies":"Jaw Worm","floor":1,"turns":4},{"damage":0,"enemies":"Cultist","floor":5,"turns":3},{"damage":28,"enemies":"3 Sentries","floor":6,"turns":8},{"damage":0,"enemies":"2 Louse","floor":7,"turns":2},{"damage":19,"enemies":"Lagavulin","floor":10,"turns":6},{"damage":15,"enemies":"3 Sentries","floor":12,"turns":2}],"seed_played":"2096982914397991378","potions_obtained":[{"floor":1,"key":"LiquidBronze"},{"floor":5,"key":"Dexterity Potion"},{"floor":7,"key":"Regen Potion"}],"is_trial":false,"path_per_floor":["M","$","?","$","M","E","M","R","T","E","?","E"],"character_chosen":"DEFECT","items_purchased":["Orichalcum","Core Surge","Storm","Conserve Battery","MerchantsRug","Ancient Potion","Swift Potion","Chrysalis","Self Repair","Compile Driver"],"campfire_rested":0,"item_purchase_floors":[0,0,0,0,0,0,0,0,2,2],"current_hp_per_floor":[33,33,33,33,40,19,19,19,19,19,7,0,0],"gold":174,"neow_bonus":"","is_daily":false,"chose_seed":false,"campfire_upgraded":1,"win_rate":0.0,"timestamp":1614053181,"path_taken":["M","$","?","?","M","E","M","R","T","E","?","E"],"items_purchased_type":["Relic","Card","Card","Card","Relic","Potion","Potion","Card","Card","Card"],"build_version":"2020-12-22","purchased_purges":1,"victory":false,"max_hp_per_floor":[75,75,75,75,75,75,75,75,75,75,75,75,75],"card_choices":[{"not_picked":["Blizzard","Go for the Eyes"],"picked":"Conserve Battery","floor":1},{"not_picked":["Barrage","Thunder Strike"],"picked":"Loop","floor":5},{"not_picked":["Leap","Coolheaded"],"picked":"Static Discharge","floor":6},{"not_picked":["Streamline","Compile Driver"],"picked":"Go for the Eyes","floor":7},{"not_picked":["Loop","Recycle"],"picked":"FTL","floor":10}],"player_experience":158268,"relics_obtained":[{"floor":6,"key":"Nunchaku"},{"floor":9,"key":"PreservedInsect"},{"floor":10,"key":"Darkstone Periapt"}],"event_choices":[{"damage_healed":0,"gold_gain":0,"player_choice":"Ignored","damage_taken":0,"max_hp_gain":0,"max_hp_loss":0,"event_name":"NoteForYourself","floor":3,"gold_loss":0},{"damage_healed":0,"gold_gain":0,"player_choice":"Success","damage_taken":12,"relics_obtained":["Regal Pillow"],"max_hp_gain":0,"max_hp_loss":0,"event_name":"Scrap Ooze","floor":11,"gold_loss":0}],"is_beta":false,"boss_relics":[],"items_purged_floors":[0],"is_endless":false,"potions_floor_spawned":[1,5,7],"killed_by":"3 Sentries","ascension_level":0}}