{"host":"n43wxkei7kulhi8o","time":1614052819,"event":{"mods":["BaseMod","Bestiary","Block Reminder","Colored Map","Colored Powertips","Curses Come First","Custom Start","Dark Map","Highlight Path","Minty Spire (QoL Compilation)","Relic Stats","StSLib"],"gold_per_floor":[119,294,26,97,111,111,111,146,146,146,174,100,100,113,113,208,208,223,241,66,66,78,78,110,110,137,137,170,190,190,190,190,289,289,309,309,309,324,19,19,69,69,69,79,89,89,41,58,58,58],"floor_reached":51,"language":"ENG","playtime":1374,"items_purged":["Doubt","Defend_B+1"],"score":714,"play_id":"b936ca4d-6b4c-4e3e-a362-5bde497e22d8","local_time":"20210222230019","is_ascension_mode":false,"campfire_choices":[{"data":"Zap","floor":7,"key":"SMITH"},{"data":"Defragment","floor":10,"key":"SMITH"},{"data":"Defragment","floor":15,"key":"SMITH"},{"data":"Coolheaded","floor":23,"key":"SMITH"},{"floor":25,"key":"REST"},{"data":"Leap","floor":27,"key":"SMITH"},{"floor":32,"key":"REST"},{"data":"Conserve Battery","floor":40,"key":"SMITH"},{"data":"Dualcast","floor":46,"key":"SMITH"},{"floor":49,"key":"REST"}],"circlet_count":0,"master_deck":["Strike_B+1","Strike_B+1","Strike_B+1","Defend_B+1","Defend_B+1","Defend_B+1","Zap+1","Dualcast+1","All For One","Ball Lightning","Cold Snap","Defragment+1","Conserve Battery+1","Defragment+1","Coolheaded+1","Leap+1","Ball Lightning+1"],"relics":["Cracked Core","Blood Vial","Pen Nib","PreservedInsect","Mango","Busted Crown","Runic Capacitor","Orichalcum","Vajra","CeramicFish","Akabeko","Inserter","Juzu Bracelet","ClockworkSouvenir","Pocketwatch","Toy Ornithopter"],"acts_visited":["Exordium","TheCity","TheBeyond"],"potions_floor_usage":[50,50,50],"damage_taken":[{"damage":8,"enemies":"Jaw Worm","floor":1,"turns":3},{"damage":0,"enemies":"Small Slimes","floor":5,"turns":3},{"damage":13,"enemies":"Gremlin Nob","floor":8,"turns":4},{"damage":4,"enemies":"Lagavulin","floor":11,"turns":3},{"damage":0,"enemies":"2 Louse","floor":14,"turns":2},{"damage":17,"enemies":"Slime Boss","floor":16,"turns":6},{"damage":4,"enemies":"3 Byrds","floor":18,"turns":4},{"damage":1,"enemies":"Chosen","floor":19,"turns":4},{"damage":6,"enemies":"Snecko","floor":22,"turns":3},{"damage":38,"enemies":"Slavers","floor":24,"turns":4},{"damage":10,"enemies":"Book of Stabbing","floor":28,"turns":4},{"damage":10,"enemies":"Snake Plant","floor":29,"turns":4},{"damage":31,"enemies":"Automaton","floor":33,"turns":8},{"damage":6,"enemies":"3 Shapes","floor":35,"turns":4},{"damage":8,"enemies":"Orb Walker","floor":38,"turns":3},{"damage":0,"enemies":"Mind Bloom Boss Battle","floor":41,"turns":7},{"damage":17,"enemies":"Maw","floor":44,"turns":6},{"damage":9,"enemies":"3 Darklings","floor":45,"turns":4},{"damage":12,"enemies":"Jaw Worm Horde","floor":48,"turns":4},{"damage":14,"enemies":"Donu and Deca","floor":50,"turns":8}],"seed_played":"7761987462972656189","potions_obtained":[{"floor":5,"key":"Fire Potion"},{"floor":11,"key":"Regen Potion"},{"floor":16,"key":"BlessingOfTheForge"},{"floor":18,"key":"PowerPotion"},{"floor":38,"key":"LiquidBronze"},{"floor":44,"key":"DuplicationPotion"}],"is_trial":false,"path_per_floor":["M","?","$","?","M","?","R","E","T","R","E","$","?","M","R","B",null,"M","M","$","?","M","R","E","R","T","R","E","M","T","?","R","B",null,"M","?","?","M","$","R","?","?","T","M","M","R","$","M","R","B",null],"character_chosen":"DEFECT","items_purchased":["Ball Lightning","Blood Vial","Defragment","Runic Capacitor","Leap","FocusPotion","ClockworkSouvenir","FocusPotion"],"campfire_rested":3,"item_purchase_floors":[3,3,12,20,20,39,39,47],"current_hp_per_floor":[67,67,67,67,69,74,74,63,63,63,75,75,75,77,77,62,94,90,91,91,91,87,87,51,79,79,79,71,63,63,63,91,62,94,88,88,88,82,82,82,84,84,84,69,62,62,62,52,80,83],"gold":58,"neow_bonus":"ONE_RANDOM_RARE_CARD","is_daily":false,"chose_seed":false,"campfire_upgraded":7,"win_rate":0.0,"timestamp":1614052819,"path_taken":["M","?","$","?","M","?","R","E","T","R","E","$","?","M","R","BOSS","M","?","$","?","M","R","E","R","T","R","E","M","?","?","R","BOSS","M","?","?","M","$","R","?","?","T","M","M","R","$","M","R","BOSS"],"items_purchased_type":["Card","Relic","Card","Relic","Card","Potion","Relic","Potion"],"build_version":"2020-12-22","purchased_purges":2,"victory":true,"max_hp_per_floor":[75,75,75,75,75,80,80,80,80,80,94,94,94,94,94,94,94,94,94,94,94,94,94,94,94,94,94,94,94,94,94,94,94,94,94,94,94,94,94,94,94,94,94,94,94,94,94,94,94,94],"relic_stats":{"Blood Vial":34,"Busted Crown":26,"Inserter":[18],"counters":[20,88],"CeramicFish":0,"Pen Nib":[12],"PreservedInsect":108,"Juzu Bracelet":1,"Orichalcum":[72],"obtain_stats":[{"Inserter":34,"CeramicFish":28,"Vajra":26,"Mango":11,"Pen Nib":8,"PreservedInsect":9,"Runic Capacitor":20,"Juzu Bracelet":36,"Orichalcum":24,"Akabeko":30,"ClockworkSouvenir":39,"Blood Vial":3,"Busted Crown":17,"Cracked Core":0,"Toy Ornithopter":43,"Pocketwatch":41},{"Inserter":13,"CeramicFish":11,"Vajra":10,"Mango":4,"Pen Nib":3,"PreservedInsect":3,"Runic Capacitor":8,"Juzu Bracelet":14,"Orichalcum":10,"Akabeko":12,"ClockworkSouvenir":15,"Blood Vial":1,"Busted Crown":6,"Cracked Core":0,"Toy Ornithopter":16,"Pocketwatch":16},{"Inserter":52,"CeramicFish":40,"Vajra":36,"Mango":13,"Pen Nib":10,"PreservedInsect":10,"Runic Capacitor":29,"Juzu Bracelet":56,"Orichalcum":36,"Akabeko":44,"ClockworkSouvenir":59,"Blood Vial":3,"Busted Crown":21,"Cracked Core":0,"Toy Ornithopter":66,"Pocketwatch":66}],"Toy Ornithopter":15,"Pocketwatch":[3]},"card_choices":[{"not_picked":["Hologram","Rebound","Reinforced Body"],"picked":"SKIP","floor":1},{"not_picked":["Tempest","Doom and Gloom"],"picked":"Cold Snap","floor":5},{"not_picked":["Compile Driver","Rainbow"],"picked":"Defragment","floor":8},{"not_picked":["Sweeping Beam","Buffer"],"picked":"Conserve Battery","floor":11},{"not_picked":["Turbo","Barrage"],"picked":"Coolheaded","floor":14},{"not_picked":["Steam Power"],"picked":"SKIP","floor":18},{"not_picked":["Beam Cell"],"picked":"SKIP","floor":19},{"not_picked":[],"picked":"Ball Lightning+1","floor":22},{"not_picked":["Defragment"],"picked":"SKIP","floor":24},{"not_picked":["Skim+1"],"picked":"SKIP","floor":28},{"not_picked":["Sweeping Beam"],"picked":"SKIP","floor":29},{"not_picked":["Undo"],"picked":"SKIP","floor":35},{"not_picked":["Streamline+1"],"picked":"SKIP","floor":38},{"not_picked":["Turbo"],"picked":"SKIP","floor":44},{"not_picked":["Coolheaded+1"],"picked":"SKIP","floor":45},{"not_picked":["Hello World"],"picked":"SKIP","floor":48}],"player_experience":713238,"relics_obtained":[{"floor":8,"key":"Pen Nib"},{"floor":9,"key":"PreservedInsect"},{"floor":11,"key":"Mango"},{"floor":24,"key":"Orichalcum"},{"floor":26,"key":"Vajra"},{"floor":28,"key":"CeramicFish"},{"floor":30,"key":"Akabeko"},{"floor":41,"key":"Pocketwatch"},{"floor":43,"key":"Toy Ornithopter"}],"event_choices":[{"damage_healed":0,"gold_gain":175,"player_choice":"AGREE","damage_taken":0,"max_hp_gain":0,"max_hp_loss":0,"event_name":"Liars Game","floor":2,"gold_loss":0,"cards_obtained":["Doubt"]},{"damage_healed":0,"gold_gain":71,"player_choice":"Gained Gold","damage_taken":0,"max_hp_gain":0,"max_hp_loss":0,"event_name":"Golden Wing","floor":4,"gold_loss":0},{"damage_healed":0,"gold_gain":0,"player_choice":"Donut","damage_taken":0,"max_hp_gain":5,"max_hp_loss":0,"event_name":"Big Fish","floor":6,"gold_loss":0},{"cards_removed":["Strike_B"],"damage_healed":0,"gold_gain":0,"player_choice":"Purged","damage_taken":0,"max_hp_gain":0,"max_hp_loss":0,"event_name":"Purifier","floor":13,"gold_loss":0},{"damage_healed":0,"gold_gain":0,"player_choice":"Ignored","damage_taken":0,"max_hp_gain":0,"max_hp_loss":0,"event_name":"Ghosts","floor":21,"gold_loss":0},{"damage_healed":0,"gold_gain":0,"player_choice":"Simplicity","damage_taken":0,"max_hp_gain":0,"max_hp_loss":0,"event_name":"Back to Basics","floor":31,"gold_loss":0,"cards_upgraded":["Strike_B","Strike_B","Strike_B","Defend_B","Defend_B","Defend_B","Defend_B"]},{"damage_healed":0,"gold_gain":0,"player_choice":"Gave Potion","damage_taken":0,"relics_obtained":["Juzu Bracelet"],"max_hp_gain":0,"max_hp_loss":0,"event_name":"WeMeetAgain","floor":36,"gold_loss":0},{"damage_healed":0,"gold_gain":0,"player_choice":"Ignored","damage_taken":0,"max_hp_gain":0,"max_hp_loss":0,"event_name":"Mysterious Sphere","floor":37,"gold_loss":0},{"damage_healed":0,"gold_gain":0,"player_choice":"Fight","damage_taken":0,"max_hp_gain":0,"max_hp_loss":0,"event_name":"MindBloom","floor":41,"gold_loss":0},{"damage_healed":0,"gold_gain":0,"player_choice":"Ignored","damage_taken":0,"max_hp_gain":0,"max_hp_loss":0,"event_name":"Tomb of Lord Red Mask","floor":42,"gold_loss":0}],"is_beta":false,"boss_relics":[{"not_picked":["SlaversCollar","Ectoplasm"],"picked":"Busted Crown"},{"not_picked":["Cursed Key","Pandora\u0027s Box"],"picked":"Inserter"}],"items_purged_floors":[3,39],"is_endless":false,"potions_floor_spawned":[5,11,16,18,19,38,41,44],"ascension_level":0}}