{"host":"0qulokkk26x4i6bu","time":1614088923,"event":{"mods":["BaseMod","Bestiary","Block Reminder","DeckTracker","Minty Spire (QoL Compilation)","Relic Stats"],"gold_per_floor":[117,132,132,19,19,19,44,54,54,70,70,96,96,112,112,213,213,225,225,238,254,254,254,254],"floor_reached":23,"language":"ENG","playtime":1165,"items_purged":["Strike_G"],"score":231,"play_id":"3382a278-564e-4ad5-96ef-49b81ce0cd3a","local_time":"20210223060203","is_ascension_mode":true,"campfire_choices":[{"data":"Footwork","floor":6,"key":"SMITH"},{"data":"Neutralize","floor":13,"key":"SMITH"},{"data":"Blade Dance","floor":15,"key":"SMITH"}],"circlet_count":0,"master_deck":["Strike_G+1","Strike_G+1","Strike_G+1","Defend_G+1","Defend_G+1","Defend_G+1","Defend_G+1","Defend_G+1","Survivor","Neutralize+1","Flying Knee","Dagger Throw","Footwork+1","Footwork","Quick Slash","Terror","Backflip","Blade Dance+1","Catalyst","Burst","Cloak And Dagger","Poisoned Stab","Well Laid Plans+1"],"relics":["Ring of the Snake","Bag of Preparation","Omamori","Mercury Hourglass","Snake Skull","SlaversCollar"],"acts_visited":["Exordium","TheCity"],"potions_floor_usage":[12,16,16,21],"damage_taken":[{"damage":0,"enemies":"Cultist","floor":1,"turns":4},{"damage":0,"enemies":"Small Slimes","floor":2,"turns":3},{"damage":9,"enemies":"Lagavulin","floor":7,"turns":12},{"damage":0,"enemies":"2 Louse","floor":8,"turns":2},{"damage":2,"enemies":"Exordium Wildlife","floor":10,"turns":4},{"damage":19,"enemies":"Gremlin Nob","floor":12,"turns":5},{"damage":3,"enemies":"Looter","floor":14,"turns":2},{"damage":9,"enemies":"Slime Boss","floor":16,"turns":11},{"damage":36,"enemies":"Spheric Guardian","floor":18,"turns":8},{"damage":3,"enemies":"Shell Parasite","floor":20,"turns":7},{"damage":21,"enemies":"Chosen and Byrds","floor":21,"turns":5},{"damage":28,"enemies":"Slavers","floor":23,"turns":3}],"seed_played":"-1466236675895757212","potions_obtained":[{"floor":7,"key":"Energy Potion"},{"floor":8,"key":"AttackPotion"},{"floor":10,"key":"Strength Potion"},{"floor":11,"key":"SteroidPotion"},{"floor":14,"key":"Energy Potion"}],"is_trial":false,"path_per_floor":["M","M","?","$","?","R","E","M","T","M","?","E","R","M","R","B",null,"M","?","M","M","?","E"],"character_chosen":"THE_SILENT","items_purchased":["Footwork"],"campfire_rested":0,"item_purchase_floors":[4],"current_hp_per_floor":[70,70,75,75,75,75,66,66,66,64,64,45,45,42,42,33,75,39,39,36,15,15,0,0],"gold":254,"neow_bonus":"RANDOM_COMMON_RELIC","is_daily":false,"chose_seed":false,"campfire_upgraded":3,"win_rate":0.0,"timestamp":1614088923,"path_taken":["M","M","?","$","?","R","E","M","T","M","?","E","R","?","R","BOSS","M","?","M","M","?","E"],"items_purchased_type":["Card"],"build_version":"2020-12-22","purchased_purges":1,"victory":false,"max_hp_per_floor":[70,70,75,75,75,75,75,75,75,75,75,75,75,75,75,75,75,75,75,75,75,75,75,75],"relic_stats":{"counters":[12,65],"Snake Skull":[3],"Bag of Preparation":[24],"obtain_stats":[{"SlaversCollar":17,"Snake Skull":12,"Bag of Preparation":0,"Omamori":7,"Ring of the Snake":0,"Mercury Hourglass":9},{"SlaversCollar":8,"Snake Skull":6,"Bag of Preparation":0,"Omamori":3,"Ring of the Snake":0,"Mercury Hourglass":4},{"SlaversCollar":43,"Snake Skull":30,"Bag of Preparation":0,"Omamori":19,"Ring of the Snake":0,"Mercury Hourglass":21}],"Ring of the Snake":[24],"Mercury Hourglass":[167]},"card_choices":[{"not_picked":["Deflect","Acrobatics"],"picked":"Flying Knee","floor":1},{"not_picked":["Riddle With Holes","Slice"],"picked":"Dagger Throw","floor":2},{"not_picked":["Unload","Blur"],"picked":"Quick Slash","floor":7},{"not_picked":["Sucker Punch","Deadly Poison"],"picked":"Terror","floor":8},{"not_picked":["Choke","PiercingWail"],"picked":"Backflip","floor":10},{"not_picked":["Footwork","Finisher"],"picked":"Blade Dance","floor":12},{"not_picked":["Well Laid Plans","Deflect"],"picked":"Catalyst","floor":14},{"not_picked":["Die Die Die","Tools of the Trade"],"picked":"Burst","floor":16},{"not_picked":["Underhanded Strike","Terror"],"picked":"Cloak And Dagger","floor":18},{"not_picked":["Masterful Stab+1","Underhanded Strike"],"picked":"Poisoned Stab","floor":20},{"not_picked":["Dodge and Roll","All Out Attack+1"],"picked":"Well Laid Plans+1","floor":21}],"player_experience":73516,"relics_obtained":[{"floor":7,"key":"Omamori"},{"floor":9,"key":"Mercury Hourglass"},{"floor":12,"key":"Snake Skull"}],"event_choices":[{"damage_healed":0,"gold_gain":0,"player_choice":"Donut","damage_taken":0,"max_hp_gain":5,"max_hp_loss":0,"event_name":"Big Fish","floor":3,"gold_loss":0},{"damage_healed":0,"gold_gain":0,"cards_transformed":["Strike_G"],"player_choice":"Change","damage_taken":0,"max_hp_gain":0,"max_hp_loss":0,"event_name":"Living Wall","floor":5,"gold_loss":0,"cards_obtained":["Footwork"]},{"damage_healed":0,"gold_gain":0,"player_choice":"Got Potions","damage_taken":0,"max_hp_gain":0,"max_hp_loss":0,"event_name":"Lab","floor":11,"gold_loss":0},{"damage_healed":0,"gold_gain":0,"player_choice":"Ignored","damage_taken":0,"max_hp_gain":0,"max_hp_loss":0,"event_name":"Cursed Tome","floor":19,"gold_loss":0},{"damage_healed":0,"gold_gain":0,"player_choice":"Simplicity","damage_taken":0,"max_hp_gain":0,"max_hp_loss":0,"event_name":"Back to Basics","floor":22,"gold_loss":0,"cards_upgraded":["Strike_G","Strike_G","Strike_G","Defend_G","Defend_G","Defend_G","Defend_G","Defend_G"]}],"is_beta":false,"boss_relics":[{"not_picked":["Fusion Hammer","Snecko Eye"],"picked":"SlaversCollar"}],"items_purged_floors":[4],"is_endless":false,"potions_floor_spawned":[7,8,10,14],"killed_by":"Slavers","ascension_level":3}}