{"host":"0ueeacaatm8t6jyh","time":1614080347,"event":{"mods":["AchievementEnabler","BaseMod","Colored Powertips","Minty Spire (QoL Compilation)","Quick Restart","Rare Cards Sparkle","Shop Mod","StSLib"],"gold_per_floor":[112,129,54,65,76,105,105,138,138,138,138],"floor_reached":10,"language":"ZHS","playtime":570,"items_purged":["Defend_G"],"score":152,"play_id":"4f0e2046-20c8-4c51-badd-92bb555e3cbe","local_time":"20210223193907","is_ascension_mode":true,"campfire_choices":[{"floor":7.0,"key":"REST"}],"circlet_count":0,"master_deck":["AscendersBane","Strike_G","Strike_G","Strike_G","Strike_G","Strike_G","Defend_G","Defend_G","Defend_G","Defend_G","Survivor","Neutralize","Backflip","Tactician","Dagger Throw","Tools of the Trade","Phantasmal Killer"],"relics":["HoveringKite","Vajra","Omamori","Bag of Preparation"],"acts_visited":["Exordium"],"potions_floor_usage":[],"damage_taken":[{"damage":1.0,"enemies":"2 Louse","floor":1.0,"turns":5.0},{"damage":12.0,"enemies":"Cultist","floor":2.0,"turns":6.0},{"damage":9.0,"enemies":"Jaw Worm","floor":4.0,"turns":6.0},{"damage":0.0,"enemies":"2 Fungi Beasts","floor":5.0,"turns":4.0},{"damage":27.0,"enemies":"3 Sentries","floor":6.0,"turns":12.0},{"damage":27,"enemies":"Lagavulin","floor":8,"turns":10},{"damage":5,"enemies":"3 Sentries","floor":10,"turns":3}],"seed_played":"1589831675834112400","potions_obtained":[{"floor":2.0,"key":"LiquidMemories"},{"floor":4.0,"key":"SkillPotion"}],"is_trial":false,"path_per_floor":["M","M","$","M","M","E","R","E","T","E"],"character_chosen":"THE_SILENT","items_purchased":[],"campfire_rested":1,"item_purchase_floors":[],"current_hp_per_floor":[58,46,46,37,37,10,29,2,2,0,0],"gold":138,"neow_bonus":"BOSS_RELIC","is_daily":false,"chose_seed":false,"campfire_upgraded":0,"win_rate":0.0,"timestamp":1614080347,"path_taken":["M","M","$","M","M","E","R","E","T","E"],"items_purchased_type":[],"build_version":"2020-12-22","purchased_purges":1,"victory":false,"max_hp_per_floor":[66,66,66,66,66,66,66,66,66,66,66],"card_choices":[{"not_picked":["Underhanded Strike","Cloak And Dagger"],"picked":"Backflip","floor":1.0},{"not_picked":["Masterful Stab","Prepared"],"picked":"Tactician","floor":2.0},{"not_picked":["Expertise","Bouncing Flask"],"picked":"Dagger Throw","floor":4.0},{"not_picked":["Deflect","Outmaneuver","Flying Knee"],"picked":"SKIP","floor":5.0},{"not_picked":["Deflect","Outmaneuver","Flying Knee"],"picked":"SKIP","floor":5.0},{"not_picked":["Caltrops","Terror"],"picked":"Tools of the Trade","floor":6.0},{"not_picked":["All Out Attack","Cloak And Dagger"],"picked":"Phantasmal Killer","floor":8}],"player_experience":575307,"relics_obtained":[{"floor":6.0,"key":"Vajra"},{"floor":8,"key":"Omamori"},{"floor":9,"key":"Bag of Preparation"}],"event_choices":[],"is_beta":false,"boss_relics":[],"items_purged_floors":[3],"is_endless":false,"potions_floor_spawned":[2,4,5],"killed_by":"3 Sentries","ascension_level":19}}