{"host":"6406jj8da6015sxr","time":1614105592,"event":{"mods":["AchievementEnabler","BaseMod","Colored Map","DeckTracker","Keyboard Shortcuts","Minty Spire (QoL Compilation)","Permanent Neow","Relic Stats","SuperFastMode","everything is the same but u backflip on backflip"],"gold_per_floor":[119,169,187,204,215,240,254,254,278,278,179,213,50,66,66,143,143,159,159,170,170,57,57,57,57,57,57,57,75,91,140,140,217,217,234,49,49,67,79,79,95,95,95,95,109,109,127,127,127,127,127,127],"floor_reached":51,"language":"KOR","playtime":1722,"items_purged":["Strike_G"],"score":1314,"play_id":"ce85c8b4-edcf-4423-b4e1-cd4067cb31a0","local_time":"20210224033952","is_ascension_mode":true,"campfire_choices":[{"floor":8.0,"key":"REST"},{"data":"Dagger Spray","floor":10.0,"key":"SMITH"},{"data":"Malaise","floor":15.0,"key":"SMITH"},{"data":"Noxious Fumes","floor":23.0,"key":"SMITH"},{"data":"Catalyst","floor":25.0,"key":"SMITH"},{"data":"Catalyst","floor":27.0,"key":"SMITH"},{"data":"Noxious Fumes","floor":32.0,"key":"SMITH"},{"data":"Bouncing Flask","floor":40.0,"key":"SMITH"},{"floor":42.0,"key":"REST"},{"data":"Neutralize","floor":49,"key":"SMITH"}],"circlet_count":0,"master_deck":["AscendersBane","Strike_G","Strike_G","Strike_G","Defend_G","Defend_G","Defend_G","Defend_G","Defend_G","Survivor","Neutralize+1","Adrenaline+1","Backstab","Blur","Catalyst+1","Catalyst+1","Dagger Spray","Skewer","Malaise+1","Adrenaline","PiercingWail+1","Noxious Fumes+1","Acrobatics","Noxious Fumes+1","CurseOfTheBell","Sadistic Nature","Bouncing Flask+1","Dodge and Roll+1","PiercingWail"],"relics":["Ring of the Snake","Blue Candle","Bag of Marbles","MealTicket","PreservedInsect","Philosopher\u0027s Stone","Torii","Dream Catcher","Calling Bell","Blood Vial","Singing Bowl","The Specimen","Ancient Tea Set"],"acts_visited":["Exordium","TheCity","TheBeyond"],"potions_floor_usage":[50],"damage_taken":[{"damage":0.0,"enemies":"2 Louse","floor":1.0,"turns":5.0},{"damage":6.0,"enemies":"Cultist","floor":3.0,"turns":5.0},{"damage":0.0,"enemies":"Small Slimes","floor":4.0,"turns":3.0},{"damage":0.0,"enemies":"Exordium Wildlife","floor":5.0,"turns":3.0},{"damage":19.0,"enemies":"Lagavulin","floor":6.0,"turns":7.0},{"damage":6.0,"enemies":"2 Fungi Beasts","floor":7.0,"turns":4.0},{"damage":0.0,"enemies":"Gremlin Nob","floor":12.0,"turns":3.0},{"damage":7.0,"enemies":"Lots of Slimes","floor":14.0,"turns":3.0},{"damage":39.0,"enemies":"The Guardian","floor":16.0,"turns":20.0},{"damage":3.0,"enemies":"Shell Parasite","floor":18.0,"turns":8.0},{"damage":1.0,"enemies":"Chosen","floor":20.0,"turns":7.0},{"damage":4.0,"enemies":"Shelled Parasite and Fungi","floor":29.0,"turns":5.0},{"damage":2.0,"enemies":"Snecko","floor":30.0,"turns":6.0},{"damage":38.0,"enemies":"Automaton","floor":33.0,"turns":8.0},{"damage":3.0,"enemies":"3 Shapes","floor":35.0,"turns":6.0},{"damage":1.0,"enemies":"Orb Walker","floor":38.0,"turns":3.0},{"damage":15.0,"enemies":"Maw","floor":39.0,"turns":9.0},{"damage":37.0,"enemies":"Jaw Worm Horde","floor":41.0,"turns":3.0},{"damage":33.0,"enemies":"Spire Growth","floor":45.0,"turns":4.0},{"damage":0,"enemies":"Maw","floor":47,"turns":4},{"damage":28,"enemies":"Time Eater","floor":50,"turns":7},{"damage":42,"enemies":"Donu and Deca","floor":51,"turns":4}],"seed_played":"-5307865547579004708","potions_obtained":[{"floor":1.0,"key":"Fire Potion"},{"floor":3.0,"key":"CultistPotion"},{"floor":6.0,"key":"BlessingOfTheForge"},{"floor":14.0,"key":"Energy Potion"},{"floor":16.0,"key":"Strength Potion"},{"floor":18.0,"key":"Block Potion"},{"floor":30.0,"key":"DistilledChaos"},{"floor":41.0,"key":"SteroidPotion"},{"floor":45.0,"key":"AttackPotion"}],"is_trial":false,"path_per_floor":["M","?","M","M","M","E","M","R","T","R","$","E","$","M","R","B",null,"M","?","M","?","$","R","$","R","T","R","?","M","M","T","R","B",null,"M","$","?","M","M","R","M","R","T","?","M","?","M","?","R","B","B"],"character_chosen":"THE_SILENT","items_purchased":["Dagger Spray","PreservedInsect","Noxious Fumes","Acrobatics","Sadistic Nature"],"campfire_rested":2,"item_purchase_floors":[11,13,22,22,36],"current_hp_per_floor":[59,59,53,53,53,34,28,47,47,47,47,47,62,55,55,16,54,51,51,50,32,47,47,62,62,62,62,62,58,56,56,56,18,58,59,73,73,74,60,60,27,52,52,52,21,21,23,65,65,37,0,0],"gold":127,"neow_bonus":"ONE_RANDOM_RARE_CARD","is_daily":false,"chose_seed":false,"campfire_upgraded":8,"win_rate":0.0,"timestamp":1614105592,"path_taken":["M","?","M","?","M","E","M","R","T","R","$","E","?","M","R","BOSS","M","?","M","?","$","R","?","R","T","R","?","M","?","?","R","BOSS","M","$","?","M","?","R","M","R","T","?","M","?","M","?","R","BOSS","BOSS"],"items_purchased_type":["Card","Relic","Card","Card","Card"],"build_version":"2020-12-22","purchased_purges":1,"victory":false,"max_hp_per_floor":[66,66,66,66,66,66,66,66,66,66,66,66,66,66,66,66,66,66,66,66,71,71,71,71,71,71,71,71,71,71,71,71,71,71,73,73,73,75,75,75,77,79,79,79,79,79,79,65,65,65,65,65],"relic_stats":{"Blood Vial":11,"Dream Catcher":1,"Torii":36,"Singing Bowl":8,"counters":[22,127],"Blue Candle":[2],"MealTicket":59,"PreservedInsect":0,"obtain_stats":[{"Torii":26,"Singing Bowl":34,"The Specimen":34,"Blue Candle":6,"PreservedInsect":13,"Ancient Tea Set":43,"Calling Bell":34,"Blood Vial":34,"Dream Catcher":31,"MealTicket":12,"Philosopher\u0027s Stone":17,"Bag of Marbles":9,"Ring of the Snake":0},{"Torii":11,"Singing Bowl":14,"The Specimen":14,"Blue Candle":5,"PreservedInsect":7,"Ancient Tea Set":18,"Calling Bell":14,"Blood Vial":14,"Dream Catcher":13,"MealTicket":7,"Philosopher\u0027s Stone":9,"Bag of Marbles":6,"Ring of the Snake":0},{"Torii":68,"Singing Bowl":87,"The Specimen":87,"Blue Candle":23,"PreservedInsect":30,"Ancient Tea Set":108,"Calling Bell":87,"Blood Vial":87,"Dream Catcher":79,"MealTicket":30,"Philosopher\u0027s Stone":53,"Bag of Marbles":27,"Ring of the Snake":0}],"Ring of the Snake":[44]},"card_choices":[{"not_picked":["Distraction","Outmaneuver"],"picked":"Backstab","floor":1.0},{"not_picked":["Dagger Throw","Blade Dance"],"picked":"Dagger Spray","floor":3.0},{"not_picked":["Well Laid Plans","Setup","Bane"],"picked":"SKIP","floor":4.0},{"not_picked":["Outmaneuver","Poisoned Stab"],"picked":"Blur","floor":5.0},{"not_picked":["Well Laid Plans","Setup"],"picked":"Catalyst","floor":6.0},{"not_picked":["Dagger Spray","PiercingWail"],"picked":"Catalyst","floor":7.0},{"not_picked":["Bane","Caltrops"],"picked":"Skewer","floor":12.0},{"not_picked":["PiercingWail","Sucker Punch"],"picked":"Malaise","floor":14.0},{"not_picked":["Storm of Steel","Doppelganger"],"picked":"Adrenaline","floor":16.0},{"not_picked":["Poisoned Stab","Well Laid Plans"],"picked":"PiercingWail+1","floor":18.0},{"not_picked":["Sucker Punch","Flying Knee","Underhanded Strike"],"picked":"SKIP","floor":20.0},{"not_picked":["Prepared","Well Laid Plans","Dodge and Roll"],"picked":"SKIP","floor":29.0},{"not_picked":["Well Laid Plans","Choke"],"picked":"Noxious Fumes","floor":30.0},{"not_picked":["Infinite Blades","Terror","Skewer"],"picked":"Singing Bowl","floor":35.0},{"not_picked":["Slice+1","Backflip+1","Sucker Punch"],"picked":"Singing Bowl","floor":38.0},{"not_picked":["Leg Sweep+1","Poisoned Stab"],"picked":"Bouncing Flask","floor":39.0},{"not_picked":["Prepared","Cloak And Dagger","Sucker Punch+1"],"picked":"Singing Bowl","floor":41.0},{"not_picked":["Terror","Well Laid Plans","Bouncing Flask"],"picked":"Singing Bowl","floor":42.0},{"not_picked":["Terror+1","Infinite Blades"],"picked":"Dodge and Roll+1","floor":45.0},{"not_picked":["Dagger Throw+1","Distraction+1"],"picked":"PiercingWail","floor":47}],"player_experience":94914,"relics_obtained":[{"floor":6.0,"key":"Blue Candle"},{"floor":9.0,"key":"Bag of Marbles"},{"floor":12.0,"key":"MealTicket"},{"floor":26.0,"key":"Torii"},{"floor":31.0,"key":"Dream Catcher"},{"floor":34.0,"key":"Blood Vial"},{"floor":34.0,"key":"Singing Bowl"},{"floor":34.0,"key":"The Specimen"},{"floor":43.0,"key":"Ancient Tea Set"}],"event_choices":[{"damage_healed":0.0,"max_hp_gain":0.0,"max_hp_loss":0.0,"gold_gain":50.0,"event_name":"Golden Shrine","player_choice":"Pray","floor":2.0,"gold_loss":0.0,"damage_taken":0.0},{"damage_healed":0.0,"max_hp_gain":0.0,"max_hp_loss":0.0,"gold_gain":0.0,"event_name":"Ghosts","player_choice":"Ignored","floor":19.0,"gold_loss":0.0,"damage_taken":0.0},{"damage_healed":0.0,"max_hp_gain":5.0,"max_hp_loss":0.0,"gold_gain":0.0,"event_name":"Forgotten Altar","player_choice":"Shed Blood","floor":21.0,"gold_loss":0.0,"damage_taken":23.0},{"damage_healed":0.0,"max_hp_gain":0.0,"max_hp_loss":0.0,"gold_gain":0.0,"event_name":"Accursed Blacksmith","player_choice":"Forge","floor":28.0,"gold_loss":0.0,"damage_taken":0.0,"cards_upgraded":["Adrenaline"]},{"cards_removed":["Strike_G"],"damage_healed":0.0,"max_hp_gain":0.0,"max_hp_loss":0.0,"gold_gain":0.0,"event_name":"Bonfire Elementals","player_choice":"Offered Basic","floor":37.0,"gold_loss":0.0,"damage_taken":0.0},{"cards_removed":["Dagger Spray"],"damage_healed":0.0,"max_hp_gain":0.0,"max_hp_loss":0.0,"gold_gain":0.0,"event_name":"Falling","player_choice":"Removed Attack","floor":44.0,"gold_loss":0.0,"damage_taken":0.0},{"damage_healed":0,"gold_gain":0,"player_choice":"Ignored","damage_taken":0,"max_hp_gain":0,"max_hp_loss":0,"event_name":"Mysterious Sphere","floor":46,"gold_loss":0},{"damage_healed":65,"gold_gain":0,"player_choice":"Heal","damage_taken":0,"max_hp_gain":0,"max_hp_loss":14,"event_name":"The Moai Head","floor":48,"gold_loss":0}],"is_beta":false,"boss_relics":[{"not_picked":["Fusion Hammer","Busted Crown"],"picked":"Philosopher\u0027s Stone"},{"not_picked":["HoveringKite","Snecko Eye"],"picked":"Calling Bell"}],"items_purged_floors":[11],"is_endless":false,"potions_floor_spawned":[1,3,6,14,16,18,30,41,45],"killed_by":"Donu and Deca","ascension_level":20}}