{"host":"981nlwu0905dw1bz","time":1614081244,"event":{"mods":["AchievementEnabler","BaseMod","DeckTracker","Minty Spire (QoL Compilation)","Rare Cards Sparkle","SuperFastMode"],"gold_per_floor":[109,109,109,129,141,171,171,196,223,223,242,317,242,272,272,370,370,383,401,415,330,185,185,185,185],"floor_reached":24,"language":"KOR","playtime":810,"items_purged":["Strike_R"],"score":300,"play_id":"d853692d-05a6-4eed-b353-b92ec8a10e2a","local_time":"20210223205404","is_ascension_mode":true,"campfire_choices":[{"data":"Anger","floor":7.0,"key":"SMITH"},{"floor":10.0,"key":"REST"},{"data":"Inflame","floor":15.0,"key":"SMITH"},{"floor":23.0,"key":"REST"}],"circlet_count":0,"master_deck":["Strike_R","Strike_R","Strike_R+1","Defend_R","Defend_R+1","Defend_R","Defend_R","Bash+1","Anger+1","Flame Barrier","Dropkick","Anger+1","Inflame+1"],"relics":["Burning Blood","Whetstone","Bag of Preparation","Art of War","Torii","Oddly Smooth Stone","Sling"],"acts_visited":["Exordium","TheCity"],"potions_floor_usage":[],"damage_taken":[{"damage":0.0,"enemies":"Cultist","floor":1.0,"turns":2.0},{"damage":2.0,"enemies":"Small Slimes","floor":4.0,"turns":2.0},{"damage":6.0,"enemies":"2 Louse","floor":5.0,"turns":3.0},{"damage":35.0,"enemies":"3 Sentries","floor":6.0,"turns":9.0},{"damage":8.0,"enemies":"Gremlin Nob","floor":8.0,"turns":3.0},{"damage":0.0,"enemies":"2 Fungi Beasts","floor":11.0,"turns":2.0},{"damage":15.0,"enemies":"3 Sentries","floor":14.0,"turns":6.0},{"damage":36.0,"enemies":"The Guardian","floor":16.0,"turns":10.0},{"damage":11.0,"enemies":"2 Thieves","floor":18.0,"turns":3.0},{"damage":12.0,"enemies":"Chosen","floor":19.0,"turns":3.0},{"damage":36.0,"enemies":"Sentry and Sphere","floor":20.0,"turns":6.0},{"damage":0,"enemies":"Gremlin Leader","floor":24,"turns":1}],"seed_played":"-4696200130296369266","potions_obtained":[{"floor":1.0,"key":"DuplicationPotion"},{"floor":4.0,"key":"BlessingOfTheForge"},{"floor":11.0,"key":"Explosive Potion"},{"floor":14.0,"key":"DuplicationPotion"},{"floor":16.0,"key":"ColorlessPotion"},{"floor":19.0,"key":"SpeedPotion"}],"is_trial":false,"path_per_floor":["M","?","?","M","M","E","R","E","T","R","M","?","$","E","R","B",null,"M","M","M","?","$","R","E"],"character_chosen":"IRONCLAD","items_purchased":["Sling"],"campfire_rested":2,"item_purchase_floors":[22],"current_hp_per_floor":[78,78,62,66,66,37,37,35,35,59,65,54,54,45,45,15,64,59,53,23,23,23,47,47,47],"gold":185,"neow_bonus":"THREE_CARDS","is_daily":false,"chose_seed":false,"campfire_upgraded":2,"win_rate":0.0,"timestamp":1614081244,"path_taken":["M","?","?","M","M","E","R","E","T","R","M","?","$","E","R","BOSS","M","M","M","?","$","R","E"],"items_purchased_type":["Relic"],"build_version":"2020-12-22","purchased_purges":1,"victory":false,"max_hp_per_floor":[80,80,80,80,80,80,80,80,80,80,80,80,80,80,80,80,80,80,80,80,80,80,80,80,80],"card_choices":[{"not_picked":["Combust","Warcry"],"picked":"Anger","floor":0.0},{"not_picked":["Sword Boomerang","Sentinel"],"picked":"Flame Barrier","floor":1.0},{"not_picked":["True Grit","Pommel Strike"],"picked":"Anger","floor":4.0},{"not_picked":["Heavy Blade","Clothesline","Rupture"],"picked":"SKIP","floor":5.0},{"not_picked":["Juggernaut","Cleave","Reckless Charge"],"picked":"SKIP","floor":6.0},{"not_picked":["Wild Strike","True Grit","Intimidate"],"picked":"SKIP","floor":8.0},{"not_picked":["Fire Breathing","Pommel Strike","True Grit"],"picked":"SKIP","floor":11.0},{"not_picked":["Perfected Strike","Clash"],"picked":"Inflame","floor":14.0},{"not_picked":["Pummel","Iron Wave","Armaments+1"],"picked":"SKIP","floor":18.0},{"not_picked":["Pommel Strike","Twin Strike","Headbutt"],"picked":"SKIP","floor":19.0},{"not_picked":["Uppercut","Clash","Cleave"],"picked":"SKIP","floor":20.0}],"player_experience":567863,"relics_obtained":[{"floor":6.0,"key":"Whetstone"},{"floor":8.0,"key":"Bag of Preparation"},{"floor":9.0,"key":"Art of War"},{"floor":14.0,"key":"Torii"}],"event_choices":[{"damage_healed":0.0,"max_hp_gain":0.0,"max_hp_loss":0.0,"gold_gain":0.0,"cards_transformed":["Strike_R"],"event_name":"Living Wall","player_choice":"Change","floor":2.0,"gold_loss":0.0,"damage_taken":0.0,"cards_obtained":["Dropkick"]},{"damage_healed":0.0,"max_hp_gain":0.0,"max_hp_loss":0.0,"gold_gain":0.0,"event_name":"Shining Light","player_choice":"Entered Light","floor":3.0,"gold_loss":0.0,"damage_taken":16.0,"cards_upgraded":["Strike_R","Defend_R"]},{"damage_healed":0.0,"max_hp_gain":0.0,"max_hp_loss":0.0,"gold_gain":75.0,"event_name":"World of Goop","player_choice":"Gather Gold","floor":12.0,"gold_loss":0.0,"damage_taken":11.0},{"damage_healed":0.0,"max_hp_gain":0.0,"max_hp_loss":0.0,"gold_gain":0.0,"event_name":"Addict","player_choice":"Obtained Relic","floor":21.0,"gold_loss":85.0,"damage_taken":0.0,"relics_obtained":["Oddly Smooth Stone"]}],"is_beta":false,"boss_relics":[{"not_picked":["Snecko Eye","Ectoplasm","Runic Dome"]}],"items_purged_floors":[13],"is_endless":false,"potions_floor_spawned":[1,4,11,14,16,19],"killed_by":"Gremlin Leader","ascension_level":8}}