{"host":"8is2j71l4wmybkoi","time":1614092418,"event":{"mods":["AchievementEnabler","BaseMod","Colored Map","DeckTracker","Minty Spire (QoL Compilation)","Rare Cards Sparkle","Relic Stats","StSLib","SuperFastMode"],"gold_per_floor":[112,112,137,151,151,151,164,164,164,164,89,133,147,162,162,162,162],"floor_reached":16,"language":"KOR","playtime":549,"items_purged":[],"score":179,"play_id":"060929c7-54c4-4e8f-a419-a558025cc0af","local_time":"20210224000018","is_ascension_mode":true,"campfire_choices":[{"data":"Tactician","floor":6,"key":"SMITH"},{"floor":10,"key":"REST"},{"floor":15,"key":"REST"}],"circlet_count":0,"master_deck":["AscendersBane","Strike_G","Strike_G","Strike_G","Strike_G","Defend_G","Defend_G","Defend_G","Defend_G","Survivor","Neutralize","Dash","Reflex","Tactician+1","PiercingWail","Acrobatics","Dagger Spray","Prepared"],"relics":["Ring of the Snake","Golden Idol","Calipers","Unceasing Top","Boot"],"acts_visited":["Exordium"],"potions_floor_usage":[7,12,14,16],"damage_taken":[{"damage":11,"enemies":"Jaw Worm","floor":1,"turns":6},{"damage":0,"enemies":"Small Slimes","floor":3,"turns":3},{"damage":0,"enemies":"2 Louse","floor":4,"turns":2},{"damage":10,"enemies":"Exordium Thugs","floor":7,"turns":6},{"damage":18,"enemies":"3 Sentries","floor":12,"turns":13},{"damage":4,"enemies":"2 Fungi Beasts","floor":13,"turns":5},{"damage":4,"enemies":"Gremlin Gang","floor":14,"turns":5},{"damage":45,"enemies":"The Guardian","floor":16,"turns":18}],"seed_played":"-8650857614764245358","potions_obtained":[{"floor":1,"key":"GhostInAJar"},{"floor":3,"key":"BlessingOfTheForge"},{"floor":13,"key":"Block Potion"},{"floor":14,"key":"Weak Potion"}],"is_trial":false,"path_per_floor":["M","?","M","M","?","R","M","?","T","R","?","E","M","M","R","B"],"character_chosen":"THE_SILENT","items_purchased":[],"campfire_rested":2,"item_purchase_floors":[],"current_hp_per_floor":[48,48,48,48,53,53,43,25,25,44,44,26,22,18,37,0,0],"gold":162,"neow_bonus":"REMOVE_CARD","is_daily":false,"chose_seed":false,"campfire_upgraded":1,"win_rate":0.0,"timestamp":1614092418,"path_taken":["M","?","M","M","?","R","M","?","T","R","?","E","M","M","R","BOSS"],"items_purchased_type":[],"build_version":"2020-12-22","purchased_purges":0,"victory":false,"max_hp_per_floor":[66,60,60,60,65,65,65,65,65,65,65,65,65,65,65,65,65],"relic_stats":{"counters":[8,58],"Golden Idol":26,"Boot":[57],"obtain_stats":[{"Calipers":8,"Golden Idol":2,"Boot":12,"Unceasing Top":9,"Ring of the Snake":0},{"Calipers":4,"Golden Idol":1,"Boot":5,"Unceasing Top":4,"Ring of the Snake":0},{"Calipers":17,"Golden Idol":6,"Boot":30,"Unceasing Top":17,"Ring of the Snake":0}],"Unceasing Top":[1],"Ring of the Snake":[16]},"card_choices":[{"not_picked":["Riddle With Holes","Dagger Throw"],"picked":"Dash","floor":1},{"not_picked":["Deflect","Bane"],"picked":"Reflex","floor":3},{"not_picked":["Skewer","Sucker Punch"],"picked":"Tactician","floor":4},{"not_picked":["Accuracy","Dodge and Roll"],"picked":"PiercingWail","floor":7},{"not_picked":["Infinite Blades","Catalyst"],"picked":"Acrobatics","floor":12},{"not_picked":["Deadly Poison","Slice"],"picked":"Dagger Spray","floor":13},{"not_picked":["PiercingWail","Sucker Punch"],"picked":"Prepared","floor":14}],"player_experience":1331942,"relics_obtained":[{"floor":9,"key":"Unceasing Top"},{"floor":12,"key":"Boot"}],"event_choices":[{"damage_healed":0,"gold_gain":0,"player_choice":"Lose Max HP","damage_taken":0,"relics_obtained":["Golden Idol"],"max_hp_gain":0,"max_hp_loss":6,"event_name":"Golden Idol","floor":2,"gold_loss":0},{"damage_healed":0,"gold_gain":0,"player_choice":"Donut","damage_taken":0,"max_hp_gain":5,"max_hp_loss":0,"event_name":"Big Fish","floor":5,"gold_loss":0},{"damage_healed":0,"gold_gain":0,"player_choice":"Success","damage_taken":18,"relics_obtained":["Calipers"],"max_hp_gain":0,"max_hp_loss":0,"event_name":"Scrap Ooze","floor":8,"gold_loss":0},{"cards_removed":["Strike_G"],"damage_healed":0,"gold_gain":0,"player_choice":"Card Removal","damage_taken":0,"max_hp_gain":0,"max_hp_loss":0,"event_name":"The Cleric","floor":11,"gold_loss":75}],"is_beta":false,"boss_relics":[],"items_purged_floors":[],"is_endless":false,"potions_floor_spawned":[1,3,13,14],"killed_by":"The Guardian","ascension_level":15}}