{"host":"3uh6d38h6u62bhfi","time":1614098580,"event":{"mods":["AchievementEnabler","BaseMod","DeckTracker","Minty Spire (QoL Compilation)","Permanent Neow","SuperFastMode","everything is the same but u backflip on backflip"],"gold_per_floor":[119,129,147,5,21,21,34,54,54,54,89,89,89,8,8,137,137,160,160,100,123,147,147,147],"floor_reached":23,"language":"KOR","playtime":770,"items_purged":["Parasite"],"score":268,"play_id":"9670dada-1c9d-40a8-bdc7-bff57da4c496","local_time":"20210224014300","is_ascension_mode":false,"campfire_choices":[{"data":"Apotheosis","floor":6,"key":"SMITH"},{"data":"Tantrum","floor":10,"key":"SMITH"},{"data":"DevaForm","floor":12,"key":"SMITH"},{"floor":15,"key":"REST"}],"circlet_count":0,"master_deck":["Strike_P","Strike_P","Strike_P","Strike_P","Defend_P","Defend_P","Defend_P","Eruption","Vigilance","Apotheosis+1","Consecrate","FlyingSleeves","FollowUp","FearNoEvil","Swivel","Tantrum+1","DevaForm+1","Adaptation","Vault","CrushJoints+1","Crescendo"],"relics":["PureWater","Mummified Hand","Pantograph","Golden Idol","SacredBark"],"acts_visited":["Exordium","TheCity"],"potions_floor_usage":[3,8,21,22,23],"damage_taken":[{"damage":0,"enemies":"Cultist","floor":1,"turns":3},{"damage":7,"enemies":"Jaw Worm","floor":2,"turns":4},{"damage":0,"enemies":"2 Louse","floor":3,"turns":1},{"damage":2,"enemies":"Looter","floor":5,"turns":2},{"damage":8,"enemies":"Gremlin Gang","floor":7,"turns":4},{"damage":0,"enemies":"Lots of Slimes","floor":8,"turns":1},{"damage":0,"enemies":"Gremlin Nob","floor":11,"turns":2},{"damage":0,"enemies":"Slime Boss","floor":16,"turns":6},{"damage":2,"enemies":"Chosen","floor":18,"turns":4},{"damage":25,"enemies":"Shell Parasite","floor":21,"turns":4},{"damage":20,"enemies":"Centurion and Healer","floor":22,"turns":4},{"damage":40,"enemies":"Slavers","floor":23,"turns":2}],"seed_played":"-4154745279946070806","potions_obtained":[{"floor":2,"key":"Explosive Potion"},{"floor":3,"key":"Regen Potion"},{"floor":7,"key":"SkillPotion"},{"floor":16,"key":"BlessingOfTheForge"},{"floor":22,"key":"Ambrosia"}],"is_trial":false,"path_per_floor":["M","M","M","$","M","R","M","M","T","R","E","R","?","$","R","B",null,"M","?","?","M","M","E"],"character_chosen":"WATCHER","items_purchased":["FearNoEvil","Adaptation"],"campfire_rested":1,"item_purchase_floors":[4,14],"current_hp_per_floor":[72,65,65,65,63,63,55,55,55,55,55,55,38,38,58,69,69,67,55,55,57,37,0,0],"gold":147,"neow_bonus":"RANDOM_COLORLESS_2","is_daily":false,"chose_seed":false,"campfire_upgraded":3,"win_rate":0.0,"timestamp":1614098580,"path_taken":["M","?","M","$","M","R","M","?","T","R","E","R","?","$","R","BOSS","M","?","?","M","?","E"],"items_purchased_type":["Card","Card"],"build_version":"2020-12-22","purchased_purges":1,"victory":false,"max_hp_per_floor":[72,72,72,69,69,69,69,69,69,69,69,69,69,69,69,69,69,69,74,74,74,74,74,74],"card_choices":[{"not_picked":["Transmutation","Secret Technique"],"picked":"Apotheosis","floor":0},{"not_picked":["BowlingBash","ClearTheMind"],"picked":"Consecrate","floor":1},{"not_picked":["Protect","DeceiveReality"],"picked":"FlyingSleeves","floor":2},{"not_picked":["ClearTheMind","Halt"],"picked":"FollowUp","floor":3},{"not_picked":["CutThroughFate","Consecrate","Evaluate"],"picked":"SKIP","floor":5},{"not_picked":["CutThroughFate","EmptyFist"],"picked":"Swivel","floor":7},{"not_picked":["FollowUp","BowlingBash"],"picked":"Tantrum","floor":8},{"not_picked":["Prostrate","SignatureMove"],"picked":"DevaForm","floor":11},{"not_picked":["DevaForm","Scrawl"],"picked":"Vault","floor":16},{"not_picked":["Evaluate","FollowUp","ClearTheMind"],"picked":"SKIP","floor":18},{"not_picked":["Wallop+1","Collect"],"picked":"CrushJoints+1","floor":21},{"not_picked":["WaveOfTheHand","Evaluate+1"],"picked":"Crescendo","floor":22}],"player_experience":177921,"relics_obtained":[{"floor":9,"key":"Mummified Hand"},{"floor":11,"key":"Pantograph"}],"event_choices":[{"damage_healed":0,"gold_gain":0,"player_choice":"Take Damage","damage_taken":17,"relics_obtained":["Golden Idol"],"max_hp_gain":0,"max_hp_loss":0,"event_name":"Golden Idol","floor":13,"gold_loss":0},{"damage_healed":0,"gold_gain":0,"player_choice":"Shed Blood","damage_taken":17,"max_hp_gain":5,"max_hp_loss":0,"event_name":"Forgotten Altar","floor":19,"gold_loss":0},{"cards_removed":["Defend_P"],"damage_healed":0,"gold_gain":0,"player_choice":"Single Remove","damage_taken":0,"max_hp_gain":0,"max_hp_loss":0,"event_name":"Designer","floor":20,"gold_loss":60}],"is_beta":false,"boss_relics":[{"not_picked":["Runic Dome","Sozu"],"picked":"SacredBark"}],"items_purged_floors":[4],"is_endless":false,"potions_floor_spawned":[2,3,7,16,22],"killed_by":"Slavers","ascension_level":0}}