{"host":"vumwfieg2b2mnrfl","time":1614053600,"event":{"mods":["AchievementEnabler","BaseMod","Minty Spire (QoL Compilation)","Rare Cards Sparkle","Relic Stats"],"gold_per_floor":[115,170,170,14,28,61,61,93,93,93,93,113,125,140,140,140,140],"floor_reached":16,"language":"ENG","playtime":376,"items_purged":[],"score":270,"play_id":"0c9b2340-3ad0-452a-a0d3-f562b098b755","local_time":"20210222221320","is_ascension_mode":true,"campfire_choices":[{"data":"Bash","floor":7.0,"key":"SMITH"},{"data":"Clothesline","floor":11.0,"key":"SMITH"},{"data":"Armaments","floor":15.0,"key":"SMITH"}],"circlet_count":0,"master_deck":["AscendersBane","Strike_R","Strike_R","Strike_R","Strike_R","Strike_R","Defend_R","Defend_R","Defend_R","Defend_R","Bash+1","Clothesline+1","Limit Break","Heavy Blade","Ghostly Armor","Armaments+1","Inflame"],"relics":["Burning Blood","NeowsBlessing","Letter Opener","InkBottle","Bronze Scales","Blue Candle"],"acts_visited":["Exordium"],"potions_floor_usage":[16,16],"damage_taken":[{"damage":0.0,"enemies":"Cultist","floor":1.0,"turns":1.0},{"damage":0.0,"enemies":"Small Slimes","floor":5.0,"turns":1.0},{"damage":0.0,"enemies":"Gremlin Nob","floor":6.0,"turns":1.0},{"damage":65.0,"enemies":"3 Sentries","floor":8.0,"turns":13.0},{"damage":0.0,"enemies":"2 Louse","floor":12.0,"turns":3.0},{"damage":24.0,"enemies":"Exordium Thugs","floor":13.0,"turns":5.0},{"damage":0.0,"enemies":"Looter","floor":14.0,"turns":3.0},{"damage":22,"enemies":"Slime Boss","floor":16,"turns":5}],"seed_played":"3182182401621314521","potions_obtained":[{"floor":5.0,"key":"PowerPotion"},{"floor":8.0,"key":"LiquidMemories"},{"floor":14.0,"key":"Swift Potion"}],"is_trial":false,"path_per_floor":["M","?","?","$","M","E","R","E","T","?","R","M","M","M","R","B"],"character_chosen":"IRONCLAD","items_purchased":["Limit Break"],"campfire_rested":0,"item_purchase_floors":[4],"current_hp_per_floor":[74,74,69,69,75,75,75,16,16,21,21,27,9,15,15,0,0],"gold":140,"neow_bonus":"THREE_ENEMY_KILL","is_daily":false,"chose_seed":false,"campfire_upgraded":3,"win_rate":0.0,"timestamp":1614053600,"path_taken":["M","?","?","$","M","E","R","E","T","?","R","M","M","M","R","BOSS"],"items_purchased_type":["Card"],"build_version":"2020-12-22","purchased_purges":0,"victory":false,"max_hp_per_floor":[75,75,75,75,75,75,75,75,75,75,75,75,75,75,75,75,75],"relic_stats":{"counters":[8,32],"Bronze Scales":[30],"Blue Candle":[0],"Letter Opener":[20],"obtain_stats":[{"NeowsBlessing":0,"Bronze Scales":8,"Blue Candle":9,"Letter Opener":3,"Burning Blood":0,"InkBottle":6},{"NeowsBlessing":0,"Bronze Scales":4,"Blue Candle":4,"Letter Opener":1,"Burning Blood":0,"InkBottle":3},{"NeowsBlessing":0,"Bronze Scales":16,"Blue Candle":16,"Letter Opener":1,"Burning Blood":0,"InkBottle":3}],"Burning Blood":36,"InkBottle":[5]},"card_choices":[{"not_picked":["Pommel Strike","Sword Boomerang"],"picked":"Clothesline","floor":1.0},{"not_picked":["Cleave","Seeing Red"],"picked":"Heavy Blade","floor":5.0},{"not_picked":["Twin Strike","Combust"],"picked":"Ghostly Armor","floor":6.0},{"not_picked":["Sword Boomerang","Pummel"],"picked":"Warcry","floor":8.0},{"not_picked":["Sentinel","Clothesline","Wild Strike"],"picked":"SKIP","floor":12.0},{"not_picked":["Warcry","Anger"],"picked":"Armaments","floor":13.0},{"not_picked":["Carnage","Warcry"],"picked":"Inflame","floor":14.0}],"player_experience":579180,"relics_obtained":[{"floor":6.0,"key":"InkBottle"},{"floor":8.0,"key":"Bronze Scales"},{"floor":9.0,"key":"Blue Candle"}],"event_choices":[{"damage_healed":0.0,"max_hp_gain":0.0,"max_hp_loss":0.0,"gold_gain":55.0,"event_name":"Golden Wing","player_choice":"Gained Gold","floor":2.0,"gold_loss":0.0,"damage_taken":0.0},{"damage_healed":0.0,"max_hp_gain":0.0,"max_hp_loss":0.0,"gold_gain":0.0,"event_name":"Scrap Ooze","player_choice":"Success","floor":3.0,"gold_loss":0.0,"damage_taken":5.0,"relics_obtained":["Letter Opener"]},{"cards_removed":["Warcry"],"damage_healed":5.0,"max_hp_gain":0.0,"max_hp_loss":0.0,"gold_gain":0.0,"event_name":"Bonfire Elementals","player_choice":"Offered Common","floor":10.0,"gold_loss":0.0,"damage_taken":0.0},{"cards_removed":["Warcry"],"damage_healed":5.0,"max_hp_gain":0.0,"max_hp_loss":0.0,"gold_gain":0.0,"event_name":"Bonfire Elementals","player_choice":"Offered Special","floor":10.0,"gold_loss":0.0,"damage_taken":0.0}],"is_beta":false,"boss_relics":[],"items_purged_floors":[],"is_endless":false,"potions_floor_spawned":[5,8,12,13,14],"killed_by":"Slime Boss","ascension_level":20}}