{"host":"126yiuos2nq86se7","time":1614040625,"event":{"mods":["2.2 Compatiblity","AchievementEnabler","Act Like it!","BaseMod","Colored Map","Colored Powertips","Friendly Minions","Hermit","Highlight Path","KomeijiMod","Minty Spire (QoL Compilation)","StSLib","SuperFastMode","The Bug Knight","The Hierophant"],"gold_per_floor":[365,440,452,452,466,499,515,530,530,530,545,565,4,4,4,103,103,122,17,36,36,52,52,71,89,89,89,99,99,24,24,24,128,128,146,146,146,157,157,157,34,50,50,50,69,83,83,94,94,94],"floor_reached":51,"language":"ENG","playtime":2755,"items_purged":["Strike_Komeiji"],"score":653,"play_id":"f8b084ad-8899-4b4c-9415-88372dc4c727","local_time":"20210223113705","is_ascension_mode":false,"campfire_choices":[{"data":"Dash_Komeiji","floor":10,"key":"SMITH"},{"data":"KimairaNoYoku","floor":15,"key":"SMITH"},{"floor":23,"key":"REST"},{"floor":27,"key":"REST"},{"floor":29,"key":"REST"},{"floor":32,"key":"REST"},{"floor":40,"key":"REST"},{"floor":47,"key":"REST"}],"circlet_count":0,"master_deck":["Strike_Komeiji","Strike_Komeiji","Defend_Komeiji","Defend_Komeiji","Defend_Komeiji","Defend_Komeiji","Dash_Komeiji+1","DochyakuKami+1","Mishyaguji+1","KimairaNoYoku+1","Agarareta+1","TerribleSouvenir+1","KeiseiJin+1","DochyakuKami+1","LunaDial","FreezeTouchMe","GasuOrimono","FreezeTouchMe","MakuraSeki+1","GasuOrimono","CS_Reisen","LunaticRedEyes","Agarareta+1","FreezeTouchMe+1","GroundStardust+1"],"relics":["KomeijisEye","SpellCardsRule","MusicBox","FaceOfCleric","CrystalOfMemory","Potion Belt","Dream Catcher","Toolbox","Tiny Chest","Fusion Hammer","Blue Candle","Bag of Preparation","SlaversCollar","Juzu Bracelet","GoodDreamPillow","Eternal Feather"],"acts_visited":["Exordium","TheCity","TheBeyond"],"potions_floor_usage":[6,6,16,16,33,33,50],"damage_taken":[{"damage":8,"enemies":"Jaw Worm","floor":1,"turns":7},{"damage":0,"enemies":"2 Louse","floor":3,"turns":5},{"damage":0,"enemies":"Cultist","floor":5,"turns":3},{"damage":1,"enemies":"HollowMod:MossKnight","floor":6,"turns":10},{"damage":2,"enemies":"Exordium Wildlife","floor":7,"turns":11},{"damage":5,"enemies":"Red Slaver","floor":8,"turns":6},{"damage":12,"enemies":"Exordium Thugs","floor":11,"turns":6},{"damage":0,"enemies":"Blue Slaver","floor":12,"turns":4},{"damage":32,"enemies":"The Guardian","floor":16,"turns":6},{"damage":0,"enemies":"3 Byrds","floor":18,"turns":6},{"damage":4,"enemies":"Shell Parasite","floor":20,"turns":5},{"damage":34,"enemies":"3 Cultists","floor":22,"turns":7},{"damage":7,"enemies":"Snake Plant","floor":24,"turns":4},{"damage":2,"enemies":"Snecko","floor":25,"turns":10},{"damage":26,"enemies":"Sentry and Sphere","floor":28,"turns":7},{"damage":6,"enemies":"Automaton","floor":33,"turns":13},{"damage":5,"enemies":"Orb Walker","floor":35,"turns":2},{"damage":13,"enemies":"3 Shapes","floor":38,"turns":5},{"damage":8,"enemies":"Spire Growth","floor":42,"turns":6},{"damage":5,"enemies":"Jaw Worm Horde","floor":45,"turns":6},{"damage":48,"enemies":"Writhing Mass","floor":46,"turns":6},{"damage":12,"enemies":"Transient","floor":48,"turns":5},{"damage":21,"enemies":"Awakened One","floor":50,"turns":20}],"seed_played":"8621973049612221922","potions_obtained":[{"floor":3,"key":"ColorlessPotion"},{"floor":5,"key":"ColorlessPotion"},{"floor":6,"key":"SpeedPotion"},{"floor":7,"key":"JyouchiReiPotion"},{"floor":16,"key":"SkillPotion"},{"floor":20,"key":"SpeedPotion"},{"floor":25,"key":"CalmPotion"},{"floor":38,"key":"CalmPotion"},{"floor":46,"key":"CalmPotion"},{"floor":48,"key":"FearPotion"}],"is_trial":false,"path_per_floor":["M","?","M","?","M","E","M","M","T","R","M","M","$","?","R","B",null,"M","$","M","$","M","R","M","M","T","R","M","R","$","?","R","B",null,"M","?","T","M","?","R","?","M","T","?","M","M","R","M","R","B",null],"character_chosen":"KomeijiSatori","items_purchased":["Dream Catcher","Toolbox","Tiny Chest","Agarareta+1","KeiseiJin+1","SuitokuNoKyoryu","GasuOrimono"],"campfire_rested":6,"item_purchase_floors":[13,13,13,13,19,19,30],"current_hp_per_floor":[42,31,31,31,32,42,48,48,48,48,38,40,40,51,51,28,52,53,53,54,54,27,43,43,49,49,57,33,50,50,50,58,56,59,56,56,56,46,46,61,61,55,55,55,54,16,50,43,58,76],"gold":94,"neow_bonus":"TWO_FIFTY_GOLD","is_daily":false,"chose_seed":false,"campfire_upgraded":2,"win_rate":0.0,"timestamp":1614040625,"path_taken":["M","?","M","?","M","E","M","?","T","R","M","M","$","?","R","BOSS","M","$","M","$","M","R","M","M","T","R","M","R","$","?","R","BOSS","M","?","?","M","?","R","?","M","T","?","M","M","R","M","R","BOSS"],"items_purchased_type":["Relic","Relic","Relic","Card","Card","Card","Card"],"build_version":"2020-12-22","purchased_purges":1,"victory":true,"max_hp_per_floor":[45,45,45,45,46,47,48,49,49,49,50,51,51,51,51,52,52,53,53,54,54,55,55,56,57,57,57,58,58,58,58,58,59,59,60,60,60,61,61,61,61,62,62,62,63,64,64,65,75,76],"card_choices":[{"not_picked":["DemonLordCradle","OoedoNingyou+1"],"picked":"DochyakuKami+1","floor":1},{"not_picked":["YoukiSo+1","NingyouKisou+1","ArtfulChanter"],"picked":"SKIP","floor":3},{"not_picked":["MissingPower","NingyouChiyari+1","MajikuruSanhai+1"],"picked":"SKIP","floor":5},{"not_picked":["NingyouMusou+1","WumiGaWareru","NingyouOkisou+1"],"picked":"SKIP","floor":6},{"not_picked":["NingyouFukuhei+1","RikonNoKama+1"],"picked":"Mishyaguji+1","floor":7},{"not_picked":["SatsujinDooru","NingyouMusou+1","RikonNoKama+1"],"picked":"SKIP","floor":8},{"not_picked":["MusuNoYume","NingyouKasou+1","RikonNoKama+1"],"picked":"SKIP","floor":11},{"not_picked":["KinbakuJin+1","ShyakuBuku"],"picked":"KimairaNoYoku","floor":12},{"not_picked":["MiraiBunraku","TerribleSouvenir"],"picked":"TerribleSouvenir","floor":16},{"not_picked":["SeekerWire+1","ShyakuBuku+1","KinbakuJin+1"],"picked":"SKIP","floor":18},{"not_picked":["Melting","ArtfulChanter"],"picked":"DochyakuKami+1","floor":20},{"not_picked":["NingyouSP+1","SenseofElegance","KinbakuJin+1"],"picked":"SKIP","floor":22},{"not_picked":["RikonNoKama+1","NingyouShinki+1"],"picked":"LunaDial","floor":23},{"not_picked":["SeishiRoten+1","ShyakuBuku+1"],"picked":"FreezeTouchMe","floor":24},{"not_picked":["NingyouKasou+1","NingyouYunhei+1","KinbakuJin+1"],"picked":"SKIP","floor":25},{"not_picked":["RikonNoKama+1","Sabishigari+1"],"picked":"GasuOrimono","floor":27},{"not_picked":["NingyouFukuhei+1","KinbakuJin+1"],"picked":"FreezeTouchMe","floor":28},{"not_picked":["SatsujinDooru","Agarareta+1"],"picked":"MakuraSeki+1","floor":29},{"not_picked":["HelanNingyou","MusouMyousyu"],"picked":"LunaticRedEyes","floor":33},{"not_picked":["NingyouSP+1","FreezeTouchMe"],"picked":"Agarareta+1","floor":35},{"not_picked":["ShyakuBuku+1","RikonNoKama+1","NingyouSousou+1"],"picked":"SKIP","floor":38},{"not_picked":["MusuNoYume","SenyouGoraku+1"],"picked":"FreezeTouchMe+1","floor":42},{"not_picked":["HagoromoKu","Sabishigari+1"],"picked":"GroundStardust+1","floor":45},{"not_picked":["SeekerDolls","NingyouShinki+1","NingyouSousou+1"],"picked":"SKIP","floor":46},{"not_picked":["YoukiSo+1","Agarareta+1","RikonNoKama+1"],"picked":"SKIP","floor":48}],"player_experience":1565481,"relics_obtained":[{"floor":6,"key":"CrystalOfMemory"},{"floor":9,"key":"Potion Belt"},{"floor":26,"key":"Blue Candle"},{"floor":37,"key":"Juzu Bracelet"},{"floor":43,"key":"Eternal Feather"}],"event_choices":[{"damage_healed":0,"gold_gain":75,"player_choice":"Gather Gold","damage_taken":11,"max_hp_gain":0,"max_hp_loss":0,"event_name":"World of Goop","floor":2,"gold_loss":0},{"damage_healed":0,"gold_gain":0,"player_choice":"Trade","damage_taken":0,"relics_obtained":["FaceOfCleric"],"max_hp_gain":0,"max_hp_loss":0,"event_name":"FaceTrader","floor":4,"gold_loss":0},{"damage_healed":11,"gold_gain":0,"player_choice":"Full Heal","damage_taken":0,"max_hp_gain":0,"max_hp_loss":0,"event_name":"Wheel of Change","floor":14,"gold_loss":0},{"damage_healed":0,"gold_gain":0,"player_choice":"Gave Potion","damage_taken":0,"relics_obtained":["Bag of Preparation"],"max_hp_gain":0,"max_hp_loss":0,"event_name":"WeMeetAgain","floor":31,"gold_loss":0},{"cards_removed":["Strike_Komeiji"],"damage_healed":0,"gold_gain":0,"player_choice":"Purged","damage_taken":0,"max_hp_gain":0,"max_hp_loss":0,"event_name":"Purifier","floor":36,"gold_loss":0},{"damage_healed":0,"gold_gain":0,"player_choice":"Forge","damage_taken":0,"max_hp_gain":0,"max_hp_loss":0,"event_name":"Accursed Blacksmith","floor":39,"gold_loss":0,"cards_upgraded":["TerribleSouvenir"]},{"cards_removed":["SuitokuNoKyoryu"],"damage_healed":0,"gold_gain":0,"player_choice":"Removed Power","damage_taken":0,"max_hp_gain":0,"max_hp_loss":0,"event_name":"Falling","floor":44,"gold_loss":0}],"is_beta":false,"boss_relics":[{"not_picked":["Pandora\u0027s Box","Tiny House"],"picked":"Fusion Hammer"},{"not_picked":["Black Star","Memoirist"],"picked":"SlaversCollar"}],"items_purged_floors":[13],"is_endless":false,"potions_floor_spawned":[3,5,6,7,16,20,25,38,46,48],"ascension_level":0}}