{"host":"wqwfknj40rilnol1","time":1614088640,"event":{"mods":["AchievementEnabler","Aspiration","BaseMod","BetterRewards","Block Reminder","Colored Map","Conspire","Highlight Path","Hubris","Minty Spire (QoL Compilation)","Permanent Neow","Quick Restart","Relic Stats","Replay The Spire","Shop Mod","StSLib","The Cursed"],"gold_per_floor":[117,117,117,135,135,135,163,163,163,163,163,163,163],"floor_reached":12,"language":"ENG","playtime":269,"items_purged":[],"score":130,"play_id":"cb89523d-e9b9-4455-b89d-1a3679a103c0","local_time":"20210223145720","is_ascension_mode":true,"campfire_choices":[{"data":"ReplayTheSpireMod:Muscle Training","floor":6,"key":"SMITH"},{"data":"Uppercut","floor":10,"key":"SMITH"}],"circlet_count":0,"master_deck":["AscendersBane","Strike_R","Strike_R","Strike_R","Strike_R","Strike_R","Defend_R","Defend_R","Defend_R","Defend_R","Bash+1","Shrug It Off","hubris:SharpeningStone","ReplayTheSpireMod:Muscle Training+1","Uppercut+1"],"relics":["Burning Blood","aspiration:BabyByrd","ReplayTheSpireMod:Spearhead","Replay:Baseball","ReplayFunnel"],"acts_visited":["Exordium"],"potions_floor_usage":[],"damage_taken":[{"damage":7,"enemies":"2 Louse","floor":1,"turns":3},{"damage":7,"enemies":"Jaw Worm","floor":4,"turns":3},{"damage":38,"enemies":"Replay:BlueRogue","floor":7,"turns":5},{"damage":14,"enemies":"3 Sentries","floor":12,"turns":3}],"seed_played":"1779153065978171079","potions_obtained":[],"is_trial":false,"path_per_floor":["M","?","?","M","?","R","E","PTL","PTL","R","T","E"],"character_chosen":"IRONCLAD","items_purchased":[],"campfire_rested":0,"item_purchase_floors":[],"current_hp_per_floor":[67,67,56,55,55,55,23,23,23,23,23,9,9],"gold":163,"neow_bonus":"RANDOM_EVENT","is_daily":false,"chose_seed":false,"campfire_upgraded":2,"win_rate":0.0,"timestamp":1614088640,"path_taken":["M","?","?","M","?","R","E","PTL","PTL","R","T","E"],"items_purchased_type":[],"build_version":"2020-12-22","purchased_purges":0,"victory":false,"max_hp_per_floor":[75,75,75,75,75,75,75,75,75,75,75,75,75],"relic_stats":{"counters":[4,13],"obtain_stats":[{"ReplayFunnel":11,"ReplayTheSpireMod:Spearhead":3,"Replay:Baseball":7,"aspiration:BabyByrd":2,"Burning Blood":0},{"ReplayFunnel":3,"ReplayTheSpireMod:Spearhead":1,"Replay:Baseball":3,"aspiration:BabyByrd":1,"Burning Blood":0},{"ReplayFunnel":11,"ReplayTheSpireMod:Spearhead":3,"Replay:Baseball":11,"aspiration:BabyByrd":3,"Burning Blood":0}],"Burning Blood":18},"card_choices":[{"not_picked":["Clash","Anger"],"picked":"Shrug It Off","floor":1},{"not_picked":["True Grit","Armaments"],"picked":"hubris:SharpeningStone","floor":4},{"not_picked":["Blood for Blood","Cleave"],"picked":"Uppercut","floor":7}],"player_experience":307408,"relics_obtained":[{"floor":7,"key":"Replay:Baseball"},{"floor":11,"key":"ReplayFunnel"}],"event_choices":[{"damage_healed":0,"gold_gain":0,"player_choice":"Grow","damage_taken":0,"max_hp_gain":0,"max_hp_loss":0,"event_name":"Living Wall","floor":0,"gold_loss":0,"cards_upgraded":["Bash"]},{"damage_healed":0,"gold_gain":0,"player_choice":"Success","damage_taken":11,"relics_obtained":["ReplayTheSpireMod:Spearhead"],"max_hp_gain":0,"max_hp_loss":0,"event_name":"Scrap Ooze","floor":3,"gold_loss":0}],"is_beta":false,"boss_relics":[],"items_purged_floors":[],"is_endless":false,"potions_floor_spawned":[],"killed_by":"3 Sentries","ascension_level":15}}