{"host":"8oow7jh4agd4zemm","time":1614090366,"event":{"mods":["BaseMod","Colored Powertips","Ironclad Rager","Minty Spire (QoL Compilation)","Quick Restart","UnlockEverythingMod"],"gold_per_floor":[116,191,191,204,129,162,180,194,194,209,209,209,209],"floor_reached":12,"language":"ZHS","playtime":268,"items_purged":[],"score":210,"play_id":"f981dd94-e038-46df-aa6a-cc4add35f22e","local_time":"20210223222606","is_ascension_mode":true,"campfire_choices":[],"circlet_count":0,"master_deck":["AscendersBane","Strike_R","Strike_R","Strike_R","Strike_R","Defend_R","Defend_R","Defend_R","Defend_R","Bash","Seeing Red","Heavy Blade","Regret"],"relics":["Burning Blood","NeowsBlessing","Oddly Smooth Stone","Pocketwatch","StrikeDummy"],"acts_visited":["Exordium"],"potions_floor_usage":[12],"damage_taken":[{"damage":0,"enemies":"Jaw Worm","floor":1,"turns":1},{"damage":0,"enemies":"2 Louse","floor":4,"turns":2},{"damage":0,"enemies":"Gremlin Nob","floor":6,"turns":1},{"damage":0,"enemies":"Small Slimes","floor":7,"turns":4},{"damage":4,"enemies":"2 Fungi Beasts","floor":8,"turns":6},{"damage":20,"enemies":"3 Louse","floor":10,"turns":4},{"damage":34,"enemies":"Lagavulin","floor":12,"turns":5}],"seed_played":"-5595485269289056175","potions_obtained":[{"floor":4,"key":"DuplicationPotion"},{"floor":7,"key":"ElixirPotion"}],"is_trial":false,"path_per_floor":["M","?","?","M","?","E","M","M","T","M","?","E"],"character_chosen":"IRONCLAD","items_purchased":[],"campfire_rested":0,"item_purchase_floors":[],"current_hp_per_floor":[74,63,52,58,58,64,70,72,72,58,58,24,24],"gold":209,"neow_bonus":"THREE_ENEMY_KILL","is_daily":false,"chose_seed":false,"campfire_upgraded":0,"win_rate":0.0,"timestamp":1614090366,"path_taken":["M","?","?","M","?","E","M","M","T","M","?","E"],"items_purchased_type":[],"build_version":"2020-12-22","purchased_purges":0,"victory":false,"max_hp_per_floor":[75,75,75,75,75,75,75,75,75,75,75,75,75],"card_choices":[{"not_picked":["Warcry","Clothesline","Pommel Strike"],"picked":"SKIP","floor":1},{"not_picked":["Rage","Iron Wave","Clothesline"],"picked":"SKIP","floor":4},{"not_picked":["Warcry","Brutality","Dropkick"],"picked":"SKIP","floor":6},{"not_picked":["Clothesline","Warcry","Sentinel"],"picked":"SKIP","floor":7},{"not_picked":["Fire Breathing","Sword Boomerang"],"picked":"Seeing Red","floor":8},{"not_picked":["Sword Boomerang","Pommel Strike"],"picked":"Heavy Blade","floor":10}],"player_experience":84383,"relics_obtained":[{"floor":6,"key":"Pocketwatch"}],"event_choices":[{"damage_healed":0,"gold_gain":75,"player_choice":"Gather Gold","damage_taken":11,"max_hp_gain":0,"max_hp_loss":0,"event_name":"World of Goop","floor":2,"gold_loss":0},{"damage_healed":0,"gold_gain":0,"player_choice":"Success","damage_taken":11,"relics_obtained":["Oddly Smooth Stone"],"max_hp_gain":0,"max_hp_loss":0,"event_name":"Scrap Ooze","floor":3,"gold_loss":0},{"cards_removed":["Strike_R"],"damage_healed":0,"gold_gain":0,"player_choice":"Card Removal","damage_taken":0,"max_hp_gain":0,"max_hp_loss":0,"event_name":"The Cleric","floor":5,"gold_loss":75},{"damage_healed":0,"gold_gain":0,"player_choice":"Box","damage_taken":0,"relics_obtained":["StrikeDummy"],"max_hp_gain":0,"max_hp_loss":0,"event_name":"Big Fish","floor":11,"gold_loss":0,"cards_obtained":["Regret"]}],"is_beta":false,"boss_relics":[],"items_purged_floors":[],"is_endless":false,"potions_floor_spawned":[4,7,8,10],"killed_by":"Lagavulin","ascension_level":20}}