{"host":"hlo0wt5fjlilsn9r","time":1614044464,"event":{"mods":["2.2 Compatiblity","AchievementEnabler","Aspiration","Bard","BaseMod","Beaked The Cultist","Better Altar","Better Match","Better Note","Better Sensory Stone","Better Skull","Better Third Choice","BetterRewards","CCEM2","Colored Map","Conspire","Downfall","Friendly Minions","GifTheSpireLib","Halation","Hermit","Highlight Path","Hubris","Hunter ?人","Jedi Mod","Jorbs\u0027s Wanderer Trilogy","Kiyohime（清?）","Mad Scientist","Marisa（霧雨　魔理沙）","Mimic Mod","Minty Spire (QoL Compilation)","Permanent Neow","Replay The Spire","Shade Mod","Spicy Shops","StSLib","Stuff the Spire","Td1madao Mod","The Administrix","The Blackbeard","The Bug Knight","The Construct","The Cursed","The Disciple","The Gatherer","The Hierophant","The Marked","The Mystic","The Necromancer","The Runesmith","The Servant 0.9.4","The Spell Scribe","The Witch","Unceasing Turn Reminder"],"gold_per_floor":[114,132,132,132,132,160,179,141,175,175,185,199,199,37,37,132,132,147,157,157,157,169,199,199,231,254,286,286,302,319,332,332,436,436,449,23,23,23,38,67,67,67,67],"floor_reached":42,"language":"ENG","playtime":4361,"items_purged":[],"score":561,"play_id":"edf9316e-7dcb-4126-889d-6a3da384f6bc","local_time":"20210222174104","is_ascension_mode":false,"campfire_choices":[{"data":"theMarked:GodGivenPower","floor":10,"key":"SMITH"},{"data":"Apotheosis","floor":15,"key":"SMITH"},{"data":"theMarked:EmpowerWeapon","floor":24,"key":"SMITH"},{"data":"theMarked:Abjuration","floor":28,"key":"SMITH"},{"floor":32,"key":"REST"},{"data":"theMarked:EternalStudent","floor":41,"key":"SMITH"}],"circlet_count":0,"master_deck":["theMarked:Strike","theMarked:Strike","theMarked:Strike","theMarked:Strike","theMarked:Defend+1","theMarked:Defend","theMarked:Defend","theMarked:Defend","theMarked:SoldierOfQuellstein","theMarked:TakeOffHeels","theMarked:ChannelForce+1","theMarked:EnhanceMovement","Voices","theMarked:Parkour","theMarked:RogueSparks","theMarked:GodGivenPower+1","Apotheosis+1","theMarked:EternalStudent+1","CurseOfTheBell","theMarked:RepellingDischarge+1","theMarked:EmpowerWeapon+1","theMarked:ChainLightning","theMarked:Abjuration+1","theMarked:WardOff+1","theMarked:BindingBlade","theMarked:ElectricStrings+1","theMarked:SwordAndMagic","theMarked:Toughness","Mayhem","Mayhem","theMarked:Heritage+1","theMarked:Memento"],"relics":["theMarked:ArtifactOfAir","Ring of Hypnosis","jedi:cryingmask","Toy Ornithopter","hubris:Towel","Calling Bell","Blue Doll","aspiration:FrozenJewel","jedi:firstaidkit","Ornamental Fan","CCEMRelics:FakeTeeth","Blood Vial","StuffTheSpire:Experiment12","hubris:BlackHole","StuffTheSpire:GrapeVine","jedi:shrinkray"],"acts_visited":["Exordium","TheCity","TheBeyond"],"potions_floor_usage":[6,16,23,33,33],"damage_taken":[{"damage":0,"enemies":"Small Slimes","floor":1,"turns":4},{"damage":0,"enemies":"conspire:RoseBush","floor":2,"turns":2},{"damage":10,"enemies":"Lagavulin","floor":6,"turns":6},{"damage":0,"enemies":"2 Louse","floor":7,"turns":3},{"damage":0,"enemies":"Looter","floor":9,"turns":4},{"damage":0,"enemies":"Looter","floor":11,"turns":4},{"damage":0,"enemies":"2 Fungi Beasts","floor":12,"turns":3},{"damage":3,"enemies":"The Guardian","floor":16,"turns":7},{"damage":21,"enemies":"Chosen","floor":18,"turns":6},{"damage":30,"enemies":"2 Thieves","floor":19,"turns":5},{"damage":16,"enemies":"Sentry and Sphere","floor":22,"turns":7},{"damage":39,"enemies":"Replay:Snechameleon","floor":23,"turns":8},{"damage":50,"enemies":"Gremlin Leader","floor":25,"turns":9},{"damage":39,"enemies":"Slavers","floor":27,"turns":8},{"damage":13,"enemies":"Centurion and Healer","floor":29,"turns":5},{"damage":11,"enemies":"Snecko","floor":30,"turns":7},{"damage":14,"enemies":"Shelled Parasite and Fungi","floor":31,"turns":6},{"damage":59,"enemies":"Collector","floor":33,"turns":9},{"damage":0,"enemies":"Orb Walker","floor":35,"turns":3},{"damage":6,"enemies":"3 Shapes","floor":39,"turns":3},{"damage":0,"enemies":"R_Hoarder","floor":40,"turns":6},{"damage":0,"enemies":"Writhing Mass","floor":42,"turns":1}],"seed_played":"-7443441779597329094","potions_obtained":[{"floor":1,"key":"PowerPotion"},{"floor":11,"key":"bronze:BurnAndBuffPotion"},{"floor":12,"key":"ColorlessPotion"},{"floor":22,"key":"Dexterity Potion"},{"floor":27,"key":"jedi:StrikingPotion"},{"floor":29,"key":"Slimebound:ThreeZeroPotion"},{"floor":31,"key":"Strength Potion"},{"floor":33,"key":"DistilledChaos"},{"floor":39,"key":"SkillPotion"}],"is_trial":false,"path_per_floor":["M","M","?","?","?","E","M","?","MIM","R","M","M","?","$","R","B",null,"M","M","?","?","M","E","R","E","T","E","R","M","M","M","R","B",null,"M","$","?","?","M","E","R","M"],"character_chosen":"THE_DEFAULT","items_purchased":["Apotheosis","StuffTheSpire:GrapeVine","theMarked:Toughness","Mayhem"],"campfire_rested":1,"item_purchase_floors":[14,36,36,36],"current_hp_per_floor":[72,72,72,72,72,62,62,62,62,62,62,62,62,62,62,64,72,63,46,72,72,61,70,70,53,53,51,51,49,49,44,65,31,72,72,72,68,68,64,66,66,68,68],"gold":67,"neow_bonus":"ONE_RANDOM_RARE_CARD","is_daily":false,"chose_seed":false,"campfire_upgraded":5,"win_rate":0.0,"timestamp":1614044464,"path_taken":["M","M","?","?","?","E","?","?","MIM","R","?","M","?","$","R","BOSS","M","M","?","?","M","E","R","E","T","E","R","M","M","?","R","BOSS","M","$","?","?","?","E","R","M"],"items_purchased_type":["Card","Relic","Card","Card"],"build_version":"2020-12-22","purchased_purges":0,"victory":false,"max_hp_per_floor":[72,72,72,72,72,72,72,72,72,72,72,72,72,72,72,72,72,72,72,72,72,72,72,72,72,72,72,72,72,72,72,72,72,72,72,72,68,68,68,68,68,68,68],"card_choices":[{"not_picked":["theMarked:Memento","theMarked:ResourceFulStrike"],"picked":"theMarked:ChannelForce","floor":1},{"not_picked":["theMarked:Generate","theMarked:TwofoldDefense"],"picked":"theMarked:EnhanceMovement","floor":2},{"not_picked":["theMarked:TwofoldDefense","theMarked:WastefulAttack"],"picked":"theMarked:Parkour","floor":6},{"not_picked":["theMarked:WastefulAttack","theMarked:ElectricStrings"],"picked":"theMarked:RogueSparks","floor":7},{"not_picked":["theMarked:CreepingChasm","theMarked:Indomitable"],"picked":"theMarked:GodGivenPower","floor":9},{"not_picked":["theMarked:RepellingDischarge","theMarked:Overcharge","theMarked:ChainLightning"],"picked":"SKIP","floor":11},{"not_picked":["theMarked:Memento","theMarked:BanishingStrike","theMarked:ResourceFulStrike"],"picked":"SKIP","floor":12},{"not_picked":["theMarked:DispelDoubt","theMarked:FavorableWinds"],"picked":"theMarked:EternalStudent","floor":16},{"not_picked":["theMarked:PowerFlow+1","theMarked:ElectricStrings","theMarked:WastefulAttack+1"],"picked":"SKIP","floor":18},{"not_picked":["theMarked:EnhanceMovement","theMarked:Aftermath+1","theMarked:ChannelForce"],"picked":"SKIP","floor":19},{"not_picked":["theMarked:PowerFlow","theMarked:BiggerThanFate"],"picked":"theMarked:RepellingDischarge+1","floor":22},{"not_picked":["theMarked:Parry","theMarked:TwofoldDefense"],"picked":"theMarked:EmpowerWeapon","floor":23},{"not_picked":["theMarked:BanishingWave","theMarked:EmpowerWeapon"],"picked":"theMarked:ChainLightning","floor":25},{"not_picked":["theMarked:BiggerThanFate","theMarked:RepellingDischarge"],"picked":"theMarked:Abjuration","floor":27},{"not_picked":["theMarked:Polarize","theMarked:Parkour"],"picked":"theMarked:WardOff+1","floor":29},{"not_picked":["theMarked:ContemptForTheProud+1","theMarked:Electrocute"],"picked":"theMarked:BindingBlade","floor":30},{"not_picked":["theMarked:WastefulAttack+1","theMarked:Memento"],"picked":"theMarked:ElectricStrings+1","floor":31},{"not_picked":["theMarked:WastefulAttack","theMarked:RogueSparks+1"],"picked":"theMarked:SwordAndMagic","floor":35},{"not_picked":["theMarked:Frustration+1","theMarked:Panic+1"],"picked":"theMarked:Heritage+1","floor":39},{"not_picked":["theMarked:TakeCover","theMarked:Convert+1"],"picked":"theMarked:Memento","floor":40}],"player_experience":239169,"relics_obtained":[{"floor":5,"key":"Ring of Hypnosis"},{"floor":6,"key":"jedi:cryingmask"},{"floor":9,"key":"Toy Ornithopter"},{"floor":17,"key":"Blue Doll"},{"floor":17,"key":"aspiration:FrozenJewel"},{"floor":17,"key":"jedi:firstaidkit"},{"floor":23,"key":"Ornamental Fan"},{"floor":25,"key":"CCEMRelics:FakeTeeth"},{"floor":26,"key":"Blood Vial"},{"floor":27,"key":"StuffTheSpire:Experiment12"},{"floor":40,"key":"jedi:shrinkray"}],"event_choices":[{"damage_healed":0,"gold_gain":0,"player_choice":"Left","damage_taken":0,"max_hp_gain":0,"max_hp_loss":0,"event_name":"betterThird:BetterGoop","floor":8,"gold_loss":38},{"damage_healed":26,"gold_gain":0,"player_choice":"Full Heal","damage_taken":0,"max_hp_gain":0,"max_hp_loss":0,"event_name":"Wheel of Change","floor":20,"gold_loss":0},{"damage_healed":0,"gold_gain":0,"player_choice":"Ignored","damage_taken":0,"max_hp_gain":0,"max_hp_loss":0,"event_name":"betterNote:BetterNote","floor":21,"gold_loss":0,"cards_obtained":["Enlightenment"]},{"damage_healed":0,"gold_gain":0,"player_choice":"Max HP","damage_taken":0,"max_hp_gain":0,"max_hp_loss":4,"event_name":"Winding Halls","floor":37,"gold_loss":0},{"cards_removed":["theMarked:Strike"],"damage_healed":0,"gold_gain":0,"player_choice":"Purged","damage_taken":0,"max_hp_gain":0,"max_hp_loss":0,"event_name":"Purifier","floor":38,"gold_loss":0}],"is_beta":false,"boss_relics":[{"not_picked":["conspire:SeveredTorchhead","hubris:TerracottaHorce"],"picked":"Calling Bell"},{"not_picked":["Ring of Chaos","theMarked:Eyepatch"],"picked":"hubris:BlackHole"}],"items_purged_floors":[],"is_endless":false,"potions_floor_spawned":[1,11,12,22,27,29,31,33,39],"killed_by":"Writhing Mass","ascension_level":0}}