{"host":"dz5pb68w9r4hdro8","time":1614073345,"event":{"mods":["AchievementEnabler","BaseMod","Better Skull","Better Third Choice","Challenge The Spire","Colored Map","Colored Powertips","DeckTracker","Googly Eyes","Highlight Path","Minty Spire (QoL Compilation)","Permanent Neow","Quick Restart","StSLib","SuperFastMode"],"gold_per_floor":[110,110,64,64,74,100,100,117,144,174,174,51,82,98,98,202,202,216,93,18,35,35,63,63,88,88,115,115,115],"floor_reached":28,"language":"ENG","playtime":1004,"items_purged":["Strike_G","Strike_G"],"score":307,"play_id":"e5cd7375-4e54-45e5-8edf-04a23262af2c","local_time":"20210223014225","is_ascension_mode":true,"campfire_choices":[{"data":"Dagger Spray","floor":7,"key":"SMITH"},{"floor":11,"key":"REST"},{"floor":15,"key":"REST"}],"circlet_count":0,"master_deck":["Strike_G","Defend_G","Defend_G","Defend_G","Defend_G+1","Survivor","Neutralize","Acrobatics","Dagger Spray+1","Wraith Form v2","Slice","Bouncing Flask","Dodge and Roll","Dagger Throw","Catalyst+1","Tools of the Trade","Flying Knee+1","Backflip","Poisoned Stab","Catalyst","Deadly Poison+1","Backflip+1"],"relics":["Empty Cage","Bronze Scales","Potion Belt","Tiny Chest","Calipers","SlaversCollar","Kunai","War Paint","Toxic Egg 2","CaptainsWheel","InkBottle"],"acts_visited":["Exordium","TheCity"],"potions_floor_usage":[6,16,16,23,28],"damage_taken":[{"damage":1,"enemies":"Cultist","floor":1,"turns":5},{"damage":0,"enemies":"2 Louse","floor":5,"turns":3},{"damage":45,"enemies":"Gremlin Nob","floor":6,"turns":6},{"damage":0,"enemies":"Small Slimes","floor":8,"turns":2},{"damage":24,"enemies":"3 Sentries","floor":10,"turns":6},{"damage":5,"enemies":"Lagavulin","floor":13,"turns":6},{"damage":12,"enemies":"2 Fungi Beasts","floor":14,"turns":3},{"damage":17,"enemies":"The Guardian","floor":16,"turns":11},{"damage":22,"enemies":"Spheric Guardian","floor":18,"turns":5},{"damage":20,"enemies":"2 Thieves","floor":21,"turns":4},{"damage":24,"enemies":"Slavers","floor":23,"turns":4},{"damage":8,"enemies":"Book of Stabbing","floor":25,"turns":4},{"damage":15,"enemies":"Gremlin Leader","floor":27,"turns":4},{"damage":9,"enemies":"Snake Plant","floor":28,"turns":1}],"seed_played":"8909798077676529939","potions_obtained":[{"floor":1,"key":"AttackPotion"},{"floor":6,"key":"Weak Potion"},{"floor":14,"key":"SteroidPotion"},{"floor":16,"key":"CultistPotion"},{"floor":23,"key":"FairyPotion"},{"floor":25,"key":"EssenceOfSteel"},{"floor":27,"key":"BlessingOfTheForge"}],"is_trial":false,"path_per_floor":["M","?","$","?","M","E","R","M","T","E","R","$","E","M","R","B",null,"M","$","?","M","T","E","$","E","T","E","M"],"character_chosen":"THE_SILENT","items_purchased":["Acrobatics","Dodge and Roll","Backflip"],"campfire_rested":2,"item_purchase_floors":[3,12,19],"current_hp_per_floor":[69,69,69,70,70,25,25,25,25,1,22,22,17,5,26,9,70,48,48,48,28,28,4,4,21,21,6,0,0],"gold":115,"neow_bonus":"BOSS_RELIC","is_daily":false,"chose_seed":false,"campfire_upgraded":1,"win_rate":0.0,"timestamp":1614073345,"path_taken":["M","?","$","?","M","E","R","M","T","E","R","$","E","?","R","BOSS","M","?","?","M","?","E","$","E","T","E","M"],"items_purchased_type":["Card","Card","Card"],"build_version":"2020-12-22","purchased_purges":2,"victory":false,"max_hp_per_floor":[70,70,70,70,70,70,70,70,70,70,70,70,70,70,70,70,70,70,70,70,70,70,70,70,70,70,70,70,70],"card_choices":[{"not_picked":["Dash","Footwork"],"picked":"Bane","floor":1},{"not_picked":["Expertise","Predator"],"picked":"Dagger Spray","floor":5},{"not_picked":["Setup","Doppelganger"],"picked":"Wraith Form v2","floor":6},{"not_picked":["Reflex","Prepared"],"picked":"Slice","floor":8},{"not_picked":["Tactician","Outmaneuver"],"picked":"Bouncing Flask","floor":10},{"not_picked":["Outmaneuver","Doppelganger"],"picked":"Dagger Throw","floor":13},{"not_picked":["Dagger Spray","Quick Slash"],"picked":"Catalyst","floor":14},{"not_picked":["Grand Finale","Malaise"],"picked":"Tools of the Trade","floor":16},{"not_picked":["Blade Dance","Prepared"],"picked":"Flying Knee+1","floor":18},{"not_picked":["Expertise","Riddle With Holes"],"picked":"Poisoned Stab","floor":21},{"not_picked":["Outmaneuver","Deflect"],"picked":"Catalyst","floor":23},{"not_picked":["PiercingWail+1","Tools of the Trade"],"picked":"Deadly Poison+1","floor":25},{"not_picked":["Cloak And Dagger+1","Slice+1"],"picked":"Backflip+1","floor":27}],"player_experience":451978,"relics_obtained":[{"floor":6,"key":"Bronze Scales"},{"floor":9,"key":"Potion Belt"},{"floor":10,"key":"Tiny Chest"},{"floor":13,"key":"Calipers"},{"floor":22,"key":"Kunai"},{"floor":23,"key":"War Paint"},{"floor":25,"key":"Toxic Egg 2"},{"floor":26,"key":"CaptainsWheel"},{"floor":27,"key":"InkBottle"}],"event_choices":[{"damage_healed":0,"gold_gain":0,"player_choice":"Grow","damage_taken":0,"max_hp_gain":0,"max_hp_loss":0,"event_name":"Living Wall","floor":2,"gold_loss":0,"cards_upgraded":["Bane"]},{"cards_removed":["Bane"],"damage_healed":5,"gold_gain":0,"player_choice":"Offered Common","damage_taken":0,"max_hp_gain":0,"max_hp_loss":0,"event_name":"Bonfire Elementals","floor":4,"gold_loss":0},{"cards_removed":["Bane"],"damage_healed":5,"gold_gain":0,"player_choice":"Offered Special","damage_taken":0,"max_hp_gain":0,"max_hp_loss":0,"event_name":"Bonfire Elementals","floor":4,"gold_loss":0},{"cards_removed":["Strike_G"],"damage_healed":0,"gold_gain":0,"player_choice":"Gave Gold","damage_taken":0,"max_hp_gain":0,"max_hp_loss":0,"event_name":"Beggar","floor":20,"gold_loss":75}],"is_beta":false,"boss_relics":[{"not_picked":["Runic Pyramid","Calling Bell"],"picked":"SlaversCollar"}],"items_purged_floors":[12,19],"is_endless":false,"potions_floor_spawned":[1,6,14,16,23,25,27],"killed_by":"Snake Plant","ascension_level":1}}