{"host":"Bilverbakes","time":1614111636,"event":{"mods":["2.2 Compatiblity","AchievementEnabler","BaseMod","Bestiary","Colored Map","Minty Spire (QoL Compilation)","Relic Stats","StSLib","ojb\u0027s Info Mod"],"gold_per_floor":[115,130,147,147,147,179,179,192,215,215,228,65,95,111,111,186,186,204,48,248,260,274,305,305,334,334,349,349,379,395,429,429,500,500,510,510,510,520,157,186,205,537,560,110,110,110,110,130,130,130,130,130,130,34,64,64],"floor_reached":57,"language":"ENG","playtime":3264,"items_purged":["Strike_P","Strike_P+1"],"score":2800,"play_id":"737a8e3e-0c5d-4cf3-92cb-d5b60acf78ef","local_time":"20210223142036","is_ascension_mode":true,"campfire_choices":[{"data":"LessonLearned","floor":7.0,"key":"SMITH"},{"data":"EmptyFist","floor":10.0,"key":"SMITH"},{"data":"Wallop","floor":15.0,"key":"SMITH"},{"floor":28.0,"key":"RECALL"},{"floor":32.0,"key":"REST"},{"floor":47.0,"key":"REST"},{"floor":49.0,"key":"REST"},{"floor":53,"key":"REST"}],"circlet_count":0,"master_deck":["AscendersBane","Strike_P+1","Defend_P+1","Defend_P+1","Defend_P+1","Defend_P+1","Eruption+1","Vigilance+1","CarveReality+1","EmptyFist+1","DeceiveReality","LessonLearned+1","Vengeance+1","Wallop+1","CutThroughFate+1","Scrawl","FearNoEvil","Fasting2+1","BowlingBash+1","Wireheading","Conclude","JustLucky+1","Halt+1","Ragnarok","CutThroughFate+1","Master of Strategy+1","Study+1","Fasting2+1","Wallop+1","Vengeance+1","ClearTheMind+1","Weave+1","Violence+1","Wish+1"],"relics":["PureWater","Bronze Scales","Eternal Feather","Anchor","OrangePellets","Pen Nib","Fusion Hammer","Juzu Bracelet","Regal Pillow","Toxic Egg 2","Frozen Egg 2","Tiny Chest","Empty Cage","Sundial","Old Coin","Damaru","Membership Card","Torii","Akabeko","TungstenRod"],"acts_visited":["Exordium","TheCity","TheBeyond","TheEnding"],"potions_floor_usage":[51,55],"damage_taken":[{"damage":3.0,"enemies":"2 Louse","floor":1.0,"turns":3.0},{"damage":0.0,"enemies":"Jaw Worm","floor":2.0,"turns":1.0},{"damage":0.0,"enemies":"Cultist","floor":3.0,"turns":2.0},{"damage":8.0,"enemies":"3 Sentries","floor":6.0,"turns":6.0},{"damage":0.0,"enemies":"3 Louse","floor":8.0,"turns":3.0},{"damage":0.0,"enemies":"Large Slime","floor":11.0,"turns":2.0},{"damage":32.0,"enemies":"Gremlin Nob","floor":13.0,"turns":4.0},{"damage":0.0,"enemies":"Exordium Wildlife","floor":14.0,"turns":4.0},{"damage":24.0,"enemies":"The Guardian","floor":16.0,"turns":6.0},{"damage":0.0,"enemies":"Chosen","floor":18.0,"turns":2.0},{"damage":5.0,"enemies":"2 Thieves","floor":21.0,"turns":4.0},{"damage":0.0,"enemies":"Snake Plant","floor":22.0,"turns":4.0},{"damage":19.0,"enemies":"Slavers","floor":23.0,"turns":3.0},{"damage":0.0,"enemies":"Gremlin Leader","floor":25.0,"turns":3.0},{"damage":0.0,"enemies":"Shelled Parasite and Fungi","floor":27.0,"turns":4.0},{"damage":6.0,"enemies":"Book of Stabbing","floor":29.0,"turns":5.0},{"damage":10.0,"enemies":"Cultist and Chosen","floor":30.0,"turns":4.0},{"damage":14.0,"enemies":"Gremlin Leader","floor":31.0,"turns":5.0},{"damage":58.0,"enemies":"Collector","floor":33.0,"turns":8.0},{"damage":12.0,"enemies":"3 Darklings","floor":35.0,"turns":3.0},{"damage":1.0,"enemies":"Orb Walker","floor":38.0,"turns":3.0},{"damage":14.0,"enemies":"Giant Head","floor":40.0,"turns":7.0},{"damage":2.0,"enemies":"Writhing Mass","floor":41.0,"turns":4.0},{"damage":9.0,"enemies":"Nemesis","floor":42.0,"turns":3.0},{"damage":0.0,"enemies":"Maw","floor":48.0,"turns":8.0},{"damage":38.0,"enemies":"Donu and Deca","floor":50.0,"turns":7.0},{"damage":21,"enemies":"Awakened One","floor":51,"turns":9},{"damage":7,"enemies":"Shield and Spear","floor":55,"turns":5},{"damage":45,"enemies":"The Heart","floor":56,"turns":7}],"seed_played":"-8599466449652336490","potions_obtained":[{"floor":1.0,"key":"EssenceOfSteel"},{"floor":6.0,"key":"Swift Potion"},{"floor":8.0,"key":"Swift Potion"},{"floor":16.0,"key":"Strength Potion"},{"floor":21.0,"key":"SteroidPotion"},{"floor":27.0,"key":"Swift Potion"},{"floor":33.0,"key":"Strength Potion"},{"floor":41.0,"key":"SteroidPotion"}],"is_trial":false,"path_per_floor":["M","M","M","?","T","E","R","M","T","R","M","$","E","M","R","B",null,"M","$","?","M","M","E","?","E","T","M","R","E","M","E","R","B",null,"M","?","?","M","$","E","M","E","T","$","T","?","R","M","R","B","B",null,"R","$","E","B",null],"character_chosen":"WATCHER","items_purchased":["OrangePellets","FearNoEvil","Master of Strategy+1","Ambrosia","Study+1","Membership Card","Torii","Vengeance+1","ClearTheMind+1","Violence+1"],"campfire_rested":4,"item_purchase_floors":[12,19,39,39,39,44,44,44,44,54],"current_hp_per_floor":[58,58,58,58,58,50,59,59,59,68,68,68,36,36,45,21,56,56,56,56,51,51,32,32,32,32,32,47,41,31,17,67,9,53,41,41,41,40,40,26,24,15,15,15,15,15,68,68,68,30,9,53,68,68,61,16],"gold":64,"neow_bonus":"RANDOM_COMMON_RELIC","is_daily":false,"chose_seed":false,"campfire_upgraded":3,"win_rate":0.0,"timestamp":1614111636,"path_taken":["M","M","M","?","?","E","R","M","T","R","M","$","E","M","R","BOSS","M","$","?","M","?","E","?","E","T","M","R","E","M","E","R","BOSS","M","?","?","M","$","E","M","E","T","?","?","?","R","M","R","BOSS","BOSS","R","$","E","BOSS"],"items_purchased_type":["Relic","Card","Card","Potion","Card","Relic","Relic","Card","Card","Card"],"build_version":"2020-12-18","purchased_purges":2,"victory":true,"max_hp_per_floor":[68,68,68,68,68,68,68,68,68,68,68,68,68,68,68,68,68,68,68,68,68,68,68,68,68,68,68,68,68,68,68,68,68,68,68,68,68,68,68,68,68,68,68,68,68,68,68,68,68,68,68,68,68,68,68,68],"relic_stats":{"OrangePellets":[26],"Regal Pillow":30,"Torii":26,"counters":[29,129],"Sundial":[4],"Bronze Scales":[444],"Eternal Feather":90,"Tiny Chest":1,"Pen Nib":[24],"Juzu Bracelet":1,"obtain_stats":[{"Regal Pillow":25,"Torii":44,"Damaru":43,"Eternal Feather":5,"Pen Nib":13,"Juzu Bracelet":23,"Frozen Egg 2":29,"Empty Cage":34,"Akabeko":45,"Old Coin":42,"OrangePellets":12,"Anchor":6,"Sundial":40,"Bronze Scales":0,"Tiny Chest":31,"Fusion Hammer":17,"Membership Card":44,"PureWater":0,"Toxic Egg 2":26,"TungstenRod":55},{"Regal Pillow":14,"Torii":24,"Damaru":24,"Eternal Feather":3,"Pen Nib":7,"Juzu Bracelet":13,"Frozen Egg 2":16,"Empty Cage":19,"Akabeko":24,"Old Coin":24,"OrangePellets":6,"Anchor":4,"Sundial":22,"Bronze Scales":0,"Tiny Chest":18,"Fusion Hammer":9,"Membership Card":24,"PureWater":0,"Toxic Egg 2":14,"TungstenRod":28},{"Regal Pillow":47,"Torii":93,"Damaru":93,"Eternal Feather":6,"Pen Nib":21,"Juzu Bracelet":44,"Frozen Egg 2":56,"Empty Cage":73,"Akabeko":93,"Old Coin":93,"OrangePellets":17,"Anchor":12,"Sundial":86,"Bronze Scales":0,"Tiny Chest":65,"Fusion Hammer":31,"Membership Card":93,"PureWater":0,"Toxic Egg 2":47,"TungstenRod":122}],"TungstenRod":26},"card_choices":[{"not_picked":["PathToVictory","BowlingBash"],"picked":"CarveReality","floor":1.0},{"not_picked":["JustLucky","ThirdEye"],"picked":"EmptyFist","floor":2.0},{"not_picked":["PathToVictory","Ragnarok"],"picked":"DeceiveReality","floor":3.0},{"not_picked":["LikeWater","Perseverance"],"picked":"LessonLearned","floor":6.0},{"not_picked":["Consecrate","Prostrate"],"picked":"Vengeance","floor":8.0},{"not_picked":["JustLucky","ForeignInfluence"],"picked":"Wallop","floor":11.0},{"not_picked":["Wallop","ClearTheMind"],"picked":"EmptyFist","floor":13.0},{"not_picked":["Prostrate","CrushJoints"],"picked":"CutThroughFate","floor":14.0},{"not_picked":["LessonLearned","Judgement"],"picked":"Scrawl","floor":16.0},{"not_picked":["Weave","Crescendo","PathToVictory"],"picked":"SKIP","floor":18.0},{"not_picked":["Protect","CutThroughFate"],"picked":"Fasting2","floor":21.0},{"not_picked":["WheelKick","Study"],"picked":"BowlingBash","floor":22.0},{"not_picked":["Pray","Halt"],"picked":"Wireheading","floor":23.0},{"not_picked":["Nirvana","SashWhip"],"picked":"Conclude","floor":25.0},{"not_picked":["Crescendo+1","FlyingSleeves+1"],"picked":"JustLucky","floor":27.0},{"not_picked":["Prostrate+1","PathToVictory+1","Crescendo+1"],"picked":"SKIP","floor":29.0},{"not_picked":["SandsOfTime","CutThroughFate"],"picked":"Halt+1","floor":30.0},{"not_picked":["Conclude","PathToVictory+1","Swivel+1"],"picked":"SKIP","floor":31.0},{"not_picked":["Brilliance","LessonLearned"],"picked":"Ragnarok","floor":33.0},{"not_picked":["Consecrate","Pray+1","ForeignInfluence+1"],"picked":"SKIP","floor":35.0},{"not_picked":["BowlingBash","Prostrate+1"],"picked":"CutThroughFate","floor":38.0},{"not_picked":["CutThroughFate","WreathOfFlame+1","JustLucky"],"picked":"SKIP","floor":40.0},{"not_picked":["CrushJoints+1","SignatureMove"],"picked":"Fasting2+1","floor":41.0},{"not_picked":["BowlingBash+1","Collect+1"],"picked":"Wallop","floor":42.0},{"not_picked":["FollowUp","SignatureMove+1"],"picked":"Weave+1","floor":48.0},{"not_picked":["FlurryOfBlows+1","CutThroughFate"],"picked":"Wish+1","floor":55}],"player_experience":1001431,"relics_obtained":[{"floor":5.0,"key":"Eternal Feather"},{"floor":6.0,"key":"Anchor"},{"floor":13.0,"key":"Pen Nib"},{"floor":23.0,"key":"Juzu Bracelet"},{"floor":25.0,"key":"Regal Pillow"},{"floor":26.0,"key":"Toxic Egg 2"},{"floor":29.0,"key":"Frozen Egg 2"},{"floor":31.0,"key":"Tiny Chest"},{"floor":40.0,"key":"Sundial"},{"floor":42.0,"key":"Old Coin"},{"floor":43.0,"key":"Damaru"},{"floor":45.0,"key":"Akabeko"},{"floor":55,"key":"TungstenRod"}],"event_choices":[{"damage_healed":0.0,"max_hp_gain":0.0,"max_hp_loss":0.0,"gold_gain":0.0,"event_name":"Liars Game","player_choice":"Ignored","floor":4.0,"gold_loss":0.0,"damage_taken":0.0},{"damage_healed":0.0,"max_hp_gain":0.0,"max_hp_loss":0.0,"gold_gain":200.0,"event_name":"Wheel of Change","player_choice":"Gold","floor":20.0,"gold_loss":0.0,"damage_taken":0.0},{"damage_healed":0.0,"max_hp_gain":0.0,"max_hp_loss":0.0,"gold_gain":0.0,"event_name":"Forgotten Altar","player_choice":"Smashed Altar","floor":24.0,"gold_loss":0.0,"damage_taken":0.0,"cards_obtained":["Decay"]},{"damage_healed":0.0,"max_hp_gain":0.0,"max_hp_loss":0.0,"gold_gain":0.0,"event_name":"SensoryStone","player_choice":"Memory 1","floor":36.0,"gold_loss":0.0,"damage_taken":0.0},{"damage_healed":0.0,"max_hp_gain":0.0,"max_hp_loss":0.0,"gold_gain":0.0,"event_name":"Tomb of Lord Red Mask","player_choice":"Ignored","floor":37.0,"gold_loss":0.0,"damage_taken":0.0},{"cards_removed":["EmptyFist"],"damage_healed":0.0,"max_hp_gain":0.0,"max_hp_loss":0.0,"gold_gain":0.0,"event_name":"Falling","player_choice":"Removed Attack","floor":46.0,"gold_loss":0.0,"damage_taken":0.0}],"is_beta":true,"boss_relics":[{"not_picked":["SlaversCollar","Busted Crown"],"picked":"Fusion Hammer"},{"not_picked":["Runic Pyramid","HolyWater"],"picked":"Empty Cage"}],"items_purged_floors":[19,44],"is_endless":false,"potions_floor_spawned":[1,6,8,16,21,27,33,40,41],"ascension_level":20}}