{"host":"xwl7b08i4vco8s3a","time":1614112346,"event":{"mods":["BaseMod","Colored Powertips","Downfall","Hermit","Minty Spire (QoL Compilation)","Replay The Spire","StSLib","Wandering Minibosses"],"gold_per_floor":[99,115,135,165,165,183,210,236,236,267,67,83,103,129,140,245,245,145,159,159,205,205,205,230,230,148,148,168,185,198,37,52,52,52,52],"floor_reached":33,"language":"ENG","playtime":1880,"items_purged":[],"score":259,"play_id":"4d102d8a-5124-4d52-b2ca-fd7bf9a26559","local_time":"20210223213226","is_ascension_mode":false,"campfire_choices":[{"floor":1,"key":"RECALL"},{"floor":11,"key":"REST"},{"floor":18,"key":"DIG"},{"data":"Guardian:PrismaticBeam","floor":23,"key":"SMITH"},{"data":"Guardian:RevengeProtocol","floor":27,"key":"SMITH"}],"circlet_count":0,"master_deck":["Guardian:Strike_Guardian","Guardian:Strike_Guardian+1","Guardian:Strike_Guardian+1","Guardian:Strike_Guardian","Guardian:Defend_Guardian","Guardian:Defend_Guardian","Guardian:Defend_Guardian","Guardian:Defend_Guardian","Guardian:CurlUp","Guardian:TwinSlam","Guardian:BronzeArmor","Guardian:PrismaticBeam+1","Guardian:PiercingHide","Guardian:RevengeProtocol+1","CurseOfTheBell","Guardian:PrimingBeam","Guardian:Recover","Delirium","Guardian:PrimingBeam","Guardian:Gem_Green","Guardian:EvasiveProtocol","Guardian:Gem_Green"],"relics":["Guardian:ModeShifter","Replay:Towering Pillar of Hats","Smiling Mask","Replay:Rubber Ducky","downfall:HeartBlessingRed","downfall:HeartBlessingBlue","Bag of Marbles","Calling Bell","Golden Egg","Replay:Kaleidoscope","Art of War","downfall:HeartBlessingGreen","Centennial Puzzle","Ring of Peace","Ring of Hypnosis","Whetstone","Happy Flower"],"acts_visited":["Exordium","TheCity"],"potions_floor_usage":[14,14,16,16,16,29,30,33,33,33],"damage_taken":[{"damage":11,"enemies":"Jaw Worm","floor":2,"turns":5},{"damage":13,"enemies":"2 Louse","floor":3,"turns":5},{"damage":8,"enemies":"Cultist","floor":6,"turns":7},{"damage":35,"enemies":"Gremlin Nob","floor":10,"turns":6},{"damage":0,"enemies":"Exordium Wildlife","floor":12,"turns":2},{"damage":5,"enemies":"3 Louse","floor":13,"turns":3},{"damage":4,"enemies":"3 Sentries","floor":14,"turns":10},{"damage":1,"enemies":"2 Fungi Beasts","floor":15,"turns":4},{"damage":22,"enemies":"SI_SHIV_ARCHETYPE","floor":16,"turns":11},{"damage":5,"enemies":"Spheric Guardian","floor":19,"turns":6},{"damage":0,"enemies":"Shell Parasite","floor":26,"turns":7},{"damage":0,"enemies":"Centurion and Healer","floor":28,"turns":8},{"damage":9,"enemies":"Cultist and Chosen","floor":29,"turns":10},{"damage":11,"enemies":"Shelled Parasite and Fungi","floor":30,"turns":7},{"damage":0,"enemies":"downfall:FleeingMerchant","floor":31,"turns":4},{"damage":4,"enemies":"Centurion and Healer","floor":32,"turns":6},{"damage":66,"enemies":"WA_ARCHETYPE_CALM","floor":33,"turns":14}],"seed_played":"-1278017937027402792","potions_obtained":[{"floor":3,"key":"Reflective Coating"},{"floor":10,"key":"SkillPotion"},{"floor":13,"key":"sneckomod:MuddlingPotion"},{"floor":14,"key":"Energy Potion"},{"floor":15,"key":"Swift Potion"},{"floor":21,"key":"Block Potion"},{"floor":21,"key":"hexamod:SoulburnPotion"},{"floor":21,"key":"Guardian:AcceleratePotion"},{"floor":26,"key":"Strength Potion"},{"floor":29,"key":"Dexterity Potion"},{"floor":30,"key":"bronze:BurnAndBuffPotion"}],"is_trial":false,"path_per_floor":["R","M","M","?","?","M","T","T","?","E","R","M","M","E","M","B",null,"R","M","?","?","?","R","T","?","M","R","M","M","M","$","M","B"],"character_chosen":"GUARDIAN","items_purchased":["Happy Flower"],"campfire_rested":1,"item_purchase_floors":[31],"current_hp_per_floor":[80,69,56,56,56,48,48,48,48,13,50,50,45,41,40,18,90,90,85,85,85,85,85,85,85,85,85,85,76,65,65,61,0,0,0],"gold":52,"neow_bonus":"RANDOM_COLORLESS","is_daily":false,"chose_seed":false,"campfire_upgraded":2,"win_rate":0.0,"timestamp":1614112346,"path_taken":["R","M","M","?","?","?","T","?","?","E","R","M","M","E","M","BOSS","R","M","?","?","?","R","T","?","M","R","M","M","?","$","M","BOSS"],"items_purchased_type":["Relic"],"build_version":"2020-12-22","purchased_purges":0,"victory":false,"max_hp_per_floor":[80,80,80,80,80,80,80,80,80,80,90,90,90,90,90,90,90,90,90,90,90,90,90,90,90,90,90,90,90,90,90,90,90,90,90],"card_choices":[{"not_picked":["Replay:Bootleg Shield Generator","Dark Shackles"],"picked":"Purity","floor":0},{"not_picked":["Guardian:CrystalBeam","Guardian:Repulse"],"picked":"Guardian:Gem_Fragmented","floor":2},{"not_picked":["Guardian:RollAttack","Guardian:Preprogram"],"picked":"Guardian:Gem_White","floor":3},{"not_picked":["Guardian:ShieldSpikes","Guardian:DonusPower"],"picked":"Guardian:Gem_Lightblue","floor":6},{"not_picked":["Guardian:Planning","Guardian:DonusPower"],"picked":"Guardian:Gem_Crimson","floor":10},{"not_picked":["Guardian:Reroute","Guardian:DonusPower","Guardian:WalkerClaw"],"picked":"SKIP","floor":12},{"not_picked":["Guardian:RefractedBeam","Guardian:TemporalStrike"],"picked":"Guardian:BronzeArmor","floor":13},{"not_picked":["Guardian:StasisField","Guardian:Reroute"],"picked":"Guardian:PrismaticBeam","floor":14},{"not_picked":["Guardian:PrimingBeam","Guardian:ChargeCore"],"picked":"Guardian:PiercingHide","floor":15},{"not_picked":["Guardian:FierceBash","Guardian:Gem_Orange"],"picked":"Guardian:RevengeProtocol","floor":16},{"not_picked":["Guardian:CompilePackage","Guardian:Incinerate"],"picked":"Guardian:PrimingBeam","floor":19},{"not_picked":["Guardian:TemporalShield","Guardian:ChargeUp"],"picked":"Guardian:Recover","floor":21},{"not_picked":["Guardian:SentryBeam","Guardian:RollAttack"],"picked":"Guardian:Gem_Crimson","floor":26},{"not_picked":["Guardian:TemporalStrike","Guardian:ChargeUp"],"picked":"Guardian:Gem_Green","floor":28},{"not_picked":["Guardian:Gem_Cyan","Guardian:MultiBeam"],"picked":"Guardian:EvasiveProtocol","floor":29},{"not_picked":["Guardian:SentryBeam","Guardian:WalkerClaw","Guardian:ChargeCore"],"picked":"SKIP","floor":30},{"not_picked":["Guardian:PrimingBeam","Guardian:WalkerClaw"],"picked":"Guardian:Gem_Green","floor":31},{"not_picked":["Guardian:Gem_Lightblue","Guardian:RevengeProtocol","Guardian:Incinerate+1"],"picked":"SKIP","floor":32}],"player_experience":467319,"relics_obtained":[{"floor":8,"key":"Smiling Mask"},{"floor":10,"key":"Replay:Rubber Ducky"},{"floor":14,"key":"Bag of Marbles"},{"floor":17,"key":"Golden Egg"},{"floor":17,"key":"Replay:Kaleidoscope"},{"floor":17,"key":"Art of War"},{"floor":18,"key":"Centennial Puzzle"},{"floor":22,"key":"Ring of Peace"},{"floor":22,"key":"Ring of Hypnosis"},{"floor":24,"key":"Whetstone"}],"event_choices":[],"is_beta":false,"boss_relics":[{"not_picked":["Fusion Hammer","ChewingGum"],"picked":"Calling Bell"}],"items_purged_floors":[],"is_endless":false,"potions_floor_spawned":[3,10,13,14,15,26,29,30],"killed_by":"WA_ARCHETYPE_CALM","ascension_level":0}}