{"host":"1vy6j31128f61x2z","time":1614051494,"event":{"mods":["AchievementEnabler","BaseMod","Colored Powertips","Minty Spire (QoL Compilation)","Permanent Neow"],"gold_per_floor":[110,121,121,121,121,121,162,162,162,181,220,3,3,21,21,151,151,165,189,239,257,275,275,275],"floor_reached":23,"language":"ENG","playtime":776,"items_purged":[],"score":294,"play_id":"a374c374-5ef7-41f1-b57d-9e4039519452","local_time":"20210222223814","is_ascension_mode":true,"campfire_choices":[{"data":"Deadly Poison","floor":6.0,"key":"SMITH"},{"data":"Caltrops","floor":8.0,"key":"SMITH"},{"data":"Leg Sweep","floor":13.0,"key":"SMITH"},{"data":"Flying Knee","floor":15.0,"key":"SMITH"}],"circlet_count":0,"master_deck":["Strike_G","Strike_G+1","Strike_G+1","Strike_G","Defend_G","Defend_G","Defend_G","Defend_G+1","Defend_G+1","Survivor","Neutralize","Deadly Poison+1","Quick Slash","Caltrops+1","Leg Sweep+1","Escape Plan","Blur","A Thousand Cuts+1","Flying Knee+1","Adrenaline","Blur","Leg Sweep","Dodge and Roll+1"],"relics":["Ring of the Snake","NeowsBlessing","Golden Idol","Whetstone","War Paint","Frozen Egg 2","Fusion Hammer"],"acts_visited":["TheCity"],"potions_floor_usage":[],"damage_taken":[{"damage":0.0,"enemies":"Jaw Worm","floor":1.0,"turns":1.0},{"damage":0.0,"enemies":"2 Louse","floor":2.0,"turns":1.0},{"damage":0.0,"enemies":"Lagavulin","floor":7.0,"turns":1.0},{"damage":0.0,"enemies":"Cultist","floor":10.0,"turns":3.0},{"damage":31.0,"enemies":"3 Sentries","floor":11.0,"turns":9.0},{"damage":9.0,"enemies":"Gremlin Gang","floor":14.0,"turns":4.0},{"damage":8.0,"enemies":"The Guardian","floor":16.0,"turns":10.0},{"damage":10.0,"enemies":"2 Thieves","floor":18.0,"turns":4.0},{"damage":0.0,"enemies":"Chosen","floor":19.0,"turns":4.0},{"damage":0,"enemies":"Snecko","floor":21,"turns":5},{"damage":4,"enemies":"Snake Plant","floor":22,"turns":4},{"damage":39,"enemies":"Slavers","floor":23,"turns":4}],"seed_played":"-6700581832919802935","potions_obtained":[{"floor":1.0,"key":"Strength Potion"},{"floor":10.0,"key":"Ancient Potion"},{"floor":14.0,"key":"DuplicationPotion"},{"floor":21,"key":"Ancient Potion"}],"is_trial":false,"path_per_floor":["M","M","?","?","?","R","E","R","T","M","E","$","R","M","R","B",null,"M","M","?","M","M","E"],"character_chosen":"THE_SILENT","items_purchased":["Blur","A Thousand Cuts+1"],"campfire_rested":0,"item_purchase_floors":[12,12],"current_hp_per_floor":[63,63,63,56,56,56,56,56,56,56,25,25,25,16,16,8,51,41,41,41,41,37,0,0],"gold":275,"neow_bonus":"THREE_ENEMY_KILL","is_daily":false,"chose_seed":false,"campfire_upgraded":4,"win_rate":0.0,"timestamp":1614051494,"path_taken":["M","M","?","?","?","R","E","R","T","M","E","?","R","M","R","BOSS","M","M","?","M","?","E"],"items_purchased_type":["Card","Card"],"build_version":"2020-12-22","purchased_purges":0,"victory":false,"max_hp_per_floor":[70,70,65,65,65,65,65,65,65,65,65,65,65,65,65,65,65,65,65,65,65,65,65,65],"card_choices":[{"not_picked":["Calculated Gamble","Deflect"],"picked":"Deadly Poison","floor":1.0},{"not_picked":["Expertise","Dagger Throw"],"picked":"Quick Slash","floor":2.0},{"not_picked":["Deadly Poison","Dagger Throw"],"picked":"Caltrops","floor":7.0},{"not_picked":["Prepared","Well Laid Plans"],"picked":"Leg Sweep","floor":10.0},{"not_picked":["Finisher","Dagger Spray"],"picked":"Escape Plan","floor":11.0},{"not_picked":["Sucker Punch","Finisher"],"picked":"Flying Knee","floor":14.0},{"not_picked":["Envenom+1","Storm of Steel"],"picked":"Adrenaline","floor":16.0},{"not_picked":["Underhanded Strike","Infinite Blades+1"],"picked":"Blur","floor":18.0},{"not_picked":["Blade Dance","Flying Knee"],"picked":"Leg Sweep","floor":19.0},{"not_picked":["Masterful Stab","Prepared","All Out Attack"],"picked":"SKIP","floor":21},{"not_picked":["Riddle With Holes+1","Cloak And Dagger"],"picked":"Dodge and Roll+1","floor":22}],"player_experience":126312,"relics_obtained":[{"floor":7.0,"key":"Whetstone"},{"floor":9.0,"key":"War Paint"},{"floor":11.0,"key":"Frozen Egg 2"}],"event_choices":[{"damage_healed":0.0,"max_hp_gain":0.0,"max_hp_loss":5.0,"gold_gain":0.0,"event_name":"Golden Idol","player_choice":"Lose Max HP","floor":3.0,"gold_loss":0.0,"damage_taken":0.0,"relics_obtained":["Golden Idol"]},{"cards_removed":["Strike_G"],"damage_healed":0.0,"max_hp_gain":0.0,"max_hp_loss":0.0,"gold_gain":0.0,"event_name":"Golden Wing","player_choice":"Card Removal","floor":4.0,"gold_loss":0.0,"damage_taken":7.0},{"damage_healed":0.0,"max_hp_gain":0.0,"max_hp_loss":0.0,"gold_gain":0.0,"event_name":"Liars Game","player_choice":"Ignored","floor":5.0,"gold_loss":0.0,"damage_taken":0.0},{"damage_healed":0,"gold_gain":100,"player_choice":"Bet on Murderer","damage_taken":0,"max_hp_gain":0,"max_hp_loss":0,"event_name":"The Joust","floor":20,"gold_loss":50}],"is_beta":false,"boss_relics":[{"not_picked":["SacredBark","Empty Cage"],"picked":"Fusion Hammer"}],"items_purged_floors":[],"is_endless":false,"potions_floor_spawned":[1,10,14,16,21,22],"killed_by":"Slavers","ascension_level":6}}