{"host":"5pruifpvrxoc6ior","time":1614051343,"event":{"mods":["AchievementEnabler","Aspiration","BaseMod","Colored Map","Colored Powertips","Downfall","Googly Eyes","Hermit","Hubris","Jorbs\u0027s Wanderer Trilogy","Marisa????????","Minty Spire (QoL Compilation)","Quick Restart","Remilia??????","Replay The Spire","StSLib","SuperFastMode","The Bug Knight","The Cursed","The Disciple","The Hierophant","The Jungle","The Necromancer","The Servant 0.9.4"],"gold_per_floor":[111,28,28,128,75,108,108,127,127,140,140,169,186,186,186,186,186],"floor_reached":16,"language":"ENG","playtime":602,"items_purged":[],"score":283,"play_id":"b09f1eb8-aaff-4aad-8274-c55b6fb68dc6","local_time":"20210222223543","is_ascension_mode":false,"campfire_choices":[{"data":"DaylightSavings","floor":7,"key":"SMITH"},{"data":"LockedAnchor","floor":15,"key":"SMITH"}],"circlet_count":0,"master_deck":["Strike_Br","Strike_Br","Strike_Br","Strike_Br","Defend_Br","Defend_Br","Defend_Br","Defend_Br","SecondHand","PatternShift","ExoVibe+4","LockedAnchor+1","DaylightSavings+7","downfall:Haunted","downfall:Haunted","Languid","LockedCalendar+1","downfall:Malfunctioning","Replay:Hysterical Blindness","Echoward","WindUp","LockedWhetstone+1","FormalWear","ReapSow"],"relics":["Chronometer","NeowsBlessing","hubris:Icosahedron","Darkstone Periapt","Golden Egg","Lantern","SlipperyGoo","Cryopreserver"],"acts_visited":["Exordium"],"potions_floor_usage":[10,12,16],"damage_taken":[{"damage":0,"enemies":"Small Slimes","floor":1,"turns":2},{"damage":0,"enemies":"Gremlin Nob","floor":6,"turns":1},{"damage":0,"enemies":"Cultist","floor":8,"turns":1},{"damage":3,"enemies":"Jaw Worm","floor":10,"turns":8},{"damage":16,"enemies":"3 Sentries","floor":12,"turns":5},{"damage":10,"enemies":"Looter","floor":13,"turns":3},{"damage":54,"enemies":"Hexaghost","floor":16,"turns":10}],"seed_played":"6414045716209634460","potions_obtained":[{"floor":8,"key":"SneckoOil"},{"floor":10,"key":"ColorlessPotion"},{"floor":13,"key":"SteroidPotion"}],"is_trial":false,"path_per_floor":["M","$","?","?","?","E","R","M","T","M","?","E","M","?","R","B"],"character_chosen":"CHRONO_CLASS","items_purchased":["LockedAnchor","DaylightSavings"],"campfire_rested":0,"item_purchase_floors":[2,2],"current_hp_per_floor":[65,65,65,100,100,100,100,100,100,97,77,61,51,51,51,0,0],"gold":186,"neow_bonus":"THREE_ENEMY_KILL","is_daily":false,"chose_seed":false,"campfire_upgraded":2,"win_rate":0.0,"timestamp":1614051343,"path_taken":["M","$","?","?","?","E","R","M","T","?","?","E","M","?","R","BOSS"],"items_purchased_type":["Card","Card"],"build_version":"2020-12-22","purchased_purges":0,"victory":false,"max_hp_per_floor":[65,65,65,100,100,100,100,100,100,100,100,100,100,100,100,100,100],"card_choices":[{"not_picked":["AlternateTimeline","LockedScales"],"picked":"ExoVibe","floor":1},{"not_picked":["ResonantCall","AlternateTimeline"],"picked":"Echoward","floor":6},{"not_picked":["Parity","LockedUrn"],"picked":"WindUp","floor":8},{"not_picked":["SlimeSpray","BiteCommand"],"picked":"LockedWhetstone","floor":10},{"not_picked":["Stagnate","HandsUpC"],"picked":"FormalWear","floor":12},{"not_picked":["LockedMawBank","AlternateTimeline"],"picked":"ReapSow","floor":13}],"player_experience":46947,"relics_obtained":[{"floor":6,"key":"Lantern"},{"floor":9,"key":"SlipperyGoo"},{"floor":12,"key":"Cryopreserver"}],"event_choices":[{"damage_healed":0,"gold_gain":0,"player_choice":"Paid Gold","damage_taken":0,"relics_obtained":["Golden Egg"],"max_hp_gain":0,"max_hp_loss":0,"event_name":"WeMeetAgain","floor":5,"gold_loss":53},{"damage_healed":0,"gold_gain":0,"player_choice":"Entered Light","damage_taken":20,"max_hp_gain":0,"max_hp_loss":0,"event_name":"Shining Light","floor":11,"gold_loss":0,"cards_upgraded":["LockedCalendar","ExoVibe"]},{"damage_healed":0,"gold_gain":0,"player_choice":"Upgraded","damage_taken":0,"max_hp_gain":0,"max_hp_loss":0,"event_name":"Upgrade Shrine","floor":14,"gold_loss":0,"cards_upgraded":["LockedWhetstone"]}],"is_beta":false,"boss_relics":[],"items_purged_floors":[],"is_endless":false,"potions_floor_spawned":[8,10,13],"killed_by":"Hexaghost","ascension_level":0}}