{"host":"5pruifpvrxoc6ior","time":1614053512,"event":{"mods":["AchievementEnabler","Aspiration","BaseMod","Colored Map","Colored Powertips","Downfall","Googly Eyes","Hermit","Hubris","Jorbs\u0027s Wanderer Trilogy","Marisa????????","Minty Spire (QoL Compilation)","Quick Restart","Remilia??????","Replay The Spire","StSLib","SuperFastMode","The Bug Knight","The Cursed","The Disciple","The Hierophant","The Jungle","The Necromancer","The Servant 0.9.4"],"gold_per_floor":[114,172,172,190,190,224,42,56,56,56,90,109,123,152,152,251,251,263,62,81,100,100,100,114,147,174,204,204,554,72,72,72,167,167,182,182,12,22,42,42,69,69,69],"floor_reached":42,"language":"ENG","playtime":1403,"items_purged":["Defend_W","Looming Evil"],"score":896,"play_id":"6227b22a-0ca1-42f5-8694-459d0edc7978","local_time":"20210222231152","is_ascension_mode":true,"campfire_choices":[{"data":"Summon_Undead","floor":10,"key":"SMITH"},{"floor":15,"key":"REST"},{"data":"Summon_Lich","floor":23,"key":"SMITH"},{"floor":32,"key":"REST"},{"floor":40,"key":"REST"}],"circlet_count":0,"master_deck":["Defend_W","Defend_W","Negative_Energy_Arrows+1","Bone_Wall","Blood_Whip","Finger_Of_Death","Bone_Prison","Spectral_Armor","Summon_Undead+1","Toxic_Smoke_Screen","Blood_Curse","Vampiric_Strike","Summon_Lich+1","Negative_Energy_Javelin","Summon_Undead_Army","Toxic_Smoke_Screen+1","Negative_Energy_Sphere","Blood_Whip","Dark Shackles","Negative_Energy_Shield+1","Negative_Energy_Javelin","Summon_Undead_Army","Death_Knell+1","Blood_Whip","Doubt","hubris:Gluttony","Summon_Undead_Army+1","Bone_Armor+1","Bite","Bite+1","Bite","Bite","Bite","Death_March_Dance","Summon_Vampire_Lady+1","stsjorbsmod:Withering","Negative_Energy_Shield","Bone_Prison+1","Good Instincts+1","Negative_Energy_Burst+1","Shade_Step","Plague_Bolt+1"],"relics":["Vampire_Amulet","NeowsBlessing","hubris:Icosahedron","Anchor","Replay:Baseball","Dream Catcher","Vajra","Sozu","BargainBundle","Blue Doll","Gremlin Food","Centennial Puzzle","Ring of Greed","ReplayTheSpireMod:Ring of Exchange","Golden Egg","Old Coin","Replay:Bottled Snecko","SlaversCollar","hubris:AstralHammer"],"acts_visited":["Exordium","TheCity","TheBeyond"],"potions_floor_usage":[14,14,21,33],"damage_taken":[{"damage":0,"enemies":"Small Slimes","floor":1,"turns":1},{"damage":0,"enemies":"2 Louse","floor":4,"turns":1},{"damage":2,"enemies":"Gremlin Nob","floor":6,"turns":1},{"damage":0,"enemies":"Cultist","floor":8,"turns":4},{"damage":12,"enemies":"3 Sentries","floor":11,"turns":8},{"damage":12,"enemies":"2 Fungi Beasts","floor":12,"turns":4},{"damage":2,"enemies":"Gremlin Gang","floor":13,"turns":4},{"damage":10,"enemies":"Lagavulin","floor":14,"turns":8},{"damage":33,"enemies":"Hexaghost","floor":16,"turns":10},{"damage":6,"enemies":"Spheric Guardian","floor":18,"turns":4},{"damage":6,"enemies":"Chosen","floor":20,"turns":4},{"damage":10,"enemies":"Snake Plant","floor":21,"turns":4},{"damage":13,"enemies":"3 Cultists","floor":24,"turns":4},{"damage":5,"enemies":"Gremlin Leader","floor":25,"turns":5},{"damage":28,"enemies":"Book of Stabbing","floor":27,"turns":6},{"damage":50,"enemies":"Pondfish","floor":33,"turns":12},{"damage":5,"enemies":"3 Shapes","floor":35,"turns":6},{"damage":10,"enemies":"Orb Walker","floor":38,"turns":4},{"damage":47,"enemies":"Writhing Mass","floor":39,"turns":7},{"damage":83,"enemies":"Giant Head","floor":41,"turns":11},{"damage":14,"enemies":"4 Shapes","floor":42,"turns":2}],"seed_played":"1810963032394892493","potions_obtained":[{"floor":4,"key":"Ancient Potion"},{"floor":8,"key":"Energy Potion"},{"floor":12,"key":"SkillPotion"},{"floor":16,"key":"hexamod:SoulburnPotion"}],"is_trial":false,"path_per_floor":["M","?","?","M","?","E","$","M","T","R","E","M","M","E","R","B",null,"M","$","M","M","?","R","M","E","T","E","?","?","$","?","R_BF","B",null,"M","?","$","M","M","R","E","M"],"character_chosen":"NECROMANCER","items_purchased":["Spectral_Armor","Summon_Undead","BargainBundle","Summon_Undead_Army","Toxic_Smoke_Screen+1","Negative_Energy_Sphere","Blood_Whip","Dark Shackles","Replay:Bottled Snecko","Summon_Undead_Army","Bone_Armor","Bone_Prison","Good Instincts"],"campfire_rested":3,"item_purchase_floors":[7,7,19,19,19,19,19,19,30,30,30,37,37],"current_hp_per_floor":[75,75,75,75,75,75,75,75,75,75,69,61,67,75,75,46,75,71,71,71,63,63,63,56,64,64,44,44,44,44,44,52,35,52,52,62,62,56,40,58,6,0,0],"gold":69,"neow_bonus":"THREE_ENEMY_KILL","is_daily":false,"chose_seed":false,"campfire_upgraded":2,"win_rate":0.0,"timestamp":1614053512,"path_taken":["M","?","?","M","?","E","$","M","T","R","E","M","?","E","R","BOSS","M","$","M","M","?","R","?","E","T","E","?","?","$","?","R_BF","BOSS","M","?","$","?","M","R","E","M"],"items_purchased_type":["Card","Card","Relic","Card","Card","Card","Card","Card","Relic","Card","Card","Card","Card"],"build_version":"2020-12-22","purchased_purges":2,"victory":false,"max_hp_per_floor":[75,75,75,75,75,75,75,75,75,75,75,75,75,75,75,75,75,75,75,75,75,75,75,75,75,75,75,75,75,75,52,52,52,52,52,62,62,62,62,62,62,62,62],"card_choices":[{"not_picked":["Shackles_Of_Pain","Bone_Shift"],"picked":"Blood_Whip","floor":1},{"not_picked":["Chill_Blood","Vampiric_Strike"],"picked":"Finger_Of_Death","floor":4},{"not_picked":["Strike_from_Beyond","Bone_Shift"],"picked":"Bone_Prison","floor":6},{"not_picked":["Blood_Curse","Chill_Blood"],"picked":"Toxic_Smoke_Screen","floor":8},{"not_picked":["Bone_Bullets","Pandemic"],"picked":"Blood_Curse","floor":11},{"not_picked":["Negative_Energy_Burst","Blood_Whip"],"picked":"Vampiric_Strike","floor":12},{"not_picked":["Strike_from_Beyond","Negative_Energy_Mist","Negative_Energy_Bomb"],"picked":"SKIP","floor":13},{"not_picked":["Epidemic","Thousand_Bone_Knives","Vampiric_Strike"],"picked":"SKIP","floor":14},{"not_picked":["Shackles_Of_Pain","Violent_Necrosis"],"picked":"Summon_Lich","floor":15},{"not_picked":["Negative_Energy_Bomb","Hellfire"],"picked":"Blood_Wake","floor":16},{"not_picked":["Bones_to_Steel","Bone_Bullets"],"picked":"Negative_Energy_Javelin","floor":18},{"not_picked":["Epidemic","Chill_Blood"],"picked":"Negative_Energy_Shield+1","floor":20},{"not_picked":["Blood_Shield","Finger_Of_Death+1"],"picked":"Negative_Energy_Javelin","floor":21},{"not_picked":["Epidemic","Life_Tap"],"picked":"Summon_Undead_Army","floor":24},{"not_picked":["Strike_from_Beyond","Slay_Living"],"picked":"Death_Knell+1","floor":25},{"not_picked":["Negative_Energy_Bomb","Death_Coil"],"picked":"Blood_Whip","floor":27},{"not_picked":["Plague_Bolt","Chill_Blood"],"picked":"Death_March_Dance","floor":32},{"not_picked":["Blood_Magic","Cloudkill"],"picked":"Summon_Vampire_Lady","floor":33},{"not_picked":["Deaths_Shadow+1","Violent_Necrosis+1"],"picked":"Negative_Energy_Shield","floor":35},{"not_picked":["Vampiric_Strike+1","Negative_Energy_Burst","Blood_for_Blood"],"picked":"SKIP","floor":38},{"not_picked":["Deaths_Shadow","Bone_Bullets"],"picked":"Negative_Energy_Burst+1","floor":39},{"not_picked":["Blood_Is_Power","Necromantic_Selection+1"],"picked":"Shade_Step","floor":40},{"not_picked":["Corrupt+1","Bone_Armory"],"picked":"Plague_Bolt+1","floor":41}],"player_experience":48290,"relics_obtained":[{"floor":6,"key":"Anchor"},{"floor":9,"key":"Replay:Baseball"},{"floor":11,"key":"Dream Catcher"},{"floor":14,"key":"Vajra"},{"floor":25,"key":"Blue Doll"},{"floor":26,"key":"Gremlin Food"},{"floor":27,"key":"Centennial Puzzle"},{"floor":29,"key":"Ring of Greed"},{"floor":29,"key":"ReplayTheSpireMod:Ring of Exchange"},{"floor":29,"key":"Golden Egg"},{"floor":29,"key":"Old Coin"},{"floor":41,"key":"hubris:AstralHammer"}],"event_choices":[{"damage_healed":0,"gold_gain":58,"player_choice":"Gained Gold","damage_taken":0,"max_hp_gain":0,"max_hp_loss":0,"event_name":"Golden Wing","floor":2,"gold_loss":0},{"cards_removed":["Defend_W"],"damage_healed":0,"gold_gain":0,"player_choice":"Purged","damage_taken":0,"max_hp_gain":0,"max_hp_loss":0,"event_name":"Purifier","floor":5,"gold_loss":0},{"damage_healed":0,"gold_gain":0,"player_choice":"Bought 0 Potions","damage_taken":0,"max_hp_gain":0,"max_hp_loss":0,"event_name":"The Woman in Blue","floor":22,"gold_loss":0},{"damage_healed":0,"gold_gain":0,"player_choice":"Became a vampire","damage_taken":0,"max_hp_gain":0,"max_hp_loss":23,"event_name":"Vampires","floor":31,"gold_loss":0,"cards_obtained":["Bite","Bite","Bite","Bite","Bite"]},{"cards_removed":["Blood_Wake"],"damage_healed":0,"gold_gain":0,"player_choice":"Offered Rare","damage_taken":0,"max_hp_gain":10,"max_hp_loss":0,"event_name":"Bonfire Elementals","floor":36,"gold_loss":0}],"is_beta":false,"boss_relics":[{"not_picked":["Snecko Eye","aspiration:RitualDagger"],"picked":"Sozu"},{"not_picked":["Orrery","hubris:CrackedHourglass"],"picked":"SlaversCollar"}],"items_purged_floors":[7,30],"is_endless":false,"potions_floor_spawned":[4,8,12,16,18,24,25,39,41],"killed_by":"4 Shapes","ascension_level":4}}