{"host":"e8rlfedn69rz2s07","time":1614042655,"event":{"mods":["AchievementEnabler","BaseMod","Minty Spire (QoL Compilation)","Permanent Neow","Relic Stats"],"gold_per_floor":[119,134,134,144,155,155,185,185,185,185,216,232,244,244,244,322,322,338,338,350,350,59,59,59],"floor_reached":23,"language":"ENG","playtime":883,"items_purged":[],"score":427,"play_id":"0d1db81b-f1cc-45cd-9ad6-64ac1b96e841","local_time":"20210223031055","is_ascension_mode":true,"campfire_choices":[{"floor":6.0,"key":"REST"},{"floor":8.0,"key":"REST"},{"data":"Hologram","floor":15.0,"key":"SMITH"}],"circlet_count":0,"master_deck":["AscendersBane","Defend_B+1","Defend_B+1","Defend_B+1","Defend_B+1","Zap","Dualcast","Loop","Streamline","Sweeping Beam","Gash","Hologram+1","Clumsy","Beam Cell","Coolheaded","Gash","Heatsinks","All For One","Gash","Defragment","Bite","Bite","Bite","Bite","Bite","Chill"],"relics":["Cursed Key","Dream Catcher","Juzu Bracelet","Pantograph","Runic Pyramid","Membership Card","Bronze Scales"],"acts_visited":["Exordium","TheCity"],"potions_floor_usage":[16,16,23,23],"damage_taken":[{"damage":4.0,"enemies":"2 Louse","floor":1.0,"turns":3.0},{"damage":10.0,"enemies":"Small Slimes","floor":2.0,"turns":4.0},{"damage":0.0,"enemies":"Cultist","floor":4.0,"turns":3.0},{"damage":33.0,"enemies":"Gremlin Gang","floor":5.0,"turns":7.0},{"damage":32.0,"enemies":"Gremlin Nob","floor":7.0,"turns":4.0},{"damage":15.0,"enemies":"Lagavulin","floor":11.0,"turns":7.0},{"damage":3.0,"enemies":"Blue Slaver","floor":12.0,"turns":4.0},{"damage":2.0,"enemies":"Exordium Wildlife","floor":13.0,"turns":4.0},{"damage":12,"enemies":"Hexaghost","floor":16,"turns":9},{"damage":30,"enemies":"Shell Parasite","floor":18,"turns":5},{"damage":4,"enemies":"Spheric Guardian","floor":20,"turns":4},{"damage":27,"enemies":"Slavers","floor":23,"turns":2}],"seed_played":"3056934544703482907","potions_obtained":[{"floor":7.0,"key":"SkillPotion"},{"floor":11.0,"key":"Energy Potion"},{"floor":12.0,"key":"AttackPotion"},{"floor":13.0,"key":"FocusPotion"},{"floor":16,"key":"Strength Potion"},{"floor":18,"key":"PowerPotion"}],"is_trial":false,"path_per_floor":["M","M","?","M","M","R","E","R","T","?","E","M","M","?","R","B",null,"M","?","M","?","$","E"],"character_chosen":"DEFECT","items_purchased":["Membership Card","Chill","Bronze Scales"],"campfire_rested":2,"item_purchase_floors":[22,22,22],"current_hp_per_floor":[60,50,50,50,17,38,6,27,27,27,12,9,7,7,7,20,58,28,28,24,24,24,0,0],"gold":59,"neow_bonus":"BOSS_RELIC","is_daily":false,"chose_seed":false,"campfire_upgraded":1,"win_rate":0.0,"timestamp":1614042655,"path_taken":["M","M","?","M","M","R","E","R","T","?","E","M","M","?","R","BOSS","M","?","M","?","$","E"],"items_purchased_type":["Relic","Card","Relic"],"build_version":"2020-12-22","purchased_purges":0,"victory":false,"max_hp_per_floor":[71,71,71,71,71,71,71,71,71,71,71,71,71,71,71,71,71,71,71,71,49,49,49,49],"relic_stats":{"Dream Catcher":1,"counters":[12,56],"Pantograph":25,"Bronze Scales":[12],"Juzu Bracelet":2,"Cursed Key":1,"obtain_stats":[{"Dream Catcher":7,"Pantograph":11,"Bronze Scales":22,"Juzu Bracelet":9,"Membership Card":22,"Cracked Core":0,"Cursed Key":0,"Runic Pyramid":17},{"Dream Catcher":5,"Pantograph":6,"Bronze Scales":11,"Juzu Bracelet":5,"Membership Card":11,"Cracked Core":0,"Cursed Key":0,"Runic Pyramid":9},{"Dream Catcher":21,"Pantograph":28,"Bronze Scales":54,"Juzu Bracelet":21,"Membership Card":54,"Cracked Core":0,"Cursed Key":0,"Runic Pyramid":45}]},"card_choices":[{"not_picked":["Sweeping Beam","Beam Cell"],"picked":"Loop","floor":1.0},{"not_picked":["Sweeping Beam","Barrage"],"picked":"Streamline","floor":2.0},{"not_picked":["Sunder","Aggregate","Heatsinks"],"picked":"SKIP","floor":4.0},{"not_picked":["Rebound","Static Discharge"],"picked":"Sweeping Beam","floor":5.0},{"not_picked":["Chaos","Streamline"],"picked":"Gash","floor":7.0},{"not_picked":["Reprogram","Lockon"],"picked":"Hologram","floor":8.0},{"not_picked":["Stack","Steam Power"],"picked":"Beam Cell","floor":11.0},{"not_picked":["Redo","Barrage"],"picked":"Coolheaded","floor":12.0},{"not_picked":["Double Energy","Rebound"],"picked":"Gash","floor":13.0},{"not_picked":["Machine Learning","Electrodynamics"],"picked":"All For One","floor":16},{"not_picked":["Sweeping Beam","Beam Cell"],"picked":"Gash","floor":18},{"not_picked":["Cold Snap+1","Leap"],"picked":"Defragment","floor":20}],"player_experience":1116037,"relics_obtained":[{"floor":7.0,"key":"Dream Catcher"},{"floor":9.0,"key":"Juzu Bracelet"},{"floor":11.0,"key":"Pantograph"}],"event_choices":[{"damage_healed":0.0,"max_hp_gain":0.0,"max_hp_loss":0.0,"gold_gain":0.0,"event_name":"Liars Game","player_choice":"Ignored","floor":3.0,"gold_loss":0.0,"damage_taken":0.0},{"cards_removed":["Strike_B"],"damage_healed":0.0,"max_hp_gain":0.0,"max_hp_loss":0.0,"gold_gain":0.0,"event_name":"Purifier","player_choice":"Purged","floor":10.0,"gold_loss":0.0,"damage_taken":0.0},{"damage_healed":0.0,"max_hp_gain":0.0,"max_hp_loss":0.0,"gold_gain":0.0,"cards_transformed":["Strike_B"],"event_name":"Transmorgrifier","player_choice":"Transformed","floor":14.0,"gold_loss":0.0,"damage_taken":0.0,"cards_obtained":["Heatsinks"]},{"damage_healed":0,"gold_gain":0,"player_choice":"Simplicity","damage_taken":0,"max_hp_gain":0,"max_hp_loss":0,"event_name":"Back to Basics","floor":19,"gold_loss":0,"cards_upgraded":["Strike_B","Strike_B","Defend_B","Defend_B","Defend_B","Defend_B"]},{"damage_healed":0,"gold_gain":0,"player_choice":"Became a vampire","damage_taken":0,"max_hp_gain":0,"max_hp_loss":22,"event_name":"Vampires","floor":21,"gold_loss":0,"cards_obtained":["Bite","Bite","Bite","Bite","Bite"]}],"is_beta":false,"boss_relics":[{"not_picked":["Tiny House","Calling Bell"],"picked":"Runic Pyramid"}],"items_purged_floors":[],"is_endless":false,"potions_floor_spawned":[7,11,12,13,16,18],"killed_by":"Slavers","ascension_level":20}}