{"host":"ydg0vn0pu4pubmdt","time":1614114636,"event":{"mods":["AchievementEnabler","BaseMod","Colored Map","Minty Spire (QoL Compilation)","Quick Restart","SuperFastMode"],"gold_per_floor":[117,42,56,75,85,85,85,119,145,145,156,170,184,218,218,294,294,305,316,332,332,332,332,366,381,381,381,400,400,400,131,131,131,131],"floor_reached":33,"language":"KOR","playtime":779,"items_purged":["Strike_P","WheelKick"],"score":608,"play_id":"79d9868c-c136-47da-a363-14cfae9d877c","local_time":"20210224061036","is_ascension_mode":true,"campfire_choices":[{"data":"Eruption","floor":6.0,"key":"SMITH"},{"data":"Study","floor":10.0,"key":"SMITH"},{"data":"MentalFortress","floor":15.0,"key":"SMITH"},{"floor":23.0,"key":"REST"},{"floor":30,"key":"REST"},{"floor":32,"key":"REST"}],"circlet_count":0,"master_deck":["AscendersBane","Strike_P+1","Strike_P+1","Defend_P+1","Defend_P+1","Defend_P+1","Eruption+1","Vigilance","EmptyFist","Tantrum","FearNoEvil","Study+1","MentalFortress+1","ForeignInfluence","InnerPeace","EmptyBody","Brilliance","FlurryOfBlows","MentalFortress"],"relics":["PureWater","NeowsBlessing","Toy Ornithopter","Ancient Tea Set","Dream Catcher","Runic Pyramid","StrikeDummy","Question Card","Medical Kit"],"acts_visited":["Exordium","TheCity"],"potions_floor_usage":[33],"damage_taken":[{"damage":0.0,"enemies":"2 Louse","floor":1.0,"turns":1.0},{"damage":0.0,"enemies":"Cultist","floor":3.0,"turns":1.0},{"damage":0.0,"enemies":"Small Slimes","floor":4.0,"turns":1.0},{"damage":0.0,"enemies":"Exordium Wildlife","floor":5.0,"turns":2.0},{"damage":10.0,"enemies":"3 Sentries","floor":8.0,"turns":4.0},{"damage":3.0,"enemies":"2 Fungi Beasts","floor":11.0,"turns":3.0},{"damage":10.0,"enemies":"Large Slime","floor":12.0,"turns":5.0},{"damage":0.0,"enemies":"Blue Slaver","floor":13.0,"turns":2.0},{"damage":0.0,"enemies":"Lagavulin","floor":14.0,"turns":4.0},{"damage":23.0,"enemies":"The Guardian","floor":16.0,"turns":9.0},{"damage":19.0,"enemies":"Shell Parasite","floor":18.0,"turns":4.0},{"damage":4.0,"enemies":"3 Byrds","floor":19.0,"turns":3.0},{"damage":36.0,"enemies":"Snake Plant","floor":20.0,"turns":5.0},{"damage":4.0,"enemies":"Slavers","floor":24.0,"turns":7.0},{"damage":0.0,"enemies":"Cultist and Chosen","floor":25.0,"turns":4.0},{"damage":12.0,"enemies":"Snecko","floor":28.0,"turns":5.0},{"damage":57,"enemies":"Champ","floor":33,"turns":9}],"seed_played":"-5734239462490319669","potions_obtained":[{"floor":4.0,"key":"Strength Potion"},{"floor":8.0,"key":"PowerPotion"},{"floor":12.0,"key":"LiquidBronze"},{"floor":18.0,"key":"Weak Potion"},{"floor":19.0,"key":"Strength Potion"},{"floor":24.0,"key":"SkillPotion"}],"is_trial":false,"path_per_floor":["M","$","M","M","M","R","?","E","T","R","M","M","M","E","R","B",null,"M","M","M","?","?","R","E","M","T","?","M","?","R","$","R","B"],"character_chosen":"WATCHER","items_purchased":["Medical Kit"],"campfire_rested":3,"item_purchase_floors":[31],"current_hp_per_floor":[61,61,61,61,61,61,51,41,41,41,38,28,28,28,28,5,52,38,39,3,3,3,23,24,24,24,24,12,12,32,32,52,0,0],"gold":131,"neow_bonus":"THREE_ENEMY_KILL","is_daily":false,"chose_seed":false,"campfire_upgraded":3,"win_rate":0.0,"timestamp":1614114636,"path_taken":["M","$","M","M","M","R","?","E","T","R","M","M","?","E","R","BOSS","M","M","M","?","?","R","E","M","T","?","M","?","R","$","R","BOSS"],"items_purchased_type":["Relic"],"build_version":"2020-12-22","purchased_purges":2,"victory":false,"max_hp_per_floor":[68,68,68,68,68,68,68,68,68,68,68,68,68,68,68,68,68,68,68,68,68,68,68,68,68,68,68,68,68,68,68,68,68,68],"card_choices":[{"not_picked":["Protect","ClearTheMind"],"picked":"EmptyFist","floor":1.0},{"not_picked":["Crescendo","EmptyFist"],"picked":"Tantrum","floor":3.0},{"not_picked":["ThirdEye","Study"],"picked":"FearNoEvil","floor":4.0},{"not_picked":["Sanctity","ThirdEye"],"picked":"Study","floor":5.0},{"not_picked":["Nirvana","FearNoEvil"],"picked":"MentalFortress","floor":8.0},{"not_picked":["PathToVictory","Blasphemy","Protect"],"picked":"SKIP","floor":11.0},{"not_picked":["Protect","Wireheading","ThirdEye"],"picked":"SKIP","floor":12.0},{"not_picked":["SashWhip","Protect"],"picked":"ForeignInfluence","floor":13.0},{"not_picked":["Protect","ClearTheMind","Vengeance"],"picked":"SKIP","floor":14.0},{"not_picked":["EmptyFist","ClearTheMind","Vengeance+1"],"picked":"SKIP","floor":18.0},{"not_picked":["Consecrate","FollowUp+1","Perseverance"],"picked":"SKIP","floor":19.0},{"not_picked":["Crescendo","Collect"],"picked":"InnerPeace","floor":20.0},{"not_picked":["Wireheading","Wish"],"picked":"EmptyBody","floor":24.0},{"not_picked":["WindmillStrike","JustLucky+1","Pray"],"picked":"SKIP","floor":25.0},{"not_picked":["FearNoEvil","SandsOfTime","Halt"],"picked":"FlurryOfBlows","floor":28.0},{"not_picked":["CutThroughFate","Consecrate","FlyingSleeves"],"picked":"MentalFortress","floor":30}],"player_experience":629894,"relics_obtained":[{"floor":8.0,"key":"Toy Ornithopter"},{"floor":9.0,"key":"Ancient Tea Set"},{"floor":14.0,"key":"Dream Catcher"},{"floor":24.0,"key":"StrikeDummy"},{"floor":26.0,"key":"Question Card"}],"event_choices":[{"damage_healed":0.0,"max_hp_gain":0.0,"max_hp_loss":0.0,"gold_gain":0.0,"event_name":"Wheel of Change","player_choice":"Damaged","floor":7.0,"gold_loss":0.0,"damage_taken":10.0},{"damage_healed":0.0,"max_hp_gain":0.0,"max_hp_loss":0.0,"gold_gain":0.0,"event_name":"Vampires","player_choice":"Ignored","floor":21.0,"gold_loss":0.0,"damage_taken":0.0},{"damage_healed":0.0,"max_hp_gain":0.0,"max_hp_loss":0.0,"gold_gain":0.0,"event_name":"Back to Basics","player_choice":"Simplicity","floor":22.0,"gold_loss":0.0,"damage_taken":0.0,"cards_upgraded":["Strike_P","Strike_P","Strike_P","Defend_P","Defend_P","Defend_P","Defend_P"]},{"damage_healed":0.0,"max_hp_gain":0.0,"max_hp_loss":0.0,"gold_gain":0.0,"cards_transformed":["Strike_P","Defend_P"],"event_name":"Drug Dealer","player_choice":"Became Test Subject","floor":27.0,"gold_loss":0.0,"damage_taken":0.0,"cards_obtained":["Brilliance","WheelKick"]},{"damage_healed":0,"gold_gain":0,"player_choice":"Ignored","damage_taken":0,"max_hp_gain":0,"max_hp_loss":0,"event_name":"Cursed Tome","floor":29,"gold_loss":0}],"is_beta":false,"boss_relics":[{"not_picked":["Velvet Choker","Busted Crown"],"picked":"Runic Pyramid"}],"items_purged_floors":[2,31],"is_endless":false,"potions_floor_spawned":[4,8,12,14,16,18,19,24],"killed_by":"Champ","ascension_level":20}}