{"host":"72n3jwtrlpjobydj","time":1614088123,"event":{"mods":["AchievementEnabler","Act Like it!","Arknights","BaseMod","CapriCore","DeckTracker","Hermit","Koishi","Lobotomy","Marisa£¨Ùöéë¡¡Øª×âÞÞ£©","Minty Spire (QoL Compilation)","Permanent Neow","StSLib","SuperFastMode","The Cursed","The Gatherer","The Hierophant","The Immortal"],"gold_per_floor":[11,28,5,16,16,16,41,41,87,101,115,5,21,44,44,163,163,182,47,66,66,66,85,126,140,218,218,249,24,24,59,59,187,187,205,218,74,93,118,118,118,136,136,155,3,41,56,10,10,10,10,10,10,50,50,50],"floor_reached":55,"language":"KOR","playtime":1606,"items_purged":["Koishi:BasicStrike","Koishi:BasicDefend"],"score":703,"play_id":"88d1f628-593a-44a5-8d46-8f049ab82a50","local_time":"20210223224843","is_ascension_mode":false,"campfire_choices":[{"floor":6,"key":"REST"},{"floor":15,"key":"RECALL"},{"data":"Koishi:BloodcurdlingScream","floor":27,"key":"SMITH"},{"data":"Koishi:UnseenTerror","floor":30,"key":"SMITH"},{"data":"Koishi:DanmakuParanoia","floor":32,"key":"SMITH"},{"floor":40,"key":"REST"},{"floor":49,"key":"REST"},{"floor":52,"key":"REST"}],"circlet_count":0,"master_deck":["Koishi:BasicStrike","Koishi:BasicStrike","Koishi:BasicStrike+1","Koishi:BasicDefend+1","Koishi:BasicDefend+1","Koishi:BasicDefend","Koishi:Provoke","Koishi:HauntingSlash","Koishi:TremblingHands","Koishi:RacingHeart","Koishi:DreadfulBlow","Koishi:PredatoryInstincts+1","Koishi:PredatoryInstincts","Koishi:BloodcurdlingScream+1","Koishi:DanmakuParanoia+1","Koishi:ParalyzingFear","Koishi:JumpScare","Koishi:MindNumbingTerror","Koishi:RacingHeart+1","Necronomicurse","Koishi:UnseenTerror+1","Koishi:MindNumbingTerror","Koishi:PredatoryInstincts","Parasite","Koishi:BloodcurdlingScream","Koishi:TremblingHands+1","Koishi:MindNumbingTerror+1","Koishi:DreadfulBlow"],"relics":["Koishi:ImaginaryFriend","Golden Idol","Sozu","Necronomicon","NlothsMask","Bag of Marbles","War Paint","Koishi:BloodstainedWhiteRose","Ice Cream","Fusion Hammer","TheAbacus","Pocketwatch","Happy Flower","Mummified Hand","Bag of Preparation"],"acts_visited":["Exordium","TheCity","TheBeyond","TheEnding"],"potions_floor_usage":[7,7,55],"damage_taken":[{"damage":2,"enemies":"Cultist","floor":1,"turns":5},{"damage":5,"enemies":"Jaw Worm","floor":2,"turns":5},{"damage":1,"enemies":"2 Louse","floor":4,"turns":2},{"damage":6,"enemies":"Lots of Slimes","floor":7,"turns":2},{"damage":1,"enemies":"Red Slaver","floor":10,"turns":4},{"damage":8,"enemies":"3 Louse","floor":11,"turns":4},{"damage":8,"enemies":"Large Slime","floor":13,"turns":6},{"damage":7,"enemies":"Exordium Wildlife","floor":14,"turns":4},{"damage":46,"enemies":"The Guardian","floor":16,"turns":16},{"damage":2,"enemies":"Shell Parasite","floor":18,"turns":6},{"damage":8,"enemies":"Chosen","floor":20,"turns":5},{"damage":20,"enemies":"Centurion and Healer","floor":23,"turns":3},{"damage":15,"enemies":"Gremlin Leader","floor":24,"turns":5},{"damage":19,"enemies":"Shelled Parasite and Fungi","floor":25,"turns":3},{"damage":11,"enemies":"Book of Stabbing","floor":28,"turns":5},{"damage":27,"enemies":"Slavers","floor":31,"turns":4},{"damage":38,"enemies":"Automaton","floor":33,"turns":7},{"damage":0,"enemies":"3 Shapes","floor":35,"turns":1},{"damage":3,"enemies":"3 Darklings","floor":36,"turns":5},{"damage":5,"enemies":"Writhing Mass","floor":38,"turns":4},{"damage":12,"enemies":"Transient","floor":39,"turns":5},{"damage":33,"enemies":"Maw","floor":42,"turns":6},{"damage":16,"enemies":"Spire Growth","floor":44,"turns":4},{"damage":57,"enemies":"Reptomancer","floor":46,"turns":5},{"damage":0,"enemies":"Transient","floor":47,"turns":5},{"damage":31,"enemies":"Donu and Deca","floor":50,"turns":8},{"damage":32,"enemies":"Shield and Spear","floor":54,"turns":8},{"damage":68,"enemies":"The Heart","floor":55,"turns":8}],"seed_played":"7043178824951256057","potions_obtained":[{"floor":1,"key":"Block Potion"},{"floor":2,"key":"SneckoOil"},{"floor":4,"key":"SkillPotion"}],"is_trial":false,"path_per_floor":["M","M","$","M","?","R","M","?","T","M","M","$","M","M","R","B",null,"M","$","M","?","?","M","E","M","T","R","E","$","R","E","R","B",null,"M","M","$","M","M","R","?","M","T","M","$","E","M","$","R","B",null,"R","$","E","B"],"character_chosen":"KOISHI","items_purchased":["Koishi:RacingHeart","Koishi:DanmakuParanoia","Koishi:MindNumbingTerror","Koishi:MindNumbingTerror","Koishi:BloodstainedWhiteRose","TheAbacus","Happy Flower","Koishi:DreadfulBlow"],"campfire_rested":4,"item_purchase_floors":[3,12,19,29,29,37,45,48],"current_hp_per_floor":[72,69,69,69,51,72,66,52,52,59,72,72,68,72,72,54,72,72,72,72,56,56,60,72,69,69,69,72,72,72,72,72,62,72,72,72,72,72,72,72,68,67,67,68,68,53,68,68,68,64,68,68,68,68,0,0],"gold":50,"neow_bonus":"TWENTY_PERCENT_HP_BONUS","is_daily":false,"chose_seed":false,"campfire_upgraded":3,"win_rate":0.0,"timestamp":1614088123,"path_taken":["M","M","$","M","?","R","M","?","T","M","M","$","M","M","R","BOSS","M","$","M","?","?","M","E","?","T","R","E","?","R","E","R","BOSS","M","M","$","M","?","R","?","M","T","M","$","E","M","$","R","BOSS","R","$","E","BOSS"],"items_purchased_type":["Card","Card","Card","Card","Relic","Relic","Relic","Card"],"build_version":"2020-12-22","purchased_purges":2,"victory":false,"max_hp_per_floor":[72,72,72,72,72,72,72,72,72,72,72,72,72,72,72,72,72,72,72,72,72,72,72,72,72,72,72,72,72,72,72,72,72,72,72,72,72,72,72,72,68,68,68,68,68,68,68,68,68,68,68,68,68,68,68,68],"card_choices":[{"not_picked":["Koishi:PhilosophyOfTheDespised","Koishi:RacingHeart"],"picked":"Koishi:TremblingHands","floor":1},{"not_picked":["Koishi:Whimsy","Koishi:BramblyRoseGarden","Koishi:DNAsFlaw"],"picked":"SKIP","floor":2},{"not_picked":["Koishi:SubterraneanRose","Koishi:UnansweredLove"],"picked":"Koishi:DreadfulBlow","floor":4},{"not_picked":["Koishi:PhantomStrike","Koishi:BloodcurdlingScream"],"picked":"Koishi:PredatoryInstincts","floor":7},{"not_picked":["Koishi:RollingInRichesHeart","Koishi:EmbersOfLove"],"picked":"Koishi:PredatoryInstincts","floor":10},{"not_picked":["Koishi:Untouchable","Koishi:EmbersOfLove"],"picked":"Koishi:BloodcurdlingScream","floor":11},{"not_picked":["Koishi:SubconsciousSweep","Koishi:SpiritedAway"],"picked":"Koishi:ParalyzingFear","floor":13},{"not_picked":["Koishi:UnansweredLove","Koishi:HeartfeltFancy","Koishi:Prune"],"picked":"SKIP","floor":14},{"not_picked":["Koishi:DreadfulBlow","Koishi:StrangeCloudFist"],"picked":"Koishi:JumpScare","floor":18},{"not_picked":["Koishi:SubconsciousSweep","Koishi:PredatoryInstincts"],"picked":"Koishi:RacingHeart+1","floor":20},{"not_picked":["Koishi:YoukaiPolygraph","Koishi:RorschachInDanmaku","Koishi:StrangeCloudFist"],"picked":"SKIP","floor":23},{"not_picked":["Koishi:ReleaseOfTheId","Koishi:PhilosophyOfTheDespised+1"],"picked":"Koishi:UnseenTerror","floor":24},{"not_picked":["Koishi:UnansweredLove","Koishi:EmbryosDream","Koishi:ReflexRadar"],"picked":"SKIP","floor":25},{"not_picked":["Koishi:JumpScare","Koishi:HeartAttack","Koishi:ReflexRadar"],"picked":"SKIP","floor":28},{"not_picked":["Koishi:Jaunt","Koishi:EmbersOfLove+1"],"picked":"Koishi:PredatoryInstincts","floor":31},{"not_picked":["Koishi:PhantomStrike","Koishi:ReflexRadar","Koishi:LastRemote"],"picked":"SKIP","floor":35},{"not_picked":["Koishi:SpiritedAway","Koishi:StingingMind","Koishi:CatchAndRose"],"picked":"SKIP","floor":36},{"not_picked":["Koishi:LastRemote","Koishi:FormlessExistence"],"picked":"Koishi:BloodcurdlingScream","floor":38},{"not_picked":["Koishi:Possession","Koishi:Untouchable","Koishi:DNAsFlaw"],"picked":"SKIP","floor":39},{"not_picked":["Koishi:JumpScare+1","Koishi:SubterraneanRose+1","Koishi:LastRemote"],"picked":"SKIP","floor":42},{"not_picked":["Koishi:PhantomBarrier+1","Koishi:DNAsFlaw","Koishi:ParalyzingFear"],"picked":"SKIP","floor":44},{"not_picked":["Koishi:GrowingPain","Koishi:EmbersOfLove"],"picked":"Koishi:TremblingHands+1","floor":46},{"not_picked":["Koishi:PhantomStrike","Koishi:ReflexRadar"],"picked":"Koishi:MindNumbingTerror+1","floor":47},{"not_picked":["Koishi:ParalyzingFear+1","Koishi:RuptureMind","Koishi:Ego"],"picked":"SKIP","floor":54}],"player_experience":133066,"relics_obtained":[{"floor":21,"key":"Necronomicon"},{"floor":24,"key":"Bag of Marbles"},{"floor":28,"key":"War Paint"},{"floor":31,"key":"Ice Cream"},{"floor":43,"key":"Pocketwatch"},{"floor":46,"key":"Mummified Hand"},{"floor":54,"key":"Bag of Preparation"}],"event_choices":[{"damage_healed":0,"gold_gain":0,"player_choice":"Take Damage","damage_taken":18,"relics_obtained":["Golden Idol"],"max_hp_gain":0,"max_hp_loss":0,"event_name":"Golden Idol","floor":5,"gold_loss":0},{"damage_healed":0,"gold_gain":0,"player_choice":"Entered Light","damage_taken":14,"max_hp_gain":0,"max_hp_loss":0,"event_name":"Shining Light","floor":8,"gold_loss":0,"cards_upgraded":["Koishi:PredatoryInstincts","Koishi:BasicStrike"]},{"damage_healed":0,"gold_gain":0,"player_choice":"Obtained Book","damage_taken":16,"max_hp_gain":0,"max_hp_loss":0,"event_name":"Cursed Tome","floor":21,"gold_loss":0},{"damage_healed":0,"gold_gain":0,"player_choice":"Trade","damage_taken":0,"relics_obtained":["NlothsMask"],"max_hp_gain":0,"max_hp_loss":0,"event_name":"FaceTrader","floor":22,"gold_loss":0},{"damage_healed":0,"gold_gain":0,"player_choice":"Max HP","damage_taken":0,"max_hp_gain":0,"max_hp_loss":4,"event_name":"Winding Halls","floor":41,"gold_loss":0}],"is_beta":false,"boss_relics":[{"not_picked":["Philosopher\u0027s Stone","Coffee Dripper"],"picked":"Sozu"},{"not_picked":["Velvet Choker","Astrolabe"],"picked":"Fusion Hammer"}],"items_purged_floors":[12,19],"is_endless":false,"potions_floor_spawned":[1,2,4,18,20,28,33,35,42,44,46,47,54],"killed_by":"The Heart","ascension_level":0}}