{"host":"nwd160me4iqdtr8u","time":1614121379,"event":{"mods":["AchievementEnabler","Act Like it!","BaseMod","Colored Map","DeckTracker","Hallownest","Keyboard Shortcuts","Minty Spire (QoL Compilation)","Quick Restart","Rare Cards Sparkle","Smile Girya","StSLib","SuperFastMode","The Bug Knight","everything is the same but u backflip on backflip"],"gold_per_floor":[113,125,144,144,159,159,9,41,41,41,41,41,51,51,51,146,146,161,181,136,153,153],"floor_reached":21,"language":"KOR","playtime":1109,"items_purged":[],"score":258,"play_id":"4f1225cc-be44-4a55-9b9f-b04a7496bba7","local_time":"20210224080259","is_ascension_mode":true,"campfire_choices":[{"data":"HollowMod:CoiledNail","floor":6,"key":"SMITH"},{"data":"HollowMod:DungDefenderAura","floor":11,"key":"SMITH"},{"data":"HollowMod:MonarchWings","floor":15,"key":"SMITH"}],"circlet_count":0,"master_deck":["HollowMod:NailStrikeStart","HollowMod:NailStrikeStart+1","HollowMod:NailStrikeStart+1","HollowMod:NailStrikeStart","HollowMod:QuickDashStart","HollowMod:QuickDashStart","HollowMod:QuickDashStart","HollowMod:QuickDashStart","HollowMod:FocusHealStart","HollowMod:PogoStrike","HollowMod:CoiledNail+1","HollowMod:SoulStrike","HollowMod:NewLittleFool","HollowMod:MonarchWings+1","HollowMod:DungDefenderAura+1","HollowMod:QuirrelsAssistance","Writhe","HollowMod:HornetsHelp"],"relics":["HollowMod:VesselMask","Hallownest:DreamNailRelic","Mummified Hand","HollowMod:MantisClawRelic","Busted Crown"],"acts_visited":["Hallownest:Greenpath","Hallownest:CityofTears"],"potions_floor_usage":[13,16,19,21],"damage_taken":[{"damage":4,"enemies":"2_ Uuma","floor":1,"turns":6},{"damage":14,"enemies":"Hallownest:2_Tiktiks_and_1_Crawlid","floor":2,"turns":5},{"damage":0,"enemies":"Hallownest:monsterHuskWarrior","floor":3,"turns":3},{"damage":8,"enemies":"Hallownest:Wandering_and_Horned","floor":5,"turns":6},{"damage":10,"enemies":"Hallownest:eliteCrystalGuardian","floor":8,"turns":5},{"damage":0,"enemies":"Hallownest:2_Tiktiks_1_Baldur_1_Crawlid","floor":13,"turns":3},{"damage":34,"enemies":"Hallownest:BossFalseKnight","floor":16,"turns":14},{"damage":3,"enemies":"Hallownest:Flukemon_and_Top","floor":18,"turns":8},{"damage":20,"enemies":"Hallownest:Guard_and_Sentry","floor":19,"turns":5},{"damage":54,"enemies":"Hallownest:2_Flukemon","floor":21,"turns":10}],"seed_played":"-2456855003543460795","potions_obtained":[{"floor":1,"key":"Explosive Potion"},{"floor":5,"key":"Explosive Potion"},{"floor":13,"key":"Weak Potion"},{"floor":16,"key":"Explosive Potion"},{"floor":18,"key":"SmokeBomb"},{"floor":21,"key":"Explosive Potion"}],"is_trial":false,"path_per_floor":["M","M","M","?","M","R","$","E","T","?","R","$","M","?","R","B",null,"M","M","?","M"],"character_chosen":"THE_BUGKNIGHT","items_purchased":["HollowMod:MonarchWings","HollowMod:DungDefenderAura"],"campfire_rested":0,"item_purchase_floors":[7,7],"current_hp_per_floor":[70,62,62,62,54,54,54,44,44,53,53,53,53,53,53,25,69,66,46,46,4,4],"gold":153,"neow_bonus":"THREE_CARDS","is_daily":false,"chose_seed":false,"campfire_upgraded":3,"win_rate":0.0,"timestamp":1614121379,"path_taken":["M","M","M","?","?","R","$","E","T","?","R","$","?","?","R","BOSS","M","M","?","?"],"items_purchased_type":["Card","Card"],"build_version":"2020-12-22","purchased_purges":0,"victory":false,"max_hp_per_floor":[75,75,75,75,75,75,75,75,75,84,84,84,84,84,84,84,84,84,84,84,84,84],"card_choices":[{"not_picked":["HollowMod:SiblingsSouls","HollowMod:SoulStrike"],"picked":"HollowMod:CoiledNail","floor":0},{"not_picked":["HollowMod:LuriensSpire","HollowMod:SiblingsShadow"],"picked":"HollowMod:SoulStrike","floor":1},{"not_picked":["HollowMod:LifebloodCocoon","HollowMod:DesolateDive"],"picked":"HollowMod:NewLittleFool","floor":2},{"not_picked":["HollowMod:ElderbugsWisdom","HollowMod:DescendingDark","HollowMod:SiblingsShadow"],"picked":"SKIP","floor":3},{"not_picked":["HollowMod:CoiledNail","HollowMod:NewJinnsSoul","HollowMod:InfectedCysts"],"picked":"SKIP","floor":5},{"not_picked":["HollowMod:HerrahsAnger","HollowMod:ShadowDash"],"picked":"HollowMod:QuirrelsAssistance","floor":8},{"not_picked":["HollowMod:DungDefenderAura","HollowMod:AbyssShriek","HollowMod:GoodIntentions"],"picked":"SKIP","floor":13},{"not_picked":["HollowMod:PaleKingsBlessing","HollowMod:PureVessel"],"picked":"HollowMod:HornetsHelp","floor":16},{"not_picked":["HollowMod:DungDefenderAura"],"picked":"SKIP","floor":18},{"not_picked":["HollowMod:DungDefenderAura+1"],"picked":"SKIP","floor":19},{"not_picked":["HollowMod:DesolateDive+1"],"picked":"SKIP","floor":21}],"player_experience":517837,"relics_obtained":[{"floor":8,"key":"Mummified Hand"},{"floor":9,"key":"HollowMod:MantisClawRelic"}],"event_choices":[],"is_beta":false,"boss_relics":[{"not_picked":["Velvet Choker","Pandora\u0027s Box"],"picked":"Busted Crown"}],"items_purged_floors":[],"is_endless":false,"potions_floor_spawned":[1,5,13,16,18,21],"killed_by":"Hallownest:2_Flukemon","ascension_level":9}}