{"host":"flm17o2q7bfjyna6","time":1614104703,"event":{"mods":["2.2 Compatiblity","Act Like it!","BaseMod","Better Altar","Better Match","Better Note","Better Sensory Stone","Better Skull","Better Third Choice","Better Vampires","Colored Map","Colored Powertips","DeckTracker","Downfall","Fox Events","Minty Spire (QoL Compilation)","Quick Restart","Reworked Bosses","Spicy Shops","StSLib","TheSwordswoman","Wandering Minibosses"],"gold_per_floor":[99,116,128,128,142,181,206,6,26,26,20,49,15,15,35,35,35,35],"floor_reached":16,"language":"ENG","playtime":840,"items_purged":[],"score":107,"play_id":"94f5282c-0648-4e17-a8e3-84d03e07b0d4","local_time":"20210223132503","is_ascension_mode":true,"campfire_choices":[{"data":"bronze:Strike","floor":1,"key":"SMITH"},{"data":"bronze:DelayedSlice","floor":8,"key":"SMITH"},{"data":"bronze:DazingPulse","floor":10,"key":"SMITH"}],"circlet_count":0,"master_deck":["bronze:Strike","bronze:Strike","bronze:Strike+1","bronze:Defend","bronze:Defend","bronze:Defend","bronze:Defend","bronze:Replicate","bronze:Goto","bronze:Safeguard","bronze:MaxOutput","bronze:DelayedSlice+1","bronze:DazingPulse+1","bronze:Explode","bronze:Repair","bronze:Overheat","bronze:ForLoop","bronze:FineTuning","bronze:WhirlingStrike","bronze:DelayedGuard","bronze:Boost","bronze:ChildClass","bronze:DarkDash"],"relics":["bronze:BronzeCore","CeramicFish","downfall:HeartBlessingBlue","downfall:HeartBlessingGreen"],"acts_visited":["Exordium"],"potions_floor_usage":[6,16],"damage_taken":[{"damage":1,"enemies":"Jaw Worm","floor":2,"turns":3},{"damage":1,"enemies":"2 Louse","floor":3,"turns":3},{"damage":10,"enemies":"2 Louse","floor":4,"turns":4},{"damage":0,"enemies":"Cultist","floor":5,"turns":2},{"damage":40,"enemies":"Lagavulin","floor":6,"turns":9},{"damage":0,"enemies":"Exordium Thugs","floor":9,"turns":2},{"damage":5,"enemies":"downfall:FleeingMerchant","floor":11,"turns":4},{"damage":15,"enemies":"Blue Slaver","floor":12,"turns":5},{"damage":6,"enemies":"downfall:FleeingMerchant","floor":13,"turns":4},{"damage":13,"enemies":"Red Slaver","floor":15,"turns":4},{"damage":34,"enemies":"IC_STATUS_ARCHETYPE","floor":16,"turns":10}],"seed_played":"-2462462535185801766","potions_obtained":[{"floor":2,"key":"bronze:CleanCodePotion"},{"floor":4,"key":"Weak Potion"},{"floor":9,"key":"bronze:BurnAndBuffPotion"}],"is_trial":false,"path_per_floor":["R","M","M","?","M","E","T","R","M","R","$","M","$","?","M","B"],"character_chosen":"THE_AUTOMATON","items_purchased":["bronze:ChildClass"],"campfire_rested":0,"item_purchase_floors":[13],"current_hp_per_floor":[70,69,68,58,58,25,25,35,42,42,44,36,30,30,17,0,0,0],"gold":35,"neow_bonus":"TRANSFORM_CARD","is_daily":false,"chose_seed":false,"campfire_upgraded":3,"win_rate":0.0,"timestamp":1614104703,"path_taken":["R","M","M","?","M","E","T","R","M","R","$","M","$","?","M","BOSS"],"items_purchased_type":["Card"],"build_version":"2020-12-22","purchased_purges":0,"victory":false,"max_hp_per_floor":[70,70,70,70,70,70,70,80,80,80,80,80,80,80,80,80,80,80],"card_choices":[{"not_picked":["bronze:Deprecate","bronze:Turbo"],"picked":"bronze:MaxOutput","floor":2},{"not_picked":["bronze:DelayedGuard","bronze:Frontload"],"picked":"bronze:DelayedSlice","floor":3},{"not_picked":[],"picked":"bronze:DazingPulse","floor":4},{"not_picked":[],"picked":"bronze:Explode","floor":4},{"not_picked":["bronze:Fortify","bronze:Constructor"],"picked":"bronze:Repair","floor":4},{"not_picked":["bronze:WildBeam","bronze:DelayedGuard"],"picked":"bronze:Overheat","floor":5},{"not_picked":["bronze:BugBarrage","bronze:WildBeam"],"picked":"bronze:ForLoop","floor":6},{"not_picked":["bronze:DigitalCarnage","bronze:BuggyMess"],"picked":"bronze:FineTuning","floor":9},{"not_picked":["bronze:RecursiveStrike","bronze:BitShift"],"picked":"bronze:WhirlingStrike","floor":11},{"not_picked":["bronze:NullPointer","bronze:Deprecate"],"picked":"bronze:DelayedGuard","floor":12},{"not_picked":["bronze:ForLoop","bronze:Refactor"],"picked":"bronze:Boost","floor":13},{"not_picked":["bronze:Deprecate","bronze:Overheat"],"picked":"bronze:DarkDash","floor":15}],"player_experience":1993520,"relics_obtained":[{"floor":6,"key":"CeramicFish"}],"event_choices":[],"is_beta":false,"boss_relics":[],"items_purged_floors":[],"is_endless":false,"potions_floor_spawned":[2,4,9],"killed_by":"IC_STATUS_ARCHETYPE","ascension_level":1}}