{"host":"z9rwthyxsf7d04ix","time":1614080157,"event":{"mods":["AchievementEnabler","BaseMod","Colored Map","Colored Powertips","Minty Spire (QoL Compilation)","Quick Restart"],"gold_per_floor":[110,130,146,146,217,217,243,243,243,20,47,61,73,98,98,198,198,208,208,483,499,499,499],"floor_reached":22,"language":"ENG","playtime":1309,"items_purged":["Defend_R"],"score":252,"play_id":"cffdadd8-42d5-4c69-9c57-41aae484cd2e","local_time":"20210223133557","is_ascension_mode":true,"campfire_choices":[{"data":"Iron Wave","floor":6,"key":"SMITH"},{"floor":8,"key":"DIG"},{"floor":15,"key":"DIG"}],"circlet_count":0,"master_deck":["Strike_R","Strike_R","Strike_R","Strike_R","Strike_R","Bash","Iron Wave+1","Ghostly Armor","Iron Wave","Sword Boomerang","Warcry","Pommel Strike","Juggernaut","Iron Wave+1","Barricade","Dual Wield","Regret","Thunderclap"],"relics":["Burning Blood","Art of War","Sundial","Shovel","Bronze Scales","Bird Faced Urn","Happy Flower","Matryoshka","Darkstone Periapt","Potion Belt","Pen Nib","SacredBark"],"acts_visited":["Exordium","TheCity"],"potions_floor_usage":[7,13,16,22],"damage_taken":[{"damage":1,"enemies":"Cultist","floor":1,"turns":4},{"damage":4,"enemies":"Jaw Worm","floor":2,"turns":4},{"damage":1,"enemies":"2 Louse","floor":3,"turns":3},{"damage":0,"enemies":"Gremlin Nob","floor":7,"turns":3},{"damage":26,"enemies":"Lagavulin","floor":11,"turns":7},{"damage":0,"enemies":"2 Fungi Beasts","floor":12,"turns":3},{"damage":0,"enemies":"Exordium Thugs","floor":13,"turns":3},{"damage":52,"enemies":"Slime Boss","floor":16,"turns":11},{"damage":29,"enemies":"2 Thieves","floor":18,"turns":4},{"damage":48,"enemies":"3 Byrds","floor":21,"turns":3},{"damage":31,"enemies":"Snake Plant","floor":22,"turns":3}],"seed_played":"-4072522574938693643","potions_obtained":[{"floor":1,"key":"DistilledChaos"},{"floor":7,"key":"LiquidMemories"},{"floor":11,"key":"DistilledChaos"},{"floor":12,"key":"BlessingOfTheForge"},{"floor":18,"key":"DistilledChaos"},{"floor":21,"key":"ElixirPotion"}],"is_trial":false,"path_per_floor":["M","M","M","?","T","R","E","R","T","$","E","M","M","T","R","B",null,"M","?","?","M","M"],"character_chosen":"IRONCLAD","items_purchased":["Happy Flower"],"campfire_rested":0,"item_purchase_floors":[10],"current_hp_per_floor":[80,80,80,80,80,80,80,80,80,80,60,66,72,72,72,26,80,57,57,63,23,0,0],"gold":499,"neow_bonus":"RANDOM_COMMON_RELIC","is_daily":false,"chose_seed":false,"campfire_upgraded":1,"win_rate":0.0,"timestamp":1614080157,"path_taken":["M","M","M","?","?","R","E","R","T","$","E","M","M","?","R","BOSS","M","?","?","?","M"],"items_purchased_type":["Relic"],"build_version":"2020-12-22","purchased_purges":1,"victory":false,"max_hp_per_floor":[80,80,80,80,80,80,80,80,80,80,80,80,80,80,80,80,80,80,80,86,86,86,86],"card_choices":[{"not_picked":["Rampage","Clothesline"],"picked":"Iron Wave","floor":1},{"not_picked":["Evolve","Inflame"],"picked":"Ghostly Armor","floor":2},{"not_picked":["Pummel","Feel No Pain"],"picked":"Iron Wave","floor":3},{"not_picked":["Headbutt","Wild Strike","Pummel"],"picked":"SKIP","floor":7},{"not_picked":["Combust","Twin Strike"],"picked":"Sword Boomerang","floor":11},{"not_picked":["Clothesline","Double Tap"],"picked":"Warcry","floor":12},{"not_picked":["Havoc","Clothesline"],"picked":"Pommel Strike","floor":13},{"not_picked":["Fiend Fire","Double Tap"],"picked":"Juggernaut","floor":16},{"not_picked":["Dark Embrace","Shrug It Off"],"picked":"Iron Wave+1","floor":18},{"not_picked":["Disarm","Whirlwind"],"picked":"Thunderclap","floor":21}],"player_experience":770160,"relics_obtained":[{"floor":5,"key":"Sundial"},{"floor":7,"key":"Shovel"},{"floor":8,"key":"Bronze Scales"},{"floor":9,"key":"Bird Faced Urn"},{"floor":11,"key":"Matryoshka"},{"floor":14,"key":"Darkstone Periapt"},{"floor":14,"key":"Potion Belt"},{"floor":15,"key":"Pen Nib"}],"event_choices":[{"cards_removed":["Defend_R"],"damage_healed":0,"gold_gain":0,"player_choice":"Forget","damage_taken":0,"max_hp_gain":0,"max_hp_loss":0,"event_name":"Living Wall","floor":4,"gold_loss":0},{"damage_healed":0,"gold_gain":0,"cards_transformed":["Defend_R","Defend_R"],"player_choice":"Became Test Subject","damage_taken":0,"max_hp_gain":0,"max_hp_loss":0,"event_name":"Drug Dealer","floor":19,"gold_loss":0,"cards_obtained":["Barricade","Dual Wield"]},{"damage_healed":0,"gold_gain":275,"player_choice":"Desecrate","damage_taken":0,"max_hp_gain":0,"max_hp_loss":0,"event_name":"Golden Shrine","floor":20,"gold_loss":0,"cards_obtained":["Regret"]}],"is_beta":false,"boss_relics":[{"not_picked":["Fusion Hammer","Runic Cube"],"picked":"SacredBark"}],"items_purged_floors":[10],"is_endless":false,"potions_floor_spawned":[1,7,11,12,18,21],"killed_by":"Snake Plant","ascension_level":3}}