{"host":"zwfzlkwql9nyrw94","time":1614117587,"event":{"mods":["AchievementEnabler","BaseMod","Colored Map","Filter the Spire","Grow up Mod","Highlight Path","Minty Spire (QoL Compilation)","Remove Card Discount Mod"],"gold_per_floor":[109,109,171,0,10,10,42,42,42,42,22,22,35,55,55,155,155,155,155],"floor_reached":18,"language":"ENG","playtime":700,"items_purged":["Regret","Strike_B","Strike_B","Strike_B","Strike_B","Defend_B","Defend_B","Defend_B","Dualcast","Zap","Defend_B"],"score":268,"play_id":"c93c1742-0afd-499a-972f-110498b679bd","local_time":"20210223155947","is_ascension_mode":true,"campfire_choices":[{"data":"Mayhem","floor":6.0,"key":"SMITH"},{"data":"Hologram","floor":8.0,"key":"SMITH"},{"data":"Sunder","floor":12.0,"key":"SMITH"},{"data":"Madness","floor":15.0,"key":"SMITH"}],"circlet_count":0,"master_deck":["Madness+1","Sunder+1","Mayhem+1","Hologram+1","Reboot","Hologram+1"],"relics":["Cracked Core","Potion Belt","Mercury Hourglass","Toxic Egg 2","SlaversCollar"],"acts_visited":["Exordium","TheCity"],"potions_floor_usage":[],"damage_taken":[{"damage":0.0,"enemies":"Small Slimes","floor":1.0,"turns":3.0},{"damage":0.0,"enemies":"2 Louse","floor":5.0,"turns":3.0},{"damage":42.0,"enemies":"3 Sentries","floor":7.0,"turns":9.0},{"damage":6.0,"enemies":"Jaw Worm","floor":13.0,"turns":2.0},{"damage":0.0,"enemies":"3 Louse","floor":14.0,"turns":1.0},{"damage":0.0,"enemies":"Slime Boss","floor":16.0,"turns":3.0},{"damage":0,"enemies":"Spheric Guardian","floor":18,"turns":2}],"seed_played":"-6992528213475688740","potions_obtained":[{"floor":5.0,"key":"PotionOfCapacity"},{"floor":16,"key":"Weak Potion"}],"is_trial":false,"path_per_floor":["M","?","?","$","M","R","E","R","T","?","$","R","M","M","R","B",null,"M"],"character_chosen":"DEFECT","items_purchased":["Mayhem"],"campfire_rested":0,"item_purchase_floors":[4],"current_hp_per_floor":[95,105,115,125,135,145,113,123,133,126,136,146,150,160,170,180,255,255,255],"gold":155,"neow_bonus":"RANDOM_COLORLESS","is_daily":false,"chose_seed":false,"campfire_upgraded":4,"win_rate":0.0,"timestamp":1614117587,"path_taken":["M","?","?","$","?","R","E","R","T","?","?","R","?","M","R","BOSS","BOSS","M"],"items_purchased_type":["Card"],"build_version":"2020-12-22","purchased_purges":11,"victory":false,"max_hp_per_floor":[95,105,115,125,135,145,155,165,175,185,195,205,215,225,235,245,255,255,255],"card_choices":[{"not_picked":["Trip","Jack Of All Trades"],"picked":"Madness","floor":0.0},{"not_picked":["Steam","Reinforced Body"],"picked":"Sunder","floor":1.0},{"not_picked":["Gash","Go for the Eyes"],"picked":"Hologram","floor":5.0},{"not_picked":["Auto Shields","Tempest"],"picked":"Reboot","floor":7.0},{"not_picked":["Cold Snap","Blizzard","Defragment"],"picked":"SKIP","floor":13.0},{"not_picked":["Compile Driver","Redo+1"],"picked":"Hologram+1","floor":14.0}],"player_experience":234245,"relics_obtained":[{"floor":7.0,"key":"Mercury Hourglass"},{"floor":9.0,"key":"Toxic Egg 2"}],"event_choices":[{"damage_healed":0.0,"max_hp_gain":0.0,"max_hp_loss":0.0,"gold_gain":0.0,"event_name":"Big Fish","player_choice":"Box","floor":2.0,"gold_loss":0.0,"damage_taken":0.0,"relics_obtained":["Potion Belt"],"cards_obtained":["Regret"]},{"damage_healed":0.0,"max_hp_gain":0.0,"max_hp_loss":0.0,"gold_gain":62.0,"event_name":"Golden Wing","player_choice":"Gained Gold","floor":3.0,"gold_loss":0.0,"damage_taken":0.0},{"damage_healed":0.0,"max_hp_gain":0.0,"max_hp_loss":0.0,"gold_gain":0.0,"event_name":"Wheel of Change","player_choice":"Damaged","floor":10.0,"gold_loss":0.0,"damage_taken":17.0}],"is_beta":false,"boss_relics":[{"not_picked":["Philosopher\u0027s Stone","Runic Pyramid"],"picked":"SlaversCollar"}],"items_purged_floors":[4,11,11,11,11,11,11,11,11,11,11],"is_endless":false,"potions_floor_spawned":[5,16],"killed_by":"Spheric Guardian","ascension_level":1}}