{"host":"quiy8wyoisq1qqtn","time":1614088083,"event":{"mods":["BaseMod","Downfall","Minty Spire (QoL Compilation)","StSLib"],"gold_per_floor":[114,114,39,52,64,97,97,125,151,163,180,180,211,224,224,297,297,316,316,326,351,351,351,241,241,268,287,37,37,12,12,12,91,91,104,129,22,22,22,22,22,22,22,74,86,98,98,98],"floor_reached":47,"language":"ZHS","playtime":2757,"items_purged":["Strike_P","SashWhip"],"score":930,"play_id":"fe3e2adf-138c-49cd-81df-2f6bd78f835b","local_time":"20210223214803","is_ascension_mode":true,"campfire_choices":[{"floor":7.0,"key":"REST"},{"data":"Study","floor":12.0,"key":"SMITH"},{"data":"Vigilance","floor":15.0,"key":"SMITH"},{"data":"Alpha","floor":23.0,"key":"SMITH"},{"floor":25.0,"key":"RECALL"},{"floor":32.0,"key":"REST"},{"data":"Blind","floor":41.0,"key":"SMITH"}],"circlet_count":0,"master_deck":["AscendersBane","Eruption+1","Vigilance+1","FollowUp+1","Vengeance+1","Tantrum+1","WindmillStrike+1","Study+1","Crescendo+1","Scrawl+1","Consecrate+1","ReachHeaven+1","Alpha+1","Devotion+1","InnerPeace+1","DeusExMachina+1","Adaptation+1","EmptyBody+1","Collect+1","Flash of Steel+1","FlurryOfBlows+1","Shame","Brilliance+1","BowlingBash+1","Blind+1","Writhe","ConjureBlade"],"relics":["PureWater","NeowsBlessing","Art of War","Nunchaku","Vajra","Blue Candle","Pandora\u0027s Box","FaceOfCleric","Blood Vial","Tiny Chest","WingedGreaves","Sozu","Toy Ornithopter","Mark of the Bloom","Singing Bowl","Regal Pillow"],"acts_visited":["Exordium","TheCity","TheBeyond"],"potions_floor_usage":[],"damage_taken":[{"damage":0.0,"enemies":"Jaw Worm","floor":1.0,"turns":1.0},{"damage":0.0,"enemies":"Cultist","floor":4.0,"turns":1.0},{"damage":0.0,"enemies":"2 Louse","floor":5.0,"turns":1.0},{"damage":42.0,"enemies":"3 Sentries","floor":6.0,"turns":5.0},{"damage":0.0,"enemies":"Lagavulin","floor":8.0,"turns":4.0},{"damage":6.0,"enemies":"Looter","floor":10.0,"turns":3.0},{"damage":3.0,"enemies":"Lots of Slimes","floor":11.0,"turns":3.0},{"damage":7.0,"enemies":"3 Sentries","floor":13.0,"turns":4.0},{"damage":11.0,"enemies":"Exordium Wildlife","floor":14.0,"turns":2.0},{"damage":21.0,"enemies":"Hexaghost","floor":16.0,"turns":6.0},{"damage":4.0,"enemies":"2 Thieves","floor":18.0,"turns":3.0},{"damage":0.0,"enemies":"3 Byrds","floor":20.0,"turns":4.0},{"damage":15.0,"enemies":"Snake Plant","floor":27.0,"turns":3.0},{"damage":28.0,"enemies":"Collector","floor":33.0,"turns":6.0},{"damage":1.0,"enemies":"Orb Walker","floor":35.0,"turns":2.0},{"damage":0.0,"enemies":"3 Shapes","floor":45.0,"turns":2.0},{"damage":49.0,"enemies":"Transient","floor":46.0,"turns":6.0},{"damage":36,"enemies":"Writhing Mass","floor":47,"turns":2}],"seed_played":"2585306463811225450","potions_obtained":[{"floor":4.0,"key":"Swift Potion"},{"floor":6.0,"key":"AttackPotion"},{"floor":8.0,"key":"Regen Potion"},{"floor":10.0,"key":"ColorlessPotion"},{"floor":13.0,"key":"EssenceOfSteel"},{"floor":18.0,"key":"DuplicationPotion"}],"is_trial":false,"path_per_floor":["M","?","$","M","M","E","R","E","T","M","M","R","E","M","R","B",null,"M","?","M","T","?","R","?","R","T","M","$","?","$","?","R","B",null,"M","T","$","$","?","?","R","?","T","T","M","M","M"],"character_chosen":"WATCHER","items_purchased":["Flash of Steel","Dexterity Potion","FlurryOfBlows","Blind"],"campfire_rested":2,"item_purchase_floors":[28,28,30,37],"current_hp_per_floor":[61,68,68,68,68,26,46,46,46,40,37,37,30,24,24,3,52,48,48,49,49,49,49,49,49,49,37,37,17,17,17,39,14,61,63,63,63,63,77,77,77,77,77,77,77,28,0,0],"gold":98,"neow_bonus":"THREE_ENEMY_KILL","is_daily":false,"chose_seed":false,"campfire_upgraded":4,"win_rate":0.0,"timestamp":1614088083,"path_taken":["M","?","?","M","?","E","R","E","T","M","M","R","E","M","R","BOSS","M","?","?","?","?","R","?","R","T","?","$","?","$","?","R","BOSS","M","?","$","$","?","?","R","?","?","T","M","M","?"],"items_purchased_type":["Card","Potion","Card","Card"],"build_version":"2020-12-22","purchased_purges":2,"victory":false,"max_hp_per_floor":[68,68,68,68,68,68,68,68,68,68,68,68,68,68,68,68,68,68,68,69,69,69,69,69,69,69,70,70,75,75,75,75,76,76,77,77,77,77,77,77,77,77,77,77,80,81,81,81],"card_choices":[{"not_picked":["Halt","Meditate"],"picked":"FollowUp","floor":1.0},{"not_picked":["JustLucky","SashWhip"],"picked":"Vengeance","floor":4.0},{"not_picked":["EmptyMind","Swivel"],"picked":"Tantrum","floor":5.0},{"not_picked":["TalkToTheHand","SashWhip"],"picked":"WindmillStrike","floor":6.0},{"not_picked":["FollowUp","JustLucky"],"picked":"Study","floor":8.0},{"not_picked":["FollowUp","Consecrate"],"picked":"Crescendo","floor":10.0},{"not_picked":["SashWhip","Prostrate"],"picked":"Scrawl","floor":11.0},{"not_picked":["ClearTheMind","EmptyFist"],"picked":"Consecrate","floor":13.0},{"not_picked":["WreathOfFlame","FlurryOfBlows"],"picked":"ReachHeaven","floor":14.0},{"not_picked":["Devotion","ConjureBlade"],"picked":"Alpha","floor":16.0},{"not_picked":["Indignation","Crescendo"],"picked":"EmptyBody+1","floor":18.0},{"not_picked":["Indignation","JustLucky"],"picked":"Collect+1","floor":20.0},{"not_picked":["SashWhip","Crescendo","Consecrate+1"],"picked":"SKIP","floor":27.0},{"not_picked":["Omniscience","Establishment"],"picked":"Brilliance","floor":33.0},{"not_picked":["Weave","ThirdEye"],"picked":"BowlingBash","floor":35.0},{"not_picked":["Protect","FlurryOfBlows","Evaluate"],"picked":"Singing Bowl","floor":45.0},{"not_picked":["CrushJoints","WheelKick"],"picked":"ConjureBlade","floor":46.0}],"player_experience":460010,"relics_obtained":[{"floor":6.0,"key":"Art of War"},{"floor":8.0,"key":"Nunchaku"},{"floor":9.0,"key":"Vajra"},{"floor":13.0,"key":"Blue Candle"},{"floor":21.0,"key":"Blood Vial"},{"floor":26.0,"key":"Tiny Chest"},{"floor":36.0,"key":"Toy Ornithopter"},{"floor":43.0,"key":"Singing Bowl"},{"floor":44.0,"key":"Regal Pillow"}],"event_choices":[{"damage_healed":7.0,"max_hp_gain":0.0,"max_hp_loss":0.0,"gold_gain":0.0,"event_name":"Wheel of Change","player_choice":"Full Heal","floor":2.0,"gold_loss":0.0,"damage_taken":0.0},{"damage_healed":0.0,"max_hp_gain":0.0,"max_hp_loss":0.0,"gold_gain":0.0,"event_name":"FaceTrader","player_choice":"Trade","floor":19.0,"gold_loss":0.0,"damage_taken":0.0,"relics_obtained":["FaceOfCleric"]},{"cards_removed":["SpiritShield"],"damage_healed":0.0,"max_hp_gain":0.0,"max_hp_loss":0.0,"gold_gain":0.0,"event_name":"Back to Basics","player_choice":"Elegance","floor":22.0,"gold_loss":0.0,"damage_taken":0.0},{"cards_removed":["Fasting2"],"damage_healed":0.0,"max_hp_gain":0.0,"max_hp_loss":0.0,"gold_gain":0.0,"event_name":"Designer","player_choice":"Upgrade and Remove","floor":24.0,"gold_loss":110.0,"damage_taken":0.0,"cards_upgraded":["Consecrate"]},{"damage_healed":0.0,"max_hp_gain":5.0,"max_hp_loss":0.0,"gold_gain":0.0,"event_name":"Forgotten Altar","player_choice":"Shed Blood","floor":29.0,"gold_loss":0.0,"damage_taken":25.0},{"damage_healed":0.0,"max_hp_gain":0.0,"max_hp_loss":0.0,"gold_gain":0.0,"event_name":"Addict","player_choice":"Stole Relic","floor":31.0,"gold_loss":0.0,"damage_taken":0.0,"relics_obtained":["WingedGreaves"],"cards_obtained":["Shame"]},{"damage_healed":15.0,"max_hp_gain":0.0,"max_hp_loss":0.0,"gold_gain":0.0,"event_name":"Winding Halls","player_choice":"Writhe","floor":39.0,"gold_loss":0.0,"damage_taken":0.0,"cards_obtained":["Writhe"]},{"damage_healed":0.0,"max_hp_gain":0.0,"max_hp_loss":0.0,"gold_gain":0.0,"event_name":"Mysterious Sphere","player_choice":"Ignored","floor":40.0,"gold_loss":0.0,"damage_taken":0.0},{"damage_healed":0.0,"max_hp_gain":0.0,"max_hp_loss":0.0,"gold_gain":0.0,"event_name":"MindBloom","player_choice":"Upgrade","floor":42.0,"gold_loss":0.0,"damage_taken":0.0,"cards_upgraded":["Eruption","FollowUp","Vengeance","Tantrum","WindmillStrike","Crescendo","Scrawl","ReachHeaven","Devotion","InnerPeace","DeusExMachina","Adaptation","Flash of Steel","FlurryOfBlows","Brilliance","BowlingBash"],"relics_obtained":["Mark of the Bloom"]}],"is_beta":false,"boss_relics":[{"not_picked":["Ectoplasm","VioletLotus"],"picked":"Pandora\u0027s Box"},{"not_picked":["HolyWater","bronze:MakeshiftBattery"],"picked":"Sozu"}],"items_purged_floors":[3,28],"is_endless":false,"potions_floor_spawned":[4,6,8,10,13,18,35],"killed_by":"Writhing Mass","ascension_level":17}}