{"host":"oehe2dxjvdgux73m","time":1614101955,"event":{"mods":["AchievementEnabler","BaseMod","Colored Map","Colored Powertips","DeckTracker","Keyboard Shortcuts","Minty Spire (QoL Compilation)","Permanent Neow","Quick Restart","StSLib","SuperFastMode"],"gold_per_floor":[118,168,63,145,161,161,161,172,224,235,235,250,250,283,283,357,357,368,368,368,38,38,38,56,56,81,96,109,109,139,64,64,141,141,158,78,0,0,10,10,40,55,129,129,129],"floor_reached":44,"language":"KOR","playtime":2046,"items_purged":["Strike_G"],"score":1058,"play_id":"1cd0091f-4204-48ac-85aa-892a8e36f8aa","local_time":"20210224023915","is_ascension_mode":true,"campfire_choices":[{"data":"Bouncing Flask","floor":6.0,"key":"SMITH"},{"data":"Reflex","floor":11.0,"key":"SMITH"},{"data":"Neutralize","floor":13.0,"key":"SMITH"},{"data":"Prepared","floor":15.0,"key":"SMITH"},{"data":"After Image","floor":23.0,"key":"SMITH"},{"data":"Bullet Time","floor":25.0,"key":"SMITH"},{"data":"Acrobatics","floor":29.0,"key":"SMITH"},{"data":"Well Laid Plans","floor":32.0,"key":"SMITH"},{"data":"Acrobatics","floor":40,"key":"SMITH"}],"circlet_count":0,"master_deck":["AscendersBane","Survivor","Neutralize+1","Backflip","Acrobatics+1","Reflex+1","Well Laid Plans+1","Prepared+1","Adrenaline","Blur","Venomology","Bullet Time+1","PiercingWail","Blade Dance","Blade Dance","After Image+1","Acrobatics+1","Flash of Steel","Leg Sweep+1","Cloak And Dagger+1","CurseOfTheBell","Distraction+1","Terror+1","Calculated Gamble+1","Footwork","PiercingWail+1"],"relics":["Ring of the Snake","Art of War","Mummified Hand","Vajra","Juzu Bracelet","Pandora\u0027s Box","Medical Kit","Dream Catcher","Blue Candle","Calling Bell","Omamori","Toxic Egg 2","Shovel","Red Mask","Orichalcum"],"acts_visited":["Exordium","TheCity","TheBeyond"],"potions_floor_usage":[41,42],"damage_taken":[{"damage":1.0,"enemies":"Small Slimes","floor":1.0,"turns":4.0},{"damage":0.0,"enemies":"Cultist","floor":5.0,"turns":4.0},{"damage":2.0,"enemies":"Jaw Worm","floor":8.0,"turns":4.0},{"damage":1.0,"enemies":"Looter","floor":10.0,"turns":4.0},{"damage":6.0,"enemies":"2 Fungi Beasts","floor":12.0,"turns":4.0},{"damage":31.0,"enemies":"3 Sentries","floor":14.0,"turns":7.0},{"damage":12.0,"enemies":"The Guardian","floor":16.0,"turns":8.0},{"damage":13.0,"enemies":"2 Thieves","floor":18.0,"turns":3.0},{"damage":0.0,"enemies":"Shell Parasite","floor":24.0,"turns":3.0},{"damage":1.0,"enemies":"Centurion and Healer","floor":27.0,"turns":5.0},{"damage":0.0,"enemies":"Chosen and Byrds","floor":28.0,"turns":6.0},{"damage":4.0,"enemies":"Slavers","floor":30.0,"turns":8.0},{"damage":3.0,"enemies":"Champ","floor":33.0,"turns":13.0},{"damage":1.0,"enemies":"Orb Walker","floor":35.0,"turns":5.0},{"damage":5.0,"enemies":"3 Shapes","floor":39.0,"turns":7.0},{"damage":0,"enemies":"Giant Head","floor":41,"turns":4},{"damage":1,"enemies":"Sphere and 2 Shapes","floor":42,"turns":14},{"damage":0,"enemies":"4 Shapes","floor":44,"turns":1}],"seed_played":"5709695403511158667","potions_obtained":[{"floor":8.0,"key":"DistilledChaos"},{"floor":12.0,"key":"GamblersBrew"},{"floor":14.0,"key":"Fruit Juice"},{"floor":16.0,"key":"AttackPotion"},{"floor":27.0,"key":"SteroidPotion"},{"floor":30.0,"key":"AttackPotion"},{"floor":35.0,"key":"AttackPotion"},{"floor":42,"key":"SkillPotion"}],"is_trial":false,"path_per_floor":["M","?","$","T","M","R","$","M","T","M","R","M","R","E","R","B",null,"M","?","?","$","?","R","M","R","T","M","M","R","E","?","R","B",null,"M","$","?","?","M","R","E","M","T","M"],"character_chosen":"THE_SILENT","items_purchased":["Backflip","Medical Kit","Acrobatics","Flash of Steel","Terror+1"],"campfire_rested":0,"item_purchase_floors":[3,21,21,21,36],"current_hp_per_floor":[58,58,58,58,58,58,58,56,56,55,55,49,49,18,18,11,56,43,43,43,43,43,43,43,43,43,42,42,42,38,38,38,35,62,61,61,61,61,56,56,56,55,55,55,55],"gold":129,"neow_bonus":"RANDOM_COMMON_RELIC","is_daily":false,"chose_seed":false,"campfire_upgraded":9,"win_rate":0.0,"timestamp":1614101955,"path_taken":["M","?","$","?","M","R","$","M","T","M","R","?","R","E","R","BOSS","M","?","?","$","?","R","M","R","T","M","M","R","E","?","R","BOSS","M","$","?","?","M","R","E","M","T","M"],"items_purchased_type":["Card","Relic","Card","Card","Card"],"build_version":"2020-12-22","purchased_purges":1,"victory":false,"max_hp_per_floor":[66,66,66,66,66,66,66,66,66,66,66,66,66,66,66,71,71,71,71,71,71,71,71,71,71,71,71,71,71,71,71,71,71,71,71,71,71,71,71,71,71,71,71,71,71],"card_choices":[{"not_picked":["Blade Dance","Backstab"],"picked":"Bouncing Flask","floor":1.0},{"not_picked":["Backflip","Dagger Throw"],"picked":"Acrobatics","floor":5.0},{"not_picked":["Blade Dance","Deadly Poison","Doppelganger"],"picked":"SKIP","floor":8.0},{"not_picked":["Flying Knee","Setup"],"picked":"Reflex","floor":10.0},{"not_picked":["Choke","Infinite Blades"],"picked":"Well Laid Plans","floor":12.0},{"not_picked":["Poisoned Stab","Endless Agony"],"picked":"Prepared","floor":14.0},{"not_picked":["Night Terror","Wraith Form v2"],"picked":"Adrenaline","floor":16.0},{"not_picked":["Expertise","Predator","Blade Dance"],"picked":"SKIP","floor":18.0},{"not_picked":["Eviscerate","Flying Knee","Dagger Throw"],"picked":"SKIP","floor":24.0},{"not_picked":["Dash","Backflip"],"picked":"Leg Sweep+1","floor":27.0},{"not_picked":["Prepared","Heel Hook+1","Poisoned Stab"],"picked":"SKIP","floor":28.0},{"not_picked":["Deflect","Sucker Punch"],"picked":"Cloak And Dagger+1","floor":30.0},{"not_picked":["Dash","Cloak And Dagger+1"],"picked":"Distraction+1","floor":35.0},{"not_picked":["Catalyst+1","Dodge and Roll+1"],"picked":"Calculated Gamble+1","floor":39.0},{"not_picked":["PiercingWail+1","Bane"],"picked":"Footwork","floor":41},{"not_picked":["Dagger Throw","Distraction+1"],"picked":"PiercingWail+1","floor":42}],"player_experience":500517,"relics_obtained":[{"floor":4.0,"key":"Mummified Hand"},{"floor":9.0,"key":"Vajra"},{"floor":14.0,"key":"Juzu Bracelet"},{"floor":26.0,"key":"Dream Catcher"},{"floor":30.0,"key":"Blue Candle"},{"floor":34.0,"key":"Omamori"},{"floor":34.0,"key":"Toxic Egg 2"},{"floor":34.0,"key":"Shovel"},{"floor":41,"key":"Orichalcum"}],"event_choices":[{"damage_healed":0.0,"max_hp_gain":0.0,"max_hp_loss":0.0,"gold_gain":50.0,"event_name":"Golden Shrine","player_choice":"Pray","floor":2.0,"gold_loss":0.0,"damage_taken":0.0},{"damage_healed":0.0,"max_hp_gain":0.0,"max_hp_loss":0.0,"gold_gain":0.0,"event_name":"Vampires","player_choice":"Ignored","floor":19.0,"gold_loss":0.0,"damage_taken":0.0},{"damage_healed":0.0,"max_hp_gain":0.0,"max_hp_loss":0.0,"gold_gain":0.0,"cards_transformed":["Bullet Time","Glass Knife"],"event_name":"Drug Dealer","player_choice":"Became Test Subject","floor":20.0,"gold_loss":0.0,"damage_taken":0.0,"cards_obtained":["Deflect","After Image"]},{"cards_removed":["Deflect"],"damage_healed":0.0,"max_hp_gain":0.0,"max_hp_loss":0.0,"gold_gain":0.0,"event_name":"Back to Basics","player_choice":"Elegance","floor":22.0,"gold_loss":0.0,"damage_taken":0.0},{"cards_removed":["Bouncing Flask"],"damage_healed":0.0,"max_hp_gain":0.0,"max_hp_loss":0.0,"gold_gain":0.0,"event_name":"Beggar","player_choice":"Gave Gold","floor":31.0,"gold_loss":75.0,"damage_taken":0.0},{"damage_healed":0.0,"max_hp_gain":0.0,"max_hp_loss":0.0,"gold_gain":0.0,"event_name":"Tomb of Lord Red Mask","player_choice":"Paid","floor":37.0,"gold_loss":78.0,"damage_taken":0.0,"relics_obtained":["Red Mask"]},{"cards_removed":["Backstab"],"damage_healed":0.0,"max_hp_gain":0.0,"max_hp_loss":0.0,"gold_gain":0.0,"event_name":"Wheel of Change","player_choice":"Card Removal","floor":38.0,"gold_loss":0.0,"damage_taken":0.0}],"is_beta":false,"boss_relics":[{"not_picked":["Philosopher\u0027s Stone","Busted Crown"],"picked":"Pandora\u0027s Box"},{"not_picked":["Empty Cage","Tiny House"],"picked":"Calling Bell"}],"items_purged_floors":[3],"is_endless":false,"potions_floor_spawned":[8,12,14,16,27,30,35,42],"killed_by":"4 Shapes","ascension_level":20}}