{"host":"2d69zsihwnsihkt1","time":1614107151,"event":{"mods":["AchievementEnabler","Act Like it!","BaseMod","Better Altar","Better Note","Better Skull","Bossed Relics","Colored Map","Colored Powertips","Curses Come First","Displayed Cursed Tome","Googly Eyes","Hermit","Minty Spire (QoL Compilation)","Rare Cards Sparkle","Relic Stats","Replay The Spire","Robot Space Explorer","Shapeshifter Mod","Shop Mod","StSLib","The Forsaken","The Hayseed","The Runesmith"],"gold_per_floor":[111,130,130,130,147,147,173,173,197,217,217,235,157,167,167,266,266,276,22,34,47,62,62,78,78,127,127,145,160,160,12,12,114,114,127,142,142,152,163,163,43,43,89,123,142,142,72,85,85,85],"floor_reached":51,"language":"ENG","playtime":12018,"items_purged":[],"score":791,"play_id":"59ca0e2c-728c-4d52-8c1f-6087bf2b75f4","local_time":"20210223130551","is_ascension_mode":true,"campfire_choices":[{"data":"theForsaken:Terrorize","floor":6,"key":"SMITH"},{"data":"theForsaken:WrathOfGod","floor":11,"key":"SMITH"},{"data":"theForsaken:WrathOfGod+1","floor":15,"key":"SMITH"},{"data":"theForsaken:WrathOfGod+2","floor":23,"key":"SMITH"},{"data":"theForsaken:SpreadingPlague","floor":25,"key":"SMITH"},{"data":"theForsaken:WrathOfGod+3","floor":27,"key":"SMITH"},{"data":"theForsaken:WrathOfGod+4","floor":30,"key":"SMITH"},{"floor":32,"key":"REST"},{"floor":40,"key":"REST"},{"data":"theForsaken:TearsOfSunlight","floor":42,"key":"SMITH"},{"floor":49,"key":"REST"}],"circlet_count":0,"master_deck":["theForsaken:TheForsaken_Strike","theForsaken:TheForsaken_Strike","theForsaken:TheForsaken_Strike","theForsaken:TheForsaken_Strike","theForsaken:TheForsaken_Defend","theForsaken:TheForsaken_Defend","theForsaken:TheForsaken_Defend","theForsaken:Smite+1","theForsaken:Penitence","theForsaken:Riposte","theForsaken:Terrorize+1","theForsaken:WrathOfGod+5","theForsaken:MagicWeapon","theForsaken:DesperatePlea","theForsaken:Bolster","theForsaken:SpreadingPlague+1","theForsaken:DesperatePlea","CurseOfTheBell","Pot Of Greed","Pot Of Greed","theForsaken:DefensiveStance","theForsaken:TearsOfSunlight+1","ReplayTheSpireMod:Restless Dread","theForsaken:Riposte+1","theForsaken:PlagueCurse","theForsaken:DefensiveStance"],"relics":["theForsaken:JudgementScales","ReplayTheSpireMod:TigerMarble","theForsaken:Gavel","Busted Crown","Iron Hammer","Replay:Mystery Machine","Medical Kit","Cursed Key","ChewingGum","Snack Pack","TungstenRod","MerchantsRug","Boot","Divine Protection","theForsaken:PlagueMask"],"acts_visited":["Exordium","TheCity","TheBeyond"],"potions_floor_usage":[7,21,21,28,33,38,44],"damage_taken":[{"damage":0,"enemies":"Small Slimes","floor":1,"turns":3},{"damage":0,"enemies":"2 Louse","floor":2,"turns":2},{"damage":4,"enemies":"Cultist","floor":5,"turns":4},{"damage":21,"enemies":"3 Sentries","floor":7,"turns":12},{"damage":15,"enemies":"Lots of Slimes","floor":10,"turns":3},{"damage":1,"enemies":"Blue Slaver","floor":12,"turns":4},{"damage":5,"enemies":"Exordium Wildlife","floor":14,"turns":3},{"damage":7,"enemies":"The Guardian","floor":16,"turns":10},{"damage":8,"enemies":"3 Byrds","floor":18,"turns":6},{"damage":16,"enemies":"Spheric Guardian","floor":20,"turns":4},{"damage":10,"enemies":"Snecko","floor":21,"turns":4},{"damage":27,"enemies":"Centurion and Healer","floor":22,"turns":8},{"damage":12,"enemies":"Chosen and Byrds","floor":24,"turns":8},{"damage":6,"enemies":"Shelled Parasite and Fungi","floor":28,"turns":5},{"damage":2,"enemies":"Centurion and Healer","floor":29,"turns":5},{"damage":12,"enemies":"Champ","floor":33,"turns":9},{"damage":0,"enemies":"Orb Walker","floor":35,"turns":3},{"damage":4,"enemies":"3 Shapes","floor":36,"turns":4},{"damage":26,"enemies":"3 Darklings","floor":38,"turns":5},{"damage":0,"enemies":"4 Shapes","floor":39,"turns":7},{"damage":54,"enemies":"Reptomancer","floor":44,"turns":7},{"damage":10,"enemies":"Jaw Worm Horde","floor":45,"turns":5},{"damage":23,"enemies":"Spire Growth","floor":48,"turns":5},{"damage":25,"enemies":"Time Eater","floor":50,"turns":11}],"seed_played":"2381339353684047183","potions_obtained":[{"floor":5,"key":"EssenceOfSteel"},{"floor":7,"key":"Regen Potion"},{"floor":8,"key":"PowerPotion"},{"floor":8,"key":"LiquidMemories"},{"floor":21,"key":"BlessingOfTheForge"},{"floor":24,"key":"Block Potion"},{"floor":28,"key":"Languid Potion"},{"floor":33,"key":"Milkshake"},{"floor":38,"key":"ColorlessPotion"},{"floor":44,"key":"Death Potion"}],"is_trial":false,"path_per_floor":["M","M","$","?","M","R","E","?","T","M","R","M","$","M","R","B",null,"M","$","M","M","M","R","M","R","T","R","M","M","R","$","R","B",null,"M","M","?","M","M","R","$","R","T","E","M","?","$","M","R_BF","B",null],"character_chosen":"THE_FORSAKEN","items_purchased":["theForsaken:Bolster","Iron Hammer","Medical Kit","MerchantsRug","theForsaken:TearsOfSunlight","theForsaken:DefensiveStance"],"campfire_rested":3,"item_purchase_floors":[13,19,31,41,41,47],"current_hp_per_floor":[65,65,65,65,61,61,65,65,65,53,53,57,57,52,52,60,64,61,61,49,63,51,51,50,50,50,50,44,48,48,48,65,59,64,64,61,61,42,45,64,64,64,64,37,45,45,45,50,65,65],"gold":85,"neow_bonus":"RANDOM_EVENT","is_daily":false,"chose_seed":false,"campfire_upgraded":8,"win_rate":0.0,"timestamp":1614107151,"path_taken":["M","M","$","?","M","R","E","?","T","M","R","M","$","M","R","BOSS","M","$","?","M","M","R","M","R","T","R","M","M","R","$","R","BOSS","M","?","?","M","M","R","$","R","T","E","M","?","?","M","R_BF","BOSS"],"items_purchased_type":["Card","Relic","Relic","Relic","Card","Card"],"build_version":"2020-12-22","purchased_purges":0,"victory":true,"max_hp_per_floor":[65,65,65,65,65,65,65,65,65,65,65,65,65,65,65,65,65,65,65,65,65,65,65,65,65,65,65,65,65,65,65,65,65,65,65,65,65,65,65,65,65,65,65,65,65,65,65,65,65,65],"relic_stats":{"Busted Crown":32,"counters":[24,137],"Medical Kit":[2],"Cursed Key":1,"Boot":[6],"obtain_stats":[{"MerchantsRug":41,"Divine Protection":44,"Replay:Grab Bag":34,"Replay:Mystery Machine":26,"theForsaken:Gavel":9,"Medical Kit":31,"Cursed Key":34,"Boot":43,"theForsaken:PlagueMask":46,"Calling Bell":34,"Busted Crown":17,"ChewingGum":34,"Iron Hammer":19,"ReplayTheSpireMod:TigerMarble":7,"Snack Pack":34,"Grinning Jar":34,"theForsaken:JudgementScales":0,"TungstenRod":34},{"MerchantsRug":20,"Divine Protection":21,"Replay:Grab Bag":16,"Replay:Mystery Machine":13,"theForsaken:Gavel":4,"Medical Kit":15,"Cursed Key":16,"Boot":20,"theForsaken:PlagueMask":22,"Calling Bell":16,"Busted Crown":8,"ChewingGum":16,"Iron Hammer":9,"ReplayTheSpireMod:TigerMarble":4,"Snack Pack":16,"Grinning Jar":16,"theForsaken:JudgementScales":0,"TungstenRod":16},{"MerchantsRug":109,"Divine Protection":116,"Replay:Grab Bag":90,"Replay:Mystery Machine":71,"theForsaken:Gavel":21,"Medical Kit":81,"Cursed Key":90,"Boot":109,"theForsaken:PlagueMask":121,"Calling Bell":90,"Busted Crown":41,"ChewingGum":90,"Iron Hammer":47,"ReplayTheSpireMod:TigerMarble":21,"Snack Pack":90,"Grinning Jar":90,"theForsaken:JudgementScales":0,"TungstenRod":90}],"TungstenRod":25},"card_choices":[{"not_picked":["theForsaken:Eulogy","theForsaken:QuickAttack"],"picked":"theForsaken:Riposte","floor":1},{"not_picked":["theForsaken:Thunderbolt","theForsaken:Backlash","theForsaken:Parry"],"picked":"SKIP","floor":2},{"not_picked":["theForsaken:PowerUp","theForsaken:ChargeAttack"],"picked":"theForsaken:Terrorize","floor":5},{"not_picked":["theForsaken:HorrifyingStrike","theForsaken:Eulogy"],"picked":"theForsaken:WrathOfGod","floor":7},{"not_picked":["theForsaken:QuickAttack","theForsaken:Backlash"],"picked":"theForsaken:MagicWeapon","floor":10},{"not_picked":["theForsaken:Eulogy","theForsaken:HymnOfPatience"],"picked":"theForsaken:DesperatePlea","floor":12},{"not_picked":["theForsaken:NobleSacrifice","theForsaken:Thunderbolt","theForsaken:BlessedWeapon"],"picked":"SKIP","floor":14},{"not_picked":["theForsaken:Confusion","theForsaken:CorruptDeck"],"picked":"theForsaken:SpreadingPlague","floor":16},{"not_picked":["theForsaken:BlessedWeapon+1"],"picked":"SKIP","floor":18},{"not_picked":["theForsaken:QuickAttack"],"picked":"SKIP","floor":20},{"not_picked":["theForsaken:PowerUp"],"picked":"SKIP","floor":21},{"not_picked":["theForsaken:ScorchingSunlight+1"],"picked":"SKIP","floor":22},{"not_picked":["theForsaken:BindingThorns"],"picked":"SKIP","floor":24},{"not_picked":["theForsaken:StoreUp+1"],"picked":"SKIP","floor":28},{"not_picked":["theForsaken:Preservation+1"],"picked":"SKIP","floor":29},{"not_picked":[],"picked":"theForsaken:DesperatePlea","floor":33},{"not_picked":["theForsaken:HorrifyingStrike+1"],"picked":"SKIP","floor":35},{"not_picked":["theForsaken:WardingHymn"],"picked":"SKIP","floor":36},{"not_picked":[],"picked":"theForsaken:DefensiveStance","floor":38},{"not_picked":["theForsaken:PowerUp"],"picked":"SKIP","floor":39},{"not_picked":[],"picked":"theForsaken:Riposte+1","floor":44},{"not_picked":["theForsaken:FatRoll"],"picked":"SKIP","floor":45},{"not_picked":["theForsaken:ChargeAttack"],"picked":"SKIP","floor":48}],"player_experience":1862440,"relics_obtained":[{"floor":7,"key":"ReplayTheSpireMod:TigerMarble"},{"floor":9,"key":"theForsaken:Gavel"},{"floor":26,"key":"Replay:Mystery Machine"},{"floor":34,"key":"Snack Pack"},{"floor":34,"key":"TungstenRod"},{"floor":34,"key":"Grinning Jar"},{"floor":43,"key":"Boot"},{"floor":44,"key":"Divine Protection"}],"event_choices":[{"damage_healed":0,"gold_gain":0,"player_choice":"Grow","damage_taken":0,"max_hp_gain":0,"max_hp_loss":0,"event_name":"Living Wall","floor":0,"gold_loss":0,"cards_upgraded":["theForsaken:Smite"]},{"damage_healed":0,"gold_gain":0,"player_choice":"Got Potions","damage_taken":0,"max_hp_gain":0,"max_hp_loss":0,"event_name":"Lab","floor":8,"gold_loss":0},{"cards_removed":["theForsaken:TheForsaken_Defend"],"damage_healed":0,"gold_gain":0,"player_choice":"Removed Skill","damage_taken":0,"max_hp_gain":0,"max_hp_loss":0,"event_name":"Falling","floor":37,"gold_loss":0},{"damage_healed":0,"gold_gain":0,"player_choice":"Obtain Plague Curse","damage_taken":0,"max_hp_gain":0,"max_hp_loss":0,"event_name":"Plague Doctor","floor":46,"gold_loss":0,"cards_obtained":["theForsaken:PlagueCurse"]}],"is_beta":false,"boss_relics":[{"not_picked":["Honey Jar","Sozu"],"picked":"Busted Crown"},{"not_picked":["Velvet Choker","Astrolabe"],"picked":"Replay:Grab Bag"},{"not_picked":["Replay:Wanted Poster","Painkiller Herb"],"picked":"Cursed Key"},{"not_picked":["theForsaken:PaleLantern","Philosopher\u0027s Stone"],"picked":"ChewingGum"},{"not_picked":["Pandora\u0027s Box","Kintsugi"],"picked":"Calling Bell"}],"items_purged_floors":[],"is_endless":false,"potions_floor_spawned":[5,7,10,12,21,24,28,33,35,38,44,48],"ascension_level":5}}