{"host":"c64dsqyrqv0ei9yn","time":1614091973,"event":{"mods":["Act Like it!","Arknights","BaseMod","Bestiary","CapriCore","Chen","Colored Map","Colored Powertips","Curses Come First","Hermit","Koishi","LagranYue(ùfäiòNÅEåé)","MarisaÅiñ∂âJÅ@ñÇóùçπÅj","Minty Spire (QoL Compilation)","Prisma Mod","Random Character Button","ReimuÅiîé??öÎÅj","RemiliaÅiÂQïƒ‰ª?Åj","StSLib","The Administrix","The Alterego","The Immortal","The Marked","The Saiyan","The Senshi","The Servant 0.9.4","The Wild Card","TheSwordswoman","Waifu the Spire","WarShipGirlsR/??è≠èóR mod","slay the spire mod where everything is the same but ironclad has a cowboy hat"],"gold_per_floor":[116,40,40,60,78,78,78,78,78,113,130,56,70,83,83,187,187,203,219,235,235,17,50,50,67,67,67,77,94,94,114,114,210,210,226,226,226,59,76,76,76,76,76,96,96,122,142,177,177,177,177],"floor_reached":50,"language":"ENG","playtime":5551,"items_purged":["alterego_mod:Strike","alterego_mod:Defend"],"score":599,"play_id":"5ba3a3e6-424b-49c0-87f2-e9383f063c29","local_time":"20210223145253","is_ascension_mode":false,"campfire_choices":[{"data":"alterego_mod:BigMeatyClaws","floor":6.0,"key":"SMITH"},{"data":"alterego_mod:DiscoLights","floor":8.0,"key":"SMITH"},{"data":"alterego_mod:Clones","floor":15.0,"key":"SMITH"},{"floor":24.0,"key":"REST"},{"floor":27.0,"key":"REST"},{"data":"alterego_mod:Weigh","floor":30.0,"key":"SMITH"},{"floor":32.0,"key":"REST"},{"data":"alterego_mod:BreastValley","floor":40.0,"key":"SMITH"},{"data":"alterego_mod:DiscoLights","floor":42.0,"key":"SMITH"},{"floor":45,"key":"REST"},{"floor":49,"key":"REST"}],"circlet_count":0,"master_deck":["alterego_mod:Strike","alterego_mod:Defend","alterego_mod:Defend","alterego_mod:Defend","alterego_mod:Impale","alterego_mod:BigMeatyClaws+1","alterego_mod:BrynhildrsRune","alterego_mod:1TonWallop","alterego_mod:BusterCard","alterego_mod:DiscoLights+1","alterego_mod:Undulate","theWildCard:Metatron","alterego_mod:Collar","alterego_mod:GoddessCore","alterego_mod:Birthday","alterego_mod:RocketPunch","alterego_mod:Clones+1","alterego_mod:RingBreak","alterego_mod:BrynhildrRomantia","alterego_mod:DiscoLights","alterego_mod:DiscoLights+1","alterego_mod:MagicResistance","alterego_mod:SakuraLabyrinth","alterego_mod:Tantrum","alterego_mod:ChallengeComplete+1","alterego_mod:Weigh+1","alterego_mod:Belts+1","alterego_mod:IdEs","alterego_mod:Schoolgirl+1","alterego_mod:BreastValley+1","alterego_mod:Mirror+1"],"relics":["alterego_mod:MasochisticConstitution","InkBottle","theSenshi:SailorFukuRelic","SlaversCollar","Blood Vial","Boot","LagranYue:GuideDeadRelic","LagranYue:SoulBurningRelic","Gremlin Horn","Question Card","Bottled Flame"],"acts_visited":["Exordium","TheCity","TheBeyond"],"potions_floor_usage":[46,50,50,50],"damage_taken":[{"damage":11.0,"enemies":"2 Louse","floor":1.0,"turns":3.0},{"damage":8.0,"enemies":"Jaw Worm","floor":4.0,"turns":3.0},{"damage":5.0,"enemies":"Cultist","floor":5.0,"turns":4.0},{"damage":44.0,"enemies":"Lagavulin","floor":10.0,"turns":7.0},{"damage":4.0,"enemies":"Large Slime","floor":11.0,"turns":3.0},{"damage":0.0,"enemies":"Exordium Wildlife","floor":13.0,"turns":4.0},{"damage":9.0,"enemies":"2 Fungi Beasts","floor":14.0,"turns":3.0},{"damage":36.0,"enemies":"The Guardian","floor":16.0,"turns":12.0},{"damage":18.0,"enemies":"Shell Parasite","floor":18.0,"turns":8.0},{"damage":15.0,"enemies":"3 Byrds","floor":19.0,"turns":4.0},{"damage":28.0,"enemies":"Centurion and Healer","floor":20.0,"turns":9.0},{"damage":35.0,"enemies":"Book of Stabbing","floor":23.0,"turns":7.0},{"damage":25.0,"enemies":"3 Cultists","floor":25.0,"turns":6.0},{"damage":23.0,"enemies":"Snake Plant","floor":28.0,"turns":10.0},{"damage":12.0,"enemies":"Snecko","floor":29.0,"turns":5.0},{"damage":15.0,"enemies":"Shelled Parasite and Fungi","floor":31.0,"turns":7.0},{"damage":63.0,"enemies":"Automaton","floor":33.0,"turns":13.0},{"damage":1.0,"enemies":"3 Shapes","floor":35.0,"turns":6.0},{"damage":27.0,"enemies":"Orb Walker","floor":39.0,"turns":9.0},{"damage":29,"enemies":"Jaw Worm Horde","floor":44,"turns":8},{"damage":12,"enemies":"Nemesis","floor":46,"turns":9},{"damage":47,"enemies":"Spire Growth","floor":47,"turns":5},{"damage":18,"enemies":"Reptomancer","floor":48,"turns":6},{"damage":90,"enemies":"Donu and Deca","floor":50,"turns":6}],"seed_played":"742837736126362789","potions_obtained":[{"floor":1.0,"key":"Block Potion"},{"floor":5.0,"key":"DuplicationPotion"},{"floor":14.0,"key":"Swift Potion"},{"floor":20.0,"key":"GrandPatriotsElixir:ReiMu"},{"floor":23.0,"key":"GamblersBrew"},{"floor":28.0,"key":"EssenceOfSteel"},{"floor":33.0,"key":"Weak Potion"},{"floor":46,"key":"SkillPotion"},{"floor":48,"key":"Dexterity Potion"}],"is_trial":false,"path_per_floor":["M","$","?","M","M","R","?","R","T","E","M","$","M","M","R","B",null,"M","M","M","?","$","E","R","M","T","R","M","M","R","M","R","B",null,"M","?","?","$","M","R","$","R","T","M","R","E","M","E","R","B"],"character_chosen":"The_Alterego","items_purchased":["alterego_mod:DiscoLights","alterego_mod:Undulate","alterego_mod:RocketPunch","Blood Vial","alterego_mod:BreastValley"],"campfire_rested":5,"item_purchase_floors":[2,2,12,22,38],"current_hp_per_floor":[71,71,71,64,67,67,67,67,67,24,21,21,37,45,45,12,77,72,74,59,59,59,29,54,48,48,75,57,58,58,58,87,39,103,106,106,106,106,81,81,81,81,81,66,97,87,42,39,71,0,0],"gold":177,"neow_bonus":"THREE_CARDS","is_daily":false,"chose_seed":false,"campfire_upgraded":6,"win_rate":0.0,"timestamp":1614091973,"path_taken":["M","$","?","M","M","R","?","R","T","E","M","$","M","M","R","BOSS","M","M","M","?","$","E","R","M","T","R","M","M","R","M","R","BOSS","M","?","?","?","M","R","$","R","T","M","R","E","M","E","R","BOSS"],"items_purchased_type":["Card","Card","Card","Relic","Card"],"build_version":"2020-12-22","purchased_purges":2,"victory":false,"max_hp_per_floor":[71,71,71,72,73,73,73,73,73,74,75,75,75,76,76,77,77,81,81,85,85,85,86,86,90,90,90,91,95,95,99,99,103,103,107,107,107,107,108,108,108,108,108,109,109,110,111,112,112,112,112],"card_choices":[{"not_picked":["alterego_mod:Birthday","alterego_mod:Cooking"],"picked":"alterego_mod:1TonWallop","floor":0.0},{"not_picked":["alterego_mod:Santa","alterego_mod:Pet"],"picked":"alterego_mod:BusterCard","floor":1.0},{"not_picked":["alterego_mod:Jiggle","alterego_mod:Belle"],"picked":"alterego_mod:Collar","floor":4.0},{"not_picked":["alterego_mod:DiscoLights","alterego_mod:Jiggle"],"picked":"alterego_mod:GoddessCore","floor":5.0},{"not_picked":["alterego_mod:Rip","alterego_mod:TrashNCrash"],"picked":"alterego_mod:Birthday","floor":10.0},{"not_picked":["alterego_mod:Lingerie","alterego_mod:Complex","alterego_mod:Belle"],"picked":"SKIP","floor":11.0},{"not_picked":["alterego_mod:TrashNCrash","alterego_mod:Belts"],"picked":"alterego_mod:Clones","floor":13.0},{"not_picked":["alterego_mod:Support","alterego_mod:Skirt"],"picked":"alterego_mod:RingBreak","floor":14.0},{"not_picked":["alterego_mod:GIGAMILK","alterego_mod:ClassAdvantage"],"picked":"alterego_mod:BrynhildrRomantia","floor":16.0},{"not_picked":["alterego_mod:HighServant","alterego_mod:1TonWallop+1"],"picked":"alterego_mod:DiscoLights","floor":18.0},{"not_picked":["alterego_mod:BiFurious","alterego_mod:BustOut"],"picked":"alterego_mod:DiscoLights","floor":19.0},{"not_picked":["alterego_mod:Alter","alterego_mod:1TonWallop+1"],"picked":"alterego_mod:MagicResistance","floor":20.0},{"not_picked":["alterego_mod:Punishment","alterego_mod:Belle","alterego_mod:Clones"],"picked":"SKIP","floor":23.0},{"not_picked":["alterego_mod:DeftHands","alterego_mod:Punishment"],"picked":"alterego_mod:ChallengeComplete+1","floor":25.0},{"not_picked":["alterego_mod:Cooking","alterego_mod:Smother+1"],"picked":"alterego_mod:Weigh","floor":28.0},{"not_picked":["alterego_mod:Birthday","alterego_mod:Complex","alterego_mod:Cooking+1"],"picked":"SKIP","floor":29.0},{"not_picked":["alterego_mod:DeftHands","alterego_mod:Crossover+1"],"picked":"alterego_mod:Belts+1","floor":31.0},{"not_picked":["alterego_mod:Rake","alterego_mod:TrickOrTreatment"],"picked":"alterego_mod:IdEs","floor":33.0},{"not_picked":["alterego_mod:Clones+1","alterego_mod:Collar+1"],"picked":"alterego_mod:Schoolgirl+1","floor":35.0},{"not_picked":["alterego_mod:Punishment","alterego_mod:PerceptionDisorder","alterego_mod:Maid+1"],"picked":"SKIP","floor":39.0},{"not_picked":["alterego_mod:GoddessCore+1","alterego_mod:DeftHands"],"picked":"alterego_mod:Mirror+1","floor":44},{"not_picked":["alterego_mod:Table","alterego_mod:Complex","alterego_mod:Alter"],"picked":"SKIP","floor":46},{"not_picked":["alterego_mod:Complex+1","alterego_mod:Exercise+1","alterego_mod:Clones+1","alterego_mod:1TonWallop+1"],"picked":"SKIP","floor":47},{"not_picked":["alterego_mod:1TonWallop","alterego_mod:MaintainEyeContact+1","alterego_mod:Cycle+1","alterego_mod:Bounce+1"],"picked":"SKIP","floor":48}],"player_experience":161283,"relics_obtained":[{"floor":9.0,"key":"InkBottle"},{"floor":10.0,"key":"theSenshi:SailorFukuRelic"},{"floor":23.0,"key":"Boot"},{"floor":26.0,"key":"LagranYue:GuideDeadRelic"},{"floor":43.0,"key":"Gremlin Horn"},{"floor":46,"key":"Question Card"},{"floor":48,"key":"Bottled Flame"}],"event_choices":[{"damage_healed":0.0,"max_hp_gain":0.0,"max_hp_loss":0.0,"gold_gain":0.0,"event_name":"Liars Game","player_choice":"Ignored","floor":7.0,"gold_loss":0.0,"damage_taken":0.0},{"damage_healed":0.0,"max_hp_gain":0.0,"max_hp_loss":0.0,"gold_gain":0.0,"cards_transformed":["alterego_mod:Strike","alterego_mod:Strike"],"event_name":"Drug Dealer","player_choice":"Became Test Subject","floor":21.0,"gold_loss":0.0,"damage_taken":0.0,"cards_obtained":["alterego_mod:SakuraLabyrinth","alterego_mod:Tantrum"]},{"damage_healed":0.0,"max_hp_gain":0.0,"max_hp_loss":0.0,"gold_gain":0.0,"event_name":"Tomb of Lord Red Mask","player_choice":"Ignored","floor":36.0,"gold_loss":0.0,"damage_taken":0.0},{"damage_healed":0.0,"max_hp_gain":0.0,"max_hp_loss":0.0,"gold_gain":0.0,"event_name":"Mysterious Sphere","player_choice":"Ignored","floor":37.0,"gold_loss":0.0,"damage_taken":0.0}],"is_beta":false,"boss_relics":[{"not_picked":["LagranYue:ContractPerformanceRelic","Calling Bell"],"picked":"SlaversCollar"},{"not_picked":["Coffee Dripper","Velvet Choker"],"picked":"LagranYue:SoulBurningRelic"}],"items_purged_floors":[22,38],"is_endless":false,"potions_floor_spawned":[1,5,14,20,23,28,33,35,46,48],"killed_by":"Donu and Deca","ascension_level":0}}