{"host":"ymn6un3ro3vi042j","time":1614055262,"event":{"mods":["AchievementEnabler","Act Like it!","Aspiration","BaseMod","Bestiary","Better Altar","Better Match","Better Note","Better Sensory Stone","Better Skull","Better Third Choice","BetterRewards","Block Reminder","Colored Map","Colored Powertips","Conspire","Curses Come First","Dark Map","DeckTracker","Downfall","Energized Spire","Fox Events","Friendly Minions","GifTheSpireLib","Highlight Path","Mimic Mod","Minty Spire (QoL Compilation)","Poor People Problems","Quick Restart","Rare Cards Sparkle","Relic Stats","Shop Mod","Spicy Shops","StSLib","SuperFastMode","Synergy Search","The IronCluck","Waifu the Spire","Wandering Minibosses","everything is the same but u backflip on backflip","slay the spire mod where everything is the same but ironclad has a cowboy hat"],"gold_per_floor":[115,154,154,170,15,15,29,29,62,0,0,0,12,25,25,120,70,81,81,100,375,375,375],"floor_reached":22,"language":"ENG","playtime":945,"items_purged":[],"score":224,"play_id":"7a3172ed-f90a-460c-af32-c4bb639f84ae","local_time":"20210222204102","is_ascension_mode":false,"campfire_choices":[{"floor":6,"key":"REST"},{"data":"Die Die Die","floor":8,"key":"SMITH"},{"floor":15,"key":"REST"}],"circlet_count":0,"master_deck":["Strike_G","Strike_G","Strike_G","Strike_G","Strike_G","Defend_G","Defend_G","Defend_G","Defend_G","Defend_G","Survivor","Neutralize","Cloak And Dagger","Dagger Spray","Burn","Blur","Blade Dance","All Out Attack","Accuracy+1","Tools of the Trade","PiercingWail","Storm of Steel","Strike_G","PiercingWail","Riddle With Holes+1","Regret"],"relics":["Ring of the Snake","Ornamental Fan","Membership Card","conspire:TopHat","energizedSpire:HugeHouse"],"acts_visited":["Exordium","TheCity"],"potions_floor_usage":[9,16,16,16,22,22],"damage_taken":[{"damage":7,"enemies":"2 Louse","floor":1,"turns":2},{"damage":28,"enemies":"conspire:MimicChest","floor":2,"turns":7},{"damage":2,"enemies":"Jaw Worm","floor":4,"turns":5},{"damage":0,"enemies":"Small Slimes","floor":7,"turns":3},{"damage":3,"enemies":"conspire:2 RoseBushes","floor":9,"turns":8},{"damage":9,"enemies":"conspire:2 RoseBushes","floor":13,"turns":2},{"damage":1,"enemies":"Looter","floor":14,"turns":2},{"damage":0,"enemies":"Slime Boss","floor":16,"turns":7},{"damage":8,"enemies":"Shell Parasite","floor":18,"turns":6},{"damage":0,"enemies":"3 Byrds","floor":20,"turns":5},{"damage":70,"enemies":"Cultist and Chosen","floor":22,"turns":5}],"seed_played":"-5420609018385629319","potions_obtained":[{"floor":7,"key":"Explosive Potion"},{"floor":13,"key":"Slimebound:ThreeZeroPotion"},{"floor":14,"key":"EntropicBrew"},{"floor":16,"key":"LiquidMemories"},{"floor":18,"key":"DuplicationPotion"},{"floor":20,"key":"AttackPotion"}],"is_trial":false,"path_per_floor":["M","?","?","M","$","R","M","R","MIM","$","?","?","M","M","R","B",null,"M","?","M","?","M"],"character_chosen":"THE_SILENT","items_purchased":["Membership Card","Accuracy"],"campfire_rested":2,"item_purchase_floors":[5,10],"current_hp_per_floor":[56,28,28,26,26,44,44,44,41,41,41,41,32,31,49,49,58,50,68,68,68,0,0],"gold":375,"neow_bonus":"THREE_RARE_CARDS","is_daily":false,"chose_seed":false,"campfire_upgraded":1,"win_rate":0.0,"timestamp":1614055262,"path_taken":["M","?","?","M","?","R","M","R","MIM","$","?","?","?","M","R","BOSS","M","?","?","?","M"],"items_purchased_type":["Relic","Card"],"build_version":"2020-12-22","purchased_purges":0,"victory":false,"max_hp_per_floor":[63,63,63,63,63,63,63,63,63,63,63,63,63,63,63,63,58,58,68,68,68,68,68],"relic_stats":{"counters":[11,52],"Ornamental Fan":[84],"obtain_stats":[{"Ornamental Fan":2,"energizedSpire:HugeHouse":17,"Membership Card":5,"conspire:TopHat":9,"Ring of the Snake":0},{"Ornamental Fan":2,"energizedSpire:HugeHouse":8,"Membership Card":3,"conspire:TopHat":5,"Ring of the Snake":0},{"Ornamental Fan":9,"energizedSpire:HugeHouse":36,"Membership Card":14,"conspire:TopHat":25,"Ring of the Snake":0}],"Ring of the Snake":[22]},"card_choices":[{"not_picked":["Malaise","Adrenaline"],"picked":"Die Die Die","floor":0.0},{"not_picked":["Prepared","Sucker Punch"],"picked":"Cloak And Dagger","floor":1},{"not_picked":["Tactician","Heel Hook"],"picked":"Dagger Spray","floor":2},{"not_picked":["Slice","Backflip"],"picked":"Blur","floor":4},{"not_picked":["PiercingWail","Distraction"],"picked":"Blade Dance","floor":7},{"not_picked":["Prepared","Deflect"],"picked":"All Out Attack","floor":9},{"not_picked":["Predator","Well Laid Plans"],"picked":"Tools of the Trade","floor":13},{"not_picked":["Choke","Sucker Punch"],"picked":"PiercingWail","floor":14},{"not_picked":["After Image","Glass Knife"],"picked":"Storm of Steel","floor":16},{"not_picked":["Deadly Poison","Expertise"],"picked":"PiercingWail","floor":18},{"not_picked":["Backflip","Outmaneuver"],"picked":"Riddle With Holes+1","floor":20}],"player_experience":77912,"relics_obtained":[{"floor":2,"key":"Ornamental Fan"},{"floor":9,"key":"conspire:TopHat"}],"event_choices":[{"damage_healed":28,"gold_gain":0,"player_choice":"Embrace Burn","damage_taken":0,"max_hp_gain":0,"max_hp_loss":63,"event_name":"betterThird:BetterShining","floor":3,"gold_loss":0},{"damage_healed":0,"gold_gain":0,"player_choice":"Grow","damage_taken":0,"max_hp_gain":0,"max_hp_loss":0,"event_name":"Living Wall","floor":11,"gold_loss":0,"cards_upgraded":["Accuracy"]},{"damage_healed":0,"gold_gain":0,"player_choice":"Leave","damage_taken":0,"max_hp_gain":0,"max_hp_loss":0,"event_name":"conspire:Investor","floor":12,"gold_loss":0},{"cards_removed":["Bullet Time"],"damage_healed":8,"gold_gain":0,"player_choice":"Offered Rare","damage_taken":0,"max_hp_gain":10,"max_hp_loss":0,"event_name":"Bonfire Elementals","floor":19,"gold_loss":0},{"damage_healed":0,"gold_gain":275,"player_choice":"Desecrate","damage_taken":0,"max_hp_gain":0,"max_hp_loss":0,"event_name":"Golden Shrine","floor":21,"gold_loss":0,"cards_obtained":["Regret"]}],"is_beta":false,"boss_relics":[{"not_picked":["SacredBark","energizedSpire:PogoStick"],"picked":"energizedSpire:HugeHouse"}],"items_purged_floors":[],"is_endless":false,"potions_floor_spawned":[7,13,14,16,18,20],"killed_by":"Cultist and Chosen","ascension_level":0}}