{"host":"15miz8rv3pjbfiz2","time":1614055352,"event":{"mods":["AchievementEnabler","Aspiration","Astrologer","Bard","BaseMod","BetterRewards","Colored Map","Colored Powertips","Conspire","Gremlin Mod","Highlight Path","Hubris","Infinite Spire","Jorbs\u0027s Wanderer Trilogy","Minty Spire (QoL Compilation)","Quick Restart","READ ME - Snecko Mod","Replay The Spire","Shop Mod","Somnambulant","StSLib","The Blackbeard","The Bladedancer","The Bug Knight","The Construct","The Cursed","The Disciple","The Forsaken","The Hayseed","The Hierophant","The Judge","The Jungle","The Necromancer","The Poker Player","The Runesmith","The Servant 0.9.4","TheFirefly"],"gold_per_floor":[119,19,38,38,38,56,76,76,96,131,131],"floor_reached":10,"language":"ENG","playtime":440,"items_purged":[],"score":77,"play_id":"a701cb16-cb3f-482f-b7cc-91b70bf940be","local_time":"20210222234232","is_ascension_mode":true,"campfire_choices":[{"floor":8,"key":"REST"}],"circlet_count":0,"master_deck":["Strike_B","Strike_B","Strike_B","Strike_B","Defend_B","Defend_B","Defend_B","Defend_B","Zap","Dualcast","FIFO Queue","conspire:SpireCoStock","conspire:SpireCoStock","Ball Lightning","Ball Lightning","Storm","BasicCrystalCard"],"relics":["Cracked Core","aspiration:Nostalgia","WordoMod:Obsidian","Regal Pillow"],"acts_visited":["Exordium"],"potions_floor_usage":[],"damage_taken":[{"damage":9,"enemies":"Small Slimes","floor":1,"turns":3},{"damage":2,"enemies":"2 Louse","floor":3,"turns":2},{"damage":4,"enemies":"conspire:RoseBush","floor":6,"turns":2},{"damage":8,"enemies":"Red Slaver","floor":7,"turns":3},{"damage":8,"enemies":"Blue Slaver","floor":9,"turns":2},{"damage":56,"enemies":"Gremlin Nob","floor":10,"turns":5}],"seed_played":"-3995350345400384481","potions_obtained":[{"floor":1,"key":"SpeedPotion"},{"floor":3,"key":"Flashbang"}],"is_trial":false,"path_per_floor":["M","?","M","PTL","PTL","M","M","R","M","E"],"character_chosen":"DEFECT","items_purchased":[],"campfire_rested":1,"item_purchase_floors":[],"current_hp_per_floor":[66,66,64,64,64,60,52,74,66,10,10],"gold":131,"neow_bonus":"NOSTALGIA","is_daily":false,"chose_seed":false,"campfire_upgraded":0,"win_rate":0.0,"timestamp":1614055352,"path_taken":["M","?","M","PTL","PTL","M","M","R","M","E"],"items_purchased_type":[],"build_version":"2020-12-22","purchased_purges":0,"victory":false,"max_hp_per_floor":[75,75,75,75,75,75,75,75,75,75,75],"card_choices":[{"not_picked":["Barrage","Reprogram"],"picked":"FIFO Queue","floor":1},{"not_picked":["Conserve Battery","Sweeping Beam"],"picked":"Ball Lightning","floor":3},{"not_picked":["Turbo","Panic Button"],"picked":"Ball Lightning","floor":6},{"not_picked":["Skim","Streamline"],"picked":"Storm","floor":7},{"not_picked":["Biased Cognition","Panic Button"],"picked":"BasicCrystalCard","floor":9}],"player_experience":416948,"relics_obtained":[{"floor":10,"key":"Regal Pillow"}],"event_choices":[{"damage_healed":0,"gold_gain":0,"player_choice":"Invest 2","damage_taken":0,"max_hp_gain":0,"max_hp_loss":0,"event_name":"conspire:Investor","floor":2,"gold_loss":0}],"is_beta":false,"boss_relics":[],"items_purged_floors":[],"is_endless":false,"potions_floor_spawned":[1,3],"killed_by":"Gremlin Nob","ascension_level":2}}