{"host":"3n5xmnb54n2y5mb4","time":1614043741,"event":{"mods":["BaseMod","Colored Map","Colored Powertips","Minty Spire (QoL Compilation)","Permanent Neow","StSLib","Unceasing Turn Reminder","everything is the same but u backflip on backflip"],"gold_per_floor":[116,129,129,140,20,52,52,77,77,89,101,143,181,193,205,318,330,355,384,413,450,462,499,511,438,450,477,238,238,238,238],"floor_reached":30,"language":"ENG","playtime":830,"items_purged":[],"score":422,"play_id":"1e29bc56-7d0c-4d5b-b023-d383a920b15c","local_time":"20210222202901","is_ascension_mode":true,"campfire_choices":[{"data":"Zap","floor":11,"key":"SMITH"},{"data":"Zap","floor":15,"key":"SMITH"},{"floor":24,"key":"REST"}],"circlet_count":0,"master_deck":["AscendersBane","Strike_B","Strike_B","Strike_B","Strike_B","Defend_B","Defend_B","Defend_B","Defend_B","Zap+1","Dualcast","Loop","Scrape","Conserve Battery+1","Zap+1","Go for the Eyes","Hologram","Beam Cell","Streamline","Hologram+1","Beam Cell","Streamline","Electrodynamics","Turbo","Go for the Eyes","Steam Power","Beam Cell","Steam+1","Thinking Ahead+1","Conserve Battery+1"],"relics":["Cracked Core","Potion Belt","Vajra","Symbiotic Virus","MawBank","Oddly Smooth Stone","War Paint","SacredBark","Red Mask","Bag of Preparation","Anchor","Toxic Egg 2"],"acts_visited":["Exordium","TheCity"],"potions_floor_usage":[8,16,19,21,23,23,30],"damage_taken":[{"damage":2,"enemies":"Jaw Worm","floor":1,"turns":3},{"damage":1,"enemies":"Cultist","floor":2,"turns":4},{"damage":1,"enemies":"2 Louse","floor":4,"turns":2},{"damage":26,"enemies":"Gremlin Nob","floor":6,"turns":5},{"damage":13,"enemies":"3 Sentries","floor":8,"turns":5},{"damage":18,"enemies":"Gremlin Nob","floor":13,"turns":3},{"damage":9,"enemies":"Hexaghost","floor":16,"turns":6},{"damage":6,"enemies":"Chosen","floor":18,"turns":4},{"damage":0,"enemies":"3 Byrds","floor":19,"turns":3},{"damage":10,"enemies":"Cultist and Chosen","floor":20,"turns":6},{"damage":22,"enemies":"Masked Bandits","floor":21,"turns":3},{"damage":17,"enemies":"Slavers","floor":23,"turns":4},{"damage":11,"enemies":"Snake Plant","floor":27,"turns":3},{"damage":18,"enemies":"Chosen and Byrds","floor":30,"turns":4}],"seed_played":"-1969949635721501285","potions_obtained":[{"floor":1,"key":"AttackPotion"},{"floor":4,"key":"Strength Potion"},{"floor":14,"key":"DistilledChaos"},{"floor":14,"key":"SpeedPotion"},{"floor":14,"key":"CultistPotion"},{"floor":16,"key":"SteroidPotion"},{"floor":19,"key":"SkillPotion"},{"floor":23,"key":"SpeedPotion"}],"is_trial":false,"path_per_floor":["M","M","?","M","$","E","?","E","T","$","R","?","E","?","R","B",null,"M","M","M","?","?","E","R","?","T","M","$","?","M"],"character_chosen":"DEFECT","items_purchased":["Hologram","Beam Cell","Streamline","Thinking Ahead+1","ColorlessPotion","Conserve Battery+1"],"campfire_rested":1,"item_purchase_floors":[5,5,5,28,28,28],"current_hp_per_floor":[66,65,65,64,64,38,63,50,50,50,50,50,32,32,32,23,62,56,56,46,24,24,7,29,29,29,18,18,18,0,0],"gold":238,"neow_bonus":"RANDOM_COMMON_RELIC","is_daily":false,"chose_seed":false,"campfire_upgraded":2,"win_rate":0.0,"timestamp":1614043741,"path_taken":["M","M","?","?","$","E","?","E","T","$","R","?","E","?","R","BOSS","M","M","M","?","?","E","R","?","T","M","$","?","M"],"items_purchased_type":["Card","Card","Card","Card","Potion","Card"],"build_version":"2020-12-22","purchased_purges":0,"victory":false,"max_hp_per_floor":[75,75,75,75,75,75,75,75,75,75,75,75,75,75,75,75,75,75,75,75,75,75,75,75,75,75,75,75,75,75,75],"card_choices":[{"not_picked":["Static Discharge","Steam"],"picked":"Loop","floor":1},{"not_picked":["Aggregate","Redo"],"picked":"Scrape","floor":2},{"not_picked":["Stack","Sweeping Beam"],"picked":"Go for the Eyes","floor":4},{"not_picked":["Glacier","Static Discharge"],"picked":"Hologram","floor":6},{"not_picked":["Reprogram","Double Energy"],"picked":"Beam Cell","floor":8},{"not_picked":["Steam Power","Barrage"],"picked":"Streamline","floor":13},{"not_picked":["Thunder Strike","Biased Cognition"],"picked":"Electrodynamics","floor":16},{"not_picked":["Ball Lightning","Redo"],"picked":"Turbo","floor":18},{"not_picked":["Static Discharge","Barrage"],"picked":"Go for the Eyes","floor":19},{"not_picked":["Barrage","Heatsinks","Blizzard+1"],"picked":"SKIP","floor":20},{"not_picked":["Stack","Steam"],"picked":"Steam Power","floor":21},{"not_picked":["Consume","Turbo"],"picked":"Beam Cell","floor":23},{"not_picked":["Leap+1","Melter"],"picked":"Steam+1","floor":27}],"player_experience":1012606,"relics_obtained":[{"floor":6,"key":"Vajra"},{"floor":8,"key":"Symbiotic Virus"},{"floor":9,"key":"MawBank"},{"floor":13,"key":"War Paint"},{"floor":21,"key":"Red Mask"},{"floor":23,"key":"Bag of Preparation"},{"floor":26,"key":"Toxic Egg 2"}],"event_choices":[{"damage_healed":0,"gold_gain":0,"player_choice":"2 cards matched","damage_taken":0,"max_hp_gain":0,"max_hp_loss":0,"event_name":"Match and Keep!","floor":3,"gold_loss":0,"cards_obtained":["Conserve Battery","Zap"]},{"damage_healed":25,"gold_gain":0,"player_choice":"Banana","damage_taken":0,"max_hp_gain":0,"max_hp_loss":0,"event_name":"Big Fish","floor":7,"gold_loss":0},{"damage_healed":0,"gold_gain":30,"player_choice":"Searched \u00272\u0027 times","damage_taken":0,"relics_obtained":["Oddly Smooth Stone"],"max_hp_gain":0,"max_hp_loss":0,"event_name":"Dead Adventurer","floor":12,"gold_loss":0},{"damage_healed":0,"gold_gain":0,"player_choice":"Got Potions","damage_taken":0,"max_hp_gain":0,"max_hp_loss":0,"event_name":"Lab","floor":14,"gold_loss":0},{"damage_healed":0,"gold_gain":0,"player_choice":"Fought Bandits","damage_taken":0,"max_hp_gain":0,"max_hp_loss":0,"event_name":"Masked Bandits","floor":21,"gold_loss":0},{"damage_healed":0,"gold_gain":0,"player_choice":"Ignored","damage_taken":0,"max_hp_gain":0,"max_hp_loss":0,"event_name":"Cursed Tome","floor":22,"gold_loss":0},{"damage_healed":0,"gold_gain":0,"player_choice":"Obtained Relic","damage_taken":0,"relics_obtained":["Anchor"],"max_hp_gain":0,"max_hp_loss":0,"event_name":"Addict","floor":25,"gold_loss":85},{"damage_healed":0,"gold_gain":0,"player_choice":"Ignored","damage_taken":0,"max_hp_gain":0,"max_hp_loss":0,"event_name":"Vampires","floor":29,"gold_loss":0}],"is_beta":false,"boss_relics":[{"not_picked":["Pandora\u0027s Box","Cursed Key"],"picked":"SacredBark"}],"items_purged_floors":[],"is_endless":false,"potions_floor_spawned":[1,4,16,19,20,23],"killed_by":"Chosen and Byrds","ascension_level":12}}