{"host":"72n3jwtrlpjobydj","time":1614072192,"event":{"mods":["AchievementEnabler","Act Like it!","Arknights","BaseMod","CapriCore","DeckTracker","Hermit","Koishi","Lobotomy","Marisa£¨Ùöéë¡¡Øª×âÞÞ£©","Minty Spire (QoL Compilation)","Permanent Neow","StSLib","SuperFastMode","The Cursed","The Gatherer","The Hierophant","The Immortal"],"gold_per_floor":[215,215,232,182,12,12,30,30,30,42,74,92,17,32,32,134,134,151,151,250,261,261,261],"floor_reached":22,"language":"KOR","playtime":693,"items_purged":["Strike_R"],"score":195,"play_id":"88943384-1b90-4574-9657-c5d2fb69f320","local_time":"20210223182312","is_ascension_mode":true,"campfire_choices":[{"data":"Body Slam","floor":6,"key":"SMITH"},{"floor":8,"key":"RECALL"},{"data":"Barricade","floor":15,"key":"SMITH"}],"circlet_count":0,"master_deck":["Strike_R","Strike_R","Strike_R","Defend_R","Defend_R","Defend_R","Defend_R","Bash","Armaments","Seeing Red","Body Slam+1","Armaments","Shrug It Off","Barricade+1","Impervious","Body Slam","Bloodletting+1"],"relics":["Black Blood","Juzu Bracelet","Gremlin Horn","Eternal Feather","MutagenicStrength"],"acts_visited":["Exordium","TheCity"],"potions_floor_usage":[16,16,22],"damage_taken":[{"damage":5,"enemies":"2 Louse","floor":1,"turns":3},{"damage":7,"enemies":"Small Slimes","floor":3,"turns":4},{"damage":9,"enemies":"Jaw Worm","floor":7,"turns":4},{"damage":16,"enemies":"Gremlin Gang","floor":10,"turns":6},{"damage":21,"enemies":"3 Sentries","floor":11,"turns":13},{"damage":0,"enemies":"Exordium Wildlife","floor":12,"turns":5},{"damage":8,"enemies":"3 Louse","floor":14,"turns":4},{"damage":2,"enemies":"Hexaghost","floor":16,"turns":12},{"damage":20,"enemies":"Spheric Guardian","floor":18,"turns":11},{"damage":36,"enemies":"3 Byrds","floor":21,"turns":10},{"damage":64,"enemies":"3 Cultists","floor":22,"turns":6}],"seed_played":"5212742379142800749","potions_obtained":[{"floor":11,"key":"DuplicationPotion"},{"floor":12,"key":"FearPotion"},{"floor":18,"key":"Swift Potion"}],"is_trial":false,"path_per_floor":["M","?","M","?","$","R","M","R","T","M","E","M","$","M","R","B",null,"M","?","?","M","M"],"character_chosen":"IRONCLAD","items_purchased":["Body Slam","Juzu Bracelet"],"campfire_rested":0,"item_purchase_floors":[5,5],"current_hp_per_floor":[80,80,79,79,79,79,76,76,76,66,51,57,57,55,61,65,80,72,72,72,48,0,0],"gold":261,"neow_bonus":"HUNDRED_GOLD","is_daily":false,"chose_seed":false,"campfire_upgraded":2,"win_rate":0.0,"timestamp":1614072192,"path_taken":["M","?","M","?","$","R","M","R","T","M","E","M","?","M","R","BOSS","M","?","?","M","M"],"items_purchased_type":["Card","Relic"],"build_version":"2020-12-22","purchased_purges":1,"victory":false,"max_hp_per_floor":[80,80,80,80,80,80,80,80,80,80,80,80,80,80,80,80,80,80,80,80,80,80,80],"card_choices":[{"not_picked":["True Grit","Clash"],"picked":"Armaments","floor":1},{"not_picked":["Evolve","Iron Wave"],"picked":"Seeing Red","floor":3},{"not_picked":["Sever Soul","Intimidate"],"picked":"Armaments","floor":7},{"not_picked":["Rampage","Dark Embrace","Second Wind"],"picked":"SKIP","floor":10},{"not_picked":["True Grit","Warcry"],"picked":"Shrug It Off","floor":11},{"not_picked":["Thunderclap","Pommel Strike","Cleave"],"picked":"SKIP","floor":12},{"not_picked":["Pommel Strike","Twin Strike"],"picked":"Barricade","floor":14},{"not_picked":["Double Tap","Juggernaut"],"picked":"Impervious","floor":16},{"not_picked":["True Grit+1","Dark Embrace+1"],"picked":"Body Slam","floor":18},{"not_picked":["Body Slam","Hemokinesis"],"picked":"Bloodletting+1","floor":21}],"player_experience":128984,"relics_obtained":[{"floor":9,"key":"Gremlin Horn"},{"floor":11,"key":"Eternal Feather"}],"event_choices":[{"damage_healed":0,"gold_gain":0,"player_choice":"Ignored","damage_taken":0,"max_hp_gain":0,"max_hp_loss":0,"event_name":"Shining Light","floor":2,"gold_loss":0},{"cards_removed":["Strike_R"],"damage_healed":0,"gold_gain":0,"player_choice":"Card Removal","damage_taken":0,"max_hp_gain":0,"max_hp_loss":0,"event_name":"The Cleric","floor":4,"gold_loss":50},{"damage_healed":0,"gold_gain":0,"player_choice":"Inject Mutagens","damage_taken":0,"relics_obtained":["MutagenicStrength"],"max_hp_gain":0,"max_hp_loss":0,"event_name":"Drug Dealer","floor":19,"gold_loss":0},{"damage_healed":0,"gold_gain":99,"player_choice":"Stole From Cult","damage_taken":0,"max_hp_gain":0,"max_hp_loss":0,"event_name":"Nest","floor":20,"gold_loss":0}],"is_beta":false,"boss_relics":[{"not_picked":["Ectoplasm","Coffee Dripper"],"picked":"Black Blood"}],"items_purged_floors":[13],"is_endless":false,"potions_floor_spawned":[11,12,18],"killed_by":"3 Cultists","ascension_level":1}}