{"host":"Petra","time":1614108363,"event":{"mods":["BaseMod","Colored Powertips","Defuse TimeMaze Blight","Downfall","Hermit","KinomotoSakuraMod(????)","Marisa????????","Marked Mod","Minty Spire (QoL Compilation)","Replay The Spire","Shade Mod","StSLib","The Alterego","The Cursed","The Gatherer","The Marked","The Servant 0.9.4","TheVacant","Waifu the Spire"],"gold_per_floor":[99,117,132,38,56,75,75,94,111,96,115,115,131,161,171,268,268,268,282,302,315,315,415,415,415,415,10,20,39,53,53,69,69,85,188,188,188,208,41,58,78,78,102,119,165,176,193,207,207,224,238,238],"floor_reached":53,"language":"ENG","playtime":4062,"items_purged":[],"score":725,"play_id":"a1f7a3de-c9bf-42b7-b7c3-061f05f3c895","local_time":"20210223212603","is_ascension_mode":false,"campfire_choices":[{"data":"1","floor":1,"key":"LIFT"},{"floor":12,"key":"REST"},{"data":"2","floor":18,"key":"LIFT"},{"floor":31,"key":"REST"},{"data":"3","floor":37,"key":"LIFT"},{"data":"4","floor":37,"key":"LIFT"},{"floor":49,"key":"REST"}],"circlet_count":0,"master_deck":["Guardian:Strike_Guardian","Guardian:Strike_Guardian","Guardian:Strike_Guardian","Guardian:Strike_Guardian","Guardian:Defend_Guardian","Guardian:Defend_Guardian","Guardian:Defend_Guardian","Guardian:Defend_Guardian","Guardian:CurlUp+1","Guardian:TwinSlam","Guardian:Reroute","Guardian:SentryBeam","Guardian:Emergency","Guardian:Gem_Yellow","Guardian:TemporalStrike","Guardian:TemporalStrike","Guardian:TimeBomb","Guardian:Suspension+1","Guardian:TemporalShield","Guardian:Recover","Guardian:PiercingHide","Guardian:BronzeArmor","Guardian:CrystalBeam","Guardian:ArmoredProtocol+1","Guardian:Gem_Yellow","expansioncontent:QuickStudy+1","Guardian:Incinerate+1","Guardian:EvasiveProtocol","Guardian:PolyBeam","Guardian:SpikerProtocol","Guardian:RefractedBeam","Guardian:VentSteam+1","Guardian:WalkerClaw+1","Guardian:ExploitGems+1","Guardian:FastForward+1","Guardian:Incinerate+1","Guardian:RevengeProtocol+1","Guardian:Gem_Green","Guardian:Gem_Cyan","Guardian:Gem_Green","Guardian:Gem_Lightblue","Guardian:Suspension+1","Guardian:PrimingBeam+1","Guardian:TemporalShield+1"],"relics":["Guardian:ModeShifter","Girya","Golden Egg","Pet Ghost","Busted Crown","alterego_mod:SomeoneToFightFor","Matryoshka","Ancient Tea Set","Replay:Grab Bag","Painkiller Herb","Fusion Hammer","SacredBark","Vajra","InkBottle","Bronze Scales","Orrery","CatCart"],"acts_visited":["Exordium","TheCity","TheBeyond"],"potions_floor_usage":[4,13,16,16,39,45,45,52,52,52],"damage_taken":[{"damage":4,"enemies":"Cultist","floor":2,"turns":4},{"damage":1,"enemies":"Jaw Worm","floor":3,"turns":4},{"damage":0,"enemies":"downfall:FleeingMerchant","floor":4,"turns":4},{"damage":0,"enemies":"2 Louse","floor":5,"turns":2},{"damage":5,"enemies":"Gremlin Gang","floor":6,"turns":7},{"damage":4,"enemies":"2 Fungi Beasts","floor":8,"turns":3},{"damage":4,"enemies":"downfall:LooterAlt","floor":9,"turns":2},{"damage":5,"enemies":"downfall:FleeingMerchant","floor":10,"turns":4},{"damage":15,"enemies":"3 Louse","floor":11,"turns":2},{"damage":4,"enemies":"Blue Slaver","floor":13,"turns":4},{"damage":15,"enemies":"3 Sentries","floor":14,"turns":5},{"damage":1,"enemies":"2 Fungi Beasts","floor":15,"turns":3},{"damage":8,"enemies":"IC_STATUS_ARCHETYPE","floor":16,"turns":9},{"damage":10,"enemies":"Chosen","floor":19,"turns":4},{"damage":7,"enemies":"Shell Parasite","floor":20,"turns":5},{"damage":12,"enemies":"Centurion and Healer","floor":21,"turns":6},{"damage":5,"enemies":"downfall:FleeingMerchant","floor":27,"turns":4},{"damage":11,"enemies":"Snake Plant","floor":28,"turns":3},{"damage":4,"enemies":"Shelled Parasite and Fungi","floor":29,"turns":5},{"damage":13,"enemies":"Centurion and Healer","floor":30,"turns":7},{"damage":0,"enemies":"Snecko","floor":32,"turns":3},{"damage":2,"enemies":"3 Cultists","floor":34,"turns":6},{"damage":22,"enemies":"WA_ARCHETYPE_CALM","floor":35,"turns":13},{"damage":0,"enemies":"3 Shapes","floor":38,"turns":4},{"damage":0,"enemies":"downfall:FleeingMerchant","floor":39,"turns":4},{"damage":6,"enemies":"3 Darklings","floor":40,"turns":5},{"damage":15,"enemies":"Transient","floor":41,"turns":5},{"damage":0,"enemies":"downfall:FleeingMerchant","floor":44,"turns":1},{"damage":0,"enemies":"Orin","floor":45,"turns":8},{"damage":0,"enemies":"Sphere and 2 Shapes","floor":46,"turns":5},{"damage":12,"enemies":"3 Darklings","floor":47,"turns":4},{"damage":10,"enemies":"Transient","floor":48,"turns":5},{"damage":2,"enemies":"Maw","floor":50,"turns":4},{"damage":17,"enemies":"Spire Growth","floor":51,"turns":4},{"damage":32,"enemies":"SI_POISON_ARCHETYPE","floor":52,"turns":6}],"seed_played":"-6834570886896339510","potions_obtained":[{"floor":3,"key":"EntropicBrew"},{"floor":14,"key":"Weak Potion"},{"floor":16,"key":"BlessingOfTheForge"},{"floor":20,"key":"PowerPotion"},{"floor":21,"key":"Swift Potion"},{"floor":32,"key":"Guardian:DefensiveModePotion"},{"floor":41,"key":"Guardian:AcceleratePotion"},{"floor":45,"key":"hexamod:SoulburnPotion"},{"floor":48,"key":"SkillPotion"},{"floor":50,"key":"Guardian:DefensiveModePotion"}],"is_trial":false,"path_per_floor":["R","M","M","$","M","M","T","M","M","$","M","R","M","E","M","B",null,"R","M","M","M","?","?","T","PTL","PTL","$","M","M","M","R","M","?","M","B",null,"T","?","T","?","?","?","T","?","?","?","?","?","T","?","?","B",null],"character_chosen":"GUARDIAN","items_purchased":["Guardian:Emergency","expansioncontent:QuickStudy","Ancient Tea Set","Guardian:Incinerate","Vajra","Guardian:WalkerClaw","Guardian:ExploitGems","Orrery"],"campfire_rested":3,"item_purchase_floors":[4,27,27,27,39,44,44,44],"current_hp_per_floor":[56,52,51,51,51,46,46,42,38,33,18,42,38,23,22,14,80,80,70,63,51,51,51,51,51,51,46,45,41,28,52,52,52,50,28,80,80,80,80,74,59,59,59,59,59,59,47,37,61,66,49,17],"gold":238,"neow_bonus":"ONE_RARE_RELIC","is_daily":false,"chose_seed":false,"campfire_upgraded":0,"win_rate":0.0,"timestamp":1614108363,"path_taken":["R","?","?","$","M","M","T","M","M","$","M","R","M","E","M","BOSS","R","M","M","M","?","?","T","PTL","PTL","$","M","M","M","R","M","?","M","BOSS","T","?","T","?","?","?","T","?","?","?","?","?","T","?","?","BOSS"],"items_purchased_type":["Card","Card","Relic","Card","Relic","Card","Card","Relic"],"build_version":"2020-11-17","purchased_purges":0,"victory":true,"max_hp_per_floor":[80,80,80,80,80,80,80,80,80,80,80,80,80,80,80,80,80,80,80,80,80,80,80,80,80,80,80,80,80,80,80,80,80,80,80,80,80,80,80,80,80,80,80,80,80,80,80,80,80,80,80,80],"card_choices":[{"not_picked":["Guardian:Gem_Red","Guardian:VentSteam"],"picked":"Guardian:Reroute","floor":2},{"not_picked":["Guardian:ShieldCharger","Guardian:PiercingHide"],"picked":"Guardian:SentryBeam","floor":3},{"not_picked":["Guardian:ShieldSpikes","Guardian:Clone"],"picked":"Guardian:Gem_Cyan","floor":4},{"not_picked":["Guardian:Reroute","Guardian:BronzeArmor"],"picked":"Guardian:Gem_Yellow","floor":5},{"not_picked":["Guardian:Clone","Guardian:Gem_Green"],"picked":"Guardian:TemporalStrike","floor":6},{"not_picked":["Guardian:RefractedBeam","Guardian:Planning"],"picked":"Guardian:TemporalStrike","floor":8},{"not_picked":["Guardian:FloatingOrbs","Guardian:TemporalStrike"],"picked":"Guardian:TimeBomb","floor":9},{"not_picked":["Guardian:Harden","Guardian:RollAttack"],"picked":"Guardian:Suspension","floor":10},{"not_picked":["Guardian:CrystalBeam","Guardian:ChargeCore"],"picked":"Guardian:TemporalShield","floor":11},{"not_picked":["Guardian:Planning","Guardian:Gem_Synthetic"],"picked":"Guardian:Recover","floor":13},{"not_picked":["Guardian:VentSteam","Guardian:CrystalBeam"],"picked":"Guardian:PiercingHide","floor":14},{"not_picked":["Guardian:WalkerClaw","Guardian:Emergency"],"picked":"Guardian:BronzeArmor","floor":15},{"not_picked":["Guardian:FastForward","Guardian:RevengeProtocol"],"picked":"Guardian:Gem_Orange","floor":16},{"not_picked":[],"picked":"Guardian:CrystalBeam","floor":19},{"not_picked":[],"picked":"Guardian:ArmoredProtocol+1","floor":20},{"not_picked":[],"picked":"Guardian:Gem_Yellow","floor":21},{"not_picked":["Guardian:WalkerClaw"],"picked":"SKIP","floor":27},{"not_picked":[],"picked":"Guardian:EvasiveProtocol","floor":28},{"not_picked":[],"picked":"Guardian:PolyBeam","floor":29},{"not_picked":[],"picked":"Guardian:SpikerProtocol","floor":30},{"not_picked":["Guardian:Repulse"],"picked":"SKIP","floor":32},{"not_picked":[],"picked":"Guardian:RefractedBeam","floor":34},{"not_picked":[],"picked":"Guardian:Gem_Synthetic","floor":35},{"not_picked":["Guardian:TemporalShield"],"picked":"SKIP","floor":38},{"not_picked":[],"picked":"Guardian:VentSteam+1","floor":39},{"not_picked":["Guardian:WalkerClaw"],"picked":"SKIP","floor":40},{"not_picked":[],"picked":"Guardian:Gem_Green","floor":41},{"not_picked":["Guardian:Reroute"],"picked":"SKIP","floor":44},{"not_picked":[],"picked":"Guardian:FastForward","floor":44},{"not_picked":[],"picked":"Guardian:Incinerate+1","floor":44},{"not_picked":[],"picked":"Guardian:RevengeProtocol","floor":44},{"not_picked":[],"picked":"Guardian:Gem_Green","floor":44},{"not_picked":[],"picked":"Guardian:Gem_Cyan","floor":45},{"not_picked":[],"picked":"Guardian:Gem_Green","floor":46},{"not_picked":[],"picked":"Guardian:Gem_Lightblue","floor":47},{"not_picked":[],"picked":"Guardian:Suspension+1","floor":48},{"not_picked":[],"picked":"Guardian:PrimingBeam+1","floor":50},{"not_picked":[],"picked":"Guardian:TemporalShield+1","floor":51}],"player_experience":39886,"relics_obtained":[{"floor":7,"key":"Golden Egg"},{"floor":14,"key":"Pet Ghost"},{"floor":24,"key":"Matryoshka"},{"floor":43,"key":"InkBottle"},{"floor":43,"key":"Bronze Scales"},{"floor":45,"key":"CatCart"}],"event_choices":[{"damage_healed":0,"gold_gain":0,"player_choice":"Choice 2","damage_taken":0,"relics_obtained":["alterego_mod:SomeoneToFightFor"],"max_hp_gain":0,"max_hp_loss":0,"event_name":"Secret Garden","floor":22,"gold_loss":0},{"cards_removed":["Guardian:Gem_Green"],"damage_healed":0,"gold_gain":0,"player_choice":"Removed Skill","damage_taken":0,"max_hp_gain":0,"max_hp_loss":0,"event_name":"Falling","floor":42,"gold_loss":0},{"damage_healed":0,"gold_gain":0,"player_choice":"Fight","damage_taken":0,"max_hp_gain":0,"max_hp_loss":0,"event_name":"OrinTheCat","floor":45,"gold_loss":0}],"is_beta":true,"boss_relics":[{"not_picked":["Coffee Dripper","Replay:Bronze Core"],"picked":"Busted Crown"},{"not_picked":["Ring of Chaos","ChewingGum"],"picked":"Replay:Grab Bag"},{"not_picked":["Replay:Wanted Poster","ReplayTheSpireMod:Onyx Gauntlets"],"picked":"Painkiller Herb"},{"not_picked":["Velvet Choker","ReplayTheSpireMod:DimensionalGlitch"],"picked":"Fusion Hammer"},{"not_picked":["Runic Pyramid","Pandora\u0027s Box"],"picked":"SacredBark"}],"items_purged_floors":[],"is_endless":false,"potions_floor_spawned":[3,5,6,8,14,16,20,21,28,32,35,41,45,48,50,51],"ascension_level":0}}