{"host":"sum4dy402bbv9y4o","time":1614119393,"event":{"mods":["Aspiration","BaseMod","Conspire","Highlight Path","Minty Spire (QoL Compilation)","StSLib"],"gold_per_floor":[363,513,513,16,34,59,59,59,59,69,69,83,9,33,33,109,109,120,120,120,20,32,32,60,60,84,84,94,17,43,60,60,135,135,148,148,23,23,23,23,37,49,49,49,61,61,61],"floor_reached":46,"language":"ENG","playtime":1806,"items_purged":["Doubt","Strike_P","SignatureMove"],"score":943,"play_id":"bd057b0d-ccad-4ff6-9d6e-8a26367ef0d9","local_time":"20210224012953","is_ascension_mode":true,"campfire_choices":[{"data":"Eruption","floor":7,"key":"SMITH"},{"data":"TalkToTheHand","floor":15,"key":"SMITH"},{"data":"TalkToTheHand","floor":23,"key":"SMITH"},{"floor":25,"key":"REST"},{"floor":32,"key":"REST"},{"data":"Perseverance","floor":40,"key":"SMITH"},{"floor":44,"key":"REST"}],"circlet_count":0,"master_deck":["AscendersBane","Strike_P","Strike_P+1","Defend_P+1","Eruption+1","Vigilance","Metamorphosis","Protect+1","Halt","TalkToTheHand+1","Perseverance+1","WheelKick+1","DevaForm+1","ClearTheMind+1","Consecrate","TalkToTheHand+1","BattleHymn+1","WindmillStrike","FearNoEvil","FlurryOfBlows","SandsOfTime","Protect","LikeWater+1"],"relics":["PureWater","MealTicket","Strawberry","Lizard Tail","Happy Flower","Astrolabe","Boot","War Paint","Vajra","Runic Pyramid","Kunai"],"acts_visited":["Exordium","TheCity","TheBeyond"],"potions_floor_usage":[5,6,18,28,33,41,45,45,46],"damage_taken":[{"damage":3,"enemies":"Small Slimes","floor":1,"turns":2},{"damage":0,"enemies":"Jaw Worm","floor":5,"turns":2},{"damage":0,"enemies":"Lagavulin","floor":6,"turns":4},{"damage":0,"enemies":"Cultist","floor":10,"turns":2},{"damage":0,"enemies":"Large Slime","floor":12,"turns":5},{"damage":54,"enemies":"Slime Boss","floor":16,"turns":11},{"damage":19,"enemies":"2 Thieves","floor":18,"turns":4},{"damage":10,"enemies":"Chosen","floor":22,"turns":8},{"damage":39,"enemies":"Book of Stabbing","floor":24,"turns":5},{"damage":0,"enemies":"Sentry and Sphere","floor":28,"turns":4},{"damage":2,"enemies":"Snecko","floor":31,"turns":5},{"damage":11,"enemies":"Automaton","floor":33,"turns":8},{"damage":29,"enemies":"3 Shapes","floor":35,"turns":7},{"damage":31,"enemies":"3 Darklings","floor":41,"turns":4},{"damage":48,"enemies":"Sphere and 2 Shapes","floor":42,"turns":8},{"damage":19,"enemies":"Transient","floor":45,"turns":6},{"damage":39,"enemies":"Maw","floor":46,"turns":9}],"seed_played":"-5866858520980495972","potions_obtained":[{"floor":1,"key":"AttackPotion"},{"floor":12,"key":"Energy Potion"},{"floor":16,"key":"Dexterity Potion"},{"floor":24,"key":"Fire Potion"},{"floor":28,"key":"Block Potion"},{"floor":35,"key":"DuplicationPotion"},{"floor":41,"key":"PowerPotion"},{"floor":45,"key":"Weak Potion"}],"is_trial":false,"path_per_floor":["M","?","?","$","M","E","R","$","T","M","?","M","$","T","R","B",null,"M","?","?","$","M","R","E","R","T","?","M","$","T","M","R","B",null,"M","?","$","?","?","R","M","M","T","R","M","M"],"character_chosen":"WATCHER","items_purchased":["MealTicket","Metamorphosis","Energy Potion","Perseverance","FearNoEvil"],"campfire_rested":3,"item_purchase_floors":[4,4,4,13,29],"current_hp_per_floor":[58,58,51,51,51,58,58,73,73,73,50,50,65,65,65,11,59,40,40,40,55,45,45,6,28,28,28,28,43,43,41,63,52,69,40,36,51,51,51,51,20,20,20,42,23,0,0],"gold":61,"neow_bonus":"TWO_FIFTY_GOLD","is_daily":false,"chose_seed":false,"campfire_upgraded":4,"win_rate":0.0,"timestamp":1614119393,"path_taken":["M","?","?","$","?","E","R","?","T","M","?","M","$","?","R","BOSS","M","?","?","$","M","R","E","R","T","?","?","$","?","M","R","BOSS","M","?","$","?","?","R","M","M","T","R","M","?"],"items_purchased_type":["Relic","Card","Potion","Card","Card"],"build_version":"2020-12-22","purchased_purges":3,"victory":false,"max_hp_per_floor":[68,68,68,68,68,75,75,75,75,75,75,75,75,75,75,75,75,75,75,75,75,75,75,75,75,75,75,75,75,75,75,75,75,75,75,75,75,75,75,75,75,75,75,75,75,75,75],"card_choices":[{"not_picked":["Crescendo","Prostrate"],"picked":"SignatureMove","floor":1},{"not_picked":["Swivel","WreathOfFlame"],"picked":"Protect","floor":5},{"not_picked":["CrushJoints","Establishment"],"picked":"Protect","floor":6},{"not_picked":["Prostrate","Crescendo"],"picked":"Halt","floor":10},{"not_picked":["FollowUp","BattleHymn"],"picked":"TalkToTheHand","floor":12},{"not_picked":["Crescendo","JustLucky"],"picked":"Consecrate","floor":18},{"not_picked":["InnerPeace","BowlingBash+1"],"picked":"BattleHymn+1","floor":22},{"not_picked":["Vault","Protect+1"],"picked":"WindmillStrike","floor":24},{"not_picked":["Collect","Prostrate","InnerPeace+1"],"picked":"SKIP","floor":28},{"not_picked":["FlyingSleeves","BowlingBash","FollowUp+1"],"picked":"SKIP","floor":31},{"not_picked":["Evaluate","FollowUp"],"picked":"FlurryOfBlows","floor":35},{"not_picked":["Evaluate","FlyingSleeves","FearNoEvil"],"picked":"SKIP","floor":41},{"not_picked":["Halt","Wireheading"],"picked":"Protect","floor":42},{"not_picked":["FlyingSleeves+1","Meditate+1"],"picked":"LikeWater+1","floor":45}],"player_experience":3138480,"relics_obtained":[{"floor":6,"key":"Strawberry"},{"floor":9,"key":"Lizard Tail"},{"floor":14,"key":"Happy Flower"},{"floor":24,"key":"Boot"},{"floor":26,"key":"War Paint"},{"floor":30,"key":"Vajra"},{"floor":43,"key":"Kunai"}],"event_choices":[{"damage_healed":0,"gold_gain":150,"player_choice":"AGREE","damage_taken":0,"max_hp_gain":0,"max_hp_loss":0,"event_name":"Liars Game","floor":2,"gold_loss":0,"cards_obtained":["Doubt"]},{"cards_removed":["conspire:Blindness"],"damage_healed":0,"gold_gain":0,"player_choice":"Card Removal","damage_taken":7,"max_hp_gain":0,"max_hp_loss":0,"event_name":"Golden Wing","floor":3,"gold_loss":0},{"damage_healed":0,"gold_gain":0,"player_choice":"Entered Light","damage_taken":23,"max_hp_gain":0,"max_hp_loss":0,"event_name":"Shining Light","floor":11,"gold_loss":0,"cards_upgraded":["Protect","Strike_P"]},{"damage_healed":0,"gold_gain":0,"player_choice":"Read","damage_taken":0,"max_hp_gain":0,"max_hp_loss":0,"event_name":"The Library","floor":19,"gold_loss":0,"cards_obtained":["TalkToTheHand"]},{"damage_healed":0,"gold_gain":0,"player_choice":"Ignored","damage_taken":0,"max_hp_gain":0,"max_hp_loss":0,"event_name":"Vampires","floor":20,"gold_loss":0},{"damage_healed":0,"gold_gain":0,"player_choice":"Leave","damage_taken":0,"max_hp_gain":0,"max_hp_loss":0,"event_name":"conspire:Investor","floor":36,"gold_loss":0},{"cards_removed":["Protect"],"damage_healed":0,"gold_gain":0,"player_choice":"Removed Skill","damage_taken":0,"max_hp_gain":0,"max_hp_loss":0,"event_name":"Falling","floor":38,"gold_loss":0},{"damage_healed":0,"gold_gain":0,"cards_transformed":["Defend_P"],"player_choice":"Transformed","damage_taken":0,"max_hp_gain":0,"max_hp_loss":0,"event_name":"Transmorgrifier","floor":39,"gold_loss":0,"cards_obtained":["SandsOfTime"]}],"is_beta":false,"boss_relics":[{"not_picked":["aspiration:PoetsPen","Black Star"],"picked":"Astrolabe"},{"not_picked":["Tiny House","aspiration:RandomNobGenerator"],"picked":"Runic Pyramid"}],"items_purged_floors":[4,21,37],"is_endless":false,"potions_floor_spawned":[1,12,16,24,28,35,41,45],"killed_by":"Maw","ascension_level":20}}