{"host":"l46m38yewlsb1e16","time":1614047406,"event":{"mods":["BaseMod","Infinite Spire","Minty Spire (QoL Compilation)","Replay The Spire","Shop Mod","StSLib","The Jungle"],"gold_per_floor":[15,30,50,61,88,88,116,126,208,208,208,16,28,56,56,56,56],"floor_reached":16,"language":"ENG","playtime":971,"items_purged":[],"score":185,"play_id":"ea1915e0-de86-40f2-aae3-bf6bb4af7657","local_time":"20210223023006","is_ascension_mode":true,"campfire_choices":[{"data":"Neutralize","floor":6,"key":"SMITH"},{"data":"ReplayTheSpireMod:The Works","floor":10,"key":"SMITH"}],"circlet_count":0,"master_deck":["Strike_G","Strike_G","Strike_G","Strike_G","Defend_G","Defend_G","Defend_G","Defend_G","Defend_G","Survivor","Neutralize+1","Master of Strategy","Flechettes","Backstab","ReplayTheSpireMod:Speed Training","Blade Dance","ReplayTheSpireMod:The Works+1","Unload","Quick Slash","Dagger Throw","Acrobatics"],"relics":["Ring of the Snake","Pet Ghost","Tiny Chest","Chameleon Ring","Bag of Preparation","InkBottle"],"acts_visited":["Exordium"],"potions_floor_usage":[7,16,16],"damage_taken":[{"damage":3,"enemies":"infinitespire:Voidling","floor":1,"turns":6},{"damage":5,"enemies":"Cultist","floor":2,"turns":5},{"damage":0,"enemies":"Jaw Worm","floor":3,"turns":5},{"damage":16,"enemies":"Large Slime","floor":4,"turns":6},{"damage":1,"enemies":"Gremlin Nob","floor":7,"turns":3},{"damage":0,"enemies":"3 Louse","floor":8,"turns":2},{"damage":0,"enemies":"Blue Slaver","floor":13,"turns":2},{"damage":36,"enemies":"Replay:BlueRogue","floor":14,"turns":5},{"damage":3,"enemies":"Fading Forest","floor":16,"turns":2}],"seed_played":"2375980905713345000","potions_obtained":[{"floor":2,"key":"BlessingOfTheForge"},{"floor":3,"key":"Swift Potion"},{"floor":15,"key":"Milkshake"},{"floor":15,"key":"GamblersBrew"}],"is_trial":false,"path_per_floor":["M","M","M","M","T","R","E","M","T","R","?","$","M","E","R","B"],"character_chosen":"THE_SILENT","items_purchased":["Bag of Preparation","Quick Slash"],"campfire_rested":0,"item_purchase_floors":[12,12],"current_hp_per_floor":[60,55,55,39,39,39,38,38,38,38,38,38,38,2,2,0,0],"gold":56,"neow_bonus":"RANDOM_COLORLESS_2","is_daily":false,"chose_seed":false,"campfire_upgraded":2,"win_rate":0.0,"timestamp":1614047406,"path_taken":["M","M","?","M","?","R","E","M","T","R","?","$","M","E","R","BOSS"],"items_purchased_type":["Relic","Card"],"build_version":"2020-12-22","purchased_purges":0,"victory":false,"max_hp_per_floor":[70,70,70,70,70,70,70,70,70,70,70,70,70,70,70,70,70],"card_choices":[{"not_picked":["Secret Technique","Midas Touch"],"picked":"Master of Strategy","floor":0},{"not_picked":["Caltrops","Bane","Prepared"],"picked":"SKIP","floor":1},{"not_picked":["Well Laid Plans","Cloak And Dagger"],"picked":"Flechettes","floor":2},{"not_picked":["Prepared","Accuracy"],"picked":"Backstab","floor":3},{"not_picked":["Flechettes","Skewer"],"picked":"ReplayTheSpireMod:Speed Training","floor":4},{"not_picked":["Prepared","Hidden Blade"],"picked":"Blade Dance","floor":7},{"not_picked":["Burst","Underhanded Strike"],"picked":"ReplayTheSpireMod:The Works","floor":8},{"not_picked":["Flying Knee","Crippling Poison"],"picked":"Dagger Throw","floor":13},{"not_picked":["Distraction","Flechettes"],"picked":"Acrobatics","floor":14}],"player_experience":403728,"relics_obtained":[{"floor":5,"key":"Pet Ghost"},{"floor":7,"key":"Tiny Chest"},{"floor":9,"key":"Chameleon Ring"},{"floor":14,"key":"InkBottle"}],"event_choices":[{"damage_healed":0,"gold_gain":0,"cards_transformed":["Strike_G"],"player_choice":"Change","damage_taken":0,"max_hp_gain":0,"max_hp_loss":0,"event_name":"Living Wall","floor":11,"gold_loss":0,"cards_obtained":["Unload"]}],"is_beta":false,"boss_relics":[],"items_purged_floors":[],"is_endless":false,"potions_floor_spawned":[2,3],"killed_by":"Fading Forest","ascension_level":7}}