{"host":"2l5k2wp87eek7qja","time":1614093419,"event":{"mods":["BaseMod","Colored Map","Minty Spire (QoL Compilation)","Relic Stats"],"gold_per_floor":[116,129,129,129,149,149,31,66,66,77,104,117,117,130,130,205,205,220,230,180,95,20,20,48,64,117,136,86,86,97,125,125,200,200,211,229,248,294,314,314,339,339,339,371,385,385,417,151,151,151,151,151,151,26,52,52],"floor_reached":57,"language":"ENG","playtime":4532,"items_purged":["Pain","Strike_G","Strike_G","Strike_G"],"score":3034,"play_id":"2363e680-d6aa-4de4-b865-b8f991d8a710","local_time":"20210223171659","is_ascension_mode":true,"campfire_choices":[{"data":"Blade Dance","floor":6.0,"key":"SMITH"},{"data":"Wraith Form v2","floor":13.0,"key":"SMITH"},{"data":"Blade Dance","floor":15.0,"key":"SMITH"},{"data":"Accuracy","floor":23.0,"key":"SMITH"},{"data":"Blade Dance","floor":29.0,"key":"SMITH"},{"data":"Blade Dance","floor":32.0,"key":"SMITH"},{"floor":40.0,"key":"RECALL"},{"data":"Blade Dance","floor":42.0,"key":"SMITH"},{"data":"Blade Dance","floor":49.0,"key":"SMITH"},{"data":"Malaise","floor":53.0,"key":"SMITH"}],"circlet_count":0,"master_deck":["AscendersBane","Defend_G","Defend_G","Defend_G","Defend_G","Defend_G","Survivor","Neutralize+1","Blade Dance+1","Blade Dance+1","Blade Dance+1","Footwork","Wraith Form v2+1","Deflect","Leg Sweep","Blade Dance+1","Blade Dance+1","Adrenaline","Accuracy+1","Blade Dance+1","Deflect","Malaise+1","Acrobatics","Deflect","PiercingWail+1","Backflip","Acrobatics","Footwork","Blade Dance+1","Acrobatics+1","Prepared+1","Blade Dance+1","Infinite Blades","Well Laid Plans","PiercingWail"],"relics":["Ring of the Snake","Oddly Smooth Stone","WarpedTongs","InkBottle","Prayer Wheel","Smiling Mask","HoveringKite","Du-Vu Doll","Anchor","Strawberry","StrikeDummy","SacredBark","TungstenRod","Toy Ornithopter","Shuriken","HornCleat","Membership Card","Whetstone"],"acts_visited":["Exordium","TheCity","TheBeyond","TheEnding"],"potions_floor_usage":[56],"damage_taken":[{"damage":3.0,"enemies":"Small Slimes","floor":1.0,"turns":6.0},{"damage":0.0,"enemies":"2 Louse","floor":2.0,"turns":3.0},{"damage":1.0,"enemies":"Cultist","floor":5.0,"turns":3.0},{"damage":22.0,"enemies":"3 Sentries","floor":8.0,"turns":7.0},{"damage":0.0,"enemies":"Blue Slaver","floor":10.0,"turns":2.0},{"damage":3.0,"enemies":"Gremlin Nob","floor":11.0,"turns":3.0},{"damage":1.0,"enemies":"3 Louse","floor":12.0,"turns":5.0},{"damage":0.0,"enemies":"Exordium Wildlife","floor":14.0,"turns":2.0},{"damage":16.0,"enemies":"Hexaghost","floor":16.0,"turns":12.0},{"damage":0.0,"enemies":"3 Byrds","floor":18.0,"turns":5.0},{"damage":0.0,"enemies":"Chosen","floor":19.0,"turns":2.0},{"damage":0.0,"enemies":"Gremlin Leader","floor":24.0,"turns":5.0},{"damage":3.0,"enemies":"Snake Plant","floor":25.0,"turns":5.0},{"damage":0.0,"enemies":"Chosen and Byrds","floor":27.0,"turns":4.0},{"damage":0.0,"enemies":"Centurion and Healer","floor":30.0,"turns":4.0},{"damage":1.0,"enemies":"Book of Stabbing","floor":31.0,"turns":3.0},{"damage":2.0,"enemies":"Automaton","floor":33.0,"turns":6.0},{"damage":0.0,"enemies":"3 Shapes","floor":35.0,"turns":6.0},{"damage":0.0,"enemies":"Orb Walker","floor":36.0,"turns":3.0},{"damage":0.0,"enemies":"Sphere and 2 Shapes","floor":37.0,"turns":7.0},{"damage":31.0,"enemies":"2 Orb Walkers","floor":38.0,"turns":5.0},{"damage":3.0,"enemies":"3 Darklings","floor":39.0,"turns":4.0},{"damage":0.0,"enemies":"Reptomancer","floor":41.0,"turns":4.0},{"damage":1.0,"enemies":"Giant Head","floor":44.0,"turns":7.0},{"damage":0.0,"enemies":"Writhing Mass","floor":45.0,"turns":6.0},{"damage":0.0,"enemies":"Reptomancer","floor":47.0,"turns":4.0},{"damage":0.0,"enemies":"Donu and Deca","floor":50.0,"turns":9.0},{"damage":30.0,"enemies":"Time Eater","floor":51.0,"turns":13.0},{"damage":38.0,"enemies":"Shield and Spear","floor":55.0,"turns":5.0},{"damage":21,"enemies":"The Heart","floor":56,"turns":8}],"seed_played":"-5946820296126750824","potions_obtained":[{"floor":8.0,"key":"DistilledChaos"},{"floor":10.0,"key":"Strength Potion"},{"floor":14.0,"key":"Block Potion"},{"floor":16.0,"key":"BlessingOfTheForge"},{"floor":18.0,"key":"SkillPotion"},{"floor":36.0,"key":"Weak Potion"},{"floor":39.0,"key":"CunningPotion"},{"floor":47.0,"key":"FearPotion"}],"is_trial":false,"path_per_floor":["M","M","?","?","M","R","$","E","T","M","E","M","R","M","R","B",null,"M","M","$","?","?","R","E","M","T","M","$","R","M","E","R","B",null,"M","M","M","?","M","R","E","R","T","E","M","?","E","$","R","B","B",null,"R","$","E","B",null],"character_chosen":"THE_SILENT","items_purchased":["Footwork","Membership Card","EssenceOfSteel","Well Laid Plans","SpeedPotion","PiercingWail","Weak Potion"],"campfire_rested":0,"item_purchase_floors":[7,48,48,54,54,54,54],"current_hp_per_floor":[56,56,56,56,55,55,55,33,33,33,30,29,29,29,29,13,53,53,53,53,53,53,53,53,50,57,57,57,57,57,56,56,54,68,68,68,68,37,34,34,34,34,34,38,38,38,38,38,38,43,18,59,59,59,26,10],"gold":52,"neow_bonus":"RANDOM_COMMON_RELIC","is_daily":false,"chose_seed":false,"campfire_upgraded":9,"win_rate":0.0,"timestamp":1614093419,"path_taken":["M","M","?","?","M","R","$","E","T","M","E","?","R","M","R","BOSS","M","M","$","?","?","R","E","M","T","M","?","R","M","E","R","BOSS","M","M","M","?","M","R","E","R","T","E","M","?","E","$","R","BOSS","BOSS","R","$","E","BOSS"],"items_purchased_type":["Card","Relic","Potion","Card","Potion","Card","Potion"],"build_version":"2020-12-22","purchased_purges":4,"victory":true,"max_hp_per_floor":[66,66,66,66,66,66,66,66,66,66,66,66,66,66,66,66,66,66,66,66,66,66,66,66,66,73,73,73,73,73,73,73,73,73,73,73,73,73,73,73,73,73,73,73,73,73,73,73,73,73,73,73,73,73,73,73],"relic_stats":{"counters":[30,158],"Shuriken":[61],"HoveringKite":[48],"Prayer Wheel":13,"Whetstone":["Neutralize"],"Smiling Mask":150,"obtain_stats":[{"SacredBark":34,"Oddly Smooth Stone":0,"HoveringKite":17,"Whetstone":55,"Smiling Mask":11,"WarpedTongs":4,"Du-Vu Doll":21,"Anchor":24,"HornCleat":47,"Shuriken":44,"Strawberry":26,"Prayer Wheel":9,"Membership Card":48,"StrikeDummy":31,"InkBottle":8,"TungstenRod":38,"Toy Ornithopter":41,"Ring of the Snake":0},{"SacredBark":17,"Oddly Smooth Stone":0,"HoveringKite":9,"Whetstone":29,"Smiling Mask":6,"WarpedTongs":2,"Du-Vu Doll":11,"Anchor":12,"HornCleat":26,"Shuriken":24,"Strawberry":13,"Prayer Wheel":4,"Membership Card":26,"StrikeDummy":16,"InkBottle":4,"TungstenRod":21,"Toy Ornithopter":23,"Ring of the Snake":0},{"SacredBark":77,"Oddly Smooth Stone":0,"HoveringKite":43,"Whetstone":150,"Smiling Mask":24,"WarpedTongs":9,"Du-Vu Doll":50,"Anchor":55,"HornCleat":123,"Shuriken":113,"Strawberry":60,"Prayer Wheel":19,"Membership Card":123,"StrikeDummy":71,"InkBottle":19,"TungstenRod":98,"Toy Ornithopter":106,"Ring of the Snake":0}],"InkBottle":[122],"TungstenRod":64,"Toy Ornithopter":25,"Ring of the Snake":[60],"WarpedTongs":[147]},"card_choices":[{"not_picked":["Flying Knee","Deflect"],"picked":"Blade Dance","floor":1.0},{"not_picked":["Crippling Poison","Deflect"],"picked":"Blade Dance","floor":2.0},{"not_picked":["Dodge and Roll","Sucker Punch"],"picked":"Blade Dance","floor":5.0},{"not_picked":["Dagger Spray","Dagger Throw","All Out Attack"],"picked":"SKIP","floor":8.0},{"not_picked":["Bane","Sucker Punch"],"picked":"Wraith Form v2","floor":10.0},{"not_picked":["Prepared","Deadly Poison"],"picked":"Deflect","floor":10.0},{"not_picked":["Slice","Bouncing Flask"],"picked":"Leg Sweep","floor":11.0},{"not_picked":["Sucker Punch","Quick Slash"],"picked":"Blade Dance","floor":12.0},{"not_picked":["Bouncing Flask","Flying Knee","Catalyst"],"picked":"SKIP","floor":12.0},{"not_picked":["Dagger Throw","Outmaneuver"],"picked":"Blade Dance","floor":14.0},{"not_picked":["Poisoned Stab","Underhanded Strike","Quick Slash"],"picked":"SKIP","floor":14.0},{"not_picked":["Envenom","Storm of Steel"],"picked":"Adrenaline","floor":16.0},{"not_picked":["Backstab","PiercingWail"],"picked":"Accuracy","floor":18.0},{"not_picked":["PiercingWail","Caltrops"],"picked":"Blade Dance","floor":18.0},{"not_picked":["Bane","Choke"],"picked":"Deflect","floor":19.0},{"not_picked":["Bane+1","Deadly Poison"],"picked":"Malaise","floor":19.0},{"not_picked":["Dagger Throw","Dash"],"picked":"Acrobatics","floor":24.0},{"not_picked":["Distraction","Dodge and Roll"],"picked":"Deflect","floor":25.0},{"not_picked":["Expertise","Quick Slash","Flying Knee"],"picked":"SKIP","floor":25.0},{"not_picked":["Outmaneuver","Setup"],"picked":"PiercingWail+1","floor":27.0},{"not_picked":["Skewer","Dagger Throw","Dagger Spray+1"],"picked":"SKIP","floor":27.0},{"not_picked":["Endless Agony","Predator"],"picked":"Backflip","floor":30.0},{"not_picked":["Underhanded Strike","Endless Agony","A Thousand Cuts"],"picked":"SKIP","floor":30.0},{"not_picked":["Bane","Noxious Fumes"],"picked":"Acrobatics","floor":31.0},{"not_picked":["Quick Slash","Flying Knee","Crippling Poison"],"picked":"SKIP","floor":35.0},{"not_picked":["Calculated Gamble","Terror","Catalyst"],"picked":"SKIP","floor":35.0},{"not_picked":["Dagger Spray+1","Slice+1","Flechettes"],"picked":"SKIP","floor":36.0},{"not_picked":["Prepared","Crippling Poison+1","Deflect"],"picked":"SKIP","floor":36.0},{"not_picked":["Dagger Throw","Backflip"],"picked":"Footwork","floor":37.0},{"not_picked":["Finisher","Dagger Throw","Slice+1"],"picked":"SKIP","floor":37.0},{"not_picked":["Deflect","Poisoned Stab+1"],"picked":"Blade Dance","floor":38.0},{"not_picked":["Storm of Steel","Bouncing Flask"],"picked":"Acrobatics+1","floor":39.0},{"not_picked":["Cloak And Dagger","Bane"],"picked":"Prepared+1","floor":39.0},{"not_picked":["PiercingWail","Outmaneuver+1","Infinite Blades"],"picked":"SKIP","floor":41.0},{"not_picked":["Accuracy","Backflip+1"],"picked":"Blade Dance+1","floor":44.0},{"not_picked":["Finisher","Bullet Time","Prepared"],"picked":"SKIP","floor":45.0},{"not_picked":["Underhanded Strike","Quick Slash+1","Catalyst+1"],"picked":"SKIP","floor":45.0},{"not_picked":["Dash","Underhanded Strike+1","Prepared"],"picked":"SKIP","floor":47.0},{"not_picked":["Slice","Bane+1","Noxious Fumes"],"picked":"SKIP","floor":55.0}],"player_experience":855597,"relics_obtained":[{"floor":8.0,"key":"InkBottle"},{"floor":9.0,"key":"Prayer Wheel"},{"floor":11.0,"key":"Smiling Mask"},{"floor":24.0,"key":"Anchor"},{"floor":26.0,"key":"Strawberry"},{"floor":31.0,"key":"StrikeDummy"},{"floor":38.0,"key":"TungstenRod"},{"floor":41.0,"key":"Toy Ornithopter"},{"floor":44.0,"key":"Shuriken"},{"floor":47.0,"key":"HornCleat"},{"floor":55.0,"key":"Whetstone"}],"event_choices":[{"damage_healed":0.0,"max_hp_gain":0.0,"max_hp_loss":0.0,"gold_gain":0.0,"event_name":"Living Wall","player_choice":"Grow","floor":3.0,"gold_loss":0.0,"damage_taken":0.0,"cards_upgraded":["Blade Dance"]},{"damage_healed":0.0,"max_hp_gain":0.0,"max_hp_loss":0.0,"gold_gain":0.0,"event_name":"Accursed Blacksmith","player_choice":"Rummage","floor":4.0,"gold_loss":0.0,"damage_taken":0.0,"relics_obtained":["WarpedTongs"],"cards_obtained":["Pain"]},{"damage_healed":0.0,"max_hp_gain":0.0,"max_hp_loss":0.0,"gold_gain":0.0,"event_name":"Addict","player_choice":"Obtained Relic","floor":21.0,"gold_loss":85.0,"damage_taken":0.0,"relics_obtained":["Du-Vu Doll"]},{"cards_removed":["Strike_G"],"damage_healed":0.0,"max_hp_gain":0.0,"max_hp_loss":0.0,"gold_gain":0.0,"event_name":"Beggar","player_choice":"Gave Gold","floor":22.0,"gold_loss":75.0,"damage_taken":0.0},{"damage_healed":0.0,"max_hp_gain":0.0,"max_hp_loss":0.0,"gold_gain":0.0,"event_name":"Mysterious Sphere","player_choice":"Fight","floor":38.0,"gold_loss":0.0,"damage_taken":0.0},{"damage_healed":0.0,"max_hp_gain":0.0,"max_hp_loss":0.0,"gold_gain":0.0,"cards_transformed":["Strike_G"],"event_name":"Transmorgrifier","player_choice":"Transformed","floor":46.0,"gold_loss":0.0,"damage_taken":0.0,"cards_obtained":["Infinite Blades"]}],"is_beta":false,"boss_relics":[{"not_picked":["Empty Cage","Snecko Eye"],"picked":"HoveringKite"},{"not_picked":["Pandora\u0027s Box","Tiny House"],"picked":"SacredBark"}],"items_purged_floors":[7,20,28,48],"is_endless":false,"potions_floor_spawned":[8,10,14,16,18,30,31,33,36,37,39,47],"ascension_level":20}}