{"host":"yqw1zpryoutrnocq","time":1614049976,"event":{"mods":["2.2 Compatiblity","AchievementEnabler","BaseMod","Colored Map","Custom Start","DeckTracker","Minty Spire (QoL Compilation)","StSLib","SuperFastMode"],"gold_per_floor":[11,11,23,23,37,37,53,65,142,41,57,70,70,89,89,163,163,151,151,170,170,189,189,202,202,202],"floor_reached":25,"language":"KOR","playtime":679,"items_purged":[],"score":353,"play_id":"11aa8561-fa18-4e36-8035-a0caae7de10e","local_time":"20210222211256","is_ascension_mode":true,"campfire_choices":[{"data":"Bouncing Flask","floor":6.0,"key":"SMITH"},{"floor":15,"key":"REST"},{"data":"Cloak And Dagger","floor":23,"key":"SMITH"}],"circlet_count":0,"master_deck":["AscendersBane","Strike_G","Strike_G","Strike_G","Strike_G","Strike_G","Defend_G","Defend_G","Defend_G","Defend_G","Defend_G","Survivor","Neutralize+1","Masterful Stab+1","Tactician","Bouncing Flask+1","Leg Sweep","Eviscerate","Prepared","Footwork","Acrobatics","Die Die Die","Deadly Poison","Glass Knife","Cloak And Dagger+1","Ghostly","Ghostly","Ghostly","Ghostly","Ghostly","Endless Agony","Dodge and Roll"],"relics":["Ring of the Snake","Turnip","Pear","WristBlade"],"acts_visited":["Exordium","TheCity"],"potions_floor_usage":[18,22,22],"damage_taken":[{"damage":2.0,"enemies":"Small Slimes","floor":1.0,"turns":5.0},{"damage":0.0,"enemies":"Jaw Worm","floor":3.0,"turns":4.0},{"damage":0.0,"enemies":"Cultist","floor":5.0,"turns":3.0},{"damage":13.0,"enemies":"Exordium Wildlife","floor":7.0,"turns":4.0},{"damage":9.0,"enemies":"Large Slime","floor":8.0,"turns":5.0},{"damage":0.0,"enemies":"Lots of Slimes","floor":11.0,"turns":5.0},{"damage":40,"enemies":"Gremlin Gang","floor":12,"turns":7},{"damage":6,"enemies":"Large Slime","floor":14,"turns":6},{"damage":1,"enemies":"Hexaghost","floor":16,"turns":9},{"damage":17,"enemies":"2 Thieves","floor":18,"turns":4},{"damage":13,"enemies":"Chosen","floor":20,"turns":6},{"damage":12,"enemies":"Centurion and Healer","floor":22,"turns":8},{"damage":3,"enemies":"Snecko","floor":24,"turns":5},{"damage":27,"enemies":"Book of Stabbing","floor":25,"turns":7}],"seed_played":"5388690919365629296","potions_obtained":[{"floor":3.0,"key":"EssenceOfSteel"},{"floor":5.0,"key":"PowerPotion"},{"floor":8.0,"key":"EssenceOfSteel"},{"floor":14,"key":"Fire Potion"},{"floor":18,"key":"Energy Potion"}],"is_trial":false,"path_per_floor":["M","?","M","?","M","R","M","M","T","$","M","M","$","M","R","B",null,"M","?","M","?","M","R","M","E"],"character_chosen":"THE_SILENT","items_purchased":["Prepared","Footwork"],"campfire_rested":1,"item_purchase_floors":[10,10],"current_hp_per_floor":[61,61,61,61,61,61,48,39,49,49,49,9,9,3,27,26,67,50,40,27,40,28,28,25,0,0],"gold":202,"neow_bonus":"ONE_RARE_RELIC","is_daily":false,"chose_seed":false,"campfire_upgraded":2,"win_rate":0.0,"timestamp":1614049976,"path_taken":["M","?","M","?","M","R","M","M","T","$","M","?","$","M","R","BOSS","M","?","M","?","?","R","M","E"],"items_purchased_type":["Card","Card"],"build_version":"2020-12-22","purchased_purges":0,"victory":false,"max_hp_per_floor":[70,70,70,70,70,70,70,70,80,80,80,80,80,80,80,80,80,80,40,40,40,40,40,40,40,40],"card_choices":[{"not_picked":["Dagger Throw","Acrobatics"],"picked":"Masterful Stab","floor":1.0},{"not_picked":["Endless Agony","All Out Attack"],"picked":"Tactician","floor":3.0},{"not_picked":["PiercingWail","Slice"],"picked":"Bouncing Flask","floor":5.0},{"not_picked":["PiercingWail","Choke"],"picked":"Leg Sweep","floor":7.0},{"not_picked":["Masterful Stab","Flechettes"],"picked":"Eviscerate","floor":8.0},{"not_picked":["Slice","Quick Slash"],"picked":"Acrobatics","floor":11.0},{"not_picked":["Footwork","Deflect"],"picked":"Die Die Die","floor":12},{"not_picked":["Setup","Caltrops"],"picked":"Deadly Poison","floor":14},{"not_picked":["Doppelganger","Phantasmal Killer"],"picked":"Glass Knife","floor":16},{"not_picked":["Dagger Spray","Dagger Throw"],"picked":"Cloak And Dagger","floor":18},{"not_picked":["Dodge and Roll","Skewer"],"picked":"Endless Agony","floor":20},{"not_picked":["Flying Knee","Prepared","PiercingWail"],"picked":"SKIP","floor":22},{"not_picked":["Dagger Throw","Quick Slash"],"picked":"Dodge and Roll","floor":24}],"player_experience":361978,"relics_obtained":[{"floor":9.0,"key":"Pear"}],"event_choices":[{"damage_healed":0.0,"max_hp_gain":0.0,"max_hp_loss":0.0,"gold_gain":0.0,"event_name":"Living Wall","player_choice":"Grow","floor":2.0,"gold_loss":0.0,"damage_taken":0.0,"cards_upgraded":["Neutralize"]},{"damage_healed":0.0,"max_hp_gain":0.0,"max_hp_loss":0.0,"gold_gain":0.0,"event_name":"Accursed Blacksmith","player_choice":"Forge","floor":4.0,"gold_loss":0.0,"damage_taken":0.0,"cards_upgraded":["Masterful Stab"]},{"damage_healed":0,"gold_gain":0,"player_choice":"Became a Ghost","damage_taken":0,"max_hp_gain":0,"max_hp_loss":40,"event_name":"Ghosts","floor":19,"gold_loss":0,"cards_obtained":["Ghostly","Ghostly","Ghostly","Ghostly","Ghostly"]},{"damage_healed":13,"gold_gain":0,"player_choice":"Full Heal","damage_taken":0,"max_hp_gain":0,"max_hp_loss":0,"event_name":"Wheel of Change","floor":21,"gold_loss":0}],"is_beta":false,"boss_relics":[{"not_picked":["Runic Dome","Busted Crown"],"picked":"WristBlade"}],"items_purged_floors":[],"is_endless":false,"potions_floor_spawned":[3,5,8,11,14,16,18],"killed_by":"Book of Stabbing","ascension_level":13}}