{"host":"z9x5nldzhmx4jdfi","time":1614053742,"event":{"mods":["2.2 Compatiblity","Act Like it!","Arknights","BaseMod","Bestiary","Better Altar","Better Match","Better Note","Better Sensory Stone","Better Skull","Better Third Choice","BetterRewards","Block Reminder","Card Filter","Colored Powertips","Infinite Spire","Minty Spire (QoL Compilation)","Relic Filter","StSLib","Td1madao Mod","The Servant 0.9.4","Wandering Minibosses"],"gold_per_floor":[109,184,199,149,229,261,261,294,294,326,326,345,380,408,408,507,507,520,520,492,509,509,543,559,593,593,604,637,654,681,681,681,781,781,797,808,820,888,902,902,11,11,38,66,79,113,113,113,113,113,113,113,43,76,76],"floor_reached":56,"language":"ENG","playtime":6678,"items_purged":["ats:Strike C","ats:Strike V","ats:Strike S"],"score":1752,"play_id":"1b3829a0-f87a-4fb5-aa51-fe254ee93c64","local_time":"20210222221542","is_ascension_mode":true,"campfire_choices":[{"data":"ats:Soul Absorption","floor":7.0,"key":"SMITH"},{"data":"ats:Part Time Job","floor":15.0,"key":"SMITH"},{"floor":32.0,"key":"RECALL"},{"data":"ats:Part Time Job","floor":40,"key":"SMITH"},{"data":"ats:Echo Reverb","floor":42,"key":"SMITH"},{"data":"Apotheosis","floor":49,"key":"SMITH"},{"data":"infinitespire:TheBestDefense","floor":52,"key":"SMITH"}],"circlet_count":0,"master_deck":["ats:Armor Crushing Shot","ats:Defend","ats:Defend","ats:Defend+1","ats:Defend+1","ats:Emotion Absorption","ats:Shadow Raid","ats:Defend Order","ats:Ignite","ats:Ignite","ats:Closed Bolt Burst Fire","ats:Ignite","ats:Soul Absorption+1","ats:Mental Burst","ats:Part Time Job+1","ats:Magnetic Hammer","ats:Leaping Hammer","ats:Hook Shot","ats:Calcification","ats:Beaten Up","ats:Sword Rain","Pain","ats:Hammer On","ats:Sword Rain","ats:Song Of Battle","ats:Shell Defense","ats:Burning Ground+1","ats:Part Time Job+1","ats:Overload+1","ats:Echo Reverb+1","ats:Phantom","ats:Automatic Cover","ats:Sashimi Platter+1","ats:Mental Burst","ats:Very Hot Blade","ats:Guardian Obelisk","Apotheosis+1","infinitespire:TheBestDefense+1","Panacea","ats:Directed Diagnosis+1"],"relics":["ats:Sanity","Meat on the Bone","Shuriken","Eternal Feather","ats:Originium","Bird Faced Urn","Incense Burner","The Courier","Blue Candle","Odd Mushroom","Philosopher\u0027s Stone","WarpedTongs","MealTicket","Calipers","White Beast Statue","Akabeko","Tiny Chest","Runic Pyramid","wanderingMiniBosses:AbyssPearl","HornCleat","War Paint","Bottled Lightning","Ginger","Lantern","Anchor","Vajra","Ornamental Fan","Thread and Needle"],"acts_visited":["Exordium","TheCity","TheBeyond","TheEnding"],"potions_floor_usage":[50,54,55,55],"damage_taken":[{"damage":2.0,"enemies":"ats:Genji","floor":1.0,"turns":3.0},{"damage":15.0,"enemies":"Cultist","floor":3.0,"turns":6.0},{"damage":25.0,"enemies":"3 Sentries","floor":6.0,"turns":9.0},{"damage":17.0,"enemies":"Gremlin Nob","floor":8.0,"turns":4.0},{"damage":12.0,"enemies":"3 Sentries","floor":10.0,"turns":7.0},{"damage":1.0,"enemies":"Jaw Worm","floor":12.0,"turns":3.0},{"damage":0.0,"enemies":"Gremlin Nob","floor":13.0,"turns":4.0},{"damage":0.0,"enemies":"The Mushroom Lair","floor":14.0,"turns":4.0},{"damage":2.0,"enemies":"The Guardian","floor":16.0,"turns":11.0},{"damage":0.0,"enemies":"Chosen","floor":18.0,"turns":4.0},{"damage":2.0,"enemies":"2 Thieves","floor":20.0,"turns":5.0},{"damage":17.0,"enemies":"Snecko","floor":21.0,"turns":5.0},{"damage":59.0,"enemies":"Book of Stabbing","floor":23.0,"turns":9.0},{"damage":19.0,"enemies":"Chosen and Byrds","floor":24.0,"turns":6.0},{"damage":17.0,"enemies":"Slavers","floor":25.0,"turns":6.0},{"damage":10.0,"enemies":"Centurion and Healer","floor":27.0,"turns":8.0},{"damage":47.0,"enemies":"Book of Stabbing","floor":28.0,"turns":7.0},{"damage":15.0,"enemies":"Snake Plant","floor":29.0,"turns":2.0},{"damage":3.0,"enemies":"Slavers","floor":30.0,"turns":4.0},{"damage":40.0,"enemies":"Champ","floor":33.0,"turns":13.0},{"damage":13.0,"enemies":"Orb Walker","floor":35.0,"turns":3.0},{"damage":44.0,"enemies":"3 Darklings","floor":36.0,"turns":5.0},{"damage":62.0,"enemies":"Spire Growth","floor":37.0,"turns":7.0},{"damage":64,"enemies":"Sphere and 2 Shapes","floor":39,"turns":10},{"damage":13,"enemies":"Reptomancer","floor":44,"turns":6},{"damage":1,"enemies":"Writhing Mass","floor":45,"turns":6},{"damage":22,"enemies":"Giant Head","floor":46,"turns":10},{"damage":62,"enemies":"infinitespire:MassOfShapes","floor":50,"turns":10},{"damage":118,"enemies":"Shield and Spear","floor":54,"turns":11},{"damage":29,"enemies":"The Heart","floor":55,"turns":11}],"seed_played":"-259544100507435615","potions_obtained":[{"floor":6.0,"key":"Energy Potion"},{"floor":8.0,"key":"Strength Potion"},{"floor":10.0,"key":"Fire Potion"},{"floor":12.0,"key":"Fire Potion"},{"floor":16.0,"key":"FearPotion"},{"floor":19.0,"key":"Fruit Juice"},{"floor":19.0,"key":"ats:Burn Small Potion"},{"floor":20.0,"key":"Weak Potion"},{"floor":23.0,"key":"SteroidPotion"},{"floor":25.0,"key":"ats:Emergency Sanity Potion"},{"floor":27.0,"key":"SkillPotion"},{"floor":28.0,"key":"Explosive Potion"},{"floor":29.0,"key":"AttackPotion"},{"floor":30.0,"key":"Fruit Juice"},{"floor":33.0,"key":"Fire Potion"},{"floor":35.0,"key":"Fruit Juice"},{"floor":37,"key":"GamblersBrew"},{"floor":54,"key":"Fire Potion"}],"is_trial":false,"path_per_floor":["M","?","M","?","T","E","R","E","T","E","?","M","E","?","R","B",null,"M","?","M","M","?","E","M","E","T","M","E","M","E","?","R","B",null,"M","M","M","T","M","R","$","R","T","E","M","E","?","?","R","B",null,"R","$","E","B",null],"character_chosen":"DOCTOR_CLASS","items_purchased":["ats:Shadow Raid","ats:Defend Order","Meat on the Bone","ats:Ignite","Fruit Juice","Shuriken","ats:Ignite","War Paint","Bottled Lightning","Ginger","Lantern","ats:Mental Burst","ats:Very Hot Blade","Panacea"],"campfire_rested":0,"item_purchase_floors":[0,0,0,0,0,0,0,41,41,41,41,41,41,53],"current_hp_per_floor":[44,37,39,39,39,26,32,29,29,31,31,49,59,66,75,77,77,77,82,82,73,73,43,48,52,52,62,40,38,50,50,68,64,87,82,55,32,32,39,57,72,92,92,92,92,92,92,69,90,83,92,92,92,43,91],"gold":76,"neow_bonus":"","is_daily":false,"chose_seed":false,"campfire_upgraded":6,"win_rate":0.0,"timestamp":1614053742,"path_taken":["M","?","?","?","?","E","R","E","T","E","?","?","E","?","R","BOSS","M","?","M","M","?","E","?","E","T","M","E","M","E","?","R","BOSS","M","M","?","?","M","R","$","R","T","E","M","E","?","?","R","BOSS","R","$","E","BOSS"],"items_purchased_type":["Card","Card","Relic","Card","Potion","Relic","Card","Relic","Relic","Relic","Relic","Card","Card","Card"],"build_version":"2020-12-22","purchased_purges":3,"victory":true,"max_hp_per_floor":[72,72,77,77,77,77,77,77,77,77,77,77,77,77,77,77,77,77,82,82,82,82,82,82,82,82,82,82,82,82,82,82,87,87,87,87,92,92,92,92,92,92,92,92,92,92,92,92,92,92,92,92,92,92,92],"card_choices":[{"not_picked":["ats:Explosion Area Strengthen","ats:Apocalypse"],"picked":"ats:Closed Bolt Burst Fire","floor":1.0},{"not_picked":["ats:Absolute Focus","ats:Thermite Blade"],"picked":"ats:Ignite","floor":3.0},{"not_picked":["ats:Apocalypse","ats:Fractured Body"],"picked":"ats:Soul Absorption","floor":6.0},{"not_picked":["ats:Shadow Assault","ats:Counter Healing Mode"],"picked":"ats:Mental Burst","floor":8.0},{"not_picked":["ats:Automatic Cover","ats:Closed Bolt Burst Fire"],"picked":"ats:Part Time Job","floor":10.0},{"not_picked":["ats:Leaping Hammer","ats:Explosion Area Strengthen"],"picked":"ats:Magnetic Hammer","floor":12.0},{"not_picked":["ats:True Silver Slash","ats:Cat Scratch"],"picked":"ats:Leaping Hammer","floor":13.0},{"not_picked":["ats:Magnetic Hammer","ats:Very Hot Blade"],"picked":"ats:Hook Shot","floor":14.0},{"not_picked":["ats:Ambush","ats:Soul Rend"],"picked":"ats:Calcification","floor":16.0},{"not_picked":["ats:Magnetic Hammer","ats:Guard Mode","ats:Absolute Focus"],"picked":"SKIP","floor":18.0},{"not_picked":["ats:Demon Strength","ats:Flexible Camouflage"],"picked":"ats:Beaten Up","floor":20.0},{"not_picked":["ats:Ignite","ats:Assault Order"],"picked":"ats:Sword Rain","floor":21.0},{"not_picked":["ats:Overload","ats:Directed Diagnosis","ats:Hammer On"],"picked":"SKIP","floor":23.0},{"not_picked":["ats:Overload","ats:Directed Diagnosis"],"picked":"ats:Hammer On","floor":23.0},{"not_picked":["ats:Poison Spread","ats:Apocalypse"],"picked":"ats:Sword Rain","floor":24.0},{"not_picked":["ats:Dogmatic Field","ats:Red Shift"],"picked":"ats:Song Of Battle","floor":25.0},{"not_picked":["ats:Consecutive Shot Auto","ats:Closed Bolt Burst Fire","ats:Apocalypse+1"],"picked":"SKIP","floor":27.0},{"not_picked":["ats:Curse Doll","ats:Blood Oath"],"picked":"ats:Shell Defense","floor":28.0},{"not_picked":["ats:Shell Defense","ats:Closed Bolt Burst Fire+1"],"picked":"ats:Burning Ground+1","floor":29.0},{"not_picked":["ats:Absolute Focus+1","ats:Consecutive Shot Auto"],"picked":"ats:Part Time Job","floor":30.0},{"not_picked":["ats:Ambush","ats:Durian"],"picked":"ats:Echo Reverb","floor":33.0},{"not_picked":["ats:Poison Spread+1","ats:Red Shift+1"],"picked":"ats:Phantom","floor":35.0},{"not_picked":["ats:Apocalypse","ats:Magnetic Hammer+1"],"picked":"ats:Automatic Cover","floor":36.0},{"not_picked":["ats:Leaping Hammer+1","ats:Poison Spread+1"],"picked":"ats:Sashimi Platter+1","floor":37},{"not_picked":["ats:Leaping Hammer","ats:Consecutive Shot Auto+1","ats:Explosion Area Strengthen+1"],"picked":"SKIP","floor":39},{"not_picked":["ats:Cat Scratch","ats:Part Time Job"],"picked":"ats:Guardian Obelisk","floor":44},{"not_picked":["ats:Ignite+1","ats:Curse Doll","ats:Cat Scratch+1"],"picked":"SKIP","floor":45},{"not_picked":["ats:Assault Order+1","ats:Red Shift+1","ats:Overload"],"picked":"SKIP","floor":46},{"not_picked":["Flash of Steel","Finesse"],"picked":"Apotheosis","floor":47},{"not_picked":["infinitespire:SevenWalls","infinitespire:DeathsTouch"],"picked":"infinitespire:TheBestDefense","floor":48},{"not_picked":["ats:Sword Rain","ats:Flexible Camouflage"],"picked":"ats:Directed Diagnosis+1","floor":54}],"player_experience":1019320,"relics_obtained":[{"floor":5.0,"key":"Eternal Feather"},{"floor":6.0,"key":"ats:Originium"},{"floor":6.0,"key":"Bird Faced Urn"},{"floor":8.0,"key":"ats:Originium"},{"floor":8.0,"key":"Incense Burner"},{"floor":10.0,"key":"ats:Originium"},{"floor":10.0,"key":"The Courier"},{"floor":13.0,"key":"ats:Originium"},{"floor":13.0,"key":"Blue Candle"},{"floor":14.0,"key":"Odd Mushroom"},{"floor":23.0,"key":"MealTicket"},{"floor":25.0,"key":"Calipers"},{"floor":26.0,"key":"White Beast Statue"},{"floor":28.0,"key":"Akabeko"},{"floor":30.0,"key":"Tiny Chest"},{"floor":37,"key":"wanderingMiniBosses:AbyssPearl"},{"floor":38,"key":"HornCleat"},{"floor":43,"key":"Anchor"},{"floor":44,"key":"Vajra"},{"floor":46,"key":"Ornamental Fan"},{"floor":54,"key":"Thread and Needle"}],"event_choices":[{"damage_healed":0.0,"max_hp_gain":0.0,"max_hp_loss":0.0,"gold_gain":75.0,"event_name":"FaceTrader","player_choice":"Touch","floor":2.0,"gold_loss":0.0,"damage_taken":7.0},{"cards_removed":["ats:Strike G"],"damage_healed":0.0,"max_hp_gain":0.0,"max_hp_loss":0.0,"gold_gain":0.0,"event_name":"The Cleric","player_choice":"Card Removal","floor":4.0,"gold_loss":50.0,"damage_taken":0.0},{"damage_healed":0.0,"max_hp_gain":0.0,"max_hp_loss":0.0,"gold_gain":0.0,"event_name":"betterThird:BetterSerpent","player_choice":"Ignored","floor":11.0,"gold_loss":0.0,"damage_taken":326.0},{"damage_healed":0.0,"max_hp_gain":0.0,"max_hp_loss":0.0,"gold_gain":0.0,"event_name":"Mushrooms","player_choice":"Fought Mushrooms","floor":14.0,"gold_loss":0.0,"damage_taken":0.0},{"damage_healed":0.0,"max_hp_gain":0.0,"max_hp_loss":0.0,"gold_gain":0.0,"event_name":"Lab","player_choice":"Got Potions","floor":19.0,"gold_loss":0.0,"damage_taken":0.0},{"damage_healed":0.0,"max_hp_gain":0.0,"max_hp_loss":0.0,"gold_gain":0.0,"event_name":"Accursed Blacksmith","player_choice":"Rummage","floor":22.0,"gold_loss":0.0,"damage_taken":0.0,"relics_obtained":["WarpedTongs"],"cards_obtained":["Pain"]},{"cards_removed":["ats:Calcification"],"damage_healed":0.0,"max_hp_gain":0.0,"max_hp_loss":0.0,"gold_gain":0.0,"event_name":"betterNote:BetterNote","player_choice":"Take \u0026 Give","floor":31.0,"gold_loss":0.0,"damage_taken":0.0,"cards_obtained":["ats:Overload"]},{"damage_healed":0,"gold_gain":3,"player_choice":"1","damage_taken":0,"max_hp_gain":0,"max_hp_loss":0,"event_name":"betterStone:BetterStone","floor":47,"gold_loss":0}],"is_beta":false,"boss_relics":[{"not_picked":["Fusion Hammer","Velvet Choker"],"picked":"Philosopher\u0027s Stone"},{"not_picked":["Calling Bell","SacredBark"],"picked":"Runic Pyramid"}],"items_purged_floors":[0,0,41],"is_endless":false,"potions_floor_spawned":[6,8,10,12,16,20,23,25,27,28,29,30,33,35,36,37,39,44,45,46,54],"ascension_level":1}}