{"host":"gobyjzz6xbwq9f9i","time":1614068191,"event":{"mods":["AchievementEnabler","BaseMod","Bestiary","Colored Map","Minty Spire (QoL Compilation)","Relic Stats","ojb\u0027s Info Mod"],"gold_per_floor":[117,97,109,124,24,24,51,51,51,71,84,96,126,142,142,216,216,236,236,247,265,2,2,29,29,53,81,81,81,81],"floor_reached":29,"language":"ENG","playtime":1174,"items_purged":["Defend_P"],"score":634,"play_id":"fb03a5c1-8c77-4368-a41d-2d1b01d3b7aa","local_time":"20210223001631","is_ascension_mode":true,"campfire_choices":[{"data":"TalkToTheHand","floor":6,"key":"SMITH"},{"data":"EmptyFist","floor":8,"key":"SMITH"},{"data":"CrushJoints","floor":15,"key":"SMITH"},{"data":"Fasting2","floor":23,"key":"SMITH"},{"data":"Wallop","floor":25,"key":"SMITH"}],"circlet_count":0,"master_deck":["AscendersBane","Strike_P","Defend_P","Defend_P","Eruption","Vigilance","EmptyFist+1","TalkToTheHand+1","WaveOfTheHand","CutThroughFate","CutThroughFate","FlurryOfBlows","Fasting2+1","CrushJoints+1","FollowUp","JustLucky","DeusExMachina","Worship+1","FlyingSleeves+1","DeusExMachina+1","Wallop+1","ThirdEye","Study","SpiritShield"],"relics":["PureWater","Mercury Hourglass","Singing Bowl","Happy Flower","Astrolabe","Pen Nib","Pear","CeramicFish","Bottled Tornado"],"acts_visited":["Exordium","TheCity"],"potions_floor_usage":[7,14,21,27],"damage_taken":[{"damage":9,"enemies":"Jaw Worm","floor":1,"turns":5},{"damage":0,"enemies":"Cultist","floor":3,"turns":3},{"damage":1,"enemies":"Small Slimes","floor":4,"turns":5},{"damage":2,"enemies":"Gremlin Nob","floor":7,"turns":3},{"damage":0,"enemies":"3 Louse","floor":10,"turns":3},{"damage":0,"enemies":"Looter","floor":11,"turns":2},{"damage":6,"enemies":"Exordium Thugs","floor":12,"turns":3},{"damage":13,"enemies":"Lagavulin","floor":13,"turns":7},{"damage":3,"enemies":"Lots of Slimes","floor":14,"turns":2},{"damage":0,"enemies":"Slime Boss","floor":16,"turns":5},{"damage":7,"enemies":"2 Thieves","floor":18,"turns":3},{"damage":3,"enemies":"3 Byrds","floor":20,"turns":4},{"damage":0,"enemies":"Centurion and Healer","floor":21,"turns":3},{"damage":28,"enemies":"Slavers","floor":24,"turns":4},{"damage":18,"enemies":"Gremlin Leader","floor":27,"turns":4},{"damage":18,"enemies":"Shelled Parasite and Fungi","floor":29,"turns":1}],"seed_played":"3360185659219878543","potions_obtained":[{"floor":1,"key":"Energy Potion"},{"floor":2,"key":"SkillPotion"},{"floor":7,"key":"ColorlessPotion"},{"floor":10,"key":"Strength Potion"},{"floor":12,"key":"Swift Potion"},{"floor":20,"key":"Explosive Potion"}],"is_trial":false,"path_per_floor":["M","?","M","M","$","R","E","R","T","M","M","M","E","M","R","B",null,"M","?","M","M","$","R","E","R","T","E","?","M"],"character_chosen":"WATCHER","items_purchased":["CutThroughFate","Study","Pen Nib","Strength Potion"],"campfire_rested":0,"item_purchase_floors":[5,22,22,22],"current_hp_per_floor":[52,52,52,51,51,51,49,49,49,49,49,43,30,27,27,27,58,51,51,50,50,50,50,32,32,32,16,16,0,0],"gold":81,"neow_bonus":"REMOVE_CARD","is_daily":false,"chose_seed":false,"campfire_upgraded":5,"win_rate":0.0,"timestamp":1614068191,"path_taken":["M","?","M","M","?","R","E","R","T","M","?","M","E","?","R","BOSS","M","?","M","M","$","R","E","R","T","E","?","M"],"items_purchased_type":["Card","Card","Relic","Potion"],"build_version":"2020-12-22","purchased_purges":1,"victory":false,"max_hp_per_floor":[68,68,68,68,68,68,68,68,68,68,68,68,68,68,68,68,68,68,68,70,70,70,70,80,80,80,82,82,82,82],"relic_stats":{"Singing Bowl":4,"Happy Flower":[8],"counters":[16,56],"Astrolabe":["Worship","FlyingSleeves","DeusExMachina"],"CeramicFish":0,"Pen Nib":[2],"obtain_stats":[{"Pear":24,"Singing Bowl":9,"Happy Flower":13,"Astrolabe":17,"CeramicFish":26,"Pen Nib":22,"PureWater":0,"Bottled Tornado":27,"Mercury Hourglass":7},{"Pear":14,"Singing Bowl":4,"Happy Flower":8,"Astrolabe":10,"CeramicFish":14,"Pen Nib":13,"PureWater":0,"Bottled Tornado":15,"Mercury Hourglass":4},{"Pear":51,"Singing Bowl":16,"Happy Flower":30,"Astrolabe":37,"CeramicFish":51,"Pen Nib":47,"PureWater":0,"Bottled Tornado":55,"Mercury Hourglass":16}],"Mercury Hourglass":[206]},"card_choices":[{"not_picked":["WaveOfTheHand","BowlingBash"],"picked":"EmptyFist","floor":1},{"not_picked":["EmptyMind","ReachHeaven"],"picked":"TalkToTheHand","floor":3},{"not_picked":["Protect","CrushJoints"],"picked":"WaveOfTheHand","floor":4},{"not_picked":["PathToVictory","SashWhip"],"picked":"CutThroughFate","floor":7},{"not_picked":["Protect","Consecrate"],"picked":"FlurryOfBlows","floor":10},{"not_picked":["InnerPeace","FlurryOfBlows"],"picked":"Fasting2","floor":11},{"not_picked":["FollowUp","Ragnarok"],"picked":"CrushJoints","floor":12},{"not_picked":["ReachHeaven","Protect"],"picked":"FollowUp","floor":13},{"not_picked":["WaveOfTheHand","Evaluate"],"picked":"JustLucky","floor":14},{"not_picked":["DevaForm","Scrawl"],"picked":"DeusExMachina","floor":16},{"not_picked":["JustLucky","Halt"],"picked":"Wallop","floor":18},{"not_picked":["CrushJoints","SashWhip","FlyingSleeves"],"picked":"Singing Bowl","floor":20},{"not_picked":["Evaluate","Weave"],"picked":"ThirdEye","floor":21},{"not_picked":["Study","CrushJoints"],"picked":"SpiritShield","floor":24},{"not_picked":["FlyingSleeves","Judgement","WheelKick"],"picked":"Singing Bowl","floor":27}],"player_experience":1382056,"relics_obtained":[{"floor":7,"key":"Mercury Hourglass"},{"floor":9,"key":"Singing Bowl"},{"floor":13,"key":"Happy Flower"},{"floor":24,"key":"Pear"},{"floor":26,"key":"CeramicFish"},{"floor":27,"key":"Bottled Tornado"}],"event_choices":[{"damage_healed":0,"gold_gain":0,"player_choice":"Bought 1 Potion","damage_taken":0,"max_hp_gain":0,"max_hp_loss":0,"event_name":"The Woman in Blue","floor":2,"gold_loss":0},{"damage_healed":0,"gold_gain":0,"player_choice":"Ignored","damage_taken":0,"max_hp_gain":0,"max_hp_loss":0,"event_name":"Vampires","floor":19,"gold_loss":0}],"is_beta":false,"boss_relics":[{"not_picked":["Tiny House","Ectoplasm"],"picked":"Astrolabe"}],"items_purged_floors":[5],"is_endless":false,"potions_floor_spawned":[1,7,10,12,20,24],"killed_by":"Shelled Parasite and Fungi","ascension_level":19}}