{"host":"Jz","time":1614107837,"event":{"mods":["AchievementEnabler","BaseMod","Colored Map","Colored Powertips","Minty Spire (QoL Compilation)","Relic Stats","Slay-I","StSLib"],"gold_per_floor":[118,136,155,155,155,155,165,183,183,198,198,215,265,265,265],"floor_reached":14,"language":"ENG","playtime":687,"items_purged":[],"score":168,"play_id":"017698b1-7c98-4c33-b824-add5773064c2","local_time":"20210224021717","is_ascension_mode":true,"campfire_choices":[{"floor":6,"key":"REST"},{"floor":11,"key":"REST"}],"circlet_count":0,"master_deck":["AscendersBane","Strike_B","Strike_B","Defend_B","Defend_B+1","Defend_B","Zap+1","Dualcast","Gash","Go for the Eyes","Streamline","Ball Lightning","Self Repair","Beam Cell"],"relics":["Empty Cage","Unceasing Top"],"acts_visited":["Exordium"],"potions_floor_usage":[12,14,14],"damage_taken":[{"damage":18,"enemies":"Cultist","floor":1,"turns":6},{"damage":4,"enemies":"Small Slimes","floor":2,"turns":4},{"damage":7,"enemies":"2 Louse","floor":3,"turns":3},{"damage":14,"enemies":"Lots of Slimes","floor":7,"turns":5},{"damage":0,"enemies":"Large Slime","floor":8,"turns":4},{"damage":9,"enemies":"Red Slaver","floor":10,"turns":3},{"damage":19,"enemies":"Lots of Slimes","floor":12,"turns":4},{"damage":22,"enemies":"Lagavulin","floor":14,"turns":3}],"seed_played":"-631262244382029197","potions_obtained":[{"floor":2,"key":"FearPotion"},{"floor":3,"key":"SneckoOil"},{"floor":12,"key":"FocusPotion"}],"is_trial":false,"path_per_floor":["M","M","M","?","?","R","M","M","T","M","R","M","?","E"],"character_chosen":"DEFECT","items_purchased":[],"campfire_rested":2,"item_purchase_floors":[],"current_hp_per_floor":[46,42,35,14,14,35,21,21,21,12,33,14,14,0,0],"gold":265,"neow_bonus":"BOSS_RELIC","is_daily":false,"chose_seed":false,"campfire_upgraded":0,"win_rate":0.0,"timestamp":1614107837,"path_taken":["M","?","M","?","?","R","M","?","T","M","R","M","?","E"],"items_purchased_type":[],"build_version":"2020-12-18","purchased_purges":0,"victory":false,"max_hp_per_floor":[71,71,71,71,71,71,71,71,71,71,71,71,71,71,71],"relic_stats":{"counters":[8,32],"obtain_stats":[{"Cracked Core":0,"Empty Cage":0,"Unceasing Top":9},{"Cracked Core":0,"Empty Cage":0,"Unceasing Top":5},{"Cracked Core":0,"Empty Cage":0,"Unceasing Top":22}],"Unceasing Top":[3]},"card_choices":[{"not_picked":["Hologram","Hello World"],"picked":"Gash","floor":1},{"not_picked":["Coolheaded","Barrage"],"picked":"Go for the Eyes","floor":2},{"not_picked":["Redo","Double Energy","Stack"],"picked":"SKIP","floor":3},{"not_picked":["Sweeping Beam","Fission"],"picked":"Streamline","floor":7},{"not_picked":["Leap","BootSequence"],"picked":"Ball Lightning","floor":8},{"not_picked":["Streamline","Consume"],"picked":"Self Repair","floor":10},{"not_picked":["Recycle","Steam"],"picked":"Beam Cell","floor":12}],"player_experience":402536,"relics_obtained":[{"floor":9,"key":"Unceasing Top"}],"event_choices":[{"damage_healed":0,"gold_gain":0,"player_choice":"Entered Light","damage_taken":21,"max_hp_gain":0,"max_hp_loss":0,"event_name":"Shining Light","floor":4,"gold_loss":0,"cards_upgraded":["Defend_B","Zap"]},{"cards_removed":["Strike_B"],"damage_healed":0,"gold_gain":0,"player_choice":"Offered Basic","damage_taken":0,"max_hp_gain":0,"max_hp_loss":0,"event_name":"Bonfire Elementals","floor":5,"gold_loss":0},{"damage_healed":0,"gold_gain":50,"player_choice":"Pray","damage_taken":0,"max_hp_gain":0,"max_hp_loss":0,"event_name":"Golden Shrine","floor":13,"gold_loss":0}],"is_beta":true,"boss_relics":[],"items_purged_floors":[],"is_endless":false,"potions_floor_spawned":[2,3,12],"killed_by":"Lagavulin","ascension_level":20}}