{"host":"dj20jyxj5yo6mk8a","time":1614099424,"event":{"mods":["AchievementEnabler","BaseMod","BetterRewards","Card Forge","Minty Spire (QoL Compilation)","StSLib"],"gold_per_floor":[117,128,128,141,161,189,264,264,264,299,299,310,310,330,330,435,435,445,445,32,44,57,86,86,101,174,174,174,174],"floor_reached":28,"language":"ENG","playtime":1342,"items_purged":[],"score":275,"play_id":"2c5ecf1a-360c-4570-aee1-a61a48c77307","local_time":"20210223135704","is_ascension_mode":false,"campfire_choices":[{"floor":8,"key":"REST"},{"floor":13,"key":"RECALL"},{"floor":15,"key":"REST"}],"circlet_count":0,"master_deck":["Intimidate+1","Ragnarok+1","Blind+1","Discovery+1","Dramatic Entrance+1","Jack Of All Trades+1","RitualDagger+1","Sadistic Nature+1","BowlingBash+1","Consecrate+1","Devotion+1","Establishment+1","FlurryOfBlows+1","Blind+1","Dramatic Entrance+1","Discovery+1","Good Instincts+1","RitualDagger+1","Sadistic Nature+1","Prostrate+1","Swivel+1","Halt+1","PathToVictory+1","Consecrate+1","Weave+1","FlyingSleeves+1","Devotion+1","ConjureBlade+1","EmptyBody+1","Trip+1","FollowUp+1","Indignation+1","Consecrate+1","ReachHeaven+1","WaveOfTheHand+1"],"relics":["Hammer of Thor","Seething Fire","Anvil of the Gods","Empty Cage","Art of War","Bottled Lightning","Letter Opener","Black Star","HandDrill","Tiny Chest","Mummified Hand","Whetstone","Pantograph","TungstenRod"],"acts_visited":["Exordium","TheCity"],"potions_floor_usage":[],"damage_taken":[{"damage":0,"enemies":"Cultist","floor":1,"turns":2},{"damage":0,"enemies":"Jaw Worm","floor":2,"turns":2},{"damage":5,"enemies":"Small Slimes","floor":4,"turns":2},{"damage":0,"enemies":"Exordium Thugs","floor":5,"turns":2},{"damage":11,"enemies":"3 Sentries","floor":6,"turns":3},{"damage":13,"enemies":"Gremlin Nob","floor":10,"turns":3},{"damage":0,"enemies":"3 Louse","floor":12,"turns":1},{"damage":0,"enemies":"Red Slaver","floor":14,"turns":2},{"damage":13,"enemies":"Hexaghost","floor":16,"turns":6},{"damage":10,"enemies":"Chosen","floor":18,"turns":3},{"damage":4,"enemies":"Shell Parasite","floor":21,"turns":3},{"damage":0,"enemies":"Sentry and Sphere","floor":22,"turns":2},{"damage":33,"enemies":"Book of Stabbing","floor":23,"turns":4},{"damage":18,"enemies":"3 Cultists","floor":25,"turns":3},{"damage":14,"enemies":"Slavers","floor":28,"turns":1}],"seed_played":"4466395729756676371","potions_obtained":[{"floor":5,"key":"Ancient Potion"},{"floor":12,"key":"Ambrosia"}],"is_trial":false,"path_per_floor":["M","M","T","M","M","E","?","R","T","E","?","M","R","M","R","B",null,"M","?","$","M","M","E","?","M","T","?","E"],"character_chosen":"WATCHER","items_purchased":["HandDrill","Tiny Chest","Trip","FollowUp"],"campfire_rested":2,"item_purchase_floors":[20,20,20,20],"current_hp_per_floor":[72,72,72,67,67,56,45,66,66,53,53,53,53,53,72,59,72,62,62,62,58,58,25,25,7,7,7,0,0],"gold":174,"neow_bonus":"BOSS_RELIC","is_daily":false,"chose_seed":false,"campfire_upgraded":0,"win_rate":0.0,"timestamp":1614099424,"path_taken":["M","M","?","M","M","E","?","R","T","E","?","?","R","M","R","BOSS","M","?","$","?","M","E","?","M","T","?","E"],"items_purchased_type":["Relic","Relic","Card","Card"],"build_version":"2020-12-22","purchased_purges":0,"victory":false,"max_hp_per_floor":[72,72,72,72,72,72,72,72,72,72,72,72,72,72,72,72,72,72,72,72,72,72,72,72,72,72,72,72,72],"card_choices":[{"not_picked":["SashWhip","ClearTheMind"],"picked":"Prostrate","floor":1},{"not_picked":["SashWhip","ThirdEye"],"picked":"Swivel","floor":2},{"not_picked":["Vengeance","Conclude"],"picked":"Halt","floor":4},{"not_picked":["FearNoEvil","Collect"],"picked":"PathToVictory","floor":5},{"not_picked":["Meditate","CutThroughFate"],"picked":"Consecrate","floor":6},{"not_picked":["EmptyBody","CrushJoints","Fasting2"],"picked":"SKIP","floor":10},{"not_picked":["SashWhip","ReachHeaven"],"picked":"FlyingSleeves","floor":12},{"not_picked":["CutThroughFate","Collect"],"picked":"Devotion","floor":14},{"not_picked":["Vault","Scrawl"],"picked":"ConjureBlade","floor":16},{"not_picked":["Consecrate","SashWhip"],"picked":"EmptyBody+1","floor":18},{"not_picked":["EmptyMind","CutThroughFate"],"picked":"Indignation","floor":21},{"not_picked":["Collect","SashWhip"],"picked":"Consecrate","floor":22},{"not_picked":["ThirdEye","WreathOfFlame"],"picked":"ReachHeaven","floor":23},{"not_picked":["Prostrate","Consecrate+1"],"picked":"WaveOfTheHand","floor":25}],"player_experience":92023,"relics_obtained":[{"floor":6,"key":"Art of War"},{"floor":9,"key":"Bottled Lightning"},{"floor":10,"key":"Letter Opener"},{"floor":23,"key":"Mummified Hand"},{"floor":23,"key":"Whetstone"},{"floor":26,"key":"Pantograph"}],"event_choices":[{"damage_healed":0,"gold_gain":75,"player_choice":"Gather Gold","damage_taken":11,"max_hp_gain":0,"max_hp_loss":0,"event_name":"World of Goop","floor":7,"gold_loss":0},{"damage_healed":0,"gold_gain":0,"cards_transformed":["FlyingSleeves"],"player_choice":"Change","damage_taken":0,"max_hp_gain":0,"max_hp_loss":0,"event_name":"Living Wall","floor":11,"gold_loss":0,"cards_obtained":["Weave"]},{"damage_healed":0,"gold_gain":0,"player_choice":"Ignored","damage_taken":0,"max_hp_gain":0,"max_hp_loss":0,"event_name":"Purifier","floor":19,"gold_loss":0},{"damage_healed":0,"gold_gain":0,"player_choice":"Ignored","damage_taken":0,"max_hp_gain":0,"max_hp_loss":0,"event_name":"Beggar","floor":24,"gold_loss":0},{"damage_healed":0,"gold_gain":0,"player_choice":"Opened","damage_taken":0,"relics_obtained":["TungstenRod"],"max_hp_gain":0,"max_hp_loss":0,"event_name":"The Mausoleum","floor":27,"gold_loss":0}],"is_beta":false,"boss_relics":[{"not_picked":["Velvet Choker","SacredBark"],"picked":"Black Star"}],"items_purged_floors":[],"is_endless":false,"potions_floor_spawned":[1,5,12,16,18,22,25],"killed_by":"Slavers","ascension_level":0}}