{"host":"40e4adzyl212zebh","time":1614055518,"event":{"mods":["BaseMod","Colored Map","Colored Powertips","DeckTracker","Minty Spire (QoL Compilation)","Quick Restart","Random Character Button","Relic Stats","StSLib","The Disciple"],"gold_per_floor":[119,50,50,2,2,34,34,67,67,82,32,42,42,58,58,157,157,170,150,167,178,195,230,230,230,230,249,249,280,280,306,306,407,407,424,435,735,747,408,442,100,130,130,146,146,176,186,211,211,211,211,211,32,64,64,64],"floor_reached":56,"language":"ENG","playtime":7499,"items_purged":["Strike_Br","Defend_Br","Defend_Br"],"score":1622,"play_id":"2c68ce97-2e4e-46b0-b580-860f3e02f8ea","local_time":"20210223134518","is_ascension_mode":true,"campfire_choices":[{"data":"BeatsPerMinute","floor":13.0,"key":"SMITH"},{"data":"Allegretto","floor":15.0,"key":"SMITH"},{"floor":25.0,"key":"RECALL"},{"data":"LockedCalendar","floor":30.0,"key":"SMITH"},{"data":"LockedFlame","floor":32.0,"key":"SMITH"},{"data":"ResonantCall","floor":49,"key":"SMITH"},{"data":"RageCommand","floor":52,"key":"SMITH"}],"circlet_count":0,"master_deck":["Grave+1","Grave+1","Rallentando+1","Allargando+1","Sospirando+1","Adagio+1","Lento+1","Ritenuto+1","Allegretto+1","Moderato+1","Allegretto+1","Allegro","Accelerando","Defend_Br","Defend_Br","SecondHand","PatternShift","TickedOff","BeatsPerMinute+1","AlternateTimeline","SlimeSpray","WindUp","MasterKey+1","PrimeTime+1","ShortSighted+1","BeatsPerMinute+1","LockedWarPaint","BlueShift+1","AlternateTimeline","LockedFlame+1","LockedCalendar+1","Stagnate+1","ResonantCall+1","BackFourSeconds","Cuckoo","LockedAnchor+1","RageCommand+1","LockedTornado+1","RageCommand","LockedAstrolabe","LockedScales+1","Sadistic Nature","LockedCalendar"],"relics":["Chronometer","NeowsBlessing","IceCream?","Smiling Mask","Toy Ornithopter","Astrolabe","Darkstone Periapt","Mango","Happy Flower","Snecko Eye","Pen Nib","Vajra","ClockworkSouvenir","Question Card","SlipperyGoo","Omamori","Kunai","Blue Candle"],"acts_visited":["Exordium","TheCity","TheBeyond","TheEnding"],"potions_floor_usage":[45,50,55],"damage_taken":[{"damage":0.0,"enemies":"Cultist","floor":1.0,"turns":1.0},{"damage":0.0,"enemies":"Lagavulin","floor":6.0,"turns":1.0},{"damage":0.0,"enemies":"Gremlin Nob","floor":8.0,"turns":1.0},{"damage":1.0,"enemies":"2 Louse","floor":10.0,"turns":4.0},{"damage":0.0,"enemies":"Jaw Worm","floor":12.0,"turns":5.0},{"damage":0.0,"enemies":"Blue Slaver","floor":14.0,"turns":7.0},{"damage":0.0,"enemies":"Slime Boss","floor":16.0,"turns":10.0},{"damage":8.0,"enemies":"Shell Parasite","floor":18.0,"turns":6.0},{"damage":10.0,"enemies":"Spheric Guardian","floor":20.0,"turns":4.0},{"damage":17.0,"enemies":"Snake Plant","floor":21.0,"turns":3.0},{"damage":9.0,"enemies":"Chosen and Byrds","floor":22.0,"turns":7.0},{"damage":41.0,"enemies":"Gremlin Leader","floor":23.0,"turns":10.0},{"damage":30.0,"enemies":"Shelled Parasite and Fungi","floor":27.0,"turns":27.0},{"damage":8.0,"enemies":"Slavers","floor":29.0,"turns":12.0},{"damage":0.0,"enemies":"Book of Stabbing","floor":31.0,"turns":5.0},{"damage":9.0,"enemies":"Champ","floor":33.0,"turns":23.0},{"damage":0.0,"enemies":"Orb Walker","floor":35.0,"turns":3.0},{"damage":5.0,"enemies":"3 Shapes","floor":36.0,"turns":5.0},{"damage":13.0,"enemies":"Transient","floor":38.0,"turns":5.0},{"damage":0.0,"enemies":"Nemesis","floor":40.0,"turns":7.0},{"damage":15,"enemies":"Giant Head","floor":42,"turns":7},{"damage":23,"enemies":"Maw","floor":44,"turns":6},{"damage":0,"enemies":"Jaw Worm Horde","floor":45,"turns":2},{"damage":20,"enemies":"Nemesis","floor":46,"turns":9},{"damage":10,"enemies":"3 Darklings","floor":47,"turns":5},{"damage":0,"enemies":"Reptomancer","floor":48,"turns":6},{"damage":15,"enemies":"Donu and Deca","floor":50,"turns":7},{"damage":58,"enemies":"Shield and Spear","floor":54,"turns":5},{"damage":71,"enemies":"The Heart","floor":55,"turns":10}],"seed_played":"4971748708772415854","potions_obtained":[{"floor":8.0,"key":"BlessingOfTheForge"},{"floor":10.0,"key":"AttackPotion"},{"floor":16.0,"key":"Dexterity Potion"},{"floor":20.0,"key":"SmokeBomb"},{"floor":21.0,"key":"GamblersBrew"},{"floor":29.0,"key":"Swift Potion"},{"floor":31.0,"key":"WardPotion"},{"floor":44,"key":"Energy Potion"},{"floor":46,"key":"LiquidBronze"},{"floor":47,"key":"WardPotion"}],"is_trial":false,"path_per_floor":["M","$","?","$","?","E","$","E","T","M","$","M","R","M","R","B",null,"M","?","M","M","M","E","?","R","T","M","?","E","R","E","R","B",null,"M","M","?","M","$","E","$","E","T","M","M","E","M","E","R","B",null,"R","$","E","B",null],"character_chosen":"CHRONO_CLASS","items_purchased":["BeatsPerMinute","Fire Potion","RageCommand","Pen Nib","RageCommand","ClockworkSouvenir","Sadistic Nature"],"campfire_rested":0,"item_purchase_floors":[2,4,39,39,41,41,53],"current_hp_per_floor":[65,65,70,70,70,70,70,70,70,69,69,69,69,69,69,69,70,70,70,60,53,59,38,38,38,38,28,28,49,49,49,49,50,84,84,81,81,77,77,84,84,69,69,66,71,71,66,66,66,57,84,84,84,48,8,8],"gold":64,"neow_bonus":"THREE_ENEMY_KILL","is_daily":false,"chose_seed":false,"campfire_upgraded":6,"win_rate":0.0,"timestamp":1614055518,"path_taken":["M","?","?","$","?","E","$","E","T","M","?","M","R","M","R","BOSS","M","?","M","?","M","E","?","R","T","M","?","E","R","E","R","BOSS","M","M","?","M","?","E","$","E","T","M","M","E","?","E","R","BOSS","R","$","E","BOSS"],"items_purchased_type":["Card","Potion","Card","Relic","Card","Relic","Card"],"build_version":"2020-12-22","purchased_purges":3,"victory":true,"max_hp_per_floor":[65,65,70,70,70,70,70,70,70,70,70,70,70,70,70,70,70,70,70,70,70,70,70,70,70,70,70,70,84,84,84,84,84,84,84,84,84,84,84,84,84,84,84,84,84,84,84,84,84,84,84,84,84,84,84,84],"relic_stats":{"Darkstone Periapt":0,"Happy Flower":[33],"counters":[29,203],"Astrolabe":["MasterKey","PrimeTime","ShortSighted"],"Blue Candle":[0],"Snecko Eye":[113,121,132,114],"Pen Nib":[8],"Kunai":[2],"Smiling Mask":150,"Question Card":5,"obtain_stats":[{"Darkstone Periapt":23,"SlipperyGoo":43,"NeowsBlessing":0,"Happy Flower":31,"Astrolabe":17,"Blue Candle":54,"Vajra":40,"Mango":29,"Pen Nib":39,"Omamori":46,"Smiling Mask":6,"Question Card":42,"ClockworkSouvenir":41,"Chronometer":0,"Snecko Eye":34,"Kunai":48,"Toy Ornithopter":9,"IceCream?":5},{"Darkstone Periapt":12,"SlipperyGoo":21,"NeowsBlessing":0,"Happy Flower":15,"Astrolabe":7,"Blue Candle":28,"Vajra":20,"Mango":14,"Pen Nib":19,"Omamori":24,"Smiling Mask":2,"Question Card":21,"ClockworkSouvenir":20,"Chronometer":0,"Snecko Eye":16,"Kunai":26,"Toy Ornithopter":3,"IceCream?":1},{"Darkstone Periapt":59,"SlipperyGoo":153,"NeowsBlessing":0,"Happy Flower":103,"Astrolabe":29,"Blue Candle":193,"Vajra":146,"Mango":98,"Pen Nib":139,"Omamori":170,"Smiling Mask":2,"Question Card":153,"ClockworkSouvenir":146,"Chronometer":0,"Snecko Eye":126,"Kunai":181,"Toy Ornithopter":3,"IceCream?":1}],"Toy Ornithopter":25},"card_choices":[{"not_picked":["BlueShift","HandsUpC"],"picked":"TickedOff","floor":1.0},{"not_picked":["Echoward","LockedMedicine"],"picked":"LockedBell","floor":6.0},{"not_picked":["LockedPlans","Engulf"],"picked":"AlternateTimeline","floor":8.0},{"not_picked":["LockedThread","LockedWarPaint"],"picked":"SlimeSpray","floor":10.0},{"not_picked":["Parity","CrunchTime","FormalWear"],"picked":"SKIP","floor":12.0},{"not_picked":["ExoVibe","HandsUpC"],"picked":"WindUp","floor":14.0},{"not_picked":["Fragmentalize","LockedBell"],"picked":"Echonomics","floor":16.0},{"not_picked":["ExoVibe","ReapSow","HandsUpC"],"picked":"SKIP","floor":18.0},{"not_picked":["BlueShift","Facsimile+1"],"picked":"BeatsPerMinute+1","floor":20.0},{"not_picked":["Parity","BlueShift"],"picked":"LockedWarPaint","floor":21.0},{"not_picked":["Parity","Facsimile"],"picked":"BlueShift+1","floor":22.0},{"not_picked":["TickedOff+1","LockedMedicine"],"picked":"AlternateTimeline","floor":23.0},{"not_picked":["TickedOff","ExoVibe"],"picked":"Stagnate+1","floor":27.0},{"not_picked":["WatchCommand","HandsUpB"],"picked":"ResonantCall","floor":29.0},{"not_picked":["Backlash+1","LockedMawBank","BiteCommand"],"picked":"SKIP","floor":31.0},{"not_picked":["Fragmentalize","Chronoelasticity"],"picked":"BackFourSeconds","floor":33.0},{"not_picked":["WindUp+1","Tempo+1","HandsUpB+1"],"picked":"SKIP","floor":35.0},{"not_picked":["HandsUpB+1","LockedMedicine+1"],"picked":"Cuckoo","floor":36.0},{"not_picked":["CrunchTime+1","Engulf"],"picked":"LockedAnchor+1","floor":38.0},{"not_picked":["BlueShift","Cuckoo"],"picked":"LockedTornado+1","floor":40.0},{"not_picked":["MasterKey","VestedLegacy+1","LockedWhetstone"],"picked":"SKIP","floor":42},{"not_picked":["MasterKey","VestedLegacy+1","LockedWhetstone"],"picked":"SKIP","floor":42},{"not_picked":["SlimeSpray","ExoVibe+1","WatchCommand+1","HandsUpC"],"picked":"SKIP","floor":44},{"not_picked":["BeatsPerMinute","LockedAnchor","Parity"],"picked":"LockedAstrolabe","floor":46},{"not_picked":["Tempo","HandsUpC+1","Accruing"],"picked":"LockedScales+1","floor":47},{"not_picked":["ShortSighted","PrimeTime+1","BiteCommand","ReapSow"],"picked":"SKIP","floor":48},{"not_picked":["Tempo","LockedWarPaint+1","BiteCommand+1"],"picked":"LockedCalendar","floor":54}],"player_experience":620123,"relics_obtained":[{"floor":6.0,"key":"Smiling Mask"},{"floor":9.0,"key":"Toy Ornithopter"},{"floor":23.0,"key":"Darkstone Periapt"},{"floor":29.0,"key":"Mango"},{"floor":31.0,"key":"Happy Flower"},{"floor":40.0,"key":"Vajra"},{"floor":42,"key":"Question Card"},{"floor":43,"key":"SlipperyGoo"},{"floor":46,"key":"Omamori"},{"floor":48,"key":"Kunai"},{"floor":54,"key":"Blue Candle"}],"event_choices":[{"damage_healed":0.0,"max_hp_gain":5.0,"max_hp_loss":0.0,"gold_gain":0.0,"event_name":"Big Fish","player_choice":"Donut","floor":3.0,"gold_loss":0.0,"damage_taken":0.0},{"damage_healed":0.0,"max_hp_gain":0.0,"max_hp_loss":0.0,"gold_gain":0.0,"event_name":"The Woman in Blue","player_choice":"Bought 1 Potion","floor":19.0,"gold_loss":0.0,"damage_taken":0.0},{"damage_healed":0.0,"max_hp_gain":0.0,"max_hp_loss":0.0,"gold_gain":0.0,"event_name":"Ghosts","player_choice":"Ignored","floor":28.0,"gold_loss":0.0,"damage_taken":0.0},{"damage_healed":0.0,"max_hp_gain":0.0,"max_hp_loss":0.0,"gold_gain":300.0,"event_name":"Wheel of Change","player_choice":"Gold","floor":37.0,"gold_loss":0.0,"damage_taken":0.0}],"is_beta":false,"boss_relics":[{"not_picked":["Coffee Dripper","SacredBark"],"picked":"Astrolabe"},{"not_picked":["Tiny House","Philosopher\u0027s Stone"],"picked":"Snecko Eye"}],"items_purged_floors":[11,39,41],"is_endless":false,"potions_floor_spawned":[8,10,16,20,21,29,31,44,45,46,47,48],"ascension_level":1}}