{"host":"lufzn74xe9ct3rkf","time":1614120432,"event":{"mods":["AchievementEnabler","BaseMod","Evolution","Minty Spire (QoL Compilation)","StSLib","Treasure Hunter"],"gold_per_floor":[197,217,229,247,247,281,311,2,48,80,94,123,148,181,181,285,285,322,322,361,286,134,162,211,243,269,303,335,369,176,205,205,308,308,322,376,406,40,40,70,100,133,133,159,189,247,11,40,40,40],"floor_reached":51,"language":"ENG","playtime":3370,"items_purged":[],"score":1761,"play_id":"96adb338-7fd6-415f-9c64-8fe7ce04e5fa","local_time":"20210223144712","daily_mods":["Insanity","Vintage","ControlledChaos","Allstar","Colorless Cards","Heirloom","Time Dilation","Flight","DeadlyEvents","Elite Swarm"],"is_ascension_mode":false,"campfire_choices":[{"data":"Footwork","floor":15.0,"key":"PURGE"},{"data":"Prepared","floor":32,"key":"SMITH"},{"data":"Apotheosis","floor":49,"key":"SMITH"}],"circlet_count":0,"master_deck":["Prepared+1","Flying Knee","PiercingWail","Caltrops","Underhanded Strike","Outmaneuver","Dodge and Roll","Enlightenment","Backflip","Finisher","Impatience","Sucker Punch","Dagger Spray+1","Slice","Backflip","Dagger Throw","Dagger Throw","Slice","Quick Slash","Sucker Punch","Dagger Throw","Slice","Footwork","Finesse","Acrobatics","Skewer+1","Blade Dance","Deadly Poison","Setup","Dodge and Roll","Backflip","Predator","Quick Slash","Dagger Throw","Cloak And Dagger","Deflect","Bane","Dark Shackles","Backflip","Quick Slash","Dagger Throw","Bouncing Flask","Masterful Stab","Backflip","Poisoned Stab","Bandage Up","Acrobatics","Dramatic Entrance","Magnetism","HandOfGreed","Trip","Apotheosis+1","TH:BikiniMail","Storm of Steel","TH:PixieDust","Apotheosis+1","Backstab","Underhanded Strike","Outmaneuver","TH:Mimic","TH:EnergyPotion","Magnetism","TH:DeckOfManyThings","Storm of Steel","TH:EnergyPotion","Apotheosis+1","TH:EnergyPotion","Master of Strategy+1","TH:Mimic","HandOfGreed","TH:EnergyPotion","TH:DeckOfManyThings","Secret Technique+1","TH:Mimic","Master of Strategy+1","TH:BikiniMail","Mayhem","TH:CopperCoins","TH:EnergyPotion","Die Die Die","TH:CopperCoins","TH:PixieDust","TH:CursedSword","Adrenaline+1","Blade Dance+1","TH:Mimic","TH:TreasureMap","TH:DeckOfManyThings","Mayhem","TH:Mimic","TH:TreasureMap","TH:PixieDust","Doppelganger+1","Deflect+1","TH:EnergyPotion","Panache","TH:Mimic","Transmutation+1","TH:EnergyPotion","Metamorphosis+1","TH:PixieDust","TH:PixieDust","Corpse Explosion+1","TH:CursedSword","Metamorphosis+1","TH:BikiniMail","Transmutation+1","Riddle With Holes","TH:EnergyPotion","Transmutation+1"],"relics":["Ring of the Serpent","Frozen Eye","EVO:Axolotl","Gambling Chip","Art of War","TH:Strongbox","Tiny Chest","The Specimen","Blood Vial","Happy Flower","ClockworkSouvenir","Bag of Preparation","Pen Nib","White Beast Statue","Peace Pipe","Toxic Egg 2","Lizard Tail","Mango","Calipers","Eternal Feather","OrangePellets","Blue Candle","Letter Opener","PreservedInsect","Vajra","MealTicket","Toy Ornithopter","Bronze Scales","TwistedFunnel","Snake Skull","Philosopher\u0027s Stone","Turnip","Dream Catcher","Lantern","Shuriken","Oddly Smooth Stone","Darkstone Periapt","Question Card","Regal Pillow","Whetstone","Orichalcum","Shovel","PrismaticShard","Omamori"],"acts_visited":["Exordium","TheCity","TheBeyond"],"potions_floor_usage":[23,23,27,33,33,37,41,45,50,50],"damage_taken":[{"damage":0.0,"enemies":"Cultist","floor":1.0,"turns":2.0},{"damage":0.0,"enemies":"Jaw Worm","floor":2.0,"turns":1.0},{"damage":0.0,"enemies":"Small Slimes","floor":3.0,"turns":1.0},{"damage":0.0,"enemies":"Exordium Thugs","floor":4.0,"turns":1.0},{"damage":18.0,"enemies":"3 Sentries","floor":6.0,"turns":4.0},{"damage":0.0,"enemies":"Gremlin Nob","floor":7.0,"turns":1.0},{"damage":0.0,"enemies":"Lagavulin","floor":10.0,"turns":1.0},{"damage":0.0,"enemies":"3 Louse","floor":11.0,"turns":1.0},{"damage":0.0,"enemies":"3 Sentries","floor":12.0,"turns":2.0},{"damage":0.0,"enemies":"Lagavulin","floor":13.0,"turns":2.0},{"damage":2.0,"enemies":"3 Sentries","floor":14.0,"turns":4.0},{"damage":19.0,"enemies":"The Guardian","floor":16.0,"turns":3.0},{"damage":0.0,"enemies":"2 Thieves","floor":18.0,"turns":2.0},{"damage":0,"enemies":"Shell Parasite","floor":20,"turns":2},{"damage":4,"enemies":"Gremlin Leader","floor":23,"turns":4},{"damage":4,"enemies":"Slavers","floor":24,"turns":2},{"damage":4,"enemies":"Book of Stabbing","floor":25,"turns":2},{"damage":0,"enemies":"Slavers","floor":27,"turns":1},{"damage":0,"enemies":"Gremlin Leader","floor":28,"turns":1},{"damage":10,"enemies":"Slavers","floor":29,"turns":2},{"damage":0,"enemies":"Gremlin Leader","floor":31,"turns":1},{"damage":31,"enemies":"Automaton","floor":33,"turns":6},{"damage":15,"enemies":"3 Shapes","floor":35,"turns":1},{"damage":24,"enemies":"Giant Head","floor":37,"turns":5},{"damage":1,"enemies":"Nemesis","floor":40,"turns":1},{"damage":1,"enemies":"Giant Head","floor":41,"turns":2},{"damage":0,"enemies":"Nemesis","floor":42,"turns":2},{"damage":0,"enemies":"Reptomancer","floor":44,"turns":1},{"damage":0,"enemies":"Nemesis","floor":45,"turns":1},{"damage":2,"enemies":"Giant Head","floor":46,"turns":3},{"damage":0,"enemies":"Nemesis","floor":48,"turns":1},{"damage":64,"enemies":"Time Eater","floor":50,"turns":6}],"seed_played":"3586594309027309814","potions_obtained":[{"floor":1.0,"key":"Energy Potion"},{"floor":3.0,"key":"SneckoOil"},{"floor":4.0,"key":"Poison Potion"},{"floor":10.0,"key":"Swift Potion"},{"floor":11.0,"key":"LiquidMemories"},{"floor":12.0,"key":"AttackPotion"},{"floor":13.0,"key":"Block Potion"},{"floor":14.0,"key":"Weak Potion"},{"floor":16.0,"key":"Energy Potion"},{"floor":18.0,"key":"PowerPotion"},{"floor":20,"key":"PowerPotion"},{"floor":23,"key":"SpeedPotion"},{"floor":24,"key":"Dexterity Potion"},{"floor":25,"key":"SkillPotion"},{"floor":27,"key":"SmokeBomb"},{"floor":28,"key":"FearPotion"},{"floor":29,"key":"FairyPotion"},{"floor":33,"key":"Dexterity Potion"},{"floor":35,"key":"Explosive Potion"},{"floor":37,"key":"ColorlessPotion"},{"floor":41,"key":"ColorlessPotion"},{"floor":45,"key":"Fire Potion"},{"floor":46,"key":"PowerPotion"},{"floor":48,"key":"CultistPotion"}],"is_trial":true,"path_per_floor":["M","M","M","M","?","E","E","$","T","E","M","E","E","E","R","B",null,"M","T","M","?","$","E","E","E","T","E","E","E","$","E","R","B",null,"M","T","E","$","?","E","E","E","T","E","E","E","$","E","R","B",null],"character_chosen":"THE_SILENT","items_purchased":["ClockworkSouvenir","Backstab","Underhanded Strike","Outmaneuver","OrangePellets","TwistedFunnel","Blade Dance+1","Shuriken","Doppelganger+1","Deflect+1","Riddle With Holes","PrismaticShard"],"campfire_rested":0,"item_purchase_floors":[8,8,8,8,22,30,30,38,38,38,47,47],"current_hp_per_floor":[73,73,73,73,73,55,57,57,57,63,65,67,69,69,69,52,73,87,87,87,87,87,87,83,83,83,85,87,81,87,87,87,63,87,72,72,55,70,70,71,77,79,79,81,87,85,87,87,87,23],"gold":40,"neow_bonus":"","is_daily":false,"chose_seed":false,"campfire_upgraded":2,"win_rate":0.0,"timestamp":1614120432,"path_taken":["M","M","M","?","?","E","E","$","T","E","M","E","E","?","R","BOSS","M","?","M","?","?","E","E","E","T","E","E","E","$","?","R","BOSS","M","?","?","$","?","E","E","E","T","E","E","E","$","E","R","BOSS"],"items_purchased_type":["Relic","Card","Card","Card","Relic","Relic","Card","Relic","Card","Card","Card","Relic"],"build_version":"2020-12-22","purchased_purges":0,"victory":true,"max_hp_per_floor":[73,73,73,73,73,73,73,73,73,73,73,73,73,73,73,73,73,87,87,87,87,87,87,87,87,87,87,87,87,87,87,87,87,87,87,87,87,87,87,87,87,87,87,87,87,87,87,87,87,87],"card_choices":[{"not_picked":["TH:CopperCoins"],"picked":"TH:BikiniMail","floor":6.0},{"not_picked":["Secret Weapon","TH:BikiniMail"],"picked":"Storm of Steel","floor":6.0},{"not_picked":["TH:CopperCoins"],"picked":"TH:PixieDust","floor":7.0},{"not_picked":["TH:CursedSword","Sadistic Nature"],"picked":"Apotheosis","floor":7.0},{"not_picked":["TH:TreasureMap"],"picked":"TH:Mimic","floor":9.0},{"not_picked":["TH:TreasureMap"],"picked":"TH:EnergyPotion","floor":10.0},{"not_picked":["Malaise","Apotheosis"],"picked":"Magnetism","floor":10.0},{"not_picked":["TH:ElvenBoots"],"picked":"TH:DeckOfManyThings","floor":12.0},{"not_picked":["Night Terror","Die Die Die"],"picked":"Storm of Steel","floor":12.0},{"not_picked":["TH:TreasureMap"],"picked":"TH:EnergyPotion","floor":13.0},{"not_picked":["TH:CopperCoins","Secret Weapon+1"],"picked":"Apotheosis+1","floor":13.0},{"not_picked":["TH:CopperCoins"],"picked":"TH:EnergyPotion","floor":14.0},{"not_picked":["Envenom","The Bomb+1"],"picked":"Master of Strategy+1","floor":14.0},{"not_picked":["TH:PixieDust"],"picked":"TH:Mimic","floor":16.0},{"not_picked":["Die Die Die","The Bomb+1"],"picked":"HandOfGreed","floor":16.0},{"not_picked":["TH:CopperCoins"],"picked":"TH:EnergyPotion","floor":19},{"not_picked":["TH:ElvenBoots"],"picked":"TH:DeckOfManyThings","floor":23},{"not_picked":["TH:BikiniMail","Night Terror+1"],"picked":"Secret Technique+1","floor":23},{"not_picked":["TH:ArmorSpikes"],"picked":"TH:Mimic","floor":24},{"not_picked":["Tools of the Trade","TH:CopperCoins"],"picked":"Master of Strategy+1","floor":24},{"not_picked":["TH:ElvenBoots"],"picked":"TH:BikiniMail","floor":25},{"not_picked":["Apotheosis+1","TH:CursedSword"],"picked":"Mayhem","floor":25},{"not_picked":["TH:PixieDust"],"picked":"TH:CopperCoins","floor":26},{"not_picked":["TH:DeckOfManyThings"],"picked":"TH:EnergyPotion","floor":27},{"not_picked":["Burst+1","Violence+1"],"picked":"Die Die Die","floor":27},{"not_picked":["TH:DeckOfManyThings"],"picked":"TH:CopperCoins","floor":28},{"not_picked":["Sadistic Nature","Chrysalis+1"],"picked":"TH:PixieDust","floor":28},{"not_picked":["TH:ElvenBoots"],"picked":"TH:CursedSword","floor":29},{"not_picked":["HandOfGreed","After Image"],"picked":"Adrenaline+1","floor":29},{"not_picked":["TH:BikiniMail"],"picked":"TH:Mimic","floor":31},{"not_picked":["Venomology+1","TH:DeckOfManyThings"],"picked":"TH:TreasureMap","floor":31},{"not_picked":["TH:ArmorSpikes"],"picked":"TH:DeckOfManyThings","floor":33},{"not_picked":["Wraith Form v2","TH:TreasureMap"],"picked":"Mayhem","floor":33},{"not_picked":["TH:CursedSword"],"picked":"TH:Mimic","floor":36},{"not_picked":["TH:PixieDust"],"picked":"TH:TreasureMap","floor":37},{"not_picked":["Venomology+1","The Bomb+1"],"picked":"TH:PixieDust","floor":37},{"not_picked":["TH:PixieDust"],"picked":"TH:EnergyPotion","floor":40},{"not_picked":["Night Terror+1","Violence+1"],"picked":"Panache","floor":40},{"not_picked":["TH:CopperCoins"],"picked":"TH:Mimic","floor":41},{"not_picked":["TH:CursedSword","Metamorphosis+1"],"picked":"Transmutation+1","floor":41},{"not_picked":["TH:DeckOfManyThings"],"picked":"TH:EnergyPotion","floor":42},{"not_picked":["After Image","Unload"],"picked":"Metamorphosis+1","floor":42},{"not_picked":["TH:ArmorSpikes","TH:BikiniMail"],"picked":"TH:PixieDust","floor":43},{"not_picked":["TH:ArmorSpikes","TH:Mimic"],"picked":"TH:PixieDust","floor":44},{"not_picked":["Secret Technique+1","Envenom","Metamorphosis+1"],"picked":"Corpse Explosion+1","floor":44},{"not_picked":["TH:DeckOfManyThings","TH:ElvenBoots"],"picked":"TH:CursedSword","floor":45},{"not_picked":["Thinking Ahead+1","HandOfGreed","Storm of Steel+1"],"picked":"Metamorphosis+1","floor":45},{"not_picked":["TH:Mimic","TH:DeckOfManyThings"],"picked":"TH:BikiniMail","floor":46},{"not_picked":["Chrysalis+1","Unload","Glass Knife"],"picked":"Transmutation+1","floor":46},{"not_picked":["TH:CursedSword","TH:ArmorSpikes"],"picked":"TH:EnergyPotion","floor":48},{"not_picked":["Burst+1","Scrawl+1","Metamorphosis+1"],"picked":"Transmutation+1","floor":48}],"player_experience":34124,"relics_obtained":[{"floor":1.0,"key":"Art of War"},{"floor":2.0,"key":"TH:Strongbox"},{"floor":3.0,"key":"Tiny Chest"},{"floor":4.0,"key":"The Specimen"},{"floor":6.0,"key":"Blood Vial"},{"floor":7.0,"key":"Happy Flower"},{"floor":9.0,"key":"Bag of Preparation"},{"floor":10.0,"key":"Pen Nib"},{"floor":11.0,"key":"White Beast Statue"},{"floor":12.0,"key":"Peace Pipe"},{"floor":13.0,"key":"Toxic Egg 2"},{"floor":14.0,"key":"Lizard Tail"},{"floor":18.0,"key":"Mango"},{"floor":19,"key":"Calipers"},{"floor":20,"key":"Eternal Feather"},{"floor":23,"key":"Blue Candle"},{"floor":24,"key":"Letter Opener"},{"floor":25,"key":"PreservedInsect"},{"floor":26,"key":"Vajra"},{"floor":27,"key":"MealTicket"},{"floor":28,"key":"Toy Ornithopter"},{"floor":29,"key":"Bronze Scales"},{"floor":31,"key":"Snake Skull"},{"floor":35,"key":"Turnip"},{"floor":36,"key":"Dream Catcher"},{"floor":37,"key":"Lantern"},{"floor":40,"key":"Oddly Smooth Stone"},{"floor":41,"key":"Darkstone Periapt"},{"floor":42,"key":"Question Card"},{"floor":43,"key":"Regal Pillow"},{"floor":44,"key":"Whetstone"},{"floor":45,"key":"Orichalcum"},{"floor":46,"key":"Shovel"},{"floor":48,"key":"Omamori"}],"event_choices":[{"damage_healed":0.0,"max_hp_gain":0.0,"max_hp_loss":0.0,"gold_gain":0.0,"event_name":"Accursed Blacksmith","player_choice":"Forge","floor":5.0,"gold_loss":0.0,"damage_taken":0.0,"cards_upgraded":["Apotheosis"]},{"cards_removed":["Madness"],"damage_healed":0,"gold_gain":0,"player_choice":"Gave Gold","damage_taken":0,"max_hp_gain":0,"max_hp_loss":0,"event_name":"Beggar","floor":21,"gold_loss":75},{"cards_removed":["Madness"],"damage_healed":0,"gold_gain":0,"player_choice":"Purged","damage_taken":0,"max_hp_gain":0,"max_hp_loss":0,"event_name":"Purifier","floor":39,"gold_loss":0}],"is_beta":false,"boss_relics":[{"not_picked":["Coffee Dripper","Calling Bell"],"picked":"Ring of the Serpent"},{"not_picked":["Sozu","Cursed Key"],"picked":"Philosopher\u0027s Stone"}],"items_purged_floors":[],"is_endless":false,"potions_floor_spawned":[1,3,4,10,11,12,13,14,16,18,20,23,24,25,27,28,29,31,33,35,37,40,41,42,44,45,46,48],"ascension_level":0}}