{"host":"bpdbi03e31cbjklx","time":1614050905,"event":{"mods":["BaseMod","Colored Map","Colored Powertips","Downfall","Highlight Path","Minty Spire (QoL Compilation)","Replay The Spire","StSLib","The Senshi"],"gold_per_floor":[118,136,151,151,162,162,188,202,226,242,242,65,65,81,81,176,176,186,172,184,200,217,217,217],"floor_reached":23,"language":"ENG","playtime":3079,"items_purged":[],"score":209,"play_id":"4f4b78df-6692-4af8-bb15-37a88f8c8727","local_time":"20210222212825","is_ascension_mode":true,"campfire_choices":[{"data":"White Noise","floor":6.0,"key":"SMITH"},{"floor":11.0,"key":"REST"},{"data":"Mirror Shield","floor":13.0,"key":"SMITH"},{"floor":15.0,"key":"RECALL"}],"circlet_count":0,"master_deck":["Strike_B","Strike_B","Strike_B","Strike_B","Defend_B","Defend_B","Defend_B","Defend_B","Zap","Dualcast","Mirror Shield+1","Leap","Defragment","Coolheaded","White Noise+1","Time Bomb","Crystallizer","Amplify","Defragment","Defragment","Chaos","Stack","Cold Snap","ReplayRNGCard","Turbo","Glacier"],"relics":["Cracked Core","Incense Burner","Philosopher\u0027s Stone"],"acts_visited":["Exordium","TheCity"],"potions_floor_usage":[20,23],"damage_taken":[{"damage":0.0,"enemies":"Jaw Worm","floor":1.0,"turns":2.0},{"damage":1.0,"enemies":"Small Slimes","floor":2.0,"turns":3.0},{"damage":0.0,"enemies":"Cultist","floor":3.0,"turns":4.0},{"damage":2.0,"enemies":"Looter","floor":5.0,"turns":3.0},{"damage":2.0,"enemies":"3 Sentries","floor":7.0,"turns":10.0},{"damage":14.0,"enemies":"3 Louse","floor":8.0,"turns":3.0},{"damage":18.0,"enemies":"Exordium Wildlife","floor":10.0,"turns":6.0},{"damage":8.0,"enemies":"Large Slime","floor":14.0,"turns":7.0},{"damage":13.0,"enemies":"Fading Forest","floor":16.0,"turns":11.0},{"damage":8.0,"enemies":"Spheric Guardian","floor":18.0,"turns":4.0},{"damage":17,"enemies":"2 Thieves","floor":19,"turns":4},{"damage":0,"enemies":"Centurion and Healer","floor":20,"turns":6},{"damage":14,"enemies":"Shelled Parasite and Fungi","floor":21,"turns":9},{"damage":12,"enemies":"Snecko","floor":22,"turns":5},{"damage":26,"enemies":"Replay:Snechameleon","floor":23,"turns":3}],"seed_played":"118751924923110098","potions_obtained":[{"floor":1.0,"key":"hexamod:SoulburnPotion"},{"floor":7.0,"key":"Strength Potion"},{"floor":10.0,"key":"Swift Potion"},{"floor":14.0,"key":"Block Potion"},{"floor":19,"key":"Block Potion"},{"floor":22,"key":"sneckomod:MuddlingPotion"}],"is_trial":false,"path_per_floor":["M","M","M","?","M","R","E","M","T","M","R","$","R","M","R","B",null,"M","M","M","M","M","E"],"character_chosen":"DEFECT","items_purchased":["Defragment","Chaos","Stack"],"campfire_rested":1,"item_purchase_floors":[12,12,12],"current_hp_per_floor":[54,53,53,53,51,51,49,35,35,17,39,39,39,31,31,28,75,67,50,50,36,24,0,0],"gold":217,"neow_bonus":"THREE_RARE_CARDS","is_daily":false,"chose_seed":false,"campfire_upgraded":2,"win_rate":0.0,"timestamp":1614050905,"path_taken":["M","M","M","?","M","R","E","M","T","M","R","$","R","M","R","BOSS","M","M","M","M","M","E"],"items_purchased_type":["Card","Card","Card"],"build_version":"2020-12-22","purchased_purges":0,"victory":false,"max_hp_per_floor":[75,75,75,75,75,75,75,75,75,75,75,75,75,75,75,75,75,75,75,75,75,75,75,75],"card_choices":[{"not_picked":["Thunder Strike","All For One"],"picked":"Mirror Shield","floor":0.0},{"not_picked":["Melter","Heatsinks"],"picked":"Leap","floor":1.0},{"not_picked":["Rebound","Panic Button"],"picked":"Defragment","floor":2.0},{"not_picked":["Streamline","Hologram"],"picked":"Coolheaded","floor":3.0},{"not_picked":["Barrage","Self Repair"],"picked":"White Noise","floor":5.0},{"not_picked":["Beam Cell","ReplayTheSpireMod:Repulse"],"picked":"Time Bomb","floor":7.0},{"not_picked":["Rebound","Beam Cell"],"picked":"Crystallizer","floor":8.0},{"not_picked":["Ball Lightning","Beam Cell"],"picked":"Amplify","floor":10.0},{"not_picked":["Crystallizer","Defragment"],"picked":"Cold Snap","floor":14.0},{"not_picked":["Mirror Shield","Fission"],"picked":"ReplayRNGCard","floor":16.0},{"not_picked":["Redo","Stack","Barrage+1"],"picked":"SKIP","floor":18},{"not_picked":["Steam","Mirror Shield"],"picked":"Turbo","floor":19},{"not_picked":["Gash+1","Reprogram+1","Barrage"],"picked":"SKIP","floor":20},{"not_picked":["Rebound+1","Steam","ReplaySort"],"picked":"SKIP","floor":21},{"not_picked":["Ball Lightning","ReplayGash+1"],"picked":"Glacier","floor":22}],"player_experience":446637,"relics_obtained":[{"floor":7.0,"key":"Incense Burner"}],"event_choices":[{"damage_healed":0.0,"max_hp_gain":0.0,"max_hp_loss":0.0,"gold_gain":0.0,"event_name":"Golden Wing","player_choice":"Ignored","floor":4.0,"gold_loss":0.0,"damage_taken":0.0}],"is_beta":false,"boss_relics":[{"not_picked":["Calling Bell","Replay:Bronze Core"],"picked":"Philosopher\u0027s Stone"}],"items_purged_floors":[],"is_endless":false,"potions_floor_spawned":[1,7,10,14,19,22],"killed_by":"Replay:Snechameleon","ascension_level":1}}