{"host":"mxzdufzqk8sjj15q","time":1614122208,"event":{"mods":["2.2 Compatiblity","BaseMod","Better Note","Downfall","Googly Eyes","Minty Spire (QoL Compilation)","Random Character Button","Rare Cards Sparkle","StSLib","The Cursed","The Disciple","The Hierophant"],"gold_per_floor":[0,20,5,105,58,58,83,111,14,61,75,75,107,9,23,124,124,124,136,21,21,21,31,31,45,45,45,58,58,58,72,82,186,236,236,247,36,36,39,73,152,171,171,71,88,108,108,125,125,125],"floor_reached":51,"language":"ENG","playtime":5581,"items_purged":["sneckomod:Strike","sneckomod:Strike","sneckomod:Defend","sneckomod:Unknown"],"score":750,"play_id":"193be7b7-ad0c-4b65-acb5-9d525ab23cea","local_time":"20210223201648","is_ascension_mode":false,"campfire_choices":[{"data":"sneckomod:SnekBite","floor":1,"key":"SMITH"},{"data":"sneckomod:UnendingSupply","floor":6,"key":"SMITH"},{"data":"sneckomod:Mudshield","floor":18,"key":"SMITH"},{"data":"sneckomod:MasterEye","floor":30,"key":"SMITH"},{"data":"sneckomod:Restock","floor":35,"key":"SMITH"},{"data":"expansioncontent:StudyTheSpire","floor":44,"key":"SMITH"},{"data":"Footwork","floor":47,"key":"SMITH"}],"circlet_count":0,"master_deck":["sneckomod:TailWhip","sneckomod:SnekBite+1","sneckomod:Unknown","sneckomod:DiceBlock","sneckomod:UnendingSupply+1","sneckomod:Restock+1","sneckomod:UnknownClassPURPLE","sneckomod:MasterEye+1","sneckomod:UnknownClassTHE_CHAMP_GRAY","sneckomod:Rotation","sneckomod:UnknownExhaust","Bandage Up+1","sneckomod:TrashToTreasure","sneckomod:Mudshield+1","Flame Barrier","sneckomod:UnknownColorless","sneckomod:UnknownColorless+1","bronze:Repulsor+1","sneckomod:Nope","Footwork+1","sneckomod:UnknownUncommonAttack+1","sneckomod:SerpentIdol","sneckomod:DiceBlock","DeusExMachina","sneckomod:SoulRoll+1","sneckomod:UnknownDraw","sneckomod:UnknownUncommonPower","expansioncontent:Chronoboost","expansioncontent:InvincibleStrength","expansioncontent:InvincibleStrength","sneckomod:PureSnecko","expansioncontent:StudyTheSpire+1","sneckomod:CheapStock","sneckomod:UnknownUncommonSkill","sneckomod:SlitherStrike+1","Sentinel","sneckomod:Rotation+1","sneckomod:PureSnecko+1","expansioncontent:AwakenDeath","Parasite","sneckomod:SnakeSap","sneckomod:UnknownCommonSkill"],"relics":["sneckomod:SuperSneckoSoul","Oddly Smooth Stone","Odd Mushroom","Anchor","sneckomod:LoadedDie","White Beast Statue","Tiny House","Strawberry","downfall:HeartBlessingBlue"],"acts_visited":["Exordium","TheCity","TheBeyond"],"potions_floor_usage":[9,16,20,28,28,33,33,37,39,40,45,46,48,49,50,50,50],"damage_taken":[{"damage":4,"enemies":"2 Louse","floor":2,"turns":4},{"damage":0,"enemies":"downfall:FleeingMerchant","floor":3,"turns":4},{"damage":8,"enemies":"downfall:FleeingMerchant","floor":5,"turns":4},{"damage":6,"enemies":"The Mushroom Lair","floor":8,"turns":5},{"damage":14,"enemies":"downfall:FleeingMerchant","floor":9,"turns":4},{"damage":1,"enemies":"Jaw Worm","floor":11,"turns":4},{"damage":9,"enemies":"3 Sentries","floor":13,"turns":7},{"damage":0,"enemies":"downfall:FleeingMerchant","floor":14,"turns":4},{"damage":0,"enemies":"Small Slimes","floor":15,"turns":4},{"damage":23,"enemies":"SI_SHIV_ARCHETYPE","floor":16,"turns":7},{"damage":5,"enemies":"Spheric Guardian","floor":19,"turns":5},{"damage":0,"enemies":"downfall:FleeingMerchant","floor":20,"turns":4},{"damage":26,"enemies":"3 Byrds","floor":23,"turns":7},{"damage":44,"enemies":"Sentry and Sphere","floor":25,"turns":8},{"damage":8,"enemies":"Centurion and Healer","floor":28,"turns":6},{"damage":0,"enemies":"3 Cultists","floor":31,"turns":7},{"damage":1,"enemies":"Snecko","floor":32,"turns":5},{"damage":28,"enemies":"WA_ARCHETYPE_CALM","floor":33,"turns":13},{"damage":3,"enemies":"Orb Walker","floor":36,"turns":4},{"damage":0,"enemies":"downfall:FleeingMerchant","floor":37,"turns":4},{"damage":0,"enemies":"downfall:FleeingMerchant","floor":39,"turns":3},{"damage":40,"enemies":"Nemesis","floor":40,"turns":11},{"damage":31,"enemies":"3 Shapes","floor":42,"turns":6},{"damage":10,"enemies":"Jaw Worm Horde","floor":45,"turns":5},{"damage":15,"enemies":"Sphere and 2 Shapes","floor":46,"turns":7},{"damage":16,"enemies":"Writhing Mass","floor":48,"turns":8},{"damage":14,"enemies":"3 Darklings","floor":49,"turns":6},{"damage":72,"enemies":"DF_ARCHETYPE_ORBS","floor":50,"turns":12}],"seed_played":"-5958305971380938265","potions_obtained":[{"floor":8,"key":"AttackPotion"},{"floor":11,"key":"Regen Potion"},{"floor":13,"key":"champ:CounterPotion"},{"floor":16,"key":"sneckomod:DiceRollPotion"},{"floor":25,"key":"GamblersBrew"},{"floor":28,"key":"DuplicationPotion"},{"floor":31,"key":"Guardian:BlockOnCardUsePotion"},{"floor":32,"key":"Dexterity Potion"},{"floor":33,"key":"CultistPotion"},{"floor":34,"key":"sneckomod:DiceRollPotion"},{"floor":37,"key":"Strength Potion"},{"floor":39,"key":"LiquidMemories"},{"floor":40,"key":"SteroidPotion"},{"floor":42,"key":"EssenceOfSteel"},{"floor":45,"key":"Guardian:BlockOnCardUsePotion"},{"floor":46,"key":"ColorlessPotion"},{"floor":48,"key":"SkillPotion"},{"floor":49,"key":"ColorlessPotion"}],"is_trial":false,"path_per_floor":["R","M","$","?","$","R","T","?","$","T","M","?","E","$","M","B",null,"R","M","$","?","?","M","T","M","?","?","M","?","R","M","M","B",null,"R","M","$","?","$","E","T","M","?","R","M","M","R","M","M","B",null],"character_chosen":"THE_SNECKO","items_purchased":["sneckomod:UnendingSupply","sneckomod:MasterEye","Bandage Up","sneckomod:UnknownUncommonPower","expansioncontent:StudyTheSpire","sneckomod:CheapStock"],"campfire_rested":0,"item_purchase_floors":[5,9,14,37,39,39],"current_hp_per_floor":[90,86,86,86,78,78,78,72,58,58,57,62,56,56,60,41,98,98,93,97,97,77,55,55,15,15,15,26,60,60,64,67,43,108,108,108,108,98,108,81,81,56,101,111,101,86,86,76,68,6],"gold":125,"neow_bonus":"REMOVE_TWO","is_daily":false,"chose_seed":false,"campfire_upgraded":7,"win_rate":0.0,"timestamp":1614122208,"path_taken":["R","M","$","?","$","R","T","?","?","?","M","?","E","?","M","BOSS","R","M","$","?","?","M","T","?","?","?","M","?","R","?","M","BOSS","R","M","$","?","$","E","T","M","?","R","M","M","R","M","M","BOSS"],"items_purchased_type":["Card","Card","Card","Card","Card","Card"],"build_version":"2020-12-22","purchased_purges":4,"victory":true,"max_hp_per_floor":[90,90,90,90,90,90,90,90,90,90,90,95,98,98,98,98,98,98,98,98,98,103,103,103,103,103,103,103,103,103,103,103,103,108,108,108,108,108,108,115,115,115,101,111,111,111,111,111,111,111],"card_choices":[{"not_picked":["sneckomod:UnknownCommonAttack","sneckomod:UnknownStrike"],"picked":"sneckomod:UnknownUncommonSkill","floor":2},{"not_picked":["sneckomod:UnknownClassHIEROPHANT_GOLD_COLOR","sneckomod:UnknownClassTHE_CURSED_PURPLE"],"picked":"sneckomod:DiceBlock","floor":3},{"not_picked":["sneckomod:UnknownClassTHE_BRONZE_AUTOMATON","sneckomod:UnknownClassTHE_CHAMP_GRAY"],"picked":"sneckomod:UnknownBlock","floor":5},{"not_picked":["sneckomod:UnknownClassGUARDIAN","sneckomod:DiceBlock"],"picked":"sneckomod:Restock","floor":8},{"not_picked":["sneckomod:IronFang","sneckomod:UnknownClassSLIMEBOUND"],"picked":"sneckomod:UnknownClassPURPLE","floor":9},{"not_picked":["sneckomod:UnknownClassHIEROPHANT_GOLD_COLOR","sneckomod:QuickBite"],"picked":"sneckomod:UnknownClassTHE_CHAMP_GRAY","floor":11},{"not_picked":["sneckomod:UnknownClassHIEROPHANT_GOLD_COLOR","sneckomod:DefensiveFlair"],"picked":"sneckomod:Rotation","floor":13},{"not_picked":["sneckomod:UnknownCommonAttack","sneckomod:DiceBlock"],"picked":"sneckomod:UnknownExhaust","floor":14},{"not_picked":["sneckomod:DangerNoodle","sneckomod:UnknownVulnerable"],"picked":"sneckomod:TrashToTreasure","floor":15},{"not_picked":["sneckomod:Cheat","sneckomod:Transmogrify"],"picked":"sneckomod:Mudshield","floor":16},{"not_picked":["sneckomod:UnknownBlock+1","sneckomod:WideSting"],"picked":"sneckomod:UnknownColorless","floor":19},{"not_picked":["sneckomod:SoulRoll","sneckomod:UnknownBlock"],"picked":"sneckomod:UnknownColorless+1","floor":20},{"not_picked":["sneckomod:QuickMove","sneckomod:UnknownClassTHE_BRONZE_AUTOMATON+1"],"picked":"sneckomod:Nope","floor":23},{"not_picked":["sneckomod:UnknownClassSLIMEBOUND","sneckomod:UnknownClassRED+1"],"picked":"sneckomod:UnknownBoss","floor":25},{"not_picked":["sneckomod:Nope","sneckomod:UnknownClassCHRONO_GOLD"],"picked":"sneckomod:UnknownUncommonPower","floor":28},{"not_picked":["sneckomod:UnknownClassTHE_BRONZE_AUTOMATON","sneckomod:UnknownClassSLIMEBOUND+1"],"picked":"sneckomod:UnknownUncommonAttack+1","floor":31},{"not_picked":["sneckomod:UnknownUncommonAttack","sneckomod:UnknownClassRED+1"],"picked":"sneckomod:SerpentIdol","floor":32},{"not_picked":["sneckomod:Cheat","sneckomod:SoulExchange"],"picked":"sneckomod:UnknownRareSkill","floor":33},{"not_picked":["sneckomod:UnknownBlock","sneckomod:UnknownClassHIEROPHANT_GOLD_COLOR+1"],"picked":"sneckomod:DiceBlock","floor":34},{"not_picked":["sneckomod:UnknownClassSLIMEBOUND","sneckomod:ImprovisedAttack"],"picked":"sneckomod:SoulRoll+1","floor":36},{"not_picked":["sneckomod:Unknown1Cost+1","sneckomod:UnknownClassGREEN"],"picked":"sneckomod:UnknownDraw","floor":37},{"not_picked":["expansioncontent:Hexaburn","expansioncontent:LastStand"],"picked":"expansioncontent:Chronoboost","floor":38},{"not_picked":["expansioncontent:Chronoboost","expansioncontent:PrepareCrush"],"picked":"expansioncontent:InvincibleStrength","floor":38},{"not_picked":["expansioncontent:LastStand","expansioncontent:Hexaburn"],"picked":"expansioncontent:InvincibleStrength","floor":38},{"not_picked":["sneckomod:UnknownClassGUARDIAN+1","sneckomod:UnknownStrength"],"picked":"sneckomod:PureSnecko","floor":39},{"not_picked":["sneckomod:UnknownVulnerable","sneckomod:DangerNoodle"],"picked":"sneckomod:UnknownUncommonSkill","floor":40},{"not_picked":["sneckomod:UnknownCommonSkill","sneckomod:UnknownCommonAttack+1"],"picked":"sneckomod:SlitherStrike+1","floor":42},{"not_picked":["sneckomod:SoulRoll","sneckomod:UnknownCommonAttack+1"],"picked":"sneckomod:Rotation+1","floor":45},{"not_picked":["sneckomod:SoulRoll","sneckomod:Unknown1Cost"],"picked":"sneckomod:PureSnecko+1","floor":46},{"not_picked":["sneckomod:UnknownClassGUARDIAN","sneckomod:SoulRoll"],"picked":"sneckomod:SnakeSap","floor":48},{"not_picked":["sneckomod:DiceBoulder","sneckomod:UnendingSupply"],"picked":"sneckomod:UnknownCommonSkill","floor":49}],"player_experience":565686,"relics_obtained":[{"floor":7,"key":"Oddly Smooth Stone"},{"floor":8,"key":"Odd Mushroom"},{"floor":10,"key":"Anchor"},{"floor":13,"key":"sneckomod:LoadedDie"},{"floor":24,"key":"White Beast Statue"},{"floor":40,"key":"Strawberry"}],"event_choices":[{"damage_healed":0,"gold_gain":0,"player_choice":"Fought Mushrooms","damage_taken":0,"max_hp_gain":0,"max_hp_loss":0,"event_name":"Mushrooms","floor":8,"gold_loss":0},{"damage_healed":0,"gold_gain":0,"player_choice":"Donut","damage_taken":0,"max_hp_gain":5,"max_hp_loss":0,"event_name":"Big Fish","floor":12,"gold_loss":0},{"cards_removed":["sneckomod:MasterEye"],"damage_healed":0,"gold_gain":0,"player_choice":"Take \u0026 Give","damage_taken":0,"max_hp_gain":0,"max_hp_loss":0,"event_name":"betterNote:BetterNote","floor":21,"gold_loss":0,"cards_obtained":["bronze:Repulsor"]},{"damage_healed":34,"gold_gain":0,"player_choice":"Heal","damage_taken":0,"max_hp_gain":0,"max_hp_loss":0,"event_name":"The Library","floor":29,"gold_loss":0}],"is_beta":false,"boss_relics":[{"not_picked":["sneckomod:SneckoBoss","Runic Dome"],"picked":"sneckomod:SuperSneckoSoul"},{"not_picked":["bronze:MakeshiftBattery","Astrolabe"],"picked":"Tiny House"}],"items_purged_floors":[9,20,37,39],"is_endless":false,"potions_floor_spawned":[8,11,13,16,25,28,31,32,33,36,37,39,40,42,45,46,48,49],"ascension_level":0}}