{"host":"ju1b3c4x8n2jtjm7","time":1614044187,"event":{"mods":["AchievementEnabler","BaseMod","Colored Map","Colored Powertips","Highlight Path","Minty Spire (QoL Compilation)","Quick Restart","Rare Cards Sparkle","Relic Stats","StSLib"],"gold_per_floor":[118,135,22,40,40,40,71,71,71,89,89,115,190,46,46,174,174,198,222,222,245,270,270,310,235,261,261,284,18,49,64,64,183,183,199,0,100,114,139,175,175,175,175,175,216,234,234,273,273,273],"floor_reached":51,"language":"ENG","playtime":3686,"items_purged":["Zap","Dualcast"],"score":1572,"play_id":"3f178f62-6d08-4072-9d10-cc8c6b1483c8","local_time":"20210223023627","is_ascension_mode":true,"campfire_choices":[{"data":"Streamline","floor":6.0,"key":"SMITH"},{"data":"Redo","floor":11.0,"key":"SMITH"},{"data":"Sweeping Beam","floor":15.0,"key":"SMITH"},{"data":"Defragment","floor":23.0,"key":"SMITH"},{"data":"Chill","floor":27.0,"key":"SMITH"},{"data":"Rainbow","floor":32.0,"key":"SMITH"},{"data":"Undo","floor":41,"key":"SMITH"},{"data":"Impatience","floor":44,"key":"SMITH"},{"data":"Multi-Cast","floor":49,"key":"SMITH"}],"circlet_count":0,"master_deck":["AscendersBane","CurseOfTheBell","Streamline+1","Undo+1","Fusion+1","Chill+1","Tempest","Redo+1","Sweeping Beam+1","Fission+1","Defragment+1","Leap","Multi-Cast+1","Electrodynamics","Self Repair","Capacitor","Electrodynamics","Cold Snap","Rainbow+1","Undo","Defragment+1","Impatience+1","Capacitor+1","Skim","Meteor Strike+1","Heatsinks+1","Go for the Eyes+1"],"relics":["Calling Bell","Blood Vial","Eternal Feather","Ice Cream","Golden Idol","Meat on the Bone","InkBottle","Odd Mushroom","Mummified Hand","Chemical X","Pandora\u0027s Box","Frozen Egg 2","PreservedInsect","Busted Crown","Bag of Preparation","Smiling Mask","Juzu Bracelet","Kunai","Shuriken","Omamori"],"acts_visited":["Exordium","TheCity","TheBeyond"],"potions_floor_usage":[],"damage_taken":[{"damage":10.0,"enemies":"Cultist","floor":1.0,"turns":4.0},{"damage":3.0,"enemies":"2 Louse","floor":2.0,"turns":3.0},{"damage":16.0,"enemies":"Small Slimes","floor":4.0,"turns":7.0},{"damage":5.0,"enemies":"Gremlin Nob","floor":7.0,"turns":3.0},{"damage":1.0,"enemies":"Looter","floor":10.0,"turns":4.0},{"damage":24.0,"enemies":"The Mushroom Lair","floor":12.0,"turns":5.0},{"damage":15.0,"enemies":"3 Sentries","floor":13.0,"turns":9.0},{"damage":0.0,"enemies":"Slime Boss","floor":16.0,"turns":4.0},{"damage":0.0,"enemies":"Spheric Guardian","floor":18.0,"turns":3.0},{"damage":3.0,"enemies":"Chosen","floor":19.0,"turns":4.0},{"damage":7.0,"enemies":"Centurion and Healer","floor":21.0,"turns":3.0},{"damage":0.0,"enemies":"3 Cultists","floor":22.0,"turns":2.0},{"damage":9.0,"enemies":"Slavers","floor":24.0,"turns":2.0},{"damage":9.0,"enemies":"Snake Plant","floor":28.0,"turns":3.0},{"damage":2.0,"enemies":"Book of Stabbing","floor":30.0,"turns":3.0},{"damage":2.0,"enemies":"Centurion and Healer","floor":31.0,"turns":3.0},{"damage":0.0,"enemies":"Automaton","floor":33.0,"turns":8.0},{"damage":0,"enemies":"3 Darklings","floor":35,"turns":2},{"damage":7,"enemies":"3 Shapes","floor":38,"turns":3},{"damage":0,"enemies":"Jaw Worm Horde","floor":39,"turns":1},{"damage":13,"enemies":"Nemesis","floor":40,"turns":5},{"damage":0,"enemies":"Reptomancer","floor":45,"turns":1},{"damage":0,"enemies":"Spire Growth","floor":46,"turns":2},{"damage":0,"enemies":"Nemesis","floor":48,"turns":3},{"damage":0,"enemies":"Awakened One","floor":50,"turns":4}],"seed_played":"1189270854705135208","potions_obtained":[{"floor":1.0,"key":"EssenceOfDarkness"},{"floor":7.0,"key":"EssenceOfDarkness"},{"floor":12.0,"key":"Explosive Potion"},{"floor":16.0,"key":"LiquidMemories"},{"floor":18.0,"key":"Block Potion"},{"floor":30.0,"key":"LiquidMemories"},{"floor":31.0,"key":"SteroidPotion"},{"floor":35,"key":"Block Potion"}],"is_trial":false,"path_per_floor":["M","M","$","M","?","R","E","?","T","M","R","?","?","$","R","B",null,"M","M","?","M","M","R","E","?","T","R","M","$","E","M","R","B",null,"M","$","?","M","M","E","R","?","T","R","E","M","?","E","R","B",null],"character_chosen":"DEFECT","items_purchased":["Fusion","Chemical X","Defragment+1","Impatience","Bag of Preparation","Compile Driver"],"campfire_rested":0,"item_purchase_floors":[3,14,29,29,36,36],"current_hp_per_floor":[60,59,59,45,45,54,51,51,51,52,61,39,38,38,47,49,64,69,69,69,69,69,69,60,60,60,69,67,67,69,69,69,69,69,69,69,69,69,69,63,69,69,69,69,69,69,69,69,69,69],"gold":273,"neow_bonus":"BOSS_RELIC","is_daily":false,"chose_seed":false,"campfire_upgraded":9,"win_rate":0.0,"timestamp":1614044187,"path_taken":["M","M","$","M","?","R","E","?","T","M","R","?","?","?","R","BOSS","M","M","?","?","M","R","E","?","T","R","M","$","E","M","R","BOSS","M","$","?","M","?","E","R","?","T","R","E","M","?","E","R","BOSS"],"items_purchased_type":["Card","Relic","Card","Card","Relic","Card"],"build_version":"2020-12-22","purchased_purges":2,"victory":true,"max_hp_per_floor":[75,75,75,75,69,69,69,69,69,69,69,69,69,69,69,69,69,69,69,69,69,69,69,69,69,69,69,69,69,69,69,69,69,69,69,69,69,69,69,69,69,69,69,69,69,69,69,69,69,69],"relic_stats":{"counters":[25,91],"Golden Idol":192,"Eternal Feather":42,"PreservedInsect":160,"Bag of Preparation":[14],"Juzu Bracelet":1,"Smiling Mask":0,"Blood Vial":20,"Busted Crown":14,"Mummified Hand":[161],"Shuriken":[7],"Pandora\u0027s Box":["Defragment","Leap","Gash","Multi-Cast","Electrodynamics","Self Repair","Capacitor","Electrodynamics"],"Chemical X":[36],"Kunai":[8],"obtain_stats":[{"Ice Cream":0,"Golden Idol":5,"Eternal Feather":0,"PreservedInsect":30,"Bag of Preparation":36,"Juzu Bracelet":42,"Omamori":48,"Odd Mushroom":12,"Frozen Egg 2":24,"Smiling Mask":40,"Calling Bell":0,"Blood Vial":0,"Busted Crown":34,"Mummified Hand":13,"Shuriken":45,"Pandora\u0027s Box":17,"Chemical X":14,"Kunai":43,"Cracked Core":0,"InkBottle":9,"Meat on the Bone":7},{"Ice Cream":0,"Golden Idol":3,"Eternal Feather":0,"PreservedInsect":15,"Bag of Preparation":18,"Juzu Bracelet":21,"Omamori":24,"Odd Mushroom":6,"Frozen Egg 2":13,"Smiling Mask":21,"Calling Bell":0,"Blood Vial":0,"Busted Crown":17,"Mummified Hand":7,"Shuriken":22,"Pandora\u0027s Box":8,"Chemical X":7,"Kunai":21,"Cracked Core":0,"InkBottle":4,"Meat on the Bone":4},{"Ice Cream":0,"Golden Idol":14,"Eternal Feather":0,"PreservedInsect":59,"Bag of Preparation":72,"Juzu Bracelet":81,"Omamori":87,"Odd Mushroom":26,"Frozen Egg 2":53,"Smiling Mask":81,"Calling Bell":0,"Blood Vial":0,"Busted Crown":70,"Mummified Hand":35,"Shuriken":82,"Pandora\u0027s Box":39,"Chemical X":35,"Kunai":81,"Cracked Core":0,"InkBottle":17,"Meat on the Bone":17}],"InkBottle":[41],"Meat on the Bone":12},"card_choices":[{"not_picked":["Beam Cell","Reinforced Body"],"picked":"Streamline","floor":1.0},{"not_picked":["Rebound","Steam"],"picked":"Undo","floor":2.0},{"not_picked":["Reprogram","Buffer"],"picked":"Chill","floor":4.0},{"not_picked":["Leap","Stack"],"picked":"Tempest","floor":7.0},{"not_picked":["Fusion","Hologram"],"picked":"Redo","floor":10.0},{"not_picked":["Stack","Compile Driver"],"picked":"Sweeping Beam","floor":12.0},{"not_picked":["Rainbow","Reboot"],"picked":"Fission","floor":16.0},{"not_picked":["Stack+1","Rebound+1"],"picked":"Cold Snap","floor":18.0},{"not_picked":["Hologram","Barrage","Sweeping Beam+1"],"picked":"SKIP","floor":19.0},{"not_picked":["Hologram","Streamline","Barrage"],"picked":"SKIP","floor":21.0},{"not_picked":["Ball Lightning+1","Conserve Battery"],"picked":"Rainbow","floor":22.0},{"not_picked":["Leap","Echo Form+1","Gash"],"picked":"SKIP","floor":24.0},{"not_picked":["Tempest","BootSequence"],"picked":"Undo","floor":28.0},{"not_picked":["BootSequence","Stack"],"picked":"Capacitor+1","floor":30.0},{"not_picked":["Streamline","Stack"],"picked":"Skim","floor":31.0},{"not_picked":["Seek","Biased Cognition+1"],"picked":"Meteor Strike","floor":33.0},{"not_picked":["Genetic Algorithm+1"],"picked":"SKIP","floor":35},{"not_picked":[],"picked":"Heatsinks+1","floor":38},{"not_picked":["Streamline"],"picked":"SKIP","floor":39},{"not_picked":["Cold Snap"],"picked":"SKIP","floor":40},{"not_picked":["Streamline"],"picked":"SKIP","floor":45},{"not_picked":["Redo+1"],"picked":"SKIP","floor":46},{"not_picked":[],"picked":"Go for the Eyes+1","floor":48}],"player_experience":479933,"relics_obtained":[{"floor":0.0,"key":"Blood Vial"},{"floor":0.0,"key":"Eternal Feather"},{"floor":0.0,"key":"Ice Cream"},{"floor":7.0,"key":"Meat on the Bone"},{"floor":9.0,"key":"InkBottle"},{"floor":12.0,"key":"Odd Mushroom"},{"floor":13.0,"key":"Mummified Hand"},{"floor":24.0,"key":"Frozen Egg 2"},{"floor":30.0,"key":"PreservedInsect"},{"floor":40,"key":"Smiling Mask"},{"floor":43,"key":"Kunai"},{"floor":45,"key":"Shuriken"},{"floor":48,"key":"Omamori"}],"event_choices":[{"damage_healed":0.0,"max_hp_gain":0.0,"max_hp_loss":6.0,"gold_gain":0.0,"event_name":"Golden Idol","player_choice":"Lose Max HP","floor":5.0,"gold_loss":0.0,"damage_taken":0.0,"relics_obtained":["Golden Idol"]},{"damage_healed":0.0,"max_hp_gain":0.0,"max_hp_loss":0.0,"gold_gain":0.0,"event_name":"Living Wall","player_choice":"Grow","floor":8.0,"gold_loss":0.0,"damage_taken":0.0,"cards_upgraded":["Fusion"]},{"damage_healed":0.0,"max_hp_gain":0.0,"max_hp_loss":0.0,"gold_gain":0.0,"event_name":"Mushrooms","player_choice":"Fought Mushrooms","floor":12.0,"gold_loss":0.0,"damage_taken":0.0},{"damage_healed":0.0,"max_hp_gain":0.0,"max_hp_loss":0.0,"gold_gain":0.0,"event_name":"Dead Adventurer","player_choice":"Searched \u00271\u0027 times","floor":13.0,"gold_loss":0.0,"damage_taken":0.0},{"damage_healed":0.0,"max_hp_gain":0.0,"max_hp_loss":0.0,"gold_gain":0.0,"event_name":"Upgrade Shrine","player_choice":"Upgraded","floor":20.0,"gold_loss":0.0,"damage_taken":0.0,"cards_upgraded":["Fission"]},{"cards_removed":["Gash"],"damage_healed":0.0,"max_hp_gain":0.0,"max_hp_loss":0.0,"gold_gain":0.0,"event_name":"Beggar","player_choice":"Gave Gold","floor":25.0,"gold_loss":75.0,"damage_taken":0.0},{"damage_healed":0,"gold_gain":100,"player_choice":"Pray","damage_taken":0,"max_hp_gain":0,"max_hp_loss":0,"event_name":"Golden Shrine","floor":37,"gold_loss":0},{"cards_removed":["Compile Driver"],"damage_healed":0,"gold_gain":0,"player_choice":"Gave Card","damage_taken":0,"relics_obtained":["Juzu Bracelet"],"max_hp_gain":0,"max_hp_loss":0,"event_name":"WeMeetAgain","floor":42,"gold_loss":0},{"damage_healed":0,"gold_gain":0,"player_choice":"Upgraded","damage_taken":0,"max_hp_gain":0,"max_hp_loss":0,"event_name":"Upgrade Shrine","floor":47,"gold_loss":0,"cards_upgraded":["Meteor Strike"]}],"is_beta":false,"boss_relics":[{"not_picked":["Tiny House","Nuclear Battery"],"picked":"Pandora\u0027s Box"},{"not_picked":["Black Star","SacredBark"],"picked":"Busted Crown"}],"items_purged_floors":[3,29],"is_endless":false,"potions_floor_spawned":[1,7,12,16,18,30,31,35,40,48],"ascension_level":11}}