{"host":"8vqkh0x3c7vpgzzm","time":1614101797,"event":{"mods":["AchievementEnabler","BaseMod","Colored Map","Colored Powertips","Curses Come First","DeckTracker","Highlight Path","Minty Spire (QoL Compilation)","Permanent Neow","Quick Restart","Random Character Mod","Rare Cards Sparkle","Relic Sorter","Relic Stats","StSLib","SuperFastMode","Unceasing Turn Reminder","egg","everything is the same but u backflip on backflip"],"gold_per_floor":[109,7,7,7,24,24,51,13,13,42,42,72,87,104,104,203,203,217,217,229,247,247,280,299,8,33,45,21,21,41,41,41,142,142,159,159,171,28,28,59,59,91,391,421,439,439,469,30,30,30],"floor_reached":51,"language":"ENG","playtime":2803,"items_purged":["Defend_B"],"score":1227,"play_id":"b13e0746-a5bc-4fd1-9944-2d63a90cc87e","local_time":"20210223183637","is_ascension_mode":true,"campfire_choices":[{"data":"Gash","floor":6,"key":"SMITH"},{"floor":11,"key":"REST"},{"data":"Hologram","floor":15,"key":"SMITH"},{"data":"Echo Form","floor":29,"key":"SMITH"},{"floor":32,"key":"REST"},{"data":"Coolheaded","floor":41,"key":"SMITH"},{"data":"Scrape","floor":46,"key":"SMITH"},{"data":"Sadistic Nature","floor":49,"key":"SMITH"}],"circlet_count":0,"master_deck":["AscendersBane","Strike_B+1","Strike_B+1","Defend_B","Defend_B","Zap+1","Dualcast+1","Scrape+1","Ball Lightning","Cold Snap","Gash+1","Go for the Eyes","FTL","Reboot+1","Echo Form+1","Coolheaded+1","Hologram+1","Biased Cognition","Beam Cell","Redo+1","Chill","Hologram+1","Beam Cell+1","Double Energy+1","Redo+1","Core Surge","BootSequence+1","Finesse+1","Hologram+1","Coolheaded+1","Stack+1","Gash+1","Sadistic Nature+1"],"relics":["Cracked Core","Bird Faced Urn","Art of War","DataDisk","Toy Ornithopter","Empty Cage","Toxic Egg 2","Centennial Puzzle","Bag of Preparation","PreservedInsect","Runic Pyramid","Lizard Tail","Meat on the Bone","Old Coin","Ice Cream","MawBank","Vajra"],"acts_visited":["Exordium","TheCity","TheBeyond"],"potions_floor_usage":[7,12,16,23,23,23,30,33,50,50],"damage_taken":[{"damage":4,"enemies":"Small Slimes","floor":1,"turns":3},{"damage":2,"enemies":"Jaw Worm","floor":5,"turns":2},{"damage":7,"enemies":"Lagavulin","floor":7,"turns":6},{"damage":21,"enemies":"Gremlin Nob","floor":10,"turns":4},{"damage":6,"enemies":"3 Sentries","floor":12,"turns":5},{"damage":0,"enemies":"Cultist","floor":13,"turns":2},{"damage":0,"enemies":"Large Slime","floor":14,"turns":3},{"damage":19,"enemies":"The Guardian","floor":16,"turns":11},{"damage":7,"enemies":"Chosen","floor":18,"turns":3},{"damage":2,"enemies":"Shell Parasite","floor":20,"turns":4},{"damage":20,"enemies":"Snake Plant","floor":21,"turns":4},{"damage":18,"enemies":"Book of Stabbing","floor":23,"turns":5},{"damage":1,"enemies":"Cultist and Chosen","floor":24,"turns":5},{"damage":10,"enemies":"Snecko","floor":27,"turns":3},{"damage":4,"enemies":"Snake Plant","floor":30,"turns":2},{"damage":42,"enemies":"Automaton","floor":33,"turns":9},{"damage":0,"enemies":"3 Darklings","floor":35,"turns":6},{"damage":0,"enemies":"3 Shapes","floor":37,"turns":3},{"damage":3,"enemies":"Nemesis","floor":40,"turns":5},{"damage":0,"enemies":"Giant Head","floor":42,"turns":6},{"damage":1,"enemies":"Reptomancer","floor":44,"turns":7},{"damage":0,"enemies":"Writhing Mass","floor":45,"turns":8},{"damage":11,"enemies":"Nemesis","floor":47,"turns":5},{"damage":16,"enemies":"Awakened One","floor":50,"turns":8}],"seed_played":"8265355904853734982","potions_obtained":[{"floor":1,"key":"SkillPotion"},{"floor":5,"key":"BlessingOfTheForge"},{"floor":13,"key":"Swift Potion"},{"floor":16,"key":"EntropicBrew"},{"floor":18,"key":"DuplicationPotion"},{"floor":19,"key":"CultistPotion"},{"floor":19,"key":"GamblersBrew"},{"floor":24,"key":"SmokeBomb"},{"floor":30,"key":"AttackPotion"},{"floor":33,"key":"SteroidPotion"},{"floor":35,"key":"Fire Potion"},{"floor":37,"key":"FearPotion"},{"floor":44,"key":"PotionOfCapacity"}],"is_trial":false,"path_per_floor":["M","$","?","?","M","R","E","$","T","E","R","E","M","M","R","B",null,"M","?","M","M","?","E","M","$","T","M","$","R","M","?","R","B",null,"M","$","M","$","?","E","R","E","T","E","M","R","E","$","R","B",null],"character_chosen":"DEFECT","items_purchased":["Ball Lightning","Cold Snap","FTL","Double Energy+1","Bag of Preparation","Redo+1","Finesse+1","Hologram+1","Sadistic Nature","Vajra","PotionOfCapacity","Strength Potion"],"campfire_rested":2,"item_purchase_floors":[2,2,8,25,25,28,38,38,48,48,48,48],"current_hp_per_floor":[64,64,49,49,47,47,40,40,40,19,41,35,37,37,37,25,63,58,58,58,40,40,39,42,42,42,34,34,34,37,37,59,26,63,67,67,69,69,69,68,68,74,74,75,75,75,68,68,68,65],"gold":30,"neow_bonus":"UPGRADE_CARD","is_daily":false,"chose_seed":false,"campfire_upgraded":6,"win_rate":0.0,"timestamp":1614101797,"path_taken":["M","$","?","?","?","R","E","$","T","E","R","E","M","M","R","BOSS","M","?","?","M","?","E","M","$","T","M","$","R","?","?","R","BOSS","M","?","?","$","?","E","R","E","T","E","M","R","E","?","R","BOSS"],"items_purchased_type":["Card","Card","Card","Card","Relic","Card","Card","Card","Card","Relic","Potion","Potion"],"build_version":"2020-12-22","purchased_purges":1,"victory":true,"max_hp_per_floor":[75,75,75,75,75,75,75,75,75,75,75,75,75,75,75,75,75,75,75,75,75,75,75,75,75,75,75,75,75,75,75,75,75,75,75,75,75,75,75,75,75,75,75,75,75,75,75,75,75,75],"relic_stats":{"Centennial Puzzle":[24],"Lizard Tail":0,"counters":[24,119],"Bird Faced Urn":[50],"PreservedInsect":291,"Art of War":[10],"Bag of Preparation":[22],"MawBank":12,"obtain_stats":[{"Ice Cream":44,"Vajra":48,"PreservedInsect":26,"Bag of Preparation":25,"Empty Cage":17,"MawBank":47,"Old Coin":43,"DataDisk":10,"Centennial Puzzle":23,"Lizard Tail":40,"Bird Faced Urn":7,"Art of War":9,"Toxic Egg 2":22,"Cracked Core":0,"Toy Ornithopter":12,"Runic Pyramid":34,"Meat on the Bone":42},{"Ice Cream":21,"Vajra":23,"PreservedInsect":13,"Bag of Preparation":13,"Empty Cage":8,"MawBank":23,"Old Coin":20,"DataDisk":4,"Centennial Puzzle":12,"Lizard Tail":19,"Bird Faced Urn":3,"Art of War":3,"Toxic Egg 2":11,"Cracked Core":0,"Toy Ornithopter":5,"Runic Pyramid":16,"Meat on the Bone":20},{"Ice Cream":98,"Vajra":111,"PreservedInsect":57,"Bag of Preparation":57,"Empty Cage":36,"MawBank":111,"Old Coin":91,"DataDisk":15,"Centennial Puzzle":52,"Lizard Tail":85,"Bird Faced Urn":11,"Art of War":11,"Toxic Egg 2":47,"Cracked Core":0,"Toy Ornithopter":20,"Runic Pyramid":71,"Meat on the Bone":91}],"Toy Ornithopter":37,"Meat on the Bone":0},"card_choices":[{"not_picked":["Double Energy","Turbo"],"picked":"Scrape","floor":1},{"not_picked":["Barrage","Turbo"],"picked":"Gash","floor":5},{"not_picked":["Hello World","Stack"],"picked":"Go for the Eyes","floor":7},{"not_picked":["Compile Driver","Leap"],"picked":"Reboot","floor":10},{"not_picked":["Steam Power","Chill"],"picked":"Echo Form","floor":12},{"not_picked":["Streamline","Aggregate"],"picked":"Coolheaded","floor":13},{"not_picked":["Compile Driver","Go for the Eyes"],"picked":"Hologram","floor":14},{"not_picked":["Thunder Strike","Meteor Strike"],"picked":"Biased Cognition","floor":16},{"not_picked":["Skim","Chaos"],"picked":"Beam Cell","floor":18},{"not_picked":["Barrage","Rebound"],"picked":"Redo+1","floor":20},{"not_picked":["Hologram","Go for the Eyes"],"picked":"Chill","floor":21},{"not_picked":["Force Field+1","Barrage+1"],"picked":"Hologram+1","floor":23},{"not_picked":["Thunder Strike","Leap+1"],"picked":"Beam Cell+1","floor":24},{"not_picked":["Force Field+1","Hologram+1","Melter"],"picked":"SKIP","floor":27},{"not_picked":["Rebound","Stack+1","Hologram+1"],"picked":"SKIP","floor":30},{"not_picked":["Amplify+1","Biased Cognition"],"picked":"Core Surge","floor":33},{"not_picked":["Compile Driver+1","Ball Lightning","Stack+1"],"picked":"SKIP","floor":35},{"not_picked":["Fusion+1","Defragment"],"picked":"BootSequence+1","floor":37},{"not_picked":["Chaos+1","Capacitor+1"],"picked":"Coolheaded+1","floor":40},{"not_picked":["Melter+1","Doom and Gloom+1","Static Discharge"],"picked":"SKIP","floor":42},{"not_picked":["Hologram+1","Rainbow+1"],"picked":"Stack+1","floor":44},{"not_picked":["Barrage","Steam+1"],"picked":"Gash+1","floor":45},{"not_picked":["Steam+1","Buffer","Turbo+1"],"picked":"SKIP","floor":47}],"player_experience":627740,"relics_obtained":[{"floor":7,"key":"Bird Faced Urn"},{"floor":9,"key":"Art of War"},{"floor":10,"key":"DataDisk"},{"floor":12,"key":"Toy Ornithopter"},{"floor":23,"key":"Centennial Puzzle"},{"floor":26,"key":"PreservedInsect"},{"floor":40,"key":"Lizard Tail"},{"floor":42,"key":"Meat on the Bone"},{"floor":43,"key":"Old Coin"},{"floor":44,"key":"Ice Cream"},{"floor":47,"key":"MawBank"}],"event_choices":[{"damage_healed":0,"gold_gain":0,"player_choice":"Entered Light","damage_taken":15,"max_hp_gain":0,"max_hp_loss":0,"event_name":"Shining Light","floor":3,"gold_loss":0,"cards_upgraded":["Strike_B","Strike_B"]},{"damage_healed":0,"gold_gain":0,"player_choice":"Forge","damage_taken":0,"max_hp_gain":0,"max_hp_loss":0,"event_name":"Accursed Blacksmith","floor":4,"gold_loss":0,"cards_upgraded":["Dualcast"]},{"damage_healed":0,"gold_gain":0,"player_choice":"Got Potions","damage_taken":0,"max_hp_gain":0,"max_hp_loss":0,"event_name":"Lab","floor":19,"gold_loss":0},{"damage_healed":0,"gold_gain":0,"player_choice":"Gave Potion","damage_taken":0,"relics_obtained":["Toxic Egg 2"],"max_hp_gain":0,"max_hp_loss":0,"event_name":"WeMeetAgain","floor":22,"gold_loss":0},{"cards_removed":["Defend_B"],"damage_healed":0,"gold_gain":0,"player_choice":"Purged","damage_taken":0,"max_hp_gain":0,"max_hp_loss":0,"event_name":"Purifier","floor":31,"gold_loss":0},{"damage_healed":0,"gold_gain":0,"player_choice":"Upgraded","damage_taken":0,"max_hp_gain":0,"max_hp_loss":0,"event_name":"Upgrade Shrine","floor":39,"gold_loss":0,"cards_upgraded":["Reboot"]}],"is_beta":false,"boss_relics":[{"not_picked":["Inserter","Cursed Key"],"picked":"Empty Cage"},{"not_picked":["SacredBark","Black Star"],"picked":"Runic Pyramid"}],"items_purged_floors":[25],"is_endless":false,"potions_floor_spawned":[1,5,13,16,18,24,30,33,35,37,44,45],"ascension_level":10}}