{"host":"o3b7ow6d1xe49css","time":1614085080,"event":{"mods":["Act Like it!","Aspiration","BaseMod","Bestiary","Better Altar","Better Match","Better Note","Better Sensory Stone","Better Skull","Better Third Choice","Colored Powertips","Conspire","Energized Spire","Force Act Four","GifTheSpireLib","Halation","Hermit","Hubris","Infinite Spire","Lobotomy","Minty Spire (QoL Compilation)","Quick Restart","Rare Cards Sparkle","Relic Filter Mod","Reliquary","Replay The Spire","Spicy Shops","Spikes Relics","StSLib","Stuff the Spire","The Blue Laboratory","The Jungle","Wandering Minibosses"],"gold_per_floor":[117,127,140,150,150,150,150],"floor_reached":6,"language":"ENG","playtime":161,"items_purged":[],"score":76,"play_id":"b615a1ec-20ca-4313-af69-7423be5980fd","local_time":"20210223035800","daily_mods":["Heirloom","Flight"],"is_ascension_mode":true,"campfire_choices":[],"circlet_count":0,"master_deck":["AscendersBane","Strike_P","Strike_P","Strike_P","Strike_P","Defend_P","Defend_P","Defend_P","Defend_P","Eruption","Vigilance","ThirdEye","Scorched","TalkToTheHand","Crescendo","UniverseFragment","CrushJoints"],"relics":["Cracked Core","Ring of Chaos","BicycleWheel","CogitoBucket","infinitespire:Cubic Diamond"],"acts_visited":["Exordium"],"potions_floor_usage":[6],"damage_taken":[{"damage":0,"enemies":"Cultist","floor":1,"turns":3},{"damage":0,"enemies":"Jaw Worm","floor":2,"turns":2},{"damage":7,"enemies":"2 Louse","floor":3,"turns":2},{"damage":0,"enemies":"Lots of Slimes","floor":4,"turns":1},{"damage":9,"enemies":"Replay:BlueRogue","floor":6,"turns":3}],"seed_played":"-836662743941533262","potions_obtained":[{"floor":1,"key":"blueLaboratory:ExaltedPotion"},{"floor":3,"key":"Toxic Potion"}],"is_trial":true,"path_per_floor":["M","M","M","M","?","E"],"character_chosen":"WATCHER","items_purchased":[],"campfire_rested":0,"item_purchase_floors":[],"current_hp_per_floor":[61,61,54,54,54,45,45],"gold":150,"neow_bonus":"","is_daily":false,"chose_seed":false,"campfire_upgraded":0,"win_rate":0.0,"timestamp":1614085080,"path_taken":["M","M","M","?","?","E"],"items_purchased_type":[],"build_version":"2020-12-22","purchased_purges":0,"victory":false,"max_hp_per_floor":[68,68,68,68,68,68,68],"card_choices":[{"not_picked":["Prostrate","EmptyBody"],"picked":"ThirdEye","floor":1},{"not_picked":["QueenOfHatred","WallGazer","CherryBlossoms"],"picked":"Singing Bowl","floor":1},{"not_picked":["PunishingBird","RedShoes"],"picked":"Scorched","floor":1},{"not_picked":["FlurryOfBlows","Crescendo"],"picked":"TalkToTheHand","floor":2},{"not_picked":["MeatLantern","PunishingBird","Bloodbath"],"picked":"Singing Bowl","floor":2},{"not_picked":["ReachHeaven","LikeWater"],"picked":"Crescendo","floor":3},{"not_picked":["PunishingBird","Murderer"],"picked":"UniverseFragment","floor":3},{"not_picked":["CarveReality","BowlingBash"],"picked":"CrushJoints","floor":4}],"player_experience":1472200,"relics_obtained":[],"event_choices":[],"is_beta":false,"boss_relics":[],"items_purged_floors":[],"is_endless":false,"potions_floor_spawned":[1,3],"killed_by":"Replay:BlueRogue","ascension_level":20}}