{"host":"0z6l31g9ps0v9zzp","time":1614094451,"event":{"mods":["100% Spire Juice","Act Like it!","BaseMod","CapriCore","Minty Spire (QoL Compilation)","MostiFishMod","StSLib"],"gold_per_floor":[109,120,170,12,24,24,58,20,46,61,71,103,103,142,22,108,108,118,118,143,143,143,172,200,233,233,245,287,82,32,56,56,134,14,14,14],"floor_reached":35,"language":"ZHS","playtime":1160,"items_purged":["Moonworks:Strike","Moonworks:Strike"],"score":1170,"play_id":"e790e4fd-9a3b-44fc-ad38-342ef706ff61","local_time":"20210223233411","daily_mods":["Heirloom"],"is_ascension_mode":true,"campfire_choices":[{"data":"Moonworks:JonathanRush","floor":6,"key":"SMITH"},{"data":"Moonworks:CloudOfSeagulls","floor":13,"key":"SMITH"},{"data":"Moonworks:CloudOfSeagulls","floor":15,"key":"SMITH"},{"data":"Moonworks:Accelerator","floor":32,"key":"SMITH"}],"circlet_count":0,"master_deck":["AscendersBane","Moonworks:Strike","Moonworks:Strike","Moonworks:Defend","Moonworks:Defend","Moonworks:Defend","Moonworks:Defend","Moonworks:Ambush","Moonworks:LongDistanceShot","Moonworks:JonathanRush+1","Moonworks:CloudOfSeagulls","Moonworks:NicePresent","Moonworks:TreasureThief","Moonworks:CloudOfSeagulls+1","Moonworks:CloudOfSeagulls+1","Moonworks:StarBlastingFuse","Moonworks:MiracleRedBeanIceCream","Moonworks:Accelerator+1","Moonworks:EvilSpyWorkPreparation+1","Moonworks:EvilSpyWorkPreparation"],"relics":["Moonworks:BrokenBomb","Moonworks:Homemark","DaveBox","PatriotShield","MostiFishMod:Haymaker","SynthV:TestCard","Membership Card","Nunchaku","Kunai","CeramicFish","Coffee Dripper","Shuriken","Ornamental Fan","Potion Belt","Girya","Dream Catcher","Transparent"],"acts_visited":["Exordium","TheCity","TheBeyond"],"potions_floor_usage":[23,23],"damage_taken":[{"damage":0,"enemies":"Jaw Worm","floor":1,"turns":1},{"damage":0,"enemies":"Cultist","floor":2,"turns":1},{"damage":0,"enemies":"2 Louse","floor":5,"turns":2},{"damage":0,"enemies":"Lagavulin","floor":7,"turns":2},{"damage":4,"enemies":"Red Slaver","floor":10,"turns":2},{"damage":0,"enemies":"2 Fungi Beasts","floor":11,"turns":1},{"damage":2,"enemies":"3 Sentries","floor":12,"turns":3},{"damage":2,"enemies":"Lagavulin","floor":14,"turns":2},{"damage":0,"enemies":"Slime Boss","floor":16,"turns":2},{"damage":1,"enemies":"2 Thieves","floor":18,"turns":2},{"damage":8,"enemies":"Spheric Guardian","floor":20,"turns":2},{"damage":4,"enemies":"Gremlin Leader","floor":23,"turns":4},{"damage":11,"enemies":"Shelled Parasite and Fungi","floor":24,"turns":2},{"damage":7,"enemies":"Book of Stabbing","floor":25,"turns":3},{"damage":0,"enemies":"Snake Plant","floor":27,"turns":3},{"damage":13,"enemies":"Gremlin Leader","floor":28,"turns":4},{"damage":4,"enemies":"Centurion and Healer","floor":31,"turns":2},{"damage":0,"enemies":"Automaton","floor":33,"turns":3},{"damage":55,"enemies":"3 Shapes","floor":35,"turns":2}],"seed_played":"-6662496734796446083","potions_obtained":[{"floor":2,"key":"SteroidPotion"},{"floor":11,"key":"SpeedPotion"},{"floor":19,"key":"BlessingOfTheForge"},{"floor":19,"key":"Block Potion"},{"floor":23,"key":"GamblersBrew"},{"floor":25,"key":"SneckoOil"},{"floor":31,"key":"SkillPotion"}],"is_trial":true,"path_per_floor":["M","M","?","$","M","R","E","$","T","M","M","E","R","E","R","B",null,"M","?","M","?","?","E","M","E","T","M","E","?","$","M","R","B",null,"M"],"character_chosen":"THE_STARBREAKER","items_purchased":["Membership Card"],"campfire_rested":0,"item_purchase_floors":[4],"current_hp_per_floor":[50,50,50,50,50,50,50,50,50,46,46,44,44,42,42,42,52,51,51,43,29,29,30,24,22,22,22,14,14,14,15,15,20,50,0,0],"gold":14,"neow_bonus":"","is_daily":false,"chose_seed":false,"campfire_upgraded":4,"win_rate":0.0,"timestamp":1614094451,"path_taken":["M","M","?","$","M","R","E","$","T","?","M","E","R","E","R","BOSS","M","?","?","?","?","E","M","E","T","M","E","?","$","M","R","BOSS","M"],"items_purchased_type":["Relic"],"build_version":"2020-12-22","purchased_purges":2,"victory":false,"max_hp_per_floor":[55,55,55,55,55,55,55,55,55,55,55,55,55,55,55,55,55,55,55,55,60,60,60,60,60,60,60,60,60,60,60,60,60,60,60,60],"card_choices":[{"not_picked":["Moonworks:ImOnFire","Moonworks:SakisCookie","Moonworks:DeployBits"],"picked":"SKIP","floor":1},{"not_picked":["Moonworks:BigMagnum","Moonworks:UnpaidWork","Moonworks:SakisCookie","Moonworks:DeployBits","Moonworks:EvilSpyWorkPreparation"],"picked":"SKIP","floor":2},{"not_picked":["Moonworks:Flamethrower","Moonworks:NicePresent","Moonworks:Wanted","Moonworks:BigMagnum"],"picked":"Moonworks:JonathanRush","floor":5},{"not_picked":["Moonworks:EvilSpyWorkPreparation","Moonworks:IndiscriminateFireSupport","Moonworks:ShieldCounter","Moonworks:AngelHand"],"picked":"Moonworks:CloudOfSeagulls","floor":7},{"not_picked":["Moonworks:UnpaidWork","Moonworks:ImOnFire","Moonworks:Poppoformation","Moonworks:Assault"],"picked":"Moonworks:NicePresent","floor":10},{"not_picked":["Moonworks:JonathanRush","Moonworks:Dash","Moonworks:TreasureThief","Moonworks:IndiscriminateFireSupport","Moonworks:LulusLuckyEgg"],"picked":"SKIP","floor":11},{"not_picked":["Moonworks:JonathanRush","Moonworks:Dash","Moonworks:IndiscriminateFireSupport","Moonworks:LulusLuckyEgg"],"picked":"Moonworks:TreasureThief","floor":11},{"not_picked":["Moonworks:Bloodlust","Moonworks:IndiscriminateFireSupport","Moonworks:SakisCookie","Moonworks:JonathanRush"],"picked":"Moonworks:CloudOfSeagulls","floor":12},{"not_picked":["Moonworks:EvilSpyWorkPreparation","Moonworks:SakisCookie","Moonworks:AngelHand","Moonworks:BeyondHell"],"picked":"Moonworks:CloudOfSeagulls","floor":14},{"not_picked":["Moonworks:MetallicMonocoque","Moonworks:ReflectiveShell","Moonworks:AccelHyper","Moonworks:Blazing"],"picked":"Moonworks:StarBlastingFuse","floor":16},{"not_picked":["Moonworks:LulusLuckyEgg","Moonworks:IntelligenceOfficer","Moonworks:RagingMadness","Moonworks:IndiscriminateFireSupport","Moonworks:ImOnFire+1"],"picked":"SKIP","floor":18},{"not_picked":["Moonworks:BigMagnum+1","Moonworks:Dinner","Moonworks:CloudOfSeagulls","Moonworks:Poppoformation"],"picked":"Moonworks:MiracleRedBeanIceCream","floor":20},{"not_picked":["Moonworks:SealedMemories","Moonworks:DeployBits","Moonworks:JonathanRush","Moonworks:ReproductionOfRecords","Moonworks:RedAndBlue"],"picked":"SKIP","floor":23},{"not_picked":["Moonworks:MiracleRedBeanIceCream","Moonworks:StiffCrystal","Moonworks:DeployBits","Moonworks:EvilSpyWorkPreparation"],"picked":"Moonworks:Accelerator","floor":24},{"not_picked":["Moonworks:CloudOfSeagulls","Moonworks:DeployBits","Moonworks:JonathanRush","Moonworks:LulusLuckyEgg","Moonworks:StiffCrystal"],"picked":"SKIP","floor":25},{"not_picked":["Moonworks:BigMagnum","Moonworks:CloudOfSeagulls","Moonworks:AngelHand","Moonworks:IndiscriminateFireSupport","Moonworks:MiracleRedBeanIceCream"],"picked":"SKIP","floor":27},{"not_picked":["Moonworks:SweetBattle","Moonworks:AnotherUltimateWeapon","Moonworks:IndiscriminateFireSupport+1","Moonworks:FinalSurgery"],"picked":"Moonworks:EvilSpyWorkPreparation+1","floor":28},{"not_picked":["Moonworks:DeployBits","Moonworks:LulusLuckyEgg+1","Moonworks:Flamethrower","Moonworks:WindyEnchantment"],"picked":"Moonworks:EvilSpyWorkPreparation","floor":31}],"player_experience":301455,"relics_obtained":[{"floor":1,"key":"SynthV:TestCard"},{"floor":7,"key":"Nunchaku"},{"floor":12,"key":"Kunai"},{"floor":14,"key":"CeramicFish"},{"floor":23,"key":"Shuriken"},{"floor":25,"key":"Ornamental Fan"},{"floor":26,"key":"Potion Belt"},{"floor":28,"key":"Girya"}],"event_choices":[{"damage_healed":0,"gold_gain":50,"player_choice":"Pray","damage_taken":0,"max_hp_gain":0,"max_hp_loss":0,"event_name":"Golden Shrine","floor":3,"gold_loss":0},{"damage_healed":0,"gold_gain":0,"player_choice":"Got Potions","damage_taken":0,"max_hp_gain":0,"max_hp_loss":0,"event_name":"Lab","floor":19,"gold_loss":0},{"damage_healed":0,"gold_gain":0,"player_choice":"Shed Blood","damage_taken":19,"max_hp_gain":5,"max_hp_loss":0,"event_name":"Forgotten Altar","floor":21,"gold_loss":0},{"damage_healed":0,"gold_gain":0,"player_choice":"Ignored","damage_taken":0,"max_hp_gain":0,"max_hp_loss":0,"event_name":"Ghosts","floor":22,"gold_loss":0},{"damage_healed":0,"gold_gain":0,"player_choice":"Obtained Relic","damage_taken":0,"relics_obtained":["Dream Catcher"],"max_hp_gain":0,"max_hp_loss":0,"event_name":"Addict","floor":29,"gold_loss":85}],"is_beta":false,"boss_relics":[{"not_picked":["Astrolabe","Velvet Choker"],"picked":"Coffee Dripper"},{"not_picked":["xbg","Empty Cage"],"picked":"Transparent"}],"items_purged_floors":[8,30],"is_endless":false,"potions_floor_spawned":[2,11,12,14,16,18,20,23,25,31],"killed_by":"3 Shapes","ascension_level":20}}