{"host":"jngeqill3bw7azzz","time":1614116177,"event":{"mods":["BaseMod","Highlight Path","Minty Spire (QoL Compilation)","Permanent Neow","Relic Stats"],"gold_per_floor":[111,129,145,145,158,158,168,168,168,206,183,212,251,274,286,375,375],"floor_reached":16,"language":"ENG","playtime":817,"items_purged":[],"score":328,"play_id":"b8497db4-453a-49ad-95ee-fe4f908bcadf","local_time":"20210223163617","is_ascension_mode":true,"campfire_choices":[{"data":"Metamorphosis","floor":6,"key":"SMITH"},{"data":"Bash","floor":8,"key":"SMITH"},{"data":"Carnage","floor":15,"key":"SMITH"}],"circlet_count":0,"master_deck":["AscendersBane","Strike_R","Strike_R","Strike_R","Strike_R","Strike_R","Defend_R","Defend_R","Defend_R","Defend_R","Bash+1","Metamorphosis+1","Rage","Fire Breathing","Dual Wield","Intimidate","Carnage+1","Feel No Pain","Shrug It Off"],"relics":["Burning Blood","Bronze Scales","MawBank","Mercury Hourglass","StrikeDummy"],"acts_visited":["Exordium"],"potions_floor_usage":[11,13],"damage_taken":[{"damage":4,"enemies":"2 Louse","floor":1,"turns":3},{"damage":7,"enemies":"Jaw Worm","floor":2,"turns":2},{"damage":0,"enemies":"Small Slimes","floor":3,"turns":3},{"damage":7,"enemies":"3 Louse","floor":5,"turns":3},{"damage":19,"enemies":"Exordium Thugs","floor":7,"turns":4},{"damage":36,"enemies":"Gremlin Nob","floor":10,"turns":4},{"damage":10,"enemies":"2 Fungi Beasts","floor":12,"turns":4},{"damage":25,"enemies":"Lagavulin","floor":13,"turns":5},{"damage":3,"enemies":"Exordium Wildlife","floor":14,"turns":4},{"damage":7,"enemies":"Hexaghost","floor":16,"turns":7}],"seed_played":"659910984754042806","potions_obtained":[{"floor":3,"key":"FearPotion"},{"floor":5,"key":"DuplicationPotion"},{"floor":7,"key":"Fruit Juice"},{"floor":12,"key":"BloodPotion"},{"floor":13,"key":"ColorlessPotion"},{"floor":16,"key":"PowerPotion"}],"is_trial":false,"path_per_floor":["M","M","M","?","M","R","M","R","T","E","?","M","E","M","R","B"],"character_chosen":"IRONCLAD","items_purchased":[],"campfire_rested":0,"item_purchase_floors":[],"current_hp_per_floor":[52,51,57,52,51,51,38,38,38,8,31,27,24,27,27,26,26],"gold":375,"neow_bonus":"RANDOM_COLORLESS_2","is_daily":false,"chose_seed":false,"campfire_upgraded":3,"win_rate":0.0,"timestamp":1614116177,"path_taken":["M","M","M","?","M","R","M","R","T","E","?","M","E","M","R","BOSS"],"items_purchased_type":[],"build_version":"2020-12-22","purchased_purges":0,"victory":false,"max_hp_per_floor":[75,75,75,75,75,75,75,75,75,75,80,80,80,80,80,80,80],"relic_stats":{"counters":[10,38],"Bronze Scales":[81],"MawBank":84,"obtain_stats":[{"Bronze Scales":4,"MawBank":9,"StrikeDummy":13,"Burning Blood":0,"Mercury Hourglass":10},{"Bronze Scales":3,"MawBank":5,"StrikeDummy":8,"Burning Blood":0,"Mercury Hourglass":6},{"Bronze Scales":8,"MawBank":15,"StrikeDummy":27,"Burning Blood":0,"Mercury Hourglass":19}],"Burning Blood":60,"Mercury Hourglass":[63]},"card_choices":[{"not_picked":["Panache","Chrysalis"],"picked":"Metamorphosis","floor":0},{"not_picked":["Heavy Blade","Body Slam"],"picked":"Rage","floor":1},{"not_picked":["Flex","Clothesline","Dropkick"],"picked":"SKIP","floor":2},{"not_picked":["Blood for Blood","Clothesline"],"picked":"Fire Breathing","floor":3},{"not_picked":["Evolve","Flame Barrier"],"picked":"Dual Wield","floor":5},{"not_picked":["Flex","Rupture"],"picked":"Intimidate","floor":7},{"not_picked":["Cleave","Pummel"],"picked":"Carnage","floor":10},{"not_picked":["Second Wind","Whirlwind","Infernal Blade"],"picked":"SKIP","floor":12},{"not_picked":["Double Tap","Combust"],"picked":"Feel No Pain","floor":13},{"not_picked":["Wild Strike","Inflame"],"picked":"Shrug It Off","floor":14}],"player_experience":2691405,"relics_obtained":[{"floor":9,"key":"MawBank"},{"floor":10,"key":"Mercury Hourglass"},{"floor":13,"key":"StrikeDummy"}],"event_choices":[{"damage_healed":0,"gold_gain":0,"player_choice":"Success","damage_taken":5,"relics_obtained":["Bronze Scales"],"max_hp_gain":0,"max_hp_loss":0,"event_name":"Scrap Ooze","floor":4,"gold_loss":0},{"damage_healed":18,"gold_gain":0,"player_choice":"Healed","damage_taken":0,"max_hp_gain":0,"max_hp_loss":0,"event_name":"The Cleric","floor":11,"gold_loss":35}],"is_beta":false,"boss_relics":[],"items_purged_floors":[],"is_endless":false,"potions_floor_spawned":[3,5,7,12,13,16],"killed_by":"Hexaghost","ascension_level":20}}