{"host":"i45hfqkcke4zequp","time":1614085005,"event":{"mods":["AchievementEnabler","BaseMod","BetterRewards","Minty Spire (QoL Compilation)","Permanent Neow","Shop Mod","SuperFastMode"],"gold_per_floor":[112,112,127,82,82,82,108,108,185,204,221,231,231,575,575,673,673,698,698,736,835,851,851,444,483,483,524,246,246,246,286,286,286,286],"floor_reached":33,"language":"KOR","playtime":1626,"items_purged":[],"score":477,"play_id":"c49d7ca1-2ac2-4083-a101-51c45409e8e2","local_time":"20210223215645","is_ascension_mode":true,"campfire_choices":[{"data":"Blade Dance","floor":6.0,"key":"SMITH"},{"floor":8.0,"key":"REST"},{"floor":15.0,"key":"REST"},{"data":"Distraction","floor":23.0,"key":"SMITH"},{"floor":32,"key":"REST"}],"circlet_count":0,"master_deck":["AscendersBane","Strike_G","Strike_G","Strike_G","Strike_G","Strike_G","Defend_G","Defend_G","Defend_G","Defend_G","Defend_G","Survivor","Neutralize","Masterful Stab","Dagger Spray","Blade Dance+1","Underhanded Strike","Distraction+1","Sucker Punch","Masterful Stab","Injury","Dagger Spray","Burst","Blade Dance","Footwork","Dagger Throw","Accuracy+1","Finisher","Backstab","Cloak And Dagger","Night Terror","Dagger Spray","Deflect"],"relics":["WristBlade","Potion Belt","Eternal Feather","Golden Idol","Old Coin","Red Mask","Bag of Marbles","MerchantsRug","Ancient Tea Set","Tough Bandages","Bronze Scales","Enchiridion","Omamori"],"acts_visited":["Exordium","TheCity"],"potions_floor_usage":[31],"damage_taken":[{"damage":6.0,"enemies":"Jaw Worm","floor":1.0,"turns":4.0},{"damage":6.0,"enemies":"Cultist","floor":3.0,"turns":3.0},{"damage":23.0,"enemies":"Lagavulin","floor":7.0,"turns":6.0},{"damage":0.0,"enemies":"2 Louse","floor":10.0,"turns":2.0},{"damage":0.0,"enemies":"2 Fungi Beasts","floor":11.0,"turns":2.0},{"damage":0.0,"enemies":"Blue Slaver","floor":12.0,"turns":2.0},{"damage":13.0,"enemies":"Gremlin Nob","floor":14.0,"turns":4.0},{"damage":64.0,"enemies":"Hexaghost","floor":16.0,"turns":11.0},{"damage":17.0,"enemies":"Shell Parasite","floor":18.0,"turns":5.0},{"damage":0.0,"enemies":"Masked Bandits","floor":20.0,"turns":2.0},{"damage":0.0,"enemies":"3 Byrds","floor":22.0,"turns":4.0},{"damage":25.0,"enemies":"Gremlin Leader","floor":25.0,"turns":4.0},{"damage":18,"enemies":"Book of Stabbing","floor":31,"turns":4},{"damage":100,"enemies":"Automaton","floor":33,"turns":6}],"seed_played":"8765970738337464122","potions_obtained":[{"floor":1.0,"key":"Block Potion"},{"floor":3.0,"key":"Swift Potion"},{"floor":5.0,"key":"Fire Potion"},{"floor":14.0,"key":"CunningPotion"},{"floor":18.0,"key":"Dexterity Potion"},{"floor":22.0,"key":"SkillPotion"}],"is_trial":false,"path_per_floor":["M","?","M","$","?","R","E","R","T","M","M","M","?","E","R","B",null,"M","?","?","?","M","R","$","E","T","$","$","?","?","E","R","B"],"character_chosen":"THE_SILENT","items_purchased":["Blade Dance","Bag of Marbles","Accuracy","MerchantsRug","Finisher","Cloak And Dagger","BlessingOfTheForge","Night Terror","Bronze Scales","Dagger Spray"],"campfire_rested":3,"item_purchase_floors":[4,24,24,24,24,27,27,28,28,28],"current_hp_per_floor":[57,57,51,51,51,51,28,49,49,49,49,49,49,36,69,5,54,37,60,60,60,60,70,70,45,45,45,45,29,29,11,50,0,0],"gold":286,"neow_bonus":"BOSS_RELIC","is_daily":false,"chose_seed":false,"campfire_upgraded":2,"win_rate":0.0,"timestamp":1614085005,"path_taken":["M","?","M","$","?","R","E","R","T","M","M","?","?","E","R","BOSS","M","?","?","?","M","R","$","E","T","?","$","?","?","E","R","BOSS"],"items_purchased_type":["Card","Relic","Card","Relic","Card","Card","Potion","Card","Relic","Card"],"build_version":"2020-12-22","purchased_purges":0,"victory":false,"max_hp_per_floor":[70,70,70,70,70,70,70,70,70,70,70,70,70,70,70,70,70,70,70,70,70,70,70,70,70,70,70,70,70,70,70,70,70,70],"card_choices":[{"not_picked":["PiercingWail","Heel Hook"],"picked":"Masterful Stab","floor":1.0},{"not_picked":["Acrobatics","Dodge and Roll"],"picked":"Dagger Spray","floor":3.0},{"not_picked":["Dodge and Roll","Predator"],"picked":"Underhanded Strike","floor":7.0},{"not_picked":["Flying Knee","Expertise"],"picked":"Distraction","floor":10.0},{"not_picked":["Tactician","Well Laid Plans"],"picked":"Sucker Punch","floor":11.0},{"not_picked":["Corpse Explosion","PiercingWail"],"picked":"Masterful Stab","floor":12.0},{"not_picked":["Concentrate","Noxious Fumes"],"picked":"Dagger Spray","floor":14.0},{"not_picked":["Wraith Form v2","Doppelganger"],"picked":"Burst","floor":16.0},{"not_picked":["Slice","Dash"],"picked":"Blade Dance","floor":18.0},{"not_picked":["Poisoned Stab","Heel Hook"],"picked":"Footwork","floor":20.0},{"not_picked":["Deflect","Setup"],"picked":"Dagger Throw","floor":22.0},{"not_picked":["Concentrate","Dash"],"picked":"Backstab","floor":25.0},{"not_picked":["Poisoned Stab","Bouncing Flask"],"picked":"Deflect","floor":31}],"player_experience":601384,"relics_obtained":[{"floor":7.0,"key":"Potion Belt"},{"floor":9.0,"key":"Eternal Feather"},{"floor":14.0,"key":"Old Coin"},{"floor":20.0,"key":"Red Mask"},{"floor":25.0,"key":"Ancient Tea Set"},{"floor":26.0,"key":"Tough Bandages"},{"floor":29.0,"key":"Enchiridion"},{"floor":31,"key":"Omamori"}],"event_choices":[{"damage_healed":0.0,"max_hp_gain":0.0,"max_hp_loss":0.0,"gold_gain":0.0,"event_name":"Scrap Ooze","player_choice":"Fled","floor":2.0,"gold_loss":0.0,"damage_taken":0.0},{"damage_healed":0.0,"max_hp_gain":0.0,"max_hp_loss":0.0,"gold_gain":0.0,"event_name":"Lab","player_choice":"Got Potions","floor":5.0,"gold_loss":0.0,"damage_taken":0.0},{"damage_healed":0.0,"max_hp_gain":0.0,"max_hp_loss":0.0,"gold_gain":0.0,"event_name":"Golden Idol","player_choice":"Take Wound","floor":13.0,"gold_loss":0.0,"damage_taken":0.0,"relics_obtained":["Golden Idol"],"cards_obtained":["Injury"]},{"damage_healed":23.0,"max_hp_gain":0.0,"max_hp_loss":0.0,"gold_gain":0.0,"event_name":"The Library","player_choice":"Heal","floor":19.0,"gold_loss":0.0,"damage_taken":0.0},{"damage_healed":0.0,"max_hp_gain":0.0,"max_hp_loss":0.0,"gold_gain":0.0,"event_name":"Masked Bandits","player_choice":"Fought Bandits","floor":20.0,"gold_loss":0.0,"damage_taken":0.0},{"damage_healed":0.0,"max_hp_gain":0.0,"max_hp_loss":0.0,"gold_gain":99.0,"event_name":"Nest","player_choice":"Stole From Cult","floor":21.0,"gold_loss":0.0,"damage_taken":0.0},{"damage_healed":0.0,"max_hp_gain":0.0,"max_hp_loss":0.0,"gold_gain":0.0,"event_name":"Cursed Tome","player_choice":"Obtained Book","floor":29.0,"gold_loss":0.0,"damage_taken":16.0},{"damage_healed":0.0,"max_hp_gain":0.0,"max_hp_loss":0.0,"gold_gain":0.0,"event_name":"Upgrade Shrine","player_choice":"Upgraded","floor":30.0,"gold_loss":0.0,"damage_taken":0.0,"cards_upgraded":["Accuracy"]}],"is_beta":false,"boss_relics":[{"not_picked":["Coffee Dripper","Runic Dome"],"picked":"Snecko Eye"}],"items_purged_floors":[],"is_endless":false,"potions_floor_spawned":[1,3,14,18,22],"killed_by":"Automaton","ascension_level":13}}