{"host":"gf5stwjue315gxui","time":1614055360,"event":{"mods":["BaseMod","Downfall","Minty Spire (QoL Compilation)","Replay The Spire","StSLib","The Cursed","The Necromancer","The Servant 0.9.4"],"gold_per_floor":[174,193,193,193,218,243,311,331,331,390,447,349,349,383,444,592,592,592,610,627,49,149,209,233,252,262,262,262,272,272,272,286,286,286,286],"floor_reached":33,"language":"ENG","playtime":5508,"items_purged":["Slimebound:Defend_Slimebound"],"score":345,"play_id":"32691e83-e767-45df-9bd2-4991ab667713","local_time":"20210222204240","is_ascension_mode":false,"campfire_choices":[{"floor":9,"key":"REST"},{"floor":18,"key":"DIG"},{"floor":30,"key":"REST"}],"circlet_count":0,"master_deck":["Slimebound:Strike_Slimebound","Slimebound:Strike_Slimebound","Slimebound:Strike_Slimebound","Slimebound:Tackle","Slimebound:Defend_Slimebound","Slimebound:Defend_Slimebound","Slimebound:Defend_Slimebound","Slimebound:Split","Slimebound:CorrosiveSpit","Slimebound:LevelUp","CommonCold","Slimebound:MegaLick","Slimebound:SlimeBarrage","Slimebound:Schlurp","Slimebound:SplitBruiser","Slimebound:LivingWall","Slimebound:ProtectTheBoss","Slimebound:HauntingLick","Swift Strike","Slimebound:MegaLick","Slimebound:MassRepurpose","Slimebound:OozeBath","Slimebound:SplitMire","Slimebound:AcidTongue","Slimebound:AcidTongue","Slimebound:SplitLeeching","Slimebound:LeadByExample","Slimebound:ViciousTackle","Dramatic Entrance","expansioncontent:QuickStudy","Slimebound:Schlurp+1","Slimebound:LeechingTouch","Necronomicurse","Slimebound:Replication","Slimebound:SlimeBarrage+1"],"relics":["Slimebound:AbsorbEndCombat","ReplayTheSpireMod:Ring of Challenge","Mango","Tiny Chest","Runic Pyramid","Du-Vu Doll","Golden Egg","Replay:Wax Seal","Pear","Necronomicon","Mercury Hourglass"],"acts_visited":["Exordium","TheCity"],"potions_floor_usage":[23,26,33,33],"damage_taken":[{"damage":9,"enemies":"2 Louse","floor":2,"turns":3},{"damage":6,"enemies":"Small Slimes","floor":5,"turns":3},{"damage":13,"enemies":"Jaw Worm","floor":6,"turns":5},{"damage":46,"enemies":"Gremlin Gang","floor":8,"turns":4},{"damage":22,"enemies":"Red Slaver","floor":10,"turns":6},{"damage":8,"enemies":"downfall:LooterAlt","floor":11,"turns":4},{"damage":0,"enemies":"downfall:FleeingMerchant","floor":12,"turns":4},{"damage":3,"enemies":"Large Slime","floor":14,"turns":4},{"damage":6,"enemies":"Blue Slaver","floor":15,"turns":4},{"damage":22,"enemies":"SI_SHIV_ARCHETYPE","floor":16,"turns":10},{"damage":33,"enemies":"downfall:LooterAlt2","floor":19,"turns":5},{"damage":3,"enemies":"Chosen","floor":20,"turns":4},{"damage":3,"enemies":"downfall:FleeingMerchant","floor":21,"turns":4},{"damage":52,"enemies":"Shelled Parasite and Fungi","floor":23,"turns":5},{"damage":21,"enemies":"Snake Plant","floor":25,"turns":2},{"damage":6,"enemies":"Centurion and Healer","floor":26,"turns":7},{"damage":0,"enemies":"Cultist and Chosen","floor":29,"turns":3},{"damage":16,"enemies":"3 Cultists","floor":32,"turns":5},{"damage":47,"enemies":"WA_ARCHETYPE_CALM","floor":33,"turns":5}],"seed_played":"3804932006091678519","potions_obtained":[{"floor":10,"key":"Doom Potion"},{"floor":11,"key":"Elixir"},{"floor":25,"key":"Explosive Potion"},{"floor":29,"key":"Slimebound:SlimedPotion"}],"is_trial":false,"path_per_floor":["R","M","?","?","M","M","T","M","R","M","M","$","T","M","M","B",null,"R","M","M","$","?","M","T","M","M","T","?","M","R","T","M","B"],"character_chosen":"SLIMEBOUND","items_purchased":["Slimebound:HauntingLick","Swift Strike","Slimebound:SplitLeeching","Slimebound:LeadByExample","Slimebound:ViciousTackle","Dramatic Entrance","expansioncontent:QuickStudy","Regen Potion"],"campfire_rested":2,"item_purchase_floors":[12,12,21,21,21,21,21,21],"current_hp_per_floor":[71,64,64,64,62,53,53,13,34,20,14,18,32,31,31,17,85,85,58,63,64,64,30,30,13,15,25,9,17,45,45,37,0,0,0],"gold":286,"neow_bonus":"TEN_PERCENT_HP_BONUS","is_daily":false,"chose_seed":false,"campfire_upgraded":0,"win_rate":0.0,"timestamp":1614055360,"path_taken":["R","M","?","?","M","M","T","M","R","M","M","$","?","M","M","BOSS","R","M","?","$","?","M","T","M","?","?","?","M","R","?","M","BOSS"],"items_purchased_type":["Card","Card","Card","Card","Card","Card","Card","Potion"],"build_version":"2020-12-22","purchased_purges":1,"victory":false,"max_hp_per_floor":[71,71,71,71,71,71,71,71,71,71,71,71,85,85,85,85,85,85,85,85,85,85,85,85,85,85,95,95,95,95,95,95,95,95,95],"card_choices":[{"not_picked":["Slimebound:Replication","Slimebound:Dissolve"],"picked":"Slimebound:LevelUp","floor":2},{"not_picked":["Slimebound:LeechEnergy","Slimebound:RainOfGoop"],"picked":"Slimebound:MegaLick","floor":5},{"not_picked":["Slimebound:LeechEnergy","Slimebound:GoopTackle"],"picked":"Slimebound:SlimeBarrage","floor":6},{"not_picked":["Slimebound:Prepare","Slimebound:FinishingTackle"],"picked":"Slimebound:Schlurp","floor":8},{"not_picked":["Slimebound:HauntingLick","Slimebound:Grow"],"picked":"Slimebound:SplitBruiser","floor":10},{"not_picked":["Slimebound:Prepare","Slimebound:LeadByExample"],"picked":"Slimebound:LivingWall","floor":11},{"not_picked":["Slimebound:SplitAcid","Slimebound:ComboTackle"],"picked":"Slimebound:ProtectTheBoss","floor":12},{"not_picked":["Slimebound:Prepare","Slimebound:LeechEnergy"],"picked":"Slimebound:MegaLick","floor":14},{"not_picked":["Slimebound:GoopTackle","Slimebound:HauntingLick"],"picked":"Slimebound:MassRepurpose","floor":15},{"not_picked":["Slimebound:MassRepurpose","Slimebound:OneTwoCombo"],"picked":"Slimebound:OozeBath","floor":16},{"not_picked":["Slimebound:FlameTackle+1","Slimebound:GrowthPunch"],"picked":"Slimebound:SplitMire","floor":19},{"not_picked":["Slimebound:ProtectTheBoss","Slimebound:Prepare"],"picked":"Slimebound:AcidTongue","floor":20},{"not_picked":["Slimebound:Prepare","Slimebound:GoopSpray"],"picked":"Slimebound:AcidTongue","floor":21},{"not_picked":["Slimebound:ItLooksTasty","Slimebound:Chomp"],"picked":"Slimebound:Schlurp+1","floor":23},{"not_picked":["Slimebound:ProtectTheBoss","Slimebound:OneTwoCombo"],"picked":"Slimebound:LeechingTouch","floor":25},{"not_picked":["Slimebound:TongueLash+1","Slimebound:ItLooksTasty","Slimebound:LeechEnergy"],"picked":"SKIP","floor":26},{"not_picked":["Slimebound:RollThrough","Slimebound:FinishingTackle"],"picked":"Slimebound:Replication","floor":29},{"not_picked":["Slimebound:SlimeSpikes+1","Slimebound:LevelUp"],"picked":"Slimebound:SlimeBarrage+1","floor":32}],"player_experience":62836,"relics_obtained":[{"floor":3,"key":"ReplayTheSpireMod:Ring of Challenge"},{"floor":13,"key":"Mango"},{"floor":14,"key":"Tiny Chest"},{"floor":18,"key":"Du-Vu Doll"},{"floor":23,"key":"Golden Egg"},{"floor":24,"key":"Replay:Wax Seal"},{"floor":27,"key":"Pear"},{"floor":28,"key":"Necronomicon"},{"floor":31,"key":"Mercury Hourglass"}],"event_choices":[],"is_beta":false,"boss_relics":[{"not_picked":["Velvet Choker","Kintsugi"],"picked":"Runic Pyramid"}],"items_purged_floors":[21],"is_endless":false,"potions_floor_spawned":[2,10,11,25,29],"killed_by":"WA_ARCHETYPE_CALM","ascension_level":0}}