{"host":"f8toxsj3bk02pkeu","time":1614098362,"event":{"mods":["BaseMod","Minty Spire (QoL Compilation)","Permanent Neow","Quick Restart","StSLib","SuperFastMode"],"gold_per_floor":[109,109,89,107,107,107,143,143,143,177,26,44,57,72,72,72,72],"floor_reached":16,"language":"ENG","playtime":265,"items_purged":[],"score":270,"play_id":"bb5741ff-326a-4587-a69b-1ab40b2240b6","local_time":"20210223093922","is_ascension_mode":true,"campfire_choices":[{"data":"Neutralize","floor":6.0,"key":"SMITH"},{"data":"Dagger Throw","floor":8.0,"key":"SMITH"},{"data":"Cloak And Dagger","floor":15.0,"key":"SMITH"}],"circlet_count":0,"master_deck":["AscendersBane","Strike_G","Strike_G","Strike_G","Strike_G","Defend_G","Defend_G","Defend_G","Defend_G","Defend_G","Survivor","Neutralize+1","Deadly Poison","Slice","Dagger Throw+1","Dagger Throw","Flash of Steel","Cloak And Dagger+1","Well Laid Plans"],"relics":["Ring of the Snake","NeowsBlessing","Golden Idol","Shuriken","StoneCalendar","Matryoshka"],"acts_visited":["Exordium"],"potions_floor_usage":[16],"damage_taken":[{"damage":0.0,"enemies":"Jaw Worm","floor":1.0,"turns":1.0},{"damage":0.0,"enemies":"Small Slimes","floor":4.0,"turns":1.0},{"damage":0.0,"enemies":"Lagavulin","floor":7.0,"turns":2.0},{"damage":27.0,"enemies":"Gremlin Nob","floor":10.0,"turns":4.0},{"damage":0.0,"enemies":"Cultist","floor":12.0,"turns":3.0},{"damage":0.0,"enemies":"Blue Slaver","floor":13.0,"turns":3.0},{"damage":0.0,"enemies":"Exordium Wildlife","floor":14.0,"turns":1.0},{"damage":8,"enemies":"Slime Boss","floor":16,"turns":5}],"seed_played":"-1260040667171748294","potions_obtained":[{"floor":3.0,"key":"Dexterity Potion"},{"floor":12.0,"key":"CunningPotion"},{"floor":13.0,"key":"PowerPotion"}],"is_trial":false,"path_per_floor":["M","?","?","M","?","R","E","R","T","E","$","M","M","M","R","B"],"character_chosen":"THE_SILENT","items_purchased":["Flash of Steel","ColorlessPotion"],"campfire_rested":0,"item_purchase_floors":[11,11],"current_hp_per_floor":[59,36,36,36,29,29,29,29,29,2,2,2,2,2,2,0,0],"gold":72,"neow_bonus":"THREE_ENEMY_KILL","is_daily":false,"chose_seed":false,"campfire_upgraded":3,"win_rate":0.0,"timestamp":1614098362,"path_taken":["M","?","?","?","?","R","E","R","T","E","$","M","M","M","R","BOSS"],"items_purchased_type":["Card","Potion"],"build_version":"2020-12-22","purchased_purges":0,"victory":false,"max_hp_per_floor":[66,66,66,66,66,66,66,66,66,66,66,66,66,66,66,66,66],"card_choices":[{"not_picked":["Underhanded Strike","Flying Knee"],"picked":"Deadly Poison","floor":1.0},{"not_picked":["Heel Hook","All Out Attack"],"picked":"Slice","floor":4.0},{"not_picked":["Distraction","Quick Slash"],"picked":"Dagger Throw","floor":7.0},{"not_picked":["Deadly Poison","Finisher"],"picked":"Dagger Throw","floor":10.0},{"not_picked":["Dagger Spray","Sucker Punch"],"picked":"Cloak And Dagger","floor":12.0},{"not_picked":["Deadly Poison","Calculated Gamble"],"picked":"Well Laid Plans","floor":13.0},{"not_picked":["Accuracy","Concentrate","Dagger Throw"],"picked":"SKIP","floor":14.0}],"player_experience":699978,"relics_obtained":[{"floor":7.0,"key":"Shuriken"},{"floor":9.0,"key":"StoneCalendar"},{"floor":10.0,"key":"Matryoshka"}],"event_choices":[{"damage_healed":0.0,"max_hp_gain":0.0,"max_hp_loss":0.0,"gold_gain":0.0,"event_name":"Golden Idol","player_choice":"Take Damage","floor":2.0,"gold_loss":0.0,"damage_taken":23.0,"relics_obtained":["Golden Idol"]},{"damage_healed":0.0,"max_hp_gain":0.0,"max_hp_loss":0.0,"gold_gain":0.0,"event_name":"The Woman in Blue","player_choice":"Bought 1 Potion","floor":3.0,"gold_loss":0.0,"damage_taken":0.0},{"cards_removed":["Strike_G"],"damage_healed":0.0,"max_hp_gain":0.0,"max_hp_loss":0.0,"gold_gain":0.0,"event_name":"Golden Wing","player_choice":"Card Removal","floor":5.0,"gold_loss":0.0,"damage_taken":7.0}],"is_beta":false,"boss_relics":[],"items_purged_floors":[],"is_endless":false,"potions_floor_spawned":[12,13],"killed_by":"Slime Boss","ascension_level":20}}