{"host":"birdoosa9v9yfc1w","time":1614075646,"event":{"mods":["2.2 Compatiblity","BaseMod","Bossed Relics","Colored Map","Colored Powertips","Dark Map","Halation","Highlight Path","Minty Spire (QoL Compilation)","Rare Cards Sparkle","Relic Filter","SacredBarkPlus","StSLib","The Jungle","Thrall Mod"],"gold_per_floor":[111,123,180,180,180,180,208,208,234,234,260,272,288,307,307,425,425,443,42,61,61,74,107,107,150,150,7,26,26,60,60,60,160,160,179,238,263,11,11,11,52,52,78,78,78,110,131,150,150,160,160,160,60,104,154],"floor_reached":56,"language":"ENG","playtime":2325,"items_purged":["Strike_Thrall","Strike_Thrall"],"score":1879,"play_id":"d6033537-e115-4351-ba2a-6cb712bea328","local_time":"20210223052046","is_ascension_mode":true,"campfire_choices":[{"data":"Manatidetotem","floor":6.0,"key":"SMITH"},{"floor":8.0,"key":"REST"},{"floor":10.0,"key":"REST"},{"data":"Earthshock","floor":15.0,"key":"SMITH"},{"data":"Apotheosis","floor":24,"key":"SMITH"},{"data":"Hex","floor":29,"key":"SMITH"},{"data":"Airelemental","floor":32,"key":"SMITH"},{"floor":40,"key":"RECALL"},{"floor":42,"key":"REST"},{"floor":44,"key":"REST"},{"floor":49,"key":"REST"},{"floor":52,"key":"REST"}],"circlet_count":0,"master_deck":["AscendersBane","Strike_Thrall","Defend_Thrall","Defend_Thrall","Defend_Thrall","Defend_Thrall","Lightningbolt","Thecoin","Beakeredlightning","Manatidetotem+1","Menacingnimbus","Hallazeal","Hex+1","Dunemaul","Earthshock+1","Hallazeal","Witchsapprentice","Apotheosis+1","Flametonguetotem","Maelstromportal","Frostshock","Shudderwock","Murksparkeel","Airelemental+1","Flametonguetotem","Apotheosis+1","Shudderwock","Thingfrombelow","Healingrain","Hex","Jadecheiftain+1"],"relics":["Totem","Art of War","Question Card","halation:IllGainedPizza","Meat on the Bone","SlaversCollar","TheAbacus","halation:LostSnail","Frozen Eye","DollysMirror","Ancient Tea Set","Fusion Hammer","halation:MonkeysPaw","Mummified Hand","Centennial Puzzle","halation:PinkSoulGem","Pocketwatch","Pear"],"acts_visited":["Exordium","TheCity","TheBeyond","TheEnding"],"potions_floor_usage":[55],"damage_taken":[{"damage":2.0,"enemies":"2 Louse","floor":1.0,"turns":2.0},{"damage":0.0,"enemies":"Small Slimes","floor":2.0,"turns":3.0},{"damage":49.0,"enemies":"Lagavulin","floor":7.0,"turns":7.0},{"damage":16.0,"enemies":"Gremlin Nob","floor":11.0,"turns":3.0},{"damage":9.0,"enemies":"Jaw Worm","floor":12.0,"turns":3.0},{"damage":19.0,"enemies":"3 Louse","floor":13.0,"turns":2.0},{"damage":16.0,"enemies":"Exordium Thugs","floor":14.0,"turns":3.0},{"damage":45.0,"enemies":"The Guardian","floor":16.0,"turns":9.0},{"damage":26.0,"enemies":"Shell Parasite","floor":18.0,"turns":4.0},{"damage":21.0,"enemies":"Spheric Guardian","floor":20.0,"turns":4.0},{"damage":24,"enemies":"Centurion and Healer","floor":22,"turns":7},{"damage":26,"enemies":"Gremlin Leader","floor":23,"turns":7},{"damage":26,"enemies":"Book of Stabbing","floor":25,"turns":5},{"damage":50,"enemies":"Snake Plant","floor":28,"turns":5},{"damage":64,"enemies":"Slavers","floor":30,"turns":4},{"damage":35,"enemies":"Collector","floor":33,"turns":7},{"damage":40,"enemies":"Orb Walker","floor":35,"turns":4},{"damage":53,"enemies":"2 Orb Walkers","floor":36,"turns":5},{"damage":46,"enemies":"3 Darklings","floor":37,"turns":5},{"damage":94,"enemies":"Reptomancer","floor":41,"turns":7},{"damage":38,"enemies":"Nemesis","floor":46,"turns":5},{"damage":25,"enemies":"Jaw Worm Horde","floor":47,"turns":4},{"damage":13,"enemies":"Transient","floor":48,"turns":5},{"damage":50,"enemies":"Time Eater","floor":50,"turns":5},{"damage":130,"enemies":"Shield and Spear","floor":54,"turns":7},{"damage":69,"enemies":"The Heart","floor":55,"turns":6}],"seed_played":"2876202798917660334","potions_obtained":[{"floor":2.0,"key":"Fire Potion"},{"floor":7.0,"key":"GamblersBrew"},{"floor":16.0,"key":"SkillPotion"},{"floor":20.0,"key":"Weak Potion"},{"floor":47,"key":"DuplicationPotion"}],"is_trial":false,"path_per_floor":["M","M","?","?","?","R","E","R","T","R","E","M","M","M","R","B",null,"M","$","M","?","M","E","R","E","T","$","M","R","E","?","R","B",null,"M","?","M","$","?","R","E","R","T","R","?","E","M","M","R","B",null,"R","$","E","B",null],"character_chosen":"THRALL","items_purchased":["Apotheosis","Flametonguetotem","Maelstromportal","DollysMirror","Mummified Hand"],"campfire_rested":6,"item_purchase_floors":[19,19,19,27,38],"current_hp_per_floor":[61,61,61,61,66,66,21,43,43,65,49,57,40,63,63,72,74,67,67,75,75,75,75,75,75,75,75,66,66,75,75,75,75,75,75,75,75,75,75,75,75,75,75,75,75,75,75,75,75,75,75,75,75,85,84],"gold":154,"neow_bonus":"RANDOM_COMMON_RELIC","is_daily":false,"chose_seed":false,"campfire_upgraded":5,"win_rate":0.0,"timestamp":1614075646,"path_taken":["M","M","?","?","?","R","E","R","T","R","E","M","M","?","R","BOSS","M","$","M","?","M","E","R","E","T","$","M","R","E","?","R","BOSS","M","?","M","$","?","R","E","R","T","R","?","E","M","M","R","BOSS","R","$","E","BOSS"],"items_purchased_type":["Card","Card","Card","Relic","Relic"],"build_version":"2020-12-22","purchased_purges":2,"victory":true,"max_hp_per_floor":[70,70,70,70,75,75,75,75,75,75,75,75,75,75,75,75,75,75,75,75,75,75,75,75,75,75,75,75,75,75,75,75,75,75,75,75,75,75,75,75,75,75,75,75,75,75,75,75,75,75,75,75,75,85,85],"card_choices":[{"not_picked":["Thecoin","Reincarnate"],"picked":"Beakeredlightning","floor":1.0},{"not_picked":["Tidalsurge","Fireelemental"],"picked":"Manatidetotem","floor":2.0},{"not_picked":["Rockbiter","Snowfurygiant"],"picked":"Menacingnimbus","floor":7.0},{"not_picked":["Earthshock","Murksparkeel","Vitalitytotem"],"picked":"Hallazeal","floor":11.0},{"not_picked":["Earthshock","Jinyu","Witchsapprentice"],"picked":"Hex","floor":12.0},{"not_picked":["Snowfurygiant","Lightningbolt","Volcano"],"picked":"Dunemaul","floor":13.0},{"not_picked":["Spiritofthefrog","Avalanche","Totemicsmash"],"picked":"Earthshock","floor":14.0},{"not_picked":["Lavaburst","Hagatha","Eternalsentinel"],"picked":"Hallazeal","floor":16.0},{"not_picked":["Fireelemental","Jadecheiftain","Forkedlightning+1"],"picked":"Witchsapprentice","floor":18.0},{"not_picked":["Wartbringer","Blazing","Jadelightning"],"picked":"Frostshock","floor":20.0},{"not_picked":["Rumblingelemental","Manatidetotem","Earthshock"],"picked":"Airelemental","floor":22},{"not_picked":["Beakeredlightning","Dustdevil","Forkedlightning","Airelemental"],"picked":"SKIP","floor":23},{"not_picked":["Likkim+1","Forkedlightning","Unstable"],"picked":"Flametonguetotem","floor":25},{"not_picked":["Wartbringer","Vitalitytotem","Jinyu","Zap+1"],"picked":"SKIP","floor":28},{"not_picked":["Forkedlightning","Lightningstorm","Frostshock","Elementaryreaction"],"picked":"SKIP","floor":30},{"not_picked":["Lavaburst","Hallazeal","Thestormbringer"],"picked":"Shudderwock","floor":33},{"not_picked":["Devolve","Fireelemental","Totemicsmash","Tidalsurge+1"],"picked":"SKIP","floor":35},{"not_picked":["Tidalsurge","Healingrain+1","Airelemental","Forkedlightning"],"picked":"SKIP","floor":37},{"not_picked":["Beakeredlightning","Devolve","Lightningbolt+1","Reincarnate"],"picked":"SKIP","floor":41},{"not_picked":["Jinyu+1","Snowfurygiant+1","Healingrain"],"picked":"Thingfrombelow","floor":46},{"not_picked":["Wartbringer","Unstable","Eureka"],"picked":"Healingrain","floor":47},{"not_picked":["Forkedlightning","Fireelemental","Healingwave","Hex"],"picked":"SKIP","floor":48},{"not_picked":["Forkedlightning","Fireelemental","Healingwave"],"picked":"Hex","floor":48},{"not_picked":["Thestormbringer","Drakkaridefender","Elementaryreaction+1"],"picked":"Jadecheiftain+1","floor":54}],"player_experience":664544,"relics_obtained":[{"floor":7.0,"key":"Question Card"},{"floor":9.0,"key":"halation:IllGainedPizza"},{"floor":11.0,"key":"Meat on the Bone"},{"floor":23,"key":"TheAbacus"},{"floor":25,"key":"halation:LostSnail"},{"floor":26,"key":"Frozen Eye"},{"floor":30,"key":"Ancient Tea Set"},{"floor":36,"key":"halation:MonkeysPaw"},{"floor":41,"key":"Centennial Puzzle"},{"floor":46,"key":"Pocketwatch"},{"floor":54,"key":"Pear"}],"event_choices":[{"damage_healed":0.0,"max_hp_gain":0.0,"max_hp_loss":0.0,"gold_gain":57.0,"event_name":"Golden Wing","player_choice":"Gained Gold","floor":3.0,"gold_loss":0.0,"damage_taken":0.0},{"damage_healed":0.0,"max_hp_gain":0.0,"max_hp_loss":0.0,"gold_gain":0.0,"event_name":"Scrap Ooze","player_choice":"Fled","floor":4.0,"gold_loss":0.0,"damage_taken":0.0},{"damage_healed":0.0,"max_hp_gain":5.0,"max_hp_loss":0.0,"gold_gain":0.0,"event_name":"Big Fish","player_choice":"Donut","floor":5.0,"gold_loss":0.0,"damage_taken":0.0},{"damage_healed":0,"gold_gain":0,"cards_transformed":["Defend_Thrall","Strike_Thrall"],"player_choice":"Became Test Subject","damage_taken":0,"max_hp_gain":0,"max_hp_loss":0,"event_name":"Drug Dealer","floor":21,"gold_loss":0,"cards_obtained":["Shudderwock","Murksparkeel"]},{"damage_healed":0,"gold_gain":0,"player_choice":"Ignored","damage_taken":0,"max_hp_gain":0,"max_hp_loss":0,"event_name":"Vampires","floor":31,"gold_loss":0},{"damage_healed":0,"gold_gain":0,"player_choice":"Fight","damage_taken":0,"max_hp_gain":0,"max_hp_loss":0,"event_name":"Mysterious Sphere","floor":36,"gold_loss":0},{"cards_removed":["Strike_Thrall"],"damage_healed":0,"gold_gain":0,"player_choice":"Removed Attack","damage_taken":0,"max_hp_gain":0,"max_hp_loss":0,"event_name":"Falling","floor":39,"gold_loss":0}],"is_beta":false,"boss_relics":[{"not_picked":["halation:ForbiddenBikini","halation:Risk"],"picked":"SlaversCollar"},{"not_picked":["Astrolabe","halation:PlatinumPhoenix"],"picked":"Fusion Hammer"}],"items_purged_floors":[19,53],"is_endless":false,"potions_floor_spawned":[2,7,13,16,20,22,30,35,47,48,54],"ascension_level":12}}