{"host":"mp4nw1ahnxiisuiw","time":1614110832,"event":{"mods":["AchievementEnabler","BaseMod","Better Note","Block Reminder","Colored Map","Colored Powertips","Curses Come First","DeckTracker","Dio Mod","Hero for Fun","Highlight Path","Koishi","Marisa????????","Minty Spire (QoL Compilation)","Permanent Neow","Quick Restart","Rare Cards Sparkle","Relic Sorter","Relic Stats","Remilia??????","Small Relic Pack","Spikes Relics","StSLib","Td1madao Mod","The Animator","The Bug Knight","Waifu the Spire"],"gold_per_floor":[109,109,127,140,95,95,111,143,143,153,153,153],"floor_reached":11,"language":"ENG","playtime":561,"items_purged":[],"score":75,"play_id":"67576e3a-4a58-4979-bf8b-2412591abe62","local_time":"20210223210712","is_ascension_mode":false,"campfire_choices":[{"data":"dioMod:StreetSign","floor":6,"key":"SMITH"}],"circlet_count":0,"master_deck":["dioMod:Strike","dioMod:Strike","dioMod:Strike","Bite","dioMod:Defend","dioMod:Defend","dioMod:Defend","dioMod:Defend","dioMod:StreetSign+1","dioMod:KonoDioDa","dioMod:BloodSplash","dioMod:DoubleTime","dioMod:DoubleTime","dioMod:CautiousMuda","dioMod:Freeze","dioMod:WRYYY"],"relics":["Black Star","Pantograph","BrokenLever"],"acts_visited":["Exordium"],"potions_floor_usage":[8,10],"damage_taken":[{"damage":3,"enemies":"Small Slimes","floor":1,"turns":5},{"damage":7,"enemies":"Cultist","floor":3,"turns":5},{"damage":1,"enemies":"2 Louse","floor":4,"turns":3},{"damage":5,"enemies":"Looter","floor":5,"turns":5},{"damage":16,"enemies":"Exordium Thugs","floor":7,"turns":8},{"damage":49,"enemies":"Lagavulin","floor":8,"turns":10},{"damage":1,"enemies":"Large Slime","floor":10,"turns":6},{"damage":0,"enemies":"3 Sentries","floor":11,"turns":1}],"seed_played":"-8864255885269463635","potions_obtained":[{"floor":7,"key":"EssenceOfSteel"},{"floor":8,"key":"Energy Potion"},{"floor":10,"key":"Fruit Juice"}],"is_trial":false,"path_per_floor":["M","?","M","M","M","R","M","E","T","M","E"],"character_chosen":"THE_DEFAULT","items_purchased":[],"campfire_rested":0,"item_purchase_floors":[],"current_hp_per_floor":[74,74,70,71,72,72,58,17,17,27,27,27],"gold":153,"neow_bonus":"BOSS_RELIC","is_daily":false,"chose_seed":false,"campfire_upgraded":1,"win_rate":0.0,"timestamp":1614110832,"path_taken":["M","?","?","M","M","R","M","E","T","M","E"],"items_purchased_type":[],"build_version":"2020-12-22","purchased_purges":0,"victory":false,"max_hp_per_floor":[75,75,75,75,75,75,75,75,75,80,80,80],"relic_stats":{"counters":[8,43],"Pantograph":0,"Black Star":1,"obtain_stats":[{"dioMod:VampireBlood":0,"Pantograph":8,"BrokenLever":8,"Black Star":0},{"dioMod:VampireBlood":0,"Pantograph":6,"BrokenLever":6,"Black Star":0},{"dioMod:VampireBlood":0,"Pantograph":36,"BrokenLever":36,"Black Star":0}]},"card_choices":[{"not_picked":["dioMod:BloodSplash","dioMod:HeavyLifting"],"picked":"dioMod:StreetSign","floor":1},{"not_picked":["dioMod:GoodbyeJojo","dioMod:VengefulMuda"],"picked":"dioMod:BloodSplash","floor":3},{"not_picked":["dioMod:LaserVision","dioMod:GoodbyeJojo"],"picked":"dioMod:DoubleTime","floor":4},{"not_picked":["dioMod:BloodSplash","dioMod:BloodTransfusion"],"picked":"dioMod:DoubleTime","floor":5},{"not_picked":["dioMod:ComposedMuda","dioMod:DominatingPresence"],"picked":"dioMod:CautiousMuda","floor":7},{"not_picked":["dioMod:RoadRoller","dioMod:Roundabout"],"picked":"dioMod:Freeze","floor":8},{"not_picked":["dioMod:StreetSign","dioMod:FlyAway"],"picked":"dioMod:WRYYY","floor":10}],"player_experience":116598,"relics_obtained":[{"floor":8,"key":"Pantograph"},{"floor":8,"key":"BrokenLever"}],"event_choices":[{"damage_healed":0,"gold_gain":0,"cards_transformed":["dioMod:Strike"],"player_choice":"Transformed","damage_taken":0,"max_hp_gain":0,"max_hp_loss":0,"event_name":"Transmorgrifier","floor":2,"gold_loss":0,"cards_obtained":["dioMod:KonoDioDa"]}],"is_beta":false,"boss_relics":[],"items_purged_floors":[],"is_endless":false,"potions_floor_spawned":[7,8,10],"killed_by":"3 Sentries","ascension_level":0}}