{"host":"gzsdmyo07u314vug","time":1614038703,"event":{"mods":["2.2 Compatiblity","Astrologer","BaseMod","Colored Powertips","GifTheSpireLib","Gremlin Mod","Hermit","Jorbs\u0027s Wanderer Trilogy","Minty Spire (QoL Compilation)","Quick Restart","Rare Cards Sparkle","Relic Stats","Replay The Spire","Robot Space Explorer","Shop Mod","StSLib","The Bladedancer","The Bug Knight","The Construct","The Cursed","The Elementalist","The Hierophant","The IronCluck","The Marked","The Necromancer","The Runesmith","The Servant 0.9.4","Unceasing Turn Reminder","everything is the same but u backflip on backflip","slay the spire mod where everything is the same but ironclad has a cowboy hat"],"gold_per_floor":[410,335,357,357,368,368,388,388,388,388,412,94,94,94,94,204,204,237,268,308,349,172,179,179],"floor_reached":23,"language":"ENG","playtime":1073,"items_purged":["hermit:Strike_Hermit","hermit:Strike_Hermit","Languid"],"score":238,"play_id":"7739ef48-e295-47b1-8787-e3f17e23f573","local_time":"20210222210503","is_ascension_mode":true,"campfire_choices":[{"data":"hermit:Scavenge","floor":6.0,"key":"SMITH"},{"data":"hermit:Vantage","floor":8.0,"key":"SMITH"},{"data":"hermit:Snapshot","floor":10.0,"key":"SMITH"},{"data":"hermit:Covet","floor":15,"key":"SMITH"}],"circlet_count":0,"master_deck":["hermit:Defend_Hermit","hermit:Snapshot+1","hermit:Covet+1","hermit:Scavenge+1","hermit:Vantage+1","hermit:BigShot+1","hermit:HeroicBravado+1","hermit:DeadOrAlive","Injury","hermit:Dive","hermit:Headshot"],"relics":["hermit:Momento","Old Coin","Boot","Bronze Scales","Kintsugi"],"acts_visited":["Exordium","TheCity"],"potions_floor_usage":[16,20,23],"damage_taken":[{"damage":7.0,"enemies":"Jaw Worm","floor":1.0,"turns":3.0},{"damage":7.0,"enemies":"Small Slimes","floor":3.0,"turns":3.0},{"damage":0.0,"enemies":"2 Louse","floor":5.0,"turns":2.0},{"damage":0.0,"enemies":"Blue Slaver","floor":7.0,"turns":5.0},{"damage":4.0,"enemies":"Exordium Thugs","floor":11.0,"turns":4.0},{"damage":2,"enemies":"Slime Boss","floor":16,"turns":10},{"damage":0,"enemies":"3 Byrds","floor":18,"turns":3},{"damage":15,"enemies":"2 Thieves","floor":19,"turns":5},{"damage":2,"enemies":"Cultist and Chosen","floor":20,"turns":8},{"damage":19,"enemies":"Snake Plant","floor":21,"turns":6},{"damage":30,"enemies":"Gremlin Leader","floor":23,"turns":6}],"seed_played":"-4182805090847257567","potions_obtained":[{"floor":1.0,"key":"hermit:BlackBile"},{"floor":11.0,"key":"Strength Potion"},{"floor":19,"key":"Fire Potion"},{"floor":20,"key":"Strength Potion"}],"is_trial":false,"path_per_floor":["M","$","M","?","M","R","M","R","T","R","M","$","?","?","R","B",null,"M","M","M","M","$","E"],"character_chosen":"HERMIT","items_purchased":["hermit:BigShot","Bronze Scales","hermit:Headshot"],"campfire_rested":0,"item_purchase_floors":[12,12,22],"current_hp_per_floor":[43,43,36,36,36,36,36,36,36,36,32,32,32,32,32,30,64,64,49,47,28,28,0,0],"gold":179,"neow_bonus":"ONE_RARE_RELIC","is_daily":false,"chose_seed":false,"campfire_upgraded":4,"win_rate":0.0,"timestamp":1614038703,"path_taken":["M","$","M","?","M","R","M","R","T","R","M","$","?","?","R","BOSS","M","M","M","M","$","E"],"items_purchased_type":["Card","Relic","Card"],"build_version":"2020-12-22","purchased_purges":3,"victory":false,"max_hp_per_floor":[75,75,75,75,75,75,75,75,75,75,75,75,75,75,75,75,75,75,75,75,75,75,75,75],"relic_stats":{"counters":[11,55],"Bronze Scales":[165],"Boot":[4],"obtain_stats":[{"Bronze Scales":12,"Kintsugi":17,"Boot":9,"hermit:Momento":0,"Old Coin":0},{"Bronze Scales":5,"Kintsugi":6,"Boot":4,"hermit:Momento":0,"Old Coin":0},{"Bronze Scales":17,"Kintsugi":27,"Boot":13,"hermit:Momento":0,"Old Coin":0}]},"card_choices":[{"not_picked":["hermit:Glare","hermit:Showdown"],"picked":"hermit:Scavenge","floor":1.0},{"not_picked":["hermit:Midnight","hermit:Desperado"],"picked":"hermit:Vantage","floor":3.0},{"not_picked":["hermit:Dive","hermit:Spite","hermit:DeadMansHand"],"picked":"SKIP","floor":5.0},{"not_picked":["hermit:Quickdraw","hermit:CursedWeapon","hermit:Snipe"],"picked":"SKIP","floor":7.0},{"not_picked":["hermit:Magnum","hermit:WideOpen"],"picked":"hermit:Headshot","floor":11.0},{"not_picked":["hermit:HighNoon","hermit:Magnum"],"picked":"hermit:DeadOrAlive","floor":16},{"not_picked":["hermit:Headshot","hermit:TakeCover","hermit:Roulette"],"picked":"SKIP","floor":18},{"not_picked":["hermit:Headshot","hermit:TakeCover","hermit:Roulette"],"picked":"SKIP","floor":18},{"not_picked":["hermit:FlashPowder+1","hermit:GoldenBullet"],"picked":"hermit:Dive","floor":19},{"not_picked":["hermit:HoleUp","hermit:Enervate","hermit:TakeAim"],"picked":"SKIP","floor":20},{"not_picked":["hermit:Roulette+1","hermit:Desperado","hermit:Quickdraw"],"picked":"SKIP","floor":21}],"player_experience":948785,"relics_obtained":[{"floor":9.0,"key":"Boot"}],"event_choices":[{"damage_healed":0,"gold_gain":0,"player_choice":"Grow","damage_taken":0,"max_hp_gain":0,"max_hp_loss":0,"event_name":"Living Wall","floor":14,"gold_loss":0,"cards_upgraded":["hermit:BigShot"]}],"is_beta":false,"boss_relics":[{"not_picked":["Cursed Key","Busted Crown"],"picked":"Kintsugi"}],"items_purged_floors":[2,12,22],"is_endless":false,"potions_floor_spawned":[1,11,19,20],"killed_by":"Gremlin Leader","ascension_level":6}}