{"host":"b34lfm0pg36jv5no","time":1614095658,"event":{"mods":["BaseMod","Bestiary","Colored Map","Dark Map","Minty Spire (QoL Compilation)","Relic Stats","ojb\u0027s Info Mod"],"gold_per_floor":[111,121,121,141,141,141,172,172,196,209,221,248,45,45,45,144,144,163,163,163,182,196,231,247,247,247,247,278,21,49,64,64,165,165,177,177,177,191,236,265,278,311,336,336,363,363,389,399,399,399,399,399,41,69,69],"floor_reached":56,"language":"ENG","playtime":8666,"items_purged":["Strike_B","Strike_B"],"score":1682,"play_id":"7d1866a5-1896-4f87-9687-8d3d6f98eae1","local_time":"20210223155418","is_ascension_mode":true,"campfire_choices":[{"data":"Go for the Eyes","floor":6.0,"key":"SMITH"},{"floor":8.0,"key":"REST"},{"data":"Doom and Gloom","floor":15.0,"key":"SMITH"},{"data":"Compile Driver","floor":32,"key":"SMITH"},{"data":"Biased Cognition","floor":44,"key":"SMITH"},{"floor":49,"key":"RECALL"},{"data":"Electrodynamics","floor":52,"key":"SMITH"}],"circlet_count":0,"master_deck":["Strike_B","Defend_B+1","Defend_B","Defend_B+1","Defend_B","Zap+1","Dualcast","Beam Cell+1","Go for the Eyes+1","Compile Driver+1","Electrodynamics+1","Doom and Gloom+1","Reinforced Body+1","Tempest+1","Genetic Algorithm+1","Good Instincts+1","Multi-Cast+1","Consume+1","Ghostly+1","Ghostly+1","Ghostly+1","Ghostly+1","Ghostly+1","Double Energy+1","Hologram+1","Master of Strategy+1","Glacier+1","Skim+1","Biased Cognition+1","Hologram+1","Lockon+1","Coolheaded+1","Undo+1","Aggregate+1","Fusion+1","Machine Learning"],"relics":["SlaversCollar","Eternal Feather","Toxic Egg 2","Orichalcum","Tiny Chest","Black Star","Smiling Mask","Bronze Scales","Kunai","Question Card","Pantograph","Oddly Smooth Stone","Membership Card","Pen Nib","War Paint","Coffee Dripper","White Beast Statue","Incense Burner","Matryoshka","Boot","Dream Catcher","Singing Bowl","Bag of Marbles","Symbiotic Virus","Gremlin Horn","Sundial","StrikeDummy","InkBottle","Nunchaku","Cauldron","Mummified Hand","Akabeko"],"acts_visited":["Exordium","TheCity","TheBeyond","TheEnding"],"potions_floor_usage":[45,50,55,55,55],"damage_taken":[{"damage":9.0,"enemies":"2 Louse","floor":1.0,"turns":3.0},{"damage":7.0,"enemies":"Jaw Worm","floor":2.0,"turns":3.0},{"damage":0.0,"enemies":"Small Slimes","floor":4.0,"turns":3.0},{"damage":15.0,"enemies":"Lagavulin","floor":7.0,"turns":6.0},{"damage":2.0,"enemies":"Looter","floor":10.0,"turns":3.0},{"damage":0.0,"enemies":"Lots of Slimes","floor":11.0,"turns":1.0},{"damage":14.0,"enemies":"Gremlin Nob","floor":12.0,"turns":4.0},{"damage":24.0,"enemies":"Hexaghost","floor":16.0,"turns":8.0},{"damage":6.0,"enemies":"Chosen","floor":18.0,"turns":4.0},{"damage":15.0,"enemies":"Shell Parasite","floor":21.0,"turns":7.0},{"damage":0.0,"enemies":"Shelled Parasite and Fungi","floor":22.0,"turns":7.0},{"damage":3.0,"enemies":"Gremlin Leader","floor":23.0,"turns":6.0},{"damage":0.0,"enemies":"Centurion and Healer","floor":24.0,"turns":8.0},{"damage":0.0,"enemies":"Book of Stabbing","floor":28.0,"turns":5.0},{"damage":7.0,"enemies":"Slavers","floor":30.0,"turns":4.0},{"damage":0,"enemies":"Sentry and Sphere","floor":31,"turns":4},{"damage":0,"enemies":"Automaton","floor":33,"turns":10},{"damage":0,"enemies":"3 Darklings","floor":35,"turns":4},{"damage":0,"enemies":"3 Shapes","floor":38,"turns":3},{"damage":0,"enemies":"2 Orb Walkers","floor":39,"turns":5},{"damage":0,"enemies":"Nemesis","floor":40,"turns":5},{"damage":2,"enemies":"Jaw Worm Horde","floor":41,"turns":7},{"damage":2,"enemies":"Reptomancer","floor":42,"turns":7},{"damage":1,"enemies":"Giant Head","floor":45,"turns":9},{"damage":0,"enemies":"Nemesis","floor":47,"turns":5},{"damage":0,"enemies":"Transient","floor":48,"turns":5},{"damage":13,"enemies":"Time Eater","floor":50,"turns":10},{"damage":0,"enemies":"Shield and Spear","floor":54,"turns":6},{"damage":4,"enemies":"The Heart","floor":55,"turns":6}],"seed_played":"1876302343402213369","potions_obtained":[{"floor":4.0,"key":"Explosive Potion"},{"floor":7.0,"key":"PowerPotion"},{"floor":10.0,"key":"ColorlessPotion"},{"floor":11.0,"key":"ColorlessPotion"},{"floor":21.0,"key":"AttackPotion"},{"floor":27.0,"key":"EssenceOfDarkness"},{"floor":27.0,"key":"SteroidPotion"},{"floor":28.0,"key":"LiquidBronze"},{"floor":30,"key":"Dexterity Potion"},{"floor":31,"key":"SkillPotion"},{"floor":42,"key":"EssenceOfDarkness"},{"floor":45,"key":"SteroidPotion"},{"floor":47,"key":"Block Potion"},{"floor":53,"key":"Ancient Potion"}],"is_trial":false,"path_per_floor":["M","M","?","M","T","R","E","R","T","M","M","E","$","?","R","B",null,"M","?","?","M","M","E","M","T","T","?","E","$","E","M","R","B",null,"M","?","T","M","?","E","M","E","T","R","E","?","E","M","R","B",null,"R","$","E","B",null],"character_chosen":"DEFECT","items_purchased":["Genetic Algorithm+1","Good Instincts+1","Membership Card","Master of Strategy+1","Glacier+1","InkBottle","Nunchaku","FocusPotion","Cauldron"],"campfire_rested":1,"item_purchase_floors":[13,13,29,29,29,53,53,53,53],"current_hp_per_floor":[66,59,44,44,44,50,35,63,63,61,61,47,47,47,56,32,75,69,37,33,18,18,15,15,15,15,15,15,15,8,8,26,42,42,42,42,42,42,42,42,40,38,38,42,41,41,41,43,44,31,44,44,44,44,40],"gold":69,"neow_bonus":"BOSS_RELIC","is_daily":false,"chose_seed":false,"campfire_upgraded":5,"win_rate":0.0,"timestamp":1614095658,"path_taken":["M","M","?","M","?","R","E","R","T","M","M","E","$","?","R","BOSS","M","?","?","M","M","E","M","?","T","?","E","$","E","?","R","BOSS","M","?","?","M","?","E","M","E","T","R","E","?","E","M","R","BOSS","R","$","E","BOSS"],"items_purchased_type":["Card","Card","Relic","Card","Card","Relic","Relic","Potion","Relic"],"build_version":"2020-12-22","purchased_purges":2,"victory":true,"max_hp_per_floor":[75,75,75,75,75,75,75,75,75,75,75,75,75,75,75,75,75,75,37,42,42,42,42,42,42,42,42,42,42,42,42,42,42,42,42,42,42,42,42,42,42,42,42,42,42,42,42,44,44,44,44,44,44,44,44],"relic_stats":{"Singing Bowl":2,"Gremlin Horn":[1,1],"counters":[29,158],"Eternal Feather":44,"Pen Nib":[10],"Orichalcum":[354],"War Paint":["Defend_B","Defend_B"],"Smiling Mask":0,"Question Card":16,"Boot":[31],"Dream Catcher":0,"Nunchaku":[1],"Sundial":[2],"Mummified Hand":[2],"Bronze Scales":[342],"Pantograph":16,"Tiny Chest":2,"Black Star":8,"Kunai":[14],"obtain_stats":[{"Singing Bowl":42,"Gremlin Horn":45,"Incense Burner":39,"Smiling Mask":23,"Boot":40,"Dream Catcher":42,"Nunchaku":53,"Matryoshka":40,"Sundial":47,"Mummified Hand":54,"Pantograph":28,"Tiny Chest":12,"Kunai":25,"Toxic Egg 2":7,"Cracked Core":0,"InkBottle":53,"Oddly Smooth Stone":28,"Eternal Feather":5,"Pen Nib":30,"Orichalcum":9,"War Paint":30,"Question Card":26,"White Beast Statue":37,"Akabeko":54,"SlaversCollar":0,"Cauldron":53,"Bronze Scales":23,"Black Star":17,"Coffee Dripper":34,"Bag of Marbles":43,"Membership Card":29,"Symbiotic Virus":45,"StrikeDummy":47},{"Singing Bowl":23,"Gremlin Horn":24,"Incense Burner":20,"Smiling Mask":12,"Boot":21,"Dream Catcher":23,"Nunchaku":27,"Matryoshka":21,"Sundial":25,"Mummified Hand":28,"Pantograph":14,"Tiny Chest":7,"Kunai":13,"Toxic Egg 2":4,"Cracked Core":0,"InkBottle":27,"Oddly Smooth Stone":14,"Eternal Feather":3,"Pen Nib":15,"Orichalcum":4,"War Paint":15,"Question Card":13,"White Beast Statue":18,"Akabeko":28,"SlaversCollar":0,"Cauldron":27,"Bronze Scales":12,"Black Star":8,"Coffee Dripper":17,"Bag of Marbles":23,"Membership Card":14,"Symbiotic Virus":24,"StrikeDummy":25},{"Singing Bowl":117,"Gremlin Horn":126,"Incense Burner":98,"Smiling Mask":55,"Boot":103,"Dream Catcher":117,"Nunchaku":146,"Matryoshka":103,"Sundial":131,"Mummified Hand":152,"Pantograph":68,"Tiny Chest":23,"Kunai":63,"Toxic Egg 2":15,"Cracked Core":0,"InkBottle":146,"Oddly Smooth Stone":68,"Eternal Feather":9,"Pen Nib":72,"Orichalcum":15,"War Paint":72,"Question Card":63,"White Beast Statue":90,"Akabeko":152,"SlaversCollar":0,"Cauldron":146,"Bronze Scales":55,"Black Star":31,"Coffee Dripper":86,"Bag of Marbles":117,"Membership Card":68,"Symbiotic Virus":126,"StrikeDummy":131}],"InkBottle":[6]},"card_choices":[{"not_picked":["Steam Power","Conserve Battery"],"picked":"Beam Cell","floor":1.0},{"not_picked":["Fusion","Stack"],"picked":"Go for the Eyes","floor":2.0},{"not_picked":["Conserve Battery","Leap"],"picked":"Compile Driver","floor":4.0},{"not_picked":["Gash","Static Discharge"],"picked":"Electrodynamics","floor":7.0},{"not_picked":["Recycle+1","Streamline"],"picked":"Doom and Gloom","floor":10.0},{"not_picked":["Cold Snap","Beam Cell"],"picked":"Reinforced Body+1","floor":11.0},{"not_picked":["FTL","BootSequence+1"],"picked":"Tempest+1","floor":12.0},{"not_picked":["Fission+1","Machine Learning"],"picked":"Multi-Cast+1","floor":16.0},{"not_picked":["Conserve Battery+1","Streamline+1"],"picked":"Consume+1","floor":18.0},{"not_picked":["Stack+1","Rebound","Conserve Battery+1"],"picked":"SKIP","floor":21.0},{"not_picked":["Stack+1","Rebound","Conserve Battery+1"],"picked":"SKIP","floor":21.0},{"not_picked":["Stack+1","Leap+1","Gash+1"],"picked":"SKIP","floor":22.0},{"not_picked":["Hello World","Streamline","Beam Cell+1"],"picked":"SKIP","floor":23.0},{"not_picked":["Multi-Cast+1","Go for the Eyes"],"picked":"Double Energy+1","floor":24.0},{"not_picked":["Auto Shields+1","Sweeping Beam","Leap+1"],"picked":"Hologram+1","floor":28.0},{"not_picked":["Darkness+1","Steam Power+1","Force Field+1"],"picked":"Skim+1","floor":30},{"not_picked":["Gash","Auto Shields+1","Melter","Ball Lightning"],"picked":"SKIP","floor":31},{"not_picked":["Thunder Strike","Machine Learning","Echo Form"],"picked":"Biased Cognition","floor":33},{"not_picked":["Cold Snap","Gash+1","Ball Lightning"],"picked":"Hologram+1","floor":35},{"not_picked":["Streamline+1","Reprogram+1","Beam Cell+1"],"picked":"Lockon+1","floor":38},{"not_picked":["Conserve Battery+1","Consume+1","Meteor Strike"],"picked":"Coolheaded+1","floor":39},{"not_picked":["Skim+1","Coolheaded+1","Conserve Battery+1","Cold Snap"],"picked":"SKIP","floor":40},{"not_picked":["Self Repair+1","Heatsinks+1","Reprogram+1","Leap+1"],"picked":"SKIP","floor":41},{"not_picked":["Go for the Eyes+1","White Noise+1","Hologram+1"],"picked":"Undo+1","floor":42},{"not_picked":["Sweeping Beam+1","Genetic Algorithm+1","Darkness+1"],"picked":"Aggregate+1","floor":45},{"not_picked":["Coolheaded+1","Cold Snap","Multi-Cast+1"],"picked":"Fusion+1","floor":47},{"not_picked":["Cold Snap+1","Go for the Eyes+1","Ball Lightning","Conserve Battery+1"],"picked":"Singing Bowl","floor":48},{"not_picked":["Go for the Eyes","Barrage+1","Compile Driver"],"picked":"Machine Learning","floor":54}],"player_experience":2673187,"relics_obtained":[{"floor":5.0,"key":"Eternal Feather"},{"floor":7.0,"key":"Toxic Egg 2"},{"floor":9.0,"key":"Orichalcum"},{"floor":12.0,"key":"Tiny Chest"},{"floor":23.0,"key":"Smiling Mask"},{"floor":23.0,"key":"Bronze Scales"},{"floor":25.0,"key":"Kunai"},{"floor":26.0,"key":"Question Card"},{"floor":28.0,"key":"Pantograph"},{"floor":28.0,"key":"Oddly Smooth Stone"},{"floor":30,"key":"Pen Nib"},{"floor":30,"key":"War Paint"},{"floor":37,"key":"White Beast Statue"},{"floor":39,"key":"Incense Burner"},{"floor":40,"key":"Matryoshka"},{"floor":40,"key":"Boot"},{"floor":42,"key":"Dream Catcher"},{"floor":42,"key":"Singing Bowl"},{"floor":43,"key":"Bag of Marbles"},{"floor":45,"key":"Symbiotic Virus"},{"floor":45,"key":"Gremlin Horn"},{"floor":47,"key":"Sundial"},{"floor":47,"key":"StrikeDummy"},{"floor":54,"key":"Mummified Hand"},{"floor":54,"key":"Akabeko"}],"event_choices":[{"damage_healed":0.0,"max_hp_gain":0.0,"max_hp_loss":0.0,"gold_gain":0.0,"event_name":"Shining Light","player_choice":"Entered Light","floor":3.0,"gold_loss":0.0,"damage_taken":15.0,"cards_upgraded":["Beam Cell","Strike_B"]},{"damage_healed":0.0,"max_hp_gain":0.0,"max_hp_loss":0.0,"gold_gain":0.0,"event_name":"The Cleric","player_choice":"Leave","floor":14.0,"gold_loss":0.0,"damage_taken":0.0},{"damage_healed":0.0,"max_hp_gain":0.0,"max_hp_loss":38.0,"gold_gain":0.0,"event_name":"Ghosts","player_choice":"Became a Ghost","floor":19.0,"gold_loss":0.0,"damage_taken":0.0,"cards_obtained":["Ghostly","Ghostly","Ghostly","Ghostly","Ghostly"]},{"damage_healed":0.0,"max_hp_gain":5.0,"max_hp_loss":0.0,"gold_gain":0.0,"event_name":"Forgotten Altar","player_choice":"Shed Blood","floor":20.0,"gold_loss":0.0,"damage_taken":9.0},{"damage_healed":0.0,"max_hp_gain":0.0,"max_hp_loss":0.0,"gold_gain":0.0,"event_name":"Lab","player_choice":"Got Potions","floor":27.0,"gold_loss":0.0,"damage_taken":0.0},{"cards_removed":["Strike_B"],"damage_healed":0,"gold_gain":0,"player_choice":"Removed Attack","damage_taken":0,"max_hp_gain":0,"max_hp_loss":0,"event_name":"Falling","floor":36,"gold_loss":0},{"damage_healed":0,"gold_gain":0,"player_choice":"Fight","damage_taken":0,"max_hp_gain":0,"max_hp_loss":0,"event_name":"Mysterious Sphere","floor":39,"gold_loss":0},{"damage_healed":0,"gold_gain":0,"player_choice":"Upgraded","damage_taken":0,"max_hp_gain":0,"max_hp_loss":0,"event_name":"Upgrade Shrine","floor":46,"gold_loss":0,"cards_upgraded":["Zap"]}],"is_beta":false,"boss_relics":[{"not_picked":["Calling Bell","Nuclear Battery"],"picked":"Black Star"},{"not_picked":["Runic Pyramid","Pandora\u0027s Box"],"picked":"Coffee Dripper"}],"items_purged_floors":[13,53],"is_endless":false,"potions_floor_spawned":[4,7,10,11,21,28,30,31,38,39,40,41,42,45,47,48,54],"ascension_level":3}}