{"host":"nwd160me4iqdtr8u","time":1614052280,"event":{"mods":["AchievementEnabler","Act Like it!","BaseMod","Colored Map","DeckTracker","Hallownest","Keyboard Shortcuts","Minty Spire (QoL Compilation)","Quick Restart","Rare Cards Sparkle","Smile Girya","StSLib","SuperFastMode","The Bug Knight","everything is the same but u backflip on backflip"],"gold_per_floor":[10,21,37,47,57,57,57,57,57,77,77,1,31,49,49,148,148,165,165,179,189,234,269,269,269,269,269,288,299,299,71,71,168,168,180,193,1,11,31,31,31,31,31,66,66,111,111,130,130,130,130],"floor_reached":50,"language":"KOR","playtime":3308,"items_purged":["HollowMod:FocusHealStart"],"score":659,"play_id":"46b44e82-efe0-4891-8e38-707a2bd79e40","local_time":"20210223125120","is_ascension_mode":true,"campfire_choices":[{"data":"HollowMod:SoulSplash","floor":6.0,"key":"SMITH"},{"data":"HollowMod:SiblingsSouls","floor":8.0,"key":"SMITH"},{"data":"HollowMod:QuirrelsAssistance","floor":11.0,"key":"SMITH"},{"data":"HollowMod:CoiledNail","floor":15.0,"key":"SMITH"},{"data":"HollowMod:RecoilStrike","floor":25.0,"key":"SMITH"},{"data":"HollowMod:MonarchWings","floor":27.0,"key":"SMITH"},{"floor":32.0,"key":"REST"},{"floor":40,"key":"REST"},{"floor":45,"key":"REST"},{"floor":49,"key":"REST"}],"circlet_count":0,"master_deck":["HollowMod:NailStrikeStart","HollowMod:QuickDashStart","HollowMod:QuickDashStart","HollowMod:QuickDashStart","HollowMod:PogoStrike","HollowMod:SoulSplash+1","HollowMod:CloakDash","HollowMod:PerfectDash","HollowMod:SiblingsSouls+1","HollowMod:QuirrelsAssistance+1","HollowMod:MonarchWings+1","HollowMod:CoiledNail+1","HollowMod:GreatSlash","HollowMod:SlysStrikes","HollowMod:RecoilStrike+1","HollowMod:DungDefenderAura","Hallownest:attackMasterCycloneSlash","HollowMod:LifebloodCocoon","HollowMod:MothsMistake","HollowMod:DoubleDash+1","HollowMod:VengefulSpirit+1","HollowMod:HuntersJournal","HollowMod:NewGlowingWomb","HollowMod:CloakDash+1"],"relics":["HollowMod:VesselMask","Hallownest:DreamNailRelic","Nunchaku","Bag of Marbles","Philosopher\u0027s Stone","Darkstone Periapt","Gremlin Horn","Ornamental Fan","Empty Cage","Hallownest:KingsIdolRelic","Molten Egg 2","Thread and Needle","Centennial Puzzle"],"acts_visited":["Hallownest:Greenpath","Hallownest:CityofTears","Hallownest:KingdomsEdge"],"potions_floor_usage":[35,39,44,48],"damage_taken":[{"damage":2.0,"enemies":"Hallownest:monsterHuskGuard","floor":1.0,"turns":4.0},{"damage":6.0,"enemies":"Hallownest:2_Tiktiks_and_1_Crawlid","floor":2.0,"turns":4.0},{"damage":0.0,"enemies":"Hallownest:monsterHuskWarrior","floor":3.0,"turns":3.0},{"damage":24.0,"enemies":"Hallownest:1_Ooma_and_2_Uuma","floor":4.0,"turns":7.0},{"damage":0.0,"enemies":"Hallownest:monsterAspidMother","floor":5.0,"turns":3.0},{"damage":0.0,"enemies":"Hallownest:Wandering_and_Horned","floor":10.0,"turns":5.0},{"damage":4.0,"enemies":"Hallownest:eliteMossKnight","floor":13.0,"turns":11.0},{"damage":19.0,"enemies":"Hallownest:1_Ooma_and_2_Uuma","floor":14.0,"turns":7.0},{"damage":28.0,"enemies":"Hallownest:BossFalseKnight","floor":16.0,"turns":8.0},{"damage":3.0,"enemies":"Hallownest:2_Mistakes","floor":18.0,"turns":7.0},{"damage":0.0,"enemies":"Hallownest:3_Youths","floor":20.0,"turns":4.0},{"damage":0.0,"enemies":"Hallownest:monsterShrumalOgre","floor":21.0,"turns":3.0},{"damage":18.0,"enemies":"Hallownest:Glutton_and_Coward","floor":22.0,"turns":3.0},{"damage":0.0,"enemies":"Hallownest:eliteSoulWarrior","floor":23.0,"turns":5.0},{"damage":13.0,"enemies":"Hallownest:2_Husk_Sentries","floor":28.0,"turns":4.0},{"damage":2.0,"enemies":"Hallownest:Master_and_Novice","floor":29.0,"turns":4.0},{"damage":41.0,"enemies":"Hallownest:BossSoulMaster","floor":33.0,"turns":7.0},{"damage":28,"enemies":"Hallownest:3_Siblings","floor":35,"turns":9},{"damage":4,"enemies":"Hallownest:Shield_Heavy","floor":36,"turns":5},{"damage":15,"enemies":"Hallownest:monsterPrimalAspid","floor":38,"turns":6},{"damage":7,"enemies":"Hallownest:Slobbering_and_Violent","floor":39,"turns":7},{"damage":15,"enemies":"Hallownest:eliteCollector","floor":44,"turns":10},{"damage":8,"enemies":"Hallownest:Shield_Sturdy","floor":48,"turns":7},{"damage":58,"enemies":"Hallownest:BossHollowKnight","floor":50,"turns":9}],"seed_played":"-2871918780953746904","potions_obtained":[{"floor":2.0,"key":"SteroidPotion"},{"floor":4.0,"key":"Weak Potion"},{"floor":5.0,"key":"FearPotion"},{"floor":14.0,"key":"LiquidBronze"},{"floor":18.0,"key":"Fruit Juice"},{"floor":23.0,"key":"Explosive Potion"},{"floor":33.0,"key":"GamblersBrew"},{"floor":36,"key":"Dexterity Potion"},{"floor":38,"key":"Weak Potion"}],"is_trial":false,"path_per_floor":["M","M","M","M","M","R","?","R","T","M","R","$","E","M","R","B",null,"M","?","M","M","M","E","T","R","T","R","M","M","?","$","R","B",null,"M","M","$","M","M","R","?","$","T","E","R","T","?","M","R","B"],"character_chosen":"THE_BUGKNIGHT","items_purchased":["HollowMod:MonarchWings","HollowMod:LifebloodCocoon","HollowMod:MothsMistake","PowerPotion","HollowMod:HuntersJournal","HollowMod:NewGlowingWomb","Block Potion"],"campfire_rested":4,"item_purchase_floors":[12,31,31,31,37,37,37],"current_hp_per_floor":[66,60,66,48,48,48,48,48,48,48,48,48,50,31,31,3,57,59,59,59,59,41,41,41,41,41,41,28,26,26,26,50,9,62,34,30,30,15,8,32,32,32,32,17,41,41,41,33,57,0,0],"gold":130,"neow_bonus":"REMOVE_TWO","is_daily":false,"chose_seed":false,"campfire_upgraded":6,"win_rate":0.0,"timestamp":1614052280,"path_taken":["M","M","M","M","M","R","?","R","T","?","R","$","E","M","R","BOSS","M","?","M","?","M","E","?","R","T","R","M","M","?","$","R","BOSS","M","M","$","M","M","R","?","$","T","E","R","?","?","?","R","BOSS"],"items_purchased_type":["Card","Card","Card","Potion","Card","Card","Potion"],"build_version":"2020-12-22","purchased_purges":1,"victory":false,"max_hp_per_floor":[75,75,75,75,75,75,75,75,75,75,75,75,75,75,75,75,75,80,80,80,80,80,80,80,80,80,80,80,80,80,80,80,80,80,80,80,80,80,80,80,80,80,80,80,80,80,80,80,80,80,80],"card_choices":[{"not_picked":["HollowMod:SoulEater","HollowMod:DashSlash"],"picked":"HollowMod:SoulSplash","floor":1.0},{"not_picked":["HollowMod:SoulEater","HollowMod:VengefulSpirit"],"picked":"HollowMod:HowlingWraiths","floor":2.0},{"not_picked":["HollowMod:CycloneSlash","HollowMod:NewLittleFool"],"picked":"HollowMod:CloakDash","floor":3.0},{"not_picked":["HollowMod:DreamGate","HollowMod:DashSlash"],"picked":"HollowMod:PerfectDash","floor":4.0},{"not_picked":["HollowMod:SiblingsSouls","HollowMod:SoulSplash","HollowMod:DashSlash"],"picked":"SKIP","floor":5.0},{"not_picked":["HollowMod:SoulSplash","HollowMod:DashSlash"],"picked":"HollowMod:SiblingsSouls","floor":5.0},{"not_picked":["HollowMod:CycloneSlash","HollowMod:HowlingWraiths"],"picked":"HollowMod:QuirrelsAssistance","floor":10.0},{"not_picked":["HollowMod:GreatSlash","HollowMod:SiblingsShadow"],"picked":"HollowMod:CoiledNail","floor":13.0},{"not_picked":["HollowMod:ChannelNail","HollowMod:PureNailStrike"],"picked":"HollowMod:GreatSlash","floor":14.0},{"not_picked":["HollowMod:MidwifesHunger","HollowMod:theNailsmith"],"picked":"HollowMod:SlysStrikes","floor":16.0},{"not_picked":["HollowMod:DescendingDark","HollowMod:SoulEater","HollowMod:FallenFury+1"],"picked":"SKIP","floor":18.0},{"not_picked":["HollowMod:NewJinnsSoul","HollowMod:CycloneSlash","HollowMod:ChannelNail+1"],"picked":"SKIP","floor":20.0},{"not_picked":["HollowMod:LuriensSpire+1","HollowMod:InfectedCysts"],"picked":"HollowMod:RecoilStrike","floor":21.0},{"not_picked":["HollowMod:InfectionAssault","HollowMod:TaintedHusks","HollowMod:VengefulSpirit"],"picked":"SKIP","floor":22.0},{"not_picked":["HollowMod:LuriensSpire","HollowMod:WraithStrike"],"picked":"HollowMod:DungDefenderAura","floor":23.0},{"not_picked":["HollowMod:TaintedHusks","HollowMod:HowlingWraiths","HollowMod:SharpenedShadows"],"picked":"SKIP","floor":28.0},{"not_picked":["HollowMod:DesolateDive","HollowMod:PureVessel","HollowMod:PureNailStrike"],"picked":"SKIP","floor":29.0},{"not_picked":["HollowMod:LifebloodCocoon","HollowMod:SiblingsSouls+1"],"picked":"HollowMod:DoubleDash+1","floor":35},{"not_picked":["HollowMod:DashSlash+1","HollowMod:MawleksShell"],"picked":"HollowMod:VengefulSpirit+1","floor":36},{"not_picked":["HollowMod:NewJinnsSoul+1","HollowMod:CycloneSlash"],"picked":"HollowMod:CloakDash+1","floor":38},{"not_picked":["HollowMod:GrimmsGift","HollowMod:SiblingsSouls","HollowMod:CloakDash+1"],"picked":"SKIP","floor":39},{"not_picked":["HollowMod:HowlingWraiths+1","HollowMod:RadiancesLament","HollowMod:GreatSlash+1"],"picked":"SKIP","floor":44},{"not_picked":["HollowMod:ChannelNail+1","HollowMod:SoulStrike+1","HollowMod:HeavyBlow+1"],"picked":"SKIP","floor":48}],"player_experience":502859,"relics_obtained":[{"floor":9.0,"key":"Nunchaku"},{"floor":13.0,"key":"Bag of Marbles"},{"floor":23.0,"key":"Darkstone Periapt"},{"floor":24.0,"key":"Gremlin Horn"},{"floor":26.0,"key":"Ornamental Fan"},{"floor":43,"key":"Molten Egg 2"},{"floor":44,"key":"Thread and Needle"},{"floor":46,"key":"Centennial Puzzle"}],"event_choices":[],"is_beta":false,"boss_relics":[{"not_picked":["Sozu","SacredBark"],"picked":"Philosopher\u0027s Stone"},{"not_picked":["Pandora\u0027s Box","SlaversCollar"],"picked":"Empty Cage"}],"items_purged_floors":[31],"is_endless":false,"potions_floor_spawned":[2,4,5,14,18,23,33,36,38],"killed_by":"Hallownest:BossHollowKnight","ascension_level":6}}