{"host":"at5b10nm0iti0w4x","time":1614123841,"event":{"mods":["2.2 Compatiblity","AchievementEnabler","BaseMod","Bestiary","Block Reminder","Colored Map","Colored Powertips","Highlight Path","Keyboard Shortcuts","Minty Spire (QoL Compilation)","Quick Restart","Relic Stats","Slay the Relics Exporter","StSLib","SuperFastMode","Unknown Chances"],"gold_per_floor":[366,377,11,11,25,25,25,59,59,59,74,74,88,108,108,204,204,216,145,60,60,72,72,122,122,148,166,166,21,21,38,38,141,141,141],"floor_reached":34,"language":"ENG","playtime":856,"items_purged":["Strike_R"],"score":350,"play_id":"88ec73ab-9733-4fb6-8ccd-4d7af21e846d","local_time":"20210223184401","is_ascension_mode":false,"campfire_choices":[{"data":"Metallicize","floor":6,"key":"SMITH"},{"data":"Rupture","floor":10,"key":"SMITH"},{"data":"Combust","floor":12,"key":"SMITH"},{"data":"Flame Barrier","floor":15,"key":"SMITH"},{"data":"Exhume","floor":25,"key":"SMITH"},{"data":"Sword Boomerang","floor":28,"key":"SMITH"},{"floor":30,"key":"REST"},{"floor":32,"key":"REST"}],"circlet_count":0,"master_deck":["Strike_R","Strike_R","Strike_R","Strike_R","Defend_R","Defend_R+1","Defend_R","Defend_R","Bash","Combust+1","Reckless Charge","Offering+1","Metallicize+1","Rupture+1","Flame Barrier+1","Cleave","Exhume+1","Shrug It Off+1","Metallicize","Sword Boomerang+1","True Grit+1","Entrench+1","Berserk","Sword Boomerang+1","Battle Trance","Heavy Blade+1","Brutality"],"relics":["Burning Blood","Sling","FaceOfCleric","Matryoshka","White Beast Statue","War Paint","SlaversCollar","Darkstone Periapt","Nilry\u0027s Codex","Tiny Chest","Ancient Tea Set","Orrery","Busted Crown"],"acts_visited":["Exordium","TheCity","TheBeyond"],"potions_floor_usage":[13],"damage_taken":[{"damage":6,"enemies":"Cultist","floor":1,"turns":3},{"damage":2,"enemies":"Small Slimes","floor":2,"turns":3},{"damage":10,"enemies":"Jaw Worm","floor":5,"turns":3},{"damage":25,"enemies":"3 Sentries","floor":8,"turns":6},{"damage":16,"enemies":"2 Fungi Beasts","floor":11,"turns":3},{"damage":9,"enemies":"Large Slime","floor":13,"turns":4},{"damage":13,"enemies":"Looter","floor":14,"turns":3},{"damage":37,"enemies":"The Guardian","floor":16,"turns":10},{"damage":8,"enemies":"3 Byrds","floor":18,"turns":3},{"damage":15,"enemies":"2 Thieves","floor":22,"turns":4},{"damage":37,"enemies":"Chosen and Byrds","floor":27,"turns":6},{"damage":23,"enemies":"3 Cultists","floor":31,"turns":5},{"damage":33,"enemies":"Automaton","floor":33,"turns":7}],"seed_played":"4206352211473343274","potions_obtained":[{"floor":1,"key":"BloodPotion"},{"floor":5,"key":"ElixirPotion"},{"floor":11,"key":"ColorlessPotion"},{"floor":13,"key":"BlessingOfTheForge"},{"floor":33,"key":"PowerPotion"}],"is_trial":false,"path_per_floor":["M","M","$","?","M","R","?","E","T","R","M","R","M","M","R","B",null,"M","$","?","?","M","$","?","R","T","M","R","$","R","M","R","B",null],"character_chosen":"IRONCLAD","items_purchased":["Offering","Sling","Metallicize","Orrery"],"campfire_rested":2,"item_purchase_floors":[3,3,19,29],"current_hp_per_floor":[72,72,72,72,69,69,69,51,51,51,42,42,55,49,49,19,78,77,77,77,61,53,53,53,53,53,23,23,23,47,31,55,29,83,83],"gold":141,"neow_bonus":"TWO_FIFTY_GOLD","is_daily":false,"chose_seed":false,"campfire_upgraded":6,"win_rate":0.0,"timestamp":1614123841,"path_taken":["M","M","$","?","?","R","?","E","T","R","M","R","M","M","R","BOSS","M","?","?","?","M","$","?","R","T","?","R","$","R","M","R","BOSS"],"items_purchased_type":["Card","Relic","Card","Relic"],"build_version":"2020-12-22","purchased_purges":1,"victory":false,"max_hp_per_floor":[72,72,72,72,73,73,73,74,74,74,75,75,76,77,77,78,78,79,79,79,79,80,80,80,80,80,81,81,81,81,82,82,83,83,83],"relic_stats":{"Darkstone Periapt":0,"Busted Crown":0,"FaceOfCleric":11,"counters":[13,60],"Tiny Chest":0,"War Paint":["Defend_R","Offering"],"obtain_stats":[{"Darkstone Periapt":20,"Nilry\u0027s Codex":21,"War Paint":9,"Sling":3,"Ancient Tea Set":26,"Burning Blood":0,"White Beast Statue":9,"SlaversCollar":17,"Matryoshka":8,"Busted Crown":34,"FaceOfCleric":4,"Orrery":29,"Tiny Chest":26},{"Darkstone Periapt":9,"Nilry\u0027s Codex":9,"War Paint":4,"Sling":2,"Ancient Tea Set":10,"Burning Blood":0,"White Beast Statue":4,"SlaversCollar":8,"Matryoshka":4,"Busted Crown":13,"FaceOfCleric":2,"Orrery":11,"Tiny Chest":10},{"Darkstone Periapt":38,"Nilry\u0027s Codex":38,"War Paint":15,"Sling":6,"Ancient Tea Set":42,"Burning Blood":0,"White Beast Statue":15,"SlaversCollar":35,"Matryoshka":15,"Busted Crown":60,"FaceOfCleric":6,"Orrery":48,"Tiny Chest":42}],"Burning Blood":74},"card_choices":[{"not_picked":["Searing Blow","Anger"],"picked":"Combust","floor":1},{"not_picked":["Fire Breathing","Clash"],"picked":"Reckless Charge","floor":2},{"not_picked":["Iron Wave","Perfected Strike"],"picked":"Metallicize","floor":5},{"not_picked":["Sentinel","Clothesline"],"picked":"Rupture","floor":8},{"not_picked":["Dark Embrace","Combust"],"picked":"Flame Barrier","floor":11},{"not_picked":["Anger","Fire Breathing","Fiend Fire"],"picked":"SKIP","floor":13},{"not_picked":["Combust","Wild Strike"],"picked":"Cleave","floor":14},{"not_picked":["Barricade","Bludgeon"],"picked":"Exhume","floor":16},{"not_picked":["Headbutt+1","Iron Wave+1"],"picked":"Shrug It Off+1","floor":18},{"not_picked":["Carnage","Anger"],"picked":"Sword Boomerang","floor":22},{"not_picked":["Headbutt","Sentinel"],"picked":"True Grit+1","floor":27},{"not_picked":["Combust+1","Twin Strike"],"picked":"Entrench+1","floor":29},{"not_picked":["Body Slam","Combust"],"picked":"Berserk","floor":29},{"not_picked":["Wild Strike","Searing Blow+1"],"picked":"Sword Boomerang+1","floor":29},{"not_picked":["Perfected Strike+1","Headbutt"],"picked":"Battle Trance","floor":29},{"not_picked":["Bloodletting","Rampage+1"],"picked":"Heavy Blade+1","floor":31},{"not_picked":["Juggernaut","Exhume"],"picked":"Brutality","floor":33}],"player_experience":125215,"relics_obtained":[{"floor":8,"key":"Matryoshka"},{"floor":9,"key":"White Beast Statue"},{"floor":9,"key":"War Paint"},{"floor":21,"key":"Nilry\u0027s Codex"},{"floor":26,"key":"Tiny Chest"},{"floor":26,"key":"Ancient Tea Set"}],"event_choices":[{"damage_healed":0,"gold_gain":0,"player_choice":"Trade","damage_taken":0,"relics_obtained":["FaceOfCleric"],"max_hp_gain":0,"max_hp_loss":0,"event_name":"FaceTrader","floor":4,"gold_loss":0},{"damage_healed":0,"gold_gain":0,"player_choice":"0 cards matched","damage_taken":0,"max_hp_gain":0,"max_hp_loss":0,"event_name":"Match and Keep!","floor":7,"gold_loss":0,"cards_obtained":[]},{"damage_healed":0,"gold_gain":0,"player_choice":"Obtained Relic","damage_taken":0,"relics_obtained":["Darkstone Periapt"],"max_hp_gain":0,"max_hp_loss":0,"event_name":"Addict","floor":20,"gold_loss":85},{"damage_healed":0,"gold_gain":0,"player_choice":"Obtained Book","damage_taken":16,"max_hp_gain":0,"max_hp_loss":0,"event_name":"Cursed Tome","floor":21,"gold_loss":0},{"damage_healed":0,"gold_gain":100,"player_choice":"Bet on Murderer","damage_taken":0,"max_hp_gain":0,"max_hp_loss":0,"event_name":"The Joust","floor":24,"gold_loss":50}],"is_beta":false,"boss_relics":[{"not_picked":["Fusion Hammer","Runic Cube"],"picked":"SlaversCollar"},{"not_picked":["Philosopher\u0027s Stone","Snecko Eye"],"picked":"Busted Crown"}],"items_purged_floors":[3],"is_endless":false,"potions_floor_spawned":[1,5,11,13,14,16,18,22,27,31,33],"ascension_level":0}}