{"host":"c1oza4x7xlyuasvd","time":1614057179,"event":{"mods":["ATMod(°¢èªMod)","Act Like it!","BaseMod","Better Vampires","Colored Powertips","Gensokyo","Marisa£¨ìFÓê¡¡Ä§ÀíÉ³£©","Minty Spire (QoL Compilation)","MostiFishMod","Reimu£¨²©ÀöÁéÃÎ£©","StSLib","TestMod","The Animator","Waifu the Spire","Youmu£¨»êÆÇÑýÃÎ£©"],"gold_per_floor":[127,127,141,141,11,39,56,88,140,170,211,211,211,235,235,339,339,362,384,384,48,68,68,68,318,318,347,359,579,579,579,579,678,678,706,706,718,367,377,510,528,3,52,63,202,202,218,529,529,833,833,833,822,880,967,1039,1289,345,432,524,524,218,321,393,600,187,306,306,310],"floor_reached":70,"language":"ZHS","playtime":4940,"items_purged":["animator:Strike","animator:Defend","animator:Defend+1","animator:KrulTepes+1"],"score":1740,"play_id":"9832777c-f224-4ee3-9dcf-c17ea4520ba7","local_time":"20210223131259","is_ascension_mode":true,"campfire_choices":[{"data":"AT_KingSlayer","floor":13.0,"key":"SMITH"},{"data":"animator:GoblinSlayer","floor":15.0,"key":"SMITH"},{"data":"animator:Melzalgald","floor":23.0,"key":"SMITH"},{"data":"animator:NagisaMomoe","floor":30.0,"key":"SMITH"},{"floor":32.0,"key":"RECALL"},{"data":"1","floor":46.0,"key":"LIFT"},{"data":"2","floor":49.0,"key":"LIFT"},{"data":"3","floor":52.0,"key":"LIFT"},{"floor":68.0,"key":"REST"}],"circlet_count":0,"master_deck":["animator:Strike_GoblinSlayer+1","animator:Defend_GoblinSlayer+1","animator:LizardPriest+1","animator:DwarfShaman+1","AT_KingSlayer+1","animator:Demiurge+1","animator:Geryuganshoop+1","animator:Nanami+1","animator:Mikaela+1","animator:HighElfArcher+1","animator:Shiro+1","animator:MamiTomoe+1","animator:GuildGirl+1","animator:GoblinSlayer+1","animator:Boros+1","animator:DolaRiku+1","animator:DolaStephanie+1","animator:Melzalgald+1","animator:Ainz+1","animator:NagisaMomoe+1","animator:MumenRider+1","animator:SwordMaiden+1","animator:Saitama+1","animator:MetalKnight+1","animator:HigakiRinne+1","animator:PandorasActor+1","animator:Saber+1","animator:Kyubey+1","animator:Kyubey+1","animator:Shimakaze+1","animator:YaoHaDucy+1","animator:FeridBathory+1","animator:HarukoHaruhara+1","animator:ItamiYouji+1","animator:FielNirvalen+1","animator:TanyaDegurechaff+1"],"relics":["animator:TheWolleyCore","animator:AncientMedallion"],"acts_visited":["Exordium","Gensokyo:Gensokyo","Gensokyo:Gensokyoer","TheEnding","EYB:TheUnnamedReign"],"potions_floor_usage":[69,69,69],"damage_taken":[{"damage":0.0,"enemies":"Gensokyo:2_Kodama","floor":1.0,"turns":2.0},{"damage":0.0,"enemies":"Gensokyo:3_Fairies","floor":3.0,"turns":2.0},{"damage":0.0,"enemies":"Gensokyo:Cirno","floor":6.0,"turns":2.0},{"damage":4.0,"enemies":"Gensokyo:Python","floor":7.0,"turns":3.0},{"damage":0.0,"enemies":"Gensokyo:Aya","floor":8.0,"turns":4.0},{"damage":5.0,"enemies":"Gensokyo:3_Kodama","floor":10.0,"turns":3.0},{"damage":0.0,"enemies":"Gensokyo:Mamizou","floor":11.0,"turns":4.0},{"damage":0.0,"enemies":"Gensokyo:Python_and_Kodama","floor":14.0,"turns":2.0},{"damage":12.0,"enemies":"Gensokyo:Kokoro","floor":16.0,"turns":4.0},{"damage":5.0,"enemies":"Gensokyo:3_Dogs","floor":18.0,"turns":4.0},{"damage":0.0,"enemies":"Gensokyo:CosmicMonolith","floor":19.0,"turns":1.0},{"damage":0.0,"enemies":"Gensokyo:Swordslinger","floor":22.0,"turns":2.0},{"damage":8.0,"enemies":"Gensokyo:Reisen","floor":24.0,"turns":2.0},{"damage":0.0,"enemies":"Gensokyo:Koishi","floor":27.0,"turns":2.0},{"damage":18.0,"enemies":"Gensokyo:Wraith","floor":28.0,"turns":2.0},{"damage":0.0,"enemies":"Gensokyo:Mirror_and_Dog","floor":29.0,"turns":2.0},{"damage":0.0,"enemies":"Gensokyo:Eiki","floor":33.0,"turns":3.0},{"damage":0.0,"enemies":"Gensokyo:3_Bats","floor":35.0,"turns":2.0},{"damage":0.0,"enemies":"Gensokyo:AncientGuardian","floor":37.0,"turns":1.0},{"damage":0.0,"enemies":"Gensokyo:SeedOfUnknown","floor":39.0,"turns":2.0},{"damage":0.0,"enemies":"Gensokyo:Kasen","floor":40.0,"turns":1.0},{"damage":0.0,"enemies":"Gensokyo:Dusk_and_Dawn","floor":41.0,"turns":1.0},{"damage":0.0,"enemies":"Gensokyo:4_Bats","floor":44.0,"turns":1.0},{"damage":0.0,"enemies":"Gensokyo:Marisa","floor":45.0,"turns":1.0},{"damage":0.0,"enemies":"Gensokyo:SeedOfUnknown","floor":47.0,"turns":1.0},{"damage":0.0,"enemies":"Gensokyo:Sharpion","floor":48.0,"turns":1.0},{"damage":0.0,"enemies":"Gensokyo:Scarlet_Devils","floor":50.0,"turns":4.0},{"damage":32.0,"enemies":"animator:TRIPLE_SHAPES_WEAK","floor":54.0,"turns":6.0},{"damage":16.0,"enemies":"animator:UNNAMED_HAT","floor":55.0,"turns":8.0},{"damage":52.0,"enemies":"animator:TRIPLE_LAGAVULIN","floor":59.0,"turns":7.0},{"damage":37.0,"enemies":"animator:UNNAMED_CULTIST_2","floor":60.0,"turns":6.0},{"damage":17.0,"enemies":"animator:ULTIMATE_CRYSTAL","floor":63.0,"turns":7.0},{"damage":3.0,"enemies":"animator:ULTIMATE_CUBE","floor":67.0,"turns":8.0}],"seed_played":"-621760177825687136","potions_obtained":[{"floor":1.0,"key":"testmod-TimePotion"},{"floor":3.0,"key":"Weak Potion"},{"floor":6.0,"key":"AttackPotion"},{"floor":35.0,"key":"DistilledChaos"},{"floor":40.0,"key":"Fire Potion"},{"floor":54.0,"key":"animator:FalseLifePotion"},{"floor":55.0,"key":"animator:FalseLifePotion"},{"floor":59.0,"key":"animator:FalseLifePotion"},{"floor":63.0,"key":"animator:FalseLifePotion"}],"is_trial":false,"path_per_floor":["M","?","M","?","COS","E","M","E","T","M","E","?","R","M","R","B",null,"M","M","?","COS","M","R","E","?","T","E","M","M","R","T","R","B",null,"M","?","M","$","M","E","M","COS","T","M","E","R","M","M","R","B",null,"R","??","M","M","T","?","$","M","M","?","$","E","T","?","$","E","R","B",null],"character_chosen":"THE_ANIMATOR","items_purchased":["AT_TheCollector","animator:Shimakaze","animator:AncientMedallion","animator:AncientMedallion","animator:AncientMedallion","animator:HarukoHaruhara","animator:FielNirvalen","animator:TanyaDegurechaff"],"campfire_rested":1,"item_purchase_floors":[38,58,58,58,58,62,66,66],"current_hp_per_floor":[66,66,66,40,40,40,36,36,36,33,35,36,36,40,40,32,67,63,67,67,67,68,68,62,62,62,65,48,56,56,56,56,66,66,66,66,66,66,66,66,66,66,66,66,66,66,66,66,66,66,66,66,98,84,78,78,78,78,44,29,29,29,28,28,28,28,47,76,98],"gold":310,"neow_bonus":"THREE_ENEMY_KILL","is_daily":false,"chose_seed":false,"campfire_upgraded":4,"win_rate":0.0,"timestamp":1614057179,"path_taken":["M","?","M","?","COS","E","M","E","T","M","E","?","R","M","R","BOSS","M","M","?","COS","?","R","E","?","T","E","M","M","R","?","R","BOSS","M","?","M","$","M","E","?","COS","T","M","E","R","M","M","R","BOSS","R","??","M","M","T","?","$","M","M","?","$","E","T","?","$","E","R","BOSS"],"items_purchased_type":["Relic","Card","Relic","Relic","Relic","Card","Card","Card"],"build_version":"2020-12-22","purchased_purges":4,"victory":true,"max_hp_per_floor":[66,66,66,66,66,66,66,66,66,66,66,67,67,67,67,67,67,68,68,68,68,68,68,69,65,65,65,65,66,66,66,66,66,66,66,66,66,66,66,66,66,66,66,66,66,66,66,66,66,66,66,66,98,98,98,98,98,98,98,98,98,98,98,98,98,98,98,98,98],"card_choices":[{"not_picked":["animator:Shinoa","animator:UneriGinkaku"],"picked":"animator:Demiurge","floor":1.0},{"not_picked":["animator:Berserker","animator:DwarfShaman","animator:SilverFang","animator:FielNirvalen"],"picked":"animator:Geryuganshoop","floor":3.0},{"not_picked":["animator:SakuraMatou","animator:Cocytus","animator:Entoma","animator:Jibril"],"picked":"animator:Nanami","floor":6.0},{"not_picked":["animator:Shinoa","animator:Mitsuba","animator:Shigure","animator:Yoichi"],"picked":"animator:KrulTepes","floor":7.0},{"not_picked":["animator:EmiyaShirou","animator:Assassin","animator:MumenRider","animator:Illya"],"picked":"animator:Mikaela","floor":8.0},{"not_picked":["animator:YuiTsuruno","animator:KyokoSakura","animator:Geryuganshoop","animator:Alexander"],"picked":"animator:HighElfArcher","floor":10.0},{"not_picked":["animator:OrikoMikuni","animator:FielNirvalen+1","animator:RinTohsaka","animator:Sonic"],"picked":"animator:Shiro+1","floor":11.0},{"not_picked":["animator:ChlammyZell","animator:Rider","animator:Spearman","animator:Archer+1"],"picked":"animator:MamiTomoe","floor":12.0},{"not_picked":["animator:IzunaHatsuse","animator:TsurugaMeisai","animator:TukaLunaMarceau","animator:Mitsuba"],"picked":"animator:GuildGirl+1","floor":12.0},{"not_picked":["animator:Spearman","animator:Priestess","animator:Witch","animator:GuildGirl+1"],"picked":"animator:GoblinSlayer","floor":14.0},{"not_picked":["animator:Ainz+1","animator:Albedo","animator:Shiro+1","animator:Saitama"],"picked":"animator:Boros+1","floor":16.0},{"not_picked":["animator:Entoma","animator:FielNirvalen+1","animator:RoryMercury+1","animator:GuildGirl+1"],"picked":"animator:DolaRiku","floor":18.0},{"not_picked":["animator:Genos","animator:KyokoSakura","animator:DwarfShaman","animator:HighElfArcher"],"picked":"animator:DolaStephanie","floor":19.0},{"not_picked":["animator:YachiyoNanami+1","animator:Shinoa","animator:HighElfArcher","animator:Tet","animator:ZankiKiguchi"],"picked":"SKIP","floor":22.0},{"not_picked":["animator:HigakiRinne","animator:Berserker","animator:LeleiLaLalena","animator:DolaSchwi"],"picked":"animator:Ainz+1","floor":24.0},{"not_picked":["animator:YachiyoNanami+1","animator:LeleiLaLalena","animator:SilverFang+1","animator:YaoHaDucy"],"picked":"animator:NagisaMomoe","floor":27.0},{"not_picked":["animator:PandorasActor","animator:CowGirl","animator:SilverFang","animator:KrulTepes"],"picked":"animator:MumenRider","floor":28.0},{"not_picked":["animator:Cocytus","animator:DolaSchwi","animator:Alexander+1","animator:LeleiLaLalena"],"picked":"animator:SwordMaiden","floor":29.0},{"not_picked":["animator:Ainz+1","animator:GoblinSlayer","animator:Gilgamesh","animator:Albedo"],"picked":"animator:Saitama","floor":33.0},{"not_picked":["animator:ChlammyZell+1","animator:Demiurge+1","animator:Kuribayashi+1","animator:Arpeggio+1","animator:Alexander+1"],"picked":"SKIP","floor":37.0},{"not_picked":["animator:GoblinSlayer","animator:Tatsumaki","animator:Demiurge","animator:KyokoSakura"],"picked":"animator:MetalKnight+1","floor":39.0},{"not_picked":["animator:Shalltear","animator:Shigure+1","animator:TukaLunaMarceau","animator:Nanami+1","animator:Spearman+1"],"picked":"SKIP","floor":40.0},{"not_picked":["animator:Cocytus","animator:LeleiLaLalena","animator:Priestess","animator:Melzalgald","animator:KyokoSakura"],"picked":"SKIP","floor":44.0},{"not_picked":["animator:LizardPriest","animator:TukaLunaMarceau","animator:KyokoSakura","animator:UneriGinkaku"],"picked":"animator:PandorasActor+1","floor":45.0},{"not_picked":["animator:YuiTsuruno+1","animator:Shinoa","animator:LeleiLaLalena+1","animator:RinTohsaka+1"],"picked":"animator:Saber","floor":47.0},{"not_picked":["animator:KyokoSakura","animator:SuzuneAmano","animator:YachiyoNanami+1","animator:YuiTsuruno"],"picked":"animator:Kyubey","floor":48.0},{"not_picked":["animator:Azekura","animator:Shinoa"],"picked":"animator:Kyubey","floor":54.0},{"not_picked":["animator:GuildGirl","animator:TsurugaMeisai","animator:OrikoMikuni"],"picked":"SKIP","floor":55.0},{"not_picked":["animator:Shalltear+1","animator:Evileye+1"],"picked":"animator:YaoHaDucy","floor":59.0},{"not_picked":["animator:DolaCouronne","animator:Alexander+1","animator:Mikaela"],"picked":"SKIP","floor":60.0},{"not_picked":["animator:Guren+1","animator:ItamiYouji+1"],"picked":"animator:FeridBathory+1","floor":61.0},{"not_picked":["animator:Tyuule","animator:MamiTomoe+1"],"picked":"animator:ItamiYouji","floor":63.0},{"not_picked":["animator:Alexander","animator:FielNirvalen","animator:TsurugaMeisai"],"picked":"SKIP","floor":67.0}],"player_experience":252280,"relics_obtained":[{"floor":1.0,"key":"SynthV:TestCard"},{"floor":6.0,"key":"Frozen Egg 2"},{"floor":8.0,"key":"Blood Vial"},{"floor":8.0,"key":"testmod-TurbochargingSystem"},{"floor":9.0,"key":"Red Skull"},{"floor":11.0,"key":"Blood Vial"},{"floor":11.0,"key":"PureWhite:ReiMu"},{"floor":24.0,"key":"Paper Crane"},{"floor":26.0,"key":"AT_SilvercatRing"},{"floor":27.0,"key":"Blood Vial"},{"floor":27.0,"key":"testmod-IndustrialRevolution"},{"floor":31.0,"key":"HollowDreamFlower"},{"floor":40.0,"key":"AT_TimeSand"},{"floor":45.0,"key":"AT_ForceNature"},{"floor":53.0,"key":"animator:TheWolleyCore"},{"floor":53.0,"key":"animator:AncientMedallion"},{"floor":56.0,"key":"animator:AncientMedallion"},{"floor":63.0,"key":"animator:AncientMedallion"},{"floor":63.0,"key":"animator:AncientMedallion"},{"floor":64.0,"key":"animator:AncientMedallion"},{"floor":67.0,"key":"animator:AncientMedallion"}],"event_choices":[{"damage_healed":0.0,"max_hp_gain":0.0,"max_hp_loss":0.0,"gold_gain":0.0,"event_name":"¸ø×Ô¼ºµÄºÐ×Ó","player_choice":"Ignored","floor":2.0,"gold_loss":0.0,"damage_taken":0.0},{"damage_healed":0.0,"max_hp_gain":0.0,"max_hp_loss":0.0,"gold_gain":250.0,"event_name":"¶÷ÂåË¹µÄÅÌ×Ó","player_choice":"Sell","floor":57.0,"relics_lost":["animator:AncientMedallion"],"gold_loss":0.0,"damage_taken":0.0}],"is_beta":false,"boss_relics":[{"not_picked":["Pandora\u0027s Box","MoonlightInvasionPlan"],"picked":"ChiXiaoBlade"},{"not_picked":["testmod-Fanaticism","EE1DDrone"],"picked":"HereWithMe"}],"items_purged_floors":[38,58,62,66],"is_endless":false,"potions_floor_spawned":[1,3,6,18,22,28,33,35,40,45,48,54,59,60,63],"ascension_level":2}}