{"host":"hszimsrtxxc2k25w","time":1614109762,"event":{"mods":["AchievementEnabler","BaseMod","Colored Map","DeckTracker","Minty Spire (QoL Compilation)","Rare Cards Sparkle","SuperFastMode"],"gold_per_floor":[367,367,254,268,281,281,293,293,317,317,24,24,41,53,53,127,127,146,0,14,32,32,32,44,44,97,97,114,146,96,122,122,199,199,217,564,589,451,471,484,409,426,426,453,473,695,706,735,735,735],"floor_reached":51,"language":"KOR","playtime":1814,"items_purged":["Normality","Strike_P","Defend_P","Strike_P"],"score":1303,"play_id":"d29e6433-792c-4588-bbbb-e225d28e56be","local_time":"20210224044922","is_ascension_mode":true,"campfire_choices":[{"data":"Eruption","floor":6.0,"key":"SMITH"},{"data":"FearNoEvil","floor":10.0,"key":"SMITH"},{"data":"Scrawl","floor":12.0,"key":"SMITH"},{"data":"SandsOfTime","floor":15.0,"key":"SMITH"},{"floor":23,"key":"REST"},{"data":"InnerPeace","floor":25,"key":"SMITH"},{"data":"Worship","floor":27,"key":"SMITH"},{"floor":32,"key":"REST"},{"floor":49,"key":"REST"}],"circlet_count":0,"master_deck":["AscendersBane","Strike_P+1","Strike_P+1","Defend_P+1","Defend_P+1","Defend_P+1","Eruption+1","Vigilance+1","FearNoEvil+1","EmptyBody","MentalFortress+1","SandsOfTime+1","Scrawl+1","InnerPeace+1","LessonLearned+1","Worship+1","WheelKick","Ragnarok","SandsOfTime+1","WheelKick","SpiritShield"],"relics":["HolyWater","Toy Ornithopter","Bag of Marbles","Snecko Eye","Membership Card","Damaru","Red Mask","Pear","Old Coin","Du-Vu Doll","DollysMirror","Vajra","Yang"],"acts_visited":["Exordium","TheCity","TheBeyond"],"potions_floor_usage":[29,31,35,35,35,36,50],"damage_taken":[{"damage":2.0,"enemies":"Small Slimes","floor":1.0,"turns":4.0},{"damage":1.0,"enemies":"2 Louse","floor":4.0,"turns":2.0},{"damage":1.0,"enemies":"Cultist","floor":5.0,"turns":4.0},{"damage":5.0,"enemies":"2 Fungi Beasts","floor":7.0,"turns":4.0},{"damage":0.0,"enemies":"3 Louse","floor":13.0,"turns":1.0},{"damage":6.0,"enemies":"Looter","floor":14.0,"turns":3.0},{"damage":24.0,"enemies":"Slime Boss","floor":16.0,"turns":11.0},{"damage":11.0,"enemies":"2 Thieves","floor":18.0,"turns":4.0},{"damage":4.0,"enemies":"Chosen","floor":20.0,"turns":3.0},{"damage":6,"enemies":"Centurion and Healer","floor":21,"turns":5},{"damage":0,"enemies":"Cultist and Chosen","floor":24,"turns":4},{"damage":4,"enemies":"Chosen and Byrds","floor":28,"turns":5},{"damage":19,"enemies":"Masked Bandits","floor":29,"turns":3},{"damage":0,"enemies":"Gremlin Leader","floor":31,"turns":1},{"damage":26,"enemies":"Collector","floor":33,"turns":10},{"damage":23,"enemies":"3 Darklings","floor":35,"turns":3},{"damage":3,"enemies":"2 Orb Walkers","floor":36,"turns":2},{"damage":8,"enemies":"Mind Bloom Boss Battle","floor":37,"turns":5},{"damage":0,"enemies":"Orb Walker","floor":39,"turns":1},{"damage":24,"enemies":"Jaw Worm Horde","floor":40,"turns":3},{"damage":8,"enemies":"4 Shapes","floor":42,"turns":5},{"damage":0,"enemies":"Nemesis","floor":44,"turns":1},{"damage":0,"enemies":"Transient","floor":45,"turns":5},{"damage":0,"enemies":"3 Darklings","floor":47,"turns":1},{"damage":0,"enemies":"Reptomancer","floor":48,"turns":4},{"damage":9,"enemies":"Donu and Deca","floor":50,"turns":6}],"seed_played":"-3901373518786784560","potions_obtained":[{"floor":5.0,"key":"SkillPotion"},{"floor":8.0,"key":"LiquidMemories"},{"floor":8.0,"key":"EntropicBrew"},{"floor":16.0,"key":"Ambrosia"},{"floor":29,"key":"Swift Potion"},{"floor":31,"key":"Swift Potion"},{"floor":35,"key":"DistilledChaos"},{"floor":36,"key":"Block Potion"},{"floor":39,"key":"FairyPotion"}],"is_trial":false,"path_per_floor":["M","?","$","M","M","R","M","?","T","R","$","R","M","M","R","B",null,"M","$","M","M","$","R","M","R","T","R","M","?","$","E","R","B",null,"M","?","?","$","M","M","$","M","T","E","M","?","M","E","R","B",null],"character_chosen":"WATCHER","items_purchased":["FearNoEvil","MentalFortress","SandsOfTime","Scrawl","Membership Card","DollysMirror"],"campfire_rested":3,"item_purchase_floors":[3,11,11,11,19,38],"current_hp_per_floor":[63,60,60,59,58,58,53,53,53,53,53,53,53,47,47,28,61,50,50,46,40,40,61,61,61,61,61,57,43,43,58,82,56,76,68,70,62,62,62,38,38,30,30,30,30,30,30,30,54,50],"gold":735,"neow_bonus":"TWO_FIFTY_GOLD","is_daily":false,"chose_seed":false,"campfire_upgraded":6,"win_rate":0.0,"timestamp":1614109762,"path_taken":["M","?","$","M","M","R","M","?","T","R","$","R","M","M","R","BOSS","M","$","M","M","?","R","M","R","T","R","M","?","$","E","R","BOSS","M","?","?","?","M","?","$","M","T","E","M","?","M","E","R","BOSS"],"items_purchased_type":["Card","Card","Card","Card","Relic","Relic"],"build_version":"2020-12-22","purchased_purges":4,"victory":true,"max_hp_per_floor":[72,72,72,72,72,72,72,72,72,72,72,72,72,72,72,72,72,72,72,72,72,72,72,72,72,72,72,72,72,72,82,82,82,82,82,82,82,82,82,82,82,82,82,82,82,82,82,82,82,82],"card_choices":[{"not_picked":["Indignation","SashWhip","Wireheading"],"picked":"SKIP","floor":1.0},{"not_picked":["FearNoEvil","FlyingSleeves"],"picked":"EmptyBody","floor":4.0},{"not_picked":["Study","BattleHymn","Prostrate"],"picked":"SKIP","floor":5.0},{"not_picked":["FollowUp","EmptyBody","Weave"],"picked":"SKIP","floor":7.0},{"not_picked":["ReachHeaven","ThirdEye"],"picked":"InnerPeace","floor":13.0},{"not_picked":["InnerPeace","DevaForm","Halt"],"picked":"SKIP","floor":14.0},{"not_picked":["Alpha","Devotion"],"picked":"LessonLearned","floor":16.0},{"not_picked":["ThirdEye","Halt","Crescendo"],"picked":"SKIP","floor":18.0},{"not_picked":["Prostrate","ThirdEye","Tantrum"],"picked":"SKIP","floor":20},{"not_picked":["Consecrate+1","MasterReality","EmptyFist+1"],"picked":"SKIP","floor":21},{"not_picked":["Crescendo","Evaluate"],"picked":"Worship","floor":24},{"not_picked":["Consecrate","Meditate"],"picked":"WheelKick","floor":28},{"not_picked":["Perseverance","ForeignInfluence","Prostrate"],"picked":"SKIP","floor":31},{"not_picked":["DeusExMachina","SpiritShield"],"picked":"Ragnarok","floor":33},{"not_picked":["FollowUp","DeceiveReality","ForeignInfluence"],"picked":"SKIP","floor":35},{"not_picked":["CrushJoints","CarveReality","Consecrate"],"picked":"SKIP","floor":39},{"not_picked":["Evaluate","Consecrate","Halt"],"picked":"SKIP","floor":40},{"not_picked":["Tantrum","Evaluate+1","FollowUp"],"picked":"SKIP","floor":42},{"not_picked":["FollowUp+1","Blasphemy","Halt"],"picked":"SKIP","floor":44},{"not_picked":["Evaluate","ThirdEye","Vengeance"],"picked":"SKIP","floor":45},{"not_picked":["Halt+1","ReachHeaven"],"picked":"WheelKick","floor":47},{"not_picked":["Consecrate","FlurryOfBlows"],"picked":"SpiritShield","floor":48}],"player_experience":698285,"relics_obtained":[{"floor":9.0,"key":"Bag of Marbles"},{"floor":26,"key":"Damaru"},{"floor":29,"key":"Red Mask"},{"floor":31,"key":"Pear"},{"floor":36,"key":"Old Coin"},{"floor":37,"key":"Du-Vu Doll"},{"floor":44,"key":"Vajra"},{"floor":48,"key":"Yang"}],"event_choices":[{"damage_healed":0.0,"max_hp_gain":0.0,"max_hp_loss":0.0,"gold_gain":0.0,"event_name":"Scrap Ooze","player_choice":"Success","floor":2.0,"gold_loss":0.0,"damage_taken":3.0,"relics_obtained":["Toy Ornithopter"]},{"damage_healed":0.0,"max_hp_gain":0.0,"max_hp_loss":0.0,"gold_gain":0.0,"event_name":"Lab","player_choice":"Got Potions","floor":8.0,"gold_loss":0.0,"damage_taken":0.0},{"damage_healed":0,"gold_gain":0,"player_choice":"Fought Bandits","damage_taken":0,"max_hp_gain":0,"max_hp_loss":0,"event_name":"Masked Bandits","floor":29,"gold_loss":0},{"damage_healed":0,"gold_gain":0,"player_choice":"Fight","damage_taken":0,"max_hp_gain":0,"max_hp_loss":0,"event_name":"Mysterious Sphere","floor":36,"gold_loss":0},{"damage_healed":0,"gold_gain":0,"player_choice":"Fight","damage_taken":0,"max_hp_gain":0,"max_hp_loss":0,"event_name":"MindBloom","floor":37,"gold_loss":0},{"damage_healed":0,"gold_gain":222,"player_choice":"Wore Mask","damage_taken":0,"max_hp_gain":0,"max_hp_loss":0,"event_name":"Tomb of Lord Red Mask","floor":46,"gold_loss":0}],"is_beta":false,"boss_relics":[{"not_picked":["Empty Cage","Busted Crown"],"picked":"Snecko Eye"},{"not_picked":["Runic Pyramid","SacredBark"],"picked":"HolyWater"}],"items_purged_floors":[3,30,38,41],"is_endless":false,"potions_floor_spawned":[5,16,20,21,24,29,31,35,36,39,40,48],"ascension_level":13}}