{"host":"6cq08l203i8iyh3k","time":1614053019,"event":{"mods":["BaseMod","Better Note","Better Silent Start","BetterRewards","Colored Map","Colored Powertips","Infinite Spire","Minty Spire (QoL Compilation)","Quick Restart","Replay The Spire","Spicy Shops","StSLib","The Druid"],"gold_per_floor":[110,110,30,44,62,62,102,102,102,117,142,142,158,178,178,306,306,321,62,56,77,77,77,77,77],"floor_reached":24,"language":"ENG","playtime":1501,"items_purged":[],"score":210,"play_id":"72e0a9c7-4c6a-436e-9c7f-d3ce157d5d79","local_time":"20210222220339","is_ascension_mode":true,"campfire_choices":[{"floor":6,"key":"REST"},{"data":"theDruid:NaturalAgility","floor":6,"key":"SMITH"},{"floor":12,"key":"REST"},{"data":"theDruid:FuriousSlash","floor":12,"key":"SMITH"},{"floor":15,"key":"REST"},{"data":"theDruid:SurvivalCache","floor":15,"key":"SMITH"},{"floor":23,"key":"REST"},{"data":"theDruid:ApexPredator","floor":23,"key":"SMITH"}],"circlet_count":0,"master_deck":["theDruid:Strike_O","theDruid:Strike_O","theDruid:Strike_O","theDruid:Strike_O","theDruid:Defend_O","theDruid:Defend_O","theDruid:Defend_O","theDruid:Defend_O","theDruid:BriarArmor","theDruid:WildSlash","Injury","theDruid:NaturalAgility+1","theDruid:WallofRoots","theDruid:BristlingDefense","theDruid:FuriousSlash+1","theDruid:Slingshot","theDruid:SurvivalCache+1","theDruid:ApexPredator+1","theDruid:FeralPlants"],"relics":["theDruid:CrownOfTheWilds","Golden Idol","infinitespire:Magic Flask","Pantograph","Art of War","Potion Belt","SlaversCollar","Membership Card"],"acts_visited":["Exordium","TheCity"],"potions_floor_usage":[5,13,13,20,21],"damage_taken":[{"damage":4,"enemies":"Jaw Worm","floor":1,"turns":5},{"damage":1,"enemies":"Cultist","floor":4,"turns":4},{"damage":3,"enemies":"2 Louse","floor":5,"turns":2},{"damage":65,"enemies":"3 Sentries","floor":7,"turns":15},{"damage":1,"enemies":"Large Slime","floor":10,"turns":8},{"damage":0,"enemies":"2 Fungi Beasts","floor":11,"turns":6},{"damage":7,"enemies":"Exordium Thugs","floor":13,"turns":7},{"damage":19,"enemies":"Exordium Wildlife","floor":14,"turns":7},{"damage":71,"enemies":"Fading Forest","floor":16,"turns":11},{"damage":19,"enemies":"Spheric Guardian","floor":18,"turns":5},{"damage":19,"enemies":"2 Thieves","floor":20,"turns":4},{"damage":17,"enemies":"Sentry and Sphere","floor":21,"turns":5},{"damage":70,"enemies":"Slavers","floor":24,"turns":6}],"seed_played":"4236745339457568885","potions_obtained":[{"floor":1,"key":"Energy Potion"},{"floor":10,"key":"Dexterity Potion"},{"floor":13,"key":"Fruit Juice"},{"floor":16,"key":"Doom Potion"},{"floor":18,"key":"SteroidPotion"},{"floor":20,"key":"DuplicationPotion"}],"is_trial":false,"path_per_floor":["M","?","$","M","M","R","E","?","T","M","M","R","M","M","R","B",null,"M","$","M","M","?","R","E"],"character_chosen":"DRUID","items_purchased":["infinitespire:Magic Flask","Membership Card","theDruid:FeralPlants"],"campfire_rested":4,"item_purchase_floors":[3,19,19],"current_hp_per_floor":[78,78,78,77,74,82,17,17,17,16,16,40,38,19,45,9,87,68,68,49,32,32,58,0,0],"gold":77,"neow_bonus":"TEN_PERCENT_HP_BONUS","is_daily":false,"chose_seed":false,"campfire_upgraded":4,"win_rate":0.0,"timestamp":1614053019,"path_taken":["M","?","$","M","M","R","E","?","T","?","M","R","M","M","R","BOSS","M","$","M","M","?","R","E"],"items_purchased_type":["Relic","Relic","Card"],"build_version":"2020-12-22","purchased_purges":0,"victory":false,"max_hp_per_floor":[82,82,82,82,82,82,82,82,82,82,82,82,87,87,87,87,87,87,87,87,87,87,87,87,87],"card_choices":[{"not_picked":["theDruid:BrambleLash","theDruid:Starfall","theDruid:FaerieFire"],"picked":"SKIP","floor":1},{"not_picked":["theDruid:FelineGrace","theDruid:Thornburst","theDruid:FullMoon"],"picked":"SKIP","floor":4},{"not_picked":["theDruid:Pathfinder","theDruid:Fortitude"],"picked":"theDruid:NaturalAgility","floor":5},{"not_picked":["theDruid:BloodiedFur","theDruid:Rummage"],"picked":"theDruid:WallofRoots","floor":7},{"not_picked":["theDruid:FullMoon","theDruid:BagofTricks"],"picked":"theDruid:BristlingDefense","floor":10},{"not_picked":["theDruid:TwilightsCall","theDruid:Impale"],"picked":"theDruid:FuriousSlash","floor":11},{"not_picked":["theDruid:Gore","theDruid:Resupply"],"picked":"theDruid:Slingshot","floor":13},{"not_picked":["theDruid:Starfall","theDruid:ForestGuard"],"picked":"theDruid:SurvivalCache","floor":14},{"not_picked":["theDruid:TwinStars","theDruid:Earthquake"],"picked":"theDruid:ApexPredator","floor":16},{"not_picked":["theDruid:FelineGrace","theDruid:BlessedStrike","theDruid:Resupply"],"picked":"SKIP","floor":18},{"not_picked":["theDruid:Resupply+1","theDruid:Slingshot","theDruid:HailofThorns"],"picked":"SKIP","floor":20},{"not_picked":["theDruid:Starfall","theDruid:TwilightsCall","theDruid:Recoil+1"],"picked":"SKIP","floor":21}],"player_experience":407722,"relics_obtained":[{"floor":7,"key":"Pantograph"},{"floor":8,"key":"Art of War"},{"floor":9,"key":"Potion Belt"}],"event_choices":[{"damage_healed":0,"gold_gain":0,"player_choice":"Take Wound","damage_taken":0,"relics_obtained":["Golden Idol"],"max_hp_gain":0,"max_hp_loss":0,"event_name":"Golden Idol","floor":2,"gold_loss":0,"cards_obtained":["Injury"]},{"damage_healed":0,"gold_gain":0,"player_choice":"Relic","damage_taken":0,"max_hp_gain":0,"max_hp_loss":0,"event_name":"Wheel of Change","floor":8,"gold_loss":0},{"damage_healed":0,"gold_gain":0,"player_choice":"Ignored","damage_taken":0,"max_hp_gain":0,"max_hp_loss":0,"event_name":"betterNote:BetterNote","floor":22,"gold_loss":0,"cards_obtained":["Storm of Steel"]}],"is_beta":false,"boss_relics":[{"not_picked":["Replay:Bronze Core","ChewingGum"],"picked":"SlaversCollar"}],"items_purged_floors":[],"is_endless":false,"potions_floor_spawned":[1,10,13,16,18,20],"killed_by":"Slavers","ascension_level":1}}