{"host":"y080dcqw8fj32q7d","time":1614099493,"event":{"mods":["AchievementEnabler","BaseMod","Colored Map","Colored Powertips","DeckTracker","Minty Spire (QoL Compilation)","Relic Sorter"],"gold_per_floor":[109,109,123,133,147,179,179,179,179,199,219,232,232,250,250,348,348,364,364,376,1,1,44,77,106,142,173,73,73,73],"floor_reached":29,"language":"ENG","playtime":1433,"items_purged":["Defend_R","Defend_R"],"score":345,"play_id":"9db72e3d-3670-45aa-8174-65f8d772c4b1","local_time":"20210223195813","is_ascension_mode":true,"campfire_choices":[{"floor":8,"key":"RECALL"},{"floor":15,"key":"REST"}],"circlet_count":0,"master_deck":["Strike_R","Strike_R","Strike_R","Strike_R","Defend_R","Defend_R","Bash","Cleave","Armaments+1","Headbutt","Armaments","Pommel Strike","Spot Weakness","Juggernaut","Strike_R","Limit Break","Metallicize","Writhe","RitualDagger","Body Slam+1","Pain"],"relics":["Burning Blood","NeowsBlessing","Mummified Hand","Turnip","Mango","Cursed Key","WingedGreaves","PreservedInsect","Bag of Marbles","CeramicFish","Darkstone Periapt","Lantern","Tiny Chest"],"acts_visited":["Exordium","TheCity"],"potions_floor_usage":[16,16,16,24,25,27,29],"damage_taken":[{"damage":0,"enemies":"Small Slimes","floor":1,"turns":1},{"damage":0,"enemies":"Jaw Worm","floor":3,"turns":1},{"damage":0,"enemies":"Cultist","floor":4,"turns":1},{"damage":11,"enemies":"Blue Slaver","floor":5,"turns":5},{"damage":68,"enemies":"Lagavulin","floor":6,"turns":10},{"damage":1,"enemies":"Gremlin Gang","floor":10,"turns":3},{"damage":12,"enemies":"Looter","floor":11,"turns":4},{"damage":0,"enemies":"Large Slime","floor":12,"turns":4},{"damage":6,"enemies":"Exordium Thugs","floor":14,"turns":4},{"damage":39,"enemies":"Hexaghost","floor":16,"turns":9},{"damage":35,"enemies":"Shell Parasite","floor":18,"turns":5},{"damage":19,"enemies":"2 Thieves","floor":20,"turns":4},{"damage":16,"enemies":"Book of Stabbing","floor":23,"turns":4},{"damage":13,"enemies":"Gremlin Leader","floor":24,"turns":3},{"damage":24,"enemies":"Book of Stabbing","floor":25,"turns":4},{"damage":21,"enemies":"Slavers","floor":27,"turns":3},{"damage":11,"enemies":"Snake Plant","floor":29,"turns":1}],"seed_played":"-4016792245798403552","potions_obtained":[{"floor":3,"key":"LiquidMemories"},{"floor":11,"key":"Strength Potion"},{"floor":12,"key":"LiquidMemories"},{"floor":14,"key":"PowerPotion"},{"floor":16,"key":"Fruit Juice"},{"floor":20,"key":"DistilledChaos"},{"floor":24,"key":"Strength Potion"},{"floor":25,"key":"AttackPotion"}],"is_trial":false,"path_per_floor":["M","?","M","M","M","E","?","R","T","M","M","M","?","M","R","B",null,"M","?","M","$","?","E","E","E","T","E","$","M"],"character_chosen":"IRONCLAD","items_purchased":["PreservedInsect","Bag of Marbles"],"campfire_rested":1,"item_purchase_floors":[21,21],"current_hp_per_floor":[80,77,80,80,75,13,13,13,27,32,26,32,32,32,60,32,99,70,70,57,57,51,41,34,16,22,7,7,0,0],"gold":73,"neow_bonus":"THREE_ENEMY_KILL","is_daily":false,"chose_seed":false,"campfire_upgraded":0,"win_rate":0.0,"timestamp":1614099493,"path_taken":["M","?","M","M","M","E","?","R","T","?","M","M","?","?","R","BOSS","M","?","M","$","?","E","E","E","T","E","$","M"],"items_purchased_type":["Relic","Relic"],"build_version":"2020-12-22","purchased_purges":2,"victory":false,"max_hp_per_floor":[80,80,80,80,80,80,80,80,94,94,94,94,94,94,94,99,99,99,99,99,99,99,99,99,99,105,105,105,105,105],"card_choices":[{"not_picked":["Flex","Warcry"],"picked":"Cleave","floor":1},{"not_picked":["Pummel","Iron Wave"],"picked":"Armaments","floor":3},{"not_picked":["Iron Wave","Armaments"],"picked":"Headbutt","floor":4},{"not_picked":["Exhume","Dark Embrace"],"picked":"Armaments","floor":5},{"not_picked":["Heavy Blade","Carnage"],"picked":"Pommel Strike","floor":6},{"not_picked":["Blood for Blood","Warcry"],"picked":"Spot Weakness","floor":10},{"not_picked":["Wild Strike","Heavy Blade","Clash"],"picked":"SKIP","floor":11},{"not_picked":["Seeing Red","True Grit"],"picked":"Juggernaut","floor":12},{"not_picked":["Heavy Blade","Perfected Strike","Bloodletting"],"picked":"SKIP","floor":14},{"not_picked":["Corruption","Reaper"],"picked":"Limit Break","floor":16},{"not_picked":["Perfected Strike","Havoc+1"],"picked":"Metallicize","floor":18},{"not_picked":["True Grit","Iron Wave","Armaments"],"picked":"SKIP","floor":20},{"not_picked":["Dual Wield","Battle Trance"],"picked":"Body Slam+1","floor":23},{"not_picked":["Evolve","Burning Pact","Armaments"],"picked":"SKIP","floor":24},{"not_picked":["Flex","Iron Wave","Rage"],"picked":"SKIP","floor":25},{"not_picked":["Twin Strike","Warcry+1","Rampage"],"picked":"SKIP","floor":27}],"player_experience":372005,"relics_obtained":[{"floor":6,"key":"Turnip"},{"floor":9,"key":"Mango"},{"floor":23,"key":"CeramicFish"},{"floor":24,"key":"Darkstone Periapt"},{"floor":25,"key":"Lantern"},{"floor":27,"key":"Tiny Chest"}],"event_choices":[{"damage_healed":0,"gold_gain":0,"player_choice":"Success","damage_taken":3,"relics_obtained":["Mummified Hand"],"max_hp_gain":0,"max_hp_loss":0,"event_name":"Scrap Ooze","floor":2,"gold_loss":0},{"damage_healed":0,"gold_gain":0,"player_choice":"Upgraded","damage_taken":0,"max_hp_gain":0,"max_hp_loss":0,"event_name":"Upgrade Shrine","floor":7,"gold_loss":0,"cards_upgraded":["Armaments"]},{"cards_removed":["Strike_R"],"damage_healed":0,"gold_gain":0,"player_choice":"Took Card","damage_taken":0,"max_hp_gain":0,"max_hp_loss":0,"event_name":"NoteForYourself","floor":13,"gold_loss":0,"cards_obtained":["Strike_R"]},{"damage_healed":0,"gold_gain":0,"player_choice":"Opened","damage_taken":0,"relics_obtained":["WingedGreaves"],"max_hp_gain":0,"max_hp_loss":0,"event_name":"The Mausoleum","floor":19,"gold_loss":0,"cards_obtained":["Writhe"]},{"damage_healed":0,"gold_gain":0,"player_choice":"Joined the Cult","damage_taken":6,"max_hp_gain":0,"max_hp_loss":0,"event_name":"Nest","floor":22,"gold_loss":0,"cards_obtained":["RitualDagger"]}],"is_beta":false,"boss_relics":[{"not_picked":["Busted Crown","Calling Bell"],"picked":"Cursed Key"}],"items_purged_floors":[21,28],"is_endless":false,"potions_floor_spawned":[3,11,12,14,16,20,24,25],"killed_by":"Snake Plant","ascension_level":1}}