{"host":"kh6fvhxn285ncg0o","time":1614121028,"event":{"mods":["Act Like it!","BaseMod","Colored Map","Friendly Minions","Keyboard Shortcuts","Minty Spire (QoL Compilation)","Quick Restart","Relic Stats","StSLib","SuperFastMode","UnlockEverythingMod"],"gold_per_floor":[109,120,120,135,154,154,180,192,192,467,467,215,140,215,215,215,215],"floor_reached":16,"language":"KOR","playtime":329,"items_purged":["Regret"],"score":250,"play_id":"0b6e9500-7f70-45ee-8d7a-35605bfbed81","local_time":"20210224075708","is_ascension_mode":true,"campfire_choices":[{"data":"Bash","floor":6,"key":"SMITH"},{"data":"Flame Barrier","floor":11,"key":"SMITH"},{"data":"Fire Breathing","floor":15,"key":"SMITH"}],"circlet_count":0,"master_deck":["AscendersBane","Strike_R","Strike_R","Strike_R","Strike_R","Defend_R","Defend_R","Defend_R","Defend_R","Bash+1","Evolve","Twin Strike","Flame Barrier+1","Fire Breathing+1"],"relics":["Burning Blood","FossilizedHelix","Nunchaku","Bag of Preparation"],"acts_visited":["Exordium"],"potions_floor_usage":[7,16],"damage_taken":[{"damage":2,"enemies":"Small Slimes","floor":1,"turns":4},{"damage":0,"enemies":"Cultist","floor":2,"turns":4},{"damage":3,"enemies":"2 Louse","floor":4,"turns":4},{"damage":28,"enemies":"Exordium Thugs","floor":5,"turns":8},{"damage":0,"enemies":"3 Sentries","floor":7,"turns":10},{"damage":0,"enemies":"2 Fungi Beasts","floor":8,"turns":3},{"damage":47,"enemies":"Hexaghost","floor":16,"turns":9}],"seed_played":"-5743781345739983866","potions_obtained":[{"floor":5,"key":"HeartOfIron"},{"floor":7,"key":"Explosive Potion"}],"is_trial":false,"path_per_floor":["M","M","?","M","M","R","E","M","T","?","R","$","$","?","R","B"],"character_chosen":"IRONCLAD","items_purchased":["Fire Breathing","Bag of Preparation"],"campfire_rested":0,"item_purchase_floors":[12,12],"current_hp_per_floor":[54,60,60,63,41,41,47,53,53,53,53,53,53,42,42,0,0],"gold":215,"neow_bonus":"ONE_RARE_RELIC","is_daily":false,"chose_seed":false,"campfire_upgraded":3,"win_rate":0.0,"timestamp":1614121028,"path_taken":["M","M","?","M","?","R","E","M","T","?","R","?","$","?","R","BOSS"],"items_purchased_type":["Card","Relic"],"build_version":"2020-12-22","purchased_purges":1,"victory":false,"max_hp_per_floor":[75,75,75,75,75,75,75,75,75,75,75,75,75,75,75,75,75],"relic_stats":{"Nunchaku":[1],"counters":[7,42],"Bag of Preparation":[2],"obtain_stats":[{"Nunchaku":7,"Bag of Preparation":12,"Burning Blood":0,"FossilizedHelix":0},{"Nunchaku":5,"Bag of Preparation":6,"Burning Blood":0,"FossilizedHelix":0},{"Nunchaku":30,"Bag of Preparation":33,"Burning Blood":0,"FossilizedHelix":0}],"Burning Blood":36},"card_choices":[{"not_picked":["Dropkick","Perfected Strike"],"picked":"Evolve","floor":2},{"not_picked":["Shrug It Off","Cleave"],"picked":"Twin Strike","floor":5},{"not_picked":["Twin Strike","Wild Strike"],"picked":"Flame Barrier","floor":7}],"player_experience":1497808,"relics_obtained":[{"floor":7,"key":"Nunchaku"}],"event_choices":[{"cards_removed":["Strike_R"],"damage_healed":0,"gold_gain":0,"player_choice":"Offered Basic","damage_taken":0,"max_hp_gain":0,"max_hp_loss":0,"event_name":"Bonfire Elementals","floor":3,"gold_loss":0},{"damage_healed":0,"gold_gain":275,"player_choice":"Desecrate","damage_taken":0,"max_hp_gain":0,"max_hp_loss":0,"event_name":"Golden Shrine","floor":10,"gold_loss":0,"cards_obtained":["Regret"]},{"damage_healed":0,"gold_gain":75,"player_choice":"Gather Gold","damage_taken":11,"max_hp_gain":0,"max_hp_loss":0,"event_name":"World of Goop","floor":14,"gold_loss":0}],"is_beta":false,"boss_relics":[],"items_purged_floors":[13],"is_endless":false,"potions_floor_spawned":[5,7],"killed_by":"Hexaghost","ascension_level":20}}