{"host":"lg1piimdyocafd6j","time":1614087356,"event":{"mods":["AchievementEnabler","BaseMod","Better Third Choice","BetterRewards","Colored Map","Colored Powertips","Downfall","Minty Spire (QoL Compilation)","Quick Restart","Rare Cards Sparkle","Remove Card Discount Mod","Shop Mod","StSLib","SuperFastMode"],"gold_per_floor":[112,123,109,109,120,120,152,172,198,273,129,129,143,153,153,249,249,269,144,162,178,178,178],"floor_reached":22,"language":"ENG","playtime":1048,"items_purged":["Dualcast","Defend_B","Zap","Strike_B","Strike_B","Strike_B","Strike_B"],"score":213,"play_id":"ca5b53e0-bc0c-4c19-92a4-3b702b25a5a9","local_time":"20210223143556","is_ascension_mode":false,"campfire_choices":[{"floor":6,"key":"RECALL"},{"floor":15,"key":"REST"}],"circlet_count":0,"master_deck":["Darkness+1","Leap","Lockon","Leap","Loop+1","Defragment","Darkness+1","Conserve Battery","Echo Form","Genetic Algorithm+1","Defragment+1","Turbo+1","Leap+1","Redo","Buffer"],"relics":["Lantern","Bottled Lightning","Boot","Potion Belt","DollysMirror","Astrolabe","MerchantsRug"],"acts_visited":["Exordium","TheCity"],"potions_floor_usage":[8,8,8,16],"damage_taken":[{"damage":0,"enemies":"Small Slimes","floor":1,"turns":4},{"damage":5,"enemies":"2 Louse","floor":2,"turns":2},{"damage":4,"enemies":"Cultist","floor":5,"turns":4},{"damage":15,"enemies":"Lagavulin","floor":7,"turns":6},{"damage":8,"enemies":"Lots of Slimes","floor":8,"turns":5},{"damage":4,"enemies":"Large Slime","floor":13,"turns":6},{"damage":11,"enemies":"Gremlin Gang","floor":14,"turns":6},{"damage":11,"enemies":"Hexaghost","floor":16,"turns":7},{"damage":2,"enemies":"Shell Parasite","floor":18,"turns":5},{"damage":27,"enemies":"Chosen","floor":20,"turns":7},{"damage":13,"enemies":"Centurion and Healer","floor":21,"turns":6},{"damage":26,"enemies":"Snake Plant","floor":22,"turns":5}],"seed_played":"-4076099213037630370","potions_obtained":[{"floor":1,"key":"AttackPotion"},{"floor":2,"key":"Fire Potion"},{"floor":5,"key":"SteroidPotion"},{"floor":14,"key":"hexamod:SoulburnPotion"},{"floor":16,"key":"Fire Potion"},{"floor":21,"key":"LiquidBronze"}],"is_trial":false,"path_per_floor":["M","M","$","?","M","R","E","M","T","?","$","?","M","M","R","B",null,"M","$","M","M","M"],"character_chosen":"DEFECT","items_purchased":["Lantern","Darkness","Leap","Bottled Lightning","DollysMirror","Redo","MerchantsRug"],"campfire_rested":1,"item_purchase_floors":[0,0,0,0,11,19,19],"current_hp_per_floor":[75,70,70,70,66,66,51,43,43,32,32,32,28,17,39,28,75,73,73,46,33,7,7],"gold":178,"neow_bonus":"","is_daily":false,"chose_seed":false,"campfire_upgraded":0,"win_rate":0.0,"timestamp":1614087356,"path_taken":["M","M","$","?","M","R","E","M","T","?","$","?","?","M","R","BOSS","M","$","?","M","M"],"items_purchased_type":["Relic","Card","Card","Relic","Relic","Card","Relic"],"build_version":"2020-12-22","purchased_purges":7,"victory":false,"max_hp_per_floor":[75,75,75,75,75,75,75,75,75,75,75,75,75,75,75,75,75,75,75,75,75,75,75],"card_choices":[{"not_picked":["Gash","Rip and Tear","Ball Lightning"],"picked":"SKIP","floor":1},{"not_picked":["Consume","Go for the Eyes"],"picked":"Lockon","floor":2},{"not_picked":["Sweeping Beam","Conserve Battery"],"picked":"Leap","floor":5},{"not_picked":["Heatsinks","Force Field"],"picked":"Loop","floor":7},{"not_picked":["Ball Lightning","FTL"],"picked":"Defragment","floor":8},{"not_picked":["Static Discharge","Tempest","Coolheaded"],"picked":"SKIP","floor":13},{"not_picked":["Ball Lightning","Reprogram"],"picked":"Conserve Battery","floor":14},{"not_picked":["Core Surge","Seek"],"picked":"Echo Form","floor":16},{"not_picked":["Stack+1","Cold Snap"],"picked":"Leap+1","floor":18},{"not_picked":["Reprogram","Compile Driver","Stack+1"],"picked":"SKIP","floor":20},{"not_picked":["Static Discharge","Compile Driver"],"picked":"Buffer","floor":21}],"player_experience":195358,"relics_obtained":[{"floor":7,"key":"Potion Belt"}],"event_choices":[{"damage_healed":0,"gold_gain":0,"player_choice":"Grow","damage_taken":0,"max_hp_gain":0,"max_hp_loss":0,"event_name":"Living Wall","floor":4,"gold_loss":0,"cards_upgraded":["Darkness"]},{"damage_healed":0,"gold_gain":75,"player_choice":"Gold","damage_taken":11,"max_hp_gain":0,"max_hp_loss":0,"event_name":"betterThird:BetterGoop","floor":10,"gold_loss":0},{"damage_healed":0,"gold_gain":0,"player_choice":"Forge","damage_taken":0,"max_hp_gain":0,"max_hp_loss":0,"event_name":"Accursed Blacksmith","floor":12,"gold_loss":0,"cards_upgraded":["Loop"]}],"is_beta":false,"boss_relics":[{"not_picked":["Calling Bell","Ectoplasm"],"picked":"Astrolabe"}],"items_purged_floors":[3,3,3,3,3,3,3],"is_endless":false,"potions_floor_spawned":[1,2,5,14,16,21],"killed_by":"Snake Plant","ascension_level":0}}