{"host":"kw3n9x3mpxk65n60","time":1614061810,"event":{"mods":["BaseMod","Colored Map","Colored Powertips","Downfall","GifTheSpireLib","Hubris","Minty Spire (QoL Compilation)","Replay The Spire","StSLib","The Jungle"],"gold_per_floor":[99,116,22,42,42,42,65,84,84,100,130,230,280,330,346,443,443,343,354,368,418,468,518,568,568,718,768,785,785,835,79,93,193,193,193,207,112,125,20,121,148,176,76,126,166,166,267,338,238,280,280,345,17,17,33,63,63,63],"floor_reached":56,"language":"ENG","playtime":6045,"items_purged":["Regret","bronze:Strike","Parasite"],"score":851,"play_id":"bfdf1dd9-8f4d-4a32-938d-ae42d06b2109","local_time":"20210222223010","is_ascension_mode":false,"campfire_choices":[{"floor":1.0,"key":"RECALL"},{"data":"bronze:Replicate","floor":6.0,"key":"SMITH"},{"data":"bronze:NullPointer","floor":9.0,"key":"SMITH"},{"data":"bronze:AlphaBuild","floor":25.0,"key":"SMITH"},{"floor":29.0,"key":"REST"},{"data":"bronze:Repair","floor":43.0,"key":"SMITH"},{"floor":46.0,"key":"REST"},{"floor":49.0,"key":"REST"},{"floor":54,"key":"REST"}],"circlet_count":0,"master_deck":["bronze:Strike","bronze:Strike","bronze:Defend","bronze:Defend","bronze:Replicate+1","bronze:Goto","bronze:Overheat","bronze:BuggyMess","bronze:ClassDefault+1","bronze:Branch","bronze:NullPointer+1","bronze:DelayedSlice","bronze:GetLatest","bronze:BugBarrage","bronze:WhirlingStrike","bronze:AlphaBuild+1","bronze:Iterate","bronze:ChildClass","bronze:ForceShield+1","bronze:CutThrough","bronze:CloningBeam","Deep Breath+1","RitualDagger","bronze:WildBeam","bronze:Frontload","expansioncontent:DashGenerateEvil","expansioncontent:AwakenDeath","bronze:FineTuning+1","bronze:BurnOut","bronze:GetLatest+1","bronze:ItsAFeature","expansioncontent:Chronoboost","bronze:Flail+1","bronze:Invalidate+1","bronze:Repair+1","bronze:DelayedGuard+1","bronze:FollowUp"],"relics":["bronze:BronzeCore","Centennial Puzzle","downfall:CloakOfManyFaces","CultistMask","FaceOfCleric","NlothsMask","GremlinMask","SsserpentHead","hubris:Metronome","bronze:MakeshiftBattery","downfall:HeartBlessingRed","hubris:Icosahedron","MutagenicStrength","downfall:RedIOU","PreservedInsect","Frozen Eye","Ring of Chaos","Akabeko","Pocketwatch","Replay:Bandana","downfall:HeartBlessingBlue","Ornamental Fan","downfall:HeartBlessingGreen","hubris:FunFungus","bronze:SilverBullet"],"acts_visited":["Exordium","TheCity","TheBeyond","TheEnding"],"potions_floor_usage":[55],"damage_taken":[{"damage":1.0,"enemies":"Jaw Worm","floor":2.0,"turns":3.0},{"damage":0.0,"enemies":"downfall:FleeingMerchant","floor":3.0,"turns":4.0},{"damage":2.0,"enemies":"2 Louse","floor":4.0,"turns":3.0},{"damage":0.0,"enemies":"Cultist","floor":8.0,"turns":3.0},{"damage":2.0,"enemies":"Blue Slaver","floor":10.0,"turns":4.0},{"damage":4.0,"enemies":"3 Sentries","floor":11.0,"turns":4.0},{"damage":2.0,"enemies":"downfall:FaceTrader","floor":12.0,"turns":6.0},{"damage":19.0,"enemies":"Lots of Slimes","floor":15.0,"turns":3.0},{"damage":26.0,"enemies":"SI_SHIV_ARCHETYPE","floor":16.0,"turns":5.0},{"damage":0.0,"enemies":"Spheric Guardian","floor":19.0,"turns":1.0},{"damage":18.0,"enemies":"Shell Parasite","floor":20.0,"turns":4.0},{"damage":7.0,"enemies":"downfall:Augmenter","floor":26.0,"turns":5.0},{"damage":16.0,"enemies":"Cultist and Chosen","floor":28.0,"turns":5.0},{"damage":2.0,"enemies":"downfall:FleeingMerchant","floor":31.0,"turns":4.0},{"damage":12.0,"enemies":"Snecko","floor":32.0,"turns":4.0},{"damage":14.0,"enemies":"WA_ARCHETYPE_CALM","floor":33.0,"turns":10.0},{"damage":0.0,"enemies":"Orb Walker","floor":36.0,"turns":1.0},{"damage":0.0,"enemies":"downfall:FleeingMerchant","floor":37.0,"turns":4.0},{"damage":45.0,"enemies":"3 Shapes","floor":38.0,"turns":3.0},{"damage":22.0,"enemies":"2 Orb Walkers","floor":40.0,"turns":4.0},{"damage":0.0,"enemies":"Reptomancer","floor":42.0,"turns":3.0},{"damage":60.0,"enemies":"Maw","floor":45.0,"turns":9.0},{"damage":6.0,"enemies":"Writhing Mass","floor":47.0,"turns":4.0},{"damage":21.0,"enemies":"R_Hoarder","floor":48.0,"turns":3.0},{"damage":86.0,"enemies":"IC_BLOCK_ARCHETYPE","floor":50.0,"turns":12.0},{"damage":88,"enemies":"downfall:CharBossMerchant","floor":52,"turns":6},{"damage":27,"enemies":"downfall:NeowBoss","floor":55,"turns":12},{"damage":80,"enemies":"downfall:NeowBossFinal","floor":56,"turns":5}],"seed_played":"-6910362449675086378","potions_obtained":[{"floor":8.0,"key":"sneckomod:MuddlingPotion"},{"floor":10.0,"key":"ColorlessPotion"},{"floor":11.0,"key":"Adrenaline Potion"},{"floor":12.0,"key":"CultistPotion"},{"floor":16.0,"key":"Milkshake"},{"floor":20.0,"key":"ColorlessPotion"},{"floor":28.0,"key":"Swift Potion"},{"floor":32.0,"key":"Elixir"},{"floor":40.0,"key":"Swift Potion"},{"floor":42.0,"key":"SteroidPotion"},{"floor":45.0,"key":"EssenceOfSteel"}],"is_trial":false,"path_per_floor":["R_BF","M","$","M","?","R","T","M","R","M","E","?","?","?","M","B",null,"R_BF","M","M","?","?","?","T","R","?","?","M","R","?","$","M","B",null,"R_BF","M","$","M","$","?","T","E","R","?","M","R","M","E","R","B",null,"E","$","R","B","B"],"character_chosen":"THE_AUTOMATON","items_purchased":["bronze:ClassDefault","PreservedInsect","expansioncontent:DashGenerateEvil","expansioncontent:AwakenDeath","Frozen Eye","FairyPotion","bronze:ItsAFeature","expansioncontent:Chronoboost","Akabeko","bronze:Invalidate+1","bronze:Repair","bronze:SilverBullet","SteroidPotion"],"campfire_rested":4,"item_purchase_floors":[3,31,31,31,31,31,37,37,37,39,39,53,53],"current_hp_per_floor":[77,76,76,74,74,74,74,74,74,72,68,66,66,66,48,23,79,79,80,63,63,48,48,48,48,42,36,21,47,47,46,35,22,91,91,92,93,49,49,28,28,29,39,39,32,64,59,39,71,35,110,33,33,65,55,0,0,0],"gold":63,"neow_bonus":"TEN_PERCENT_HP_BONUS","is_daily":false,"chose_seed":false,"campfire_upgraded":4,"win_rate":0.0,"timestamp":1614061810,"path_taken":["R_BF","M","$","M","?","R","T","M","R","M","E","?","?","?","M","BOSS","R_BF","M","M","?","?","?","T","R","?","?","M","R","?","$","M","BOSS","R_BF","M","$","M","$","?","T","E","R","?","M","R","?","E","R","BOSS","E","$","R","BOSS","BOSS"],"items_purchased_type":["Card","Relic","Card","Card","Relic","Potion","Card","Card","Relic","Card","Card","Relic","Potion"],"build_version":"2020-12-22","purchased_purges":3,"victory":false,"max_hp_per_floor":[77,77,77,77,77,77,77,77,77,77,77,77,77,77,78,79,79,79,80,81,81,86,86,86,86,87,87,88,88,88,89,90,91,91,91,92,93,94,94,95,95,96,106,106,107,107,108,109,109,110,110,111,108,108,109,109,109,109],"card_choices":[{"not_picked":["bronze:Repulsor","bronze:Iterate"],"picked":"bronze:Overheat","floor":2.0},{"not_picked":["bronze:DarkDash","bronze:ForceShield"],"picked":"bronze:BuggyMess","floor":3.0},{"not_picked":["bronze:Turbo","bronze:Assembly"],"picked":"bronze:Branch","floor":4.0},{"not_picked":["bronze:BugBarrage","bronze:OilSpill"],"picked":"bronze:NullPointer","floor":8.0},{"not_picked":["bronze:OilSpill","bronze:Deprecate"],"picked":"bronze:DelayedSlice","floor":10.0},{"not_picked":["bronze:Deprecate","bronze:DelayedGuard"],"picked":"bronze:GetLatest","floor":11.0},{"not_picked":["bronze:Turbo","bronze:Backtrace"],"picked":"bronze:BugBarrage","floor":12.0},{"not_picked":["bronze:BugBarrage","bronze:Invalidate"],"picked":"bronze:WhirlingStrike","floor":15.0},{"not_picked":["bronze:Mutator","bronze:ShipIt"],"picked":"bronze:AlphaBuild","floor":16.0},{"not_picked":["bronze:Deprecate","bronze:Overheat"],"picked":"bronze:ChildClass","floor":19.0},{"not_picked":["bronze:Return+1","bronze:ForLoop"],"picked":"bronze:ForceShield+1","floor":20.0},{"not_picked":["bronze:DelayedGuard","bronze:BitShift"],"picked":"bronze:CutThrough","floor":26.0},{"not_picked":[],"picked":"J.A.X.","floor":26.0},{"not_picked":["bronze:OilSpill","bronze:Format"],"picked":"bronze:WildBeam","floor":28.0},{"not_picked":["bronze:GetLatest+1","bronze:Deprecate+1"],"picked":"bronze:Frontload","floor":31.0},{"not_picked":["bronze:ItsAFeature","bronze:Frontload+1"],"picked":"bronze:FineTuning+1","floor":32.0},{"not_picked":["bronze:ShipIt","bronze:AlphaBuild"],"picked":"bronze:BurnOut","floor":33.0},{"not_picked":["bronze:Backtrace+1","bronze:Shield","bronze:Invalidate"],"picked":"SKIP","floor":36.0},{"not_picked":["bronze:CutThrough+1","bronze:Shield+1"],"picked":"bronze:GetLatest+1","floor":37.0},{"not_picked":["bronze:Backtrace+1","bronze:BronzeArmor"],"picked":"bronze:Flail+1","floor":38.0},{"not_picked":["bronze:Flail","bronze:Repair+1"],"picked":"bronze:DelayedGuard+1","floor":42.0},{"not_picked":["bronze:Iterate+1","bronze:ChildClass"],"picked":"bronze:FollowUp","floor":45.0},{"not_picked":["bronze:Deprecate","bronze:DelayedSlice","bronze:BugBarrage+1"],"picked":"SKIP","floor":47.0},{"not_picked":["bronze:DelayedSlice+1","bronze:Philosophize+1","bronze:Boost+1"],"picked":"SKIP","floor":48.0},{"not_picked":["bronze:WildBeam","bronze:Iterate+1","bronze:Repulsor+1"],"picked":"SKIP","floor":52}],"player_experience":314280,"relics_obtained":[{"floor":7.0,"key":"Juzu Bracelet"},{"floor":11.0,"key":"Centennial Puzzle"},{"floor":12.0,"key":"downfall:CloakOfManyFaces"},{"floor":26.0,"key":"MutagenicStrength"},{"floor":40.0,"key":"Pocketwatch"},{"floor":42.0,"key":"Replay:Bandana"},{"floor":48.0,"key":"Ornamental Fan"},{"floor":52,"key":"hubris:FunFungus"}],"event_choices":[{"damage_healed":0.0,"max_hp_gain":0.0,"max_hp_loss":0.0,"gold_gain":0.0,"event_name":"Big Fish","player_choice":"Box","floor":13.0,"gold_loss":0.0,"damage_taken":0.0,"relics_obtained":["hubris:Metronome"],"cards_obtained":["Regret"]},{"damage_healed":0.0,"max_hp_gain":0.0,"max_hp_loss":0.0,"gold_gain":0.0,"event_name":"Lab","player_choice":"Got Potions","floor":14.0,"gold_loss":0.0,"damage_taken":0.0},{"damage_healed":0.0,"max_hp_gain":0.0,"max_hp_loss":0.0,"gold_gain":0.0,"event_name":"Mysterious Sphere","player_choice":"Fight","floor":40.0,"gold_loss":0.0,"damage_taken":0.0},{"cards_removed":["bronze:Defend"],"damage_healed":0.0,"max_hp_gain":0.0,"max_hp_loss":0.0,"gold_gain":0.0,"event_name":"Bonfire Elementals","player_choice":"Offered Basic","floor":44.0,"gold_loss":0.0,"damage_taken":0.0}],"is_beta":false,"boss_relics":[{"not_picked":["hubris:RunicObelisk","Replay:Drink Me"],"picked":"bronze:MakeshiftBattery"},{"not_picked":["Velvet Choker","Cursed Key"],"picked":"Ring of Chaos"}],"items_purged_floors":[31,37,53],"is_endless":false,"potions_floor_spawned":[8,10,11,12,16,20,28,32,40,42,45],"killed_by":"downfall:NeowBossFinal","ascension_level":0}}