{"host":"ifvrsrzj00f2ebkn","time":1614089419,"event":{"mods":["BaseMod","Bestiary","BetterRewards","Block Reminder","Colored Map","Colored Powertips","Defuse TimeMaze Blight","Downfall","Minty Spire (QoL Compilation)","Permanent Neow","Quick Restart","Remove Card Discount Mod","Shop Mod","Spicy Shops","StSLib","Thieving Mod","????"],"gold_per_floor":[399,419,439,439,289,289,289,301,301,327,141,141,141,176,189,260,260,260,275,293,293,44,44,44,44,44,77,110,141,141,166,183,257,257,257,268,268,268,303,330,330,330,330],"floor_reached":41,"language":"ENG","playtime":15056,"items_purged":["Slimebound:LeechEnergy","Slimebound:MegaLick","Slimebound:LeechEnergy"],"score":1312,"play_id":"3f7f5fcf-3f28-43ec-883e-9648dc6a28d3","local_time":"20210223221019","daily_mods":["SealedDeck","Heirloom","Time Dilation","Flight","DeadlyEvents","Elite Swarm"],"is_ascension_mode":true,"campfire_choices":[{"data":"Slimebound:GoopSpray","floor":1,"key":"SMITH"},{"data":"Slimebound:Schlurp","floor":6,"key":"SMITH"},{"data":"Slimebound:Schlurp","floor":9,"key":"SMITH"},{"floor":12,"key":"RECALL"},{"data":"Slimebound:MassRepurpose","floor":13,"key":"SMITH"},{"data":"Slimebound:LevelUp","floor":18,"key":"SMITH"},{"data":"Slimebound:LevelUp","floor":23,"key":"SMITH"},{"data":"Slimebound:LevelUp","floor":25,"key":"SMITH"},{"data":"Slimebound:MassFeed","floor":30,"key":"SMITH"},{"data":"Slimebound:LeechLife","floor":35,"key":"SMITH"}],"circlet_count":0,"master_deck":["AscendersBane","Slimebound:Schlurp+1","Slimebound:GoopSpray+1","Slimebound:Schlurp+1","Slimebound:LeechingTouch","Slimebound:LeechingTouch","Slimebound:SplitBruiser","Slimebound:SplitAcid","Slimebound:SplitAcid","Slimebound:MassRepurpose+1","Slimebound:LevelUp+1","Slimebound:LevelUp+1","Slimebound:LevelUp+1","Slimebound:MassFeed+1","Slimebound:LeechLife+1"],"relics":["Slimebound:AbsorbEndCombat","FossilizedHelix","downfall:HeartBlessingBlue","Du-Vu Doll","sneckomod:SneckoTalon","MerchantsRug","Guardian:GemstoneGun","Art of War","Strawberry","Kunai","Peace Pipe","Philosopher\u0027s Stone","Unceasing Top","Akabeko","Meat on the Bone"],"acts_visited":["Exordium","TheCity","TheBeyond"],"potions_floor_usage":[33,33],"damage_taken":[{"damage":0,"enemies":"Cultist","floor":2,"turns":3},{"damage":0,"enemies":"2 Louse","floor":3,"turns":2},{"damage":0,"enemies":"Jaw Worm","floor":8,"turns":2},{"damage":0,"enemies":"Lagavulin","floor":10,"turns":5},{"damage":12,"enemies":"3 Sentries","floor":14,"turns":7},{"damage":0,"enemies":"Blue Slaver","floor":15,"turns":3},{"damage":16,"enemies":"WA_ARCHETYPE_RETAIN","floor":16,"turns":6},{"damage":0,"enemies":"3 Byrds","floor":19,"turns":3},{"damage":0,"enemies":"Spheric Guardian","floor":20,"turns":3},{"damage":0,"enemies":"downfall:FleeingMerchant","floor":22,"turns":4},{"damage":16,"enemies":"Gremlin Leader","floor":27,"turns":4},{"damage":4,"enemies":"Book of Stabbing","floor":28,"turns":5},{"damage":0,"enemies":"Gremlin Leader","floor":29,"turns":4},{"damage":19,"enemies":"Slavers","floor":31,"turns":3},{"damage":14,"enemies":"Snake Plant","floor":32,"turns":3},{"damage":24,"enemies":"DF_ARCHETYPE_CLAW","floor":33,"turns":7},{"damage":0,"enemies":"Orb Walker","floor":36,"turns":4},{"damage":0,"enemies":"Nemesis","floor":39,"turns":5},{"damage":0,"enemies":"Giant Head","floor":40,"turns":8}],"seed_played":"-8921188845680294340","potions_obtained":[{"floor":10,"key":"Explosive Potion"},{"floor":15,"key":"Slimebound:ThreeZeroPotion"},{"floor":16,"key":"champ:CounterPotion"},{"floor":20,"key":"Slimebound:SlimedPotion"},{"floor":27,"key":"BlessingOfTheForge"},{"floor":33,"key":"Strength Potion"},{"floor":36,"key":"Slimebound:SlimedPotion"}],"is_trial":true,"path_per_floor":["R","M","M","?","?","R","T","M","R","E","R","R","R","E","M","B",null,"R","M","M","?","$","R","T","R","?","E","E","E","R","E","M","B",null,"R","M","?","?","E","E","T"],"character_chosen":"SLIMEBOUND","items_purchased":["Slimebound:LevelUp","Slimebound:LevelUp","MerchantsRug"],"campfire_rested":0,"item_purchase_floors":[11,22,22],"current_hp_per_floor":[53,55,57,57,69,69,69,69,69,69,79,79,79,69,69,61,75,75,79,79,79,79,79,79,79,79,65,76,84,84,79,80,82,91,91,94,94,94,94,98,98,98,98],"gold":330,"neow_bonus":"","is_daily":false,"chose_seed":false,"campfire_upgraded":9,"win_rate":0.0,"timestamp":1614089419,"path_taken":["R","M","M","?","?","R","T","M","R","E","R","R","R","E","M","BOSS","R","M","M","?","$","R","T","R","?","E","E","?","R","E","M","BOSS","R","M","?","?","?","E","T"],"items_purchased_type":["Card","Card","Relic"],"build_version":"2020-12-22","purchased_purges":3,"victory":false,"max_hp_per_floor":[59,59,59,59,69,69,69,69,69,69,79,79,79,79,79,79,79,79,79,79,79,79,79,79,79,79,79,86,86,86,94,94,94,94,94,94,94,94,94,98,98,98,98],"card_choices":[{"not_picked":["Slimebound:HauntingLick","Slimebound:Repurpose"],"picked":"Slimebound:LeechEnergy","floor":2},{"not_picked":["Slimebound:SplitAcid","Slimebound:Dissolve","Slimebound:SlimeSpikes"],"picked":"SKIP","floor":3},{"not_picked":["Slimebound:SplitBruiser","Slimebound:SplitLeeching","Slimebound:LeechingTouch"],"picked":"SKIP","floor":8},{"not_picked":["Slimebound:Overexert","Slimebound:Darklings"],"picked":"Slimebound:MassRepurpose","floor":10},{"not_picked":["Slimebound:SelfFormingGoo","Slimebound:MassRepurpose","Slimebound:OneTwoCombo"],"picked":"SKIP","floor":14},{"not_picked":["Slimebound:ComboTackle","Slimebound:BestDefense","Slimebound:LeechEnergy"],"picked":"SKIP","floor":15},{"not_picked":["Slimebound:PressTheAttack","Slimebound:SplitLeeching"],"picked":"Slimebound:LevelUp","floor":19},{"not_picked":["Slimebound:Grow","Slimebound:Chomp","Slimebound:ForwardTackle"],"picked":"SKIP","floor":20},{"not_picked":["Slimebound:Chomp","Slimebound:DisruptingSlam","Slimebound:SplitLeeching"],"picked":"SKIP","floor":22},{"not_picked":["Slimebound:PrepareCrush","Slimebound:SlimeSlap"],"picked":"Slimebound:MassFeed","floor":27},{"not_picked":["Slimebound:OozeBath","Slimebound:TagTeam","Slimebound:MassRepurpose"],"picked":"SKIP","floor":28},{"not_picked":["Slimebound:TagTeam","Slimebound:PrepareCrush","Slimebound:RallyTheTroops"],"picked":"SKIP","floor":29},{"not_picked":["Slimebound:DuplicatedForm","Slimebound:PrepareCrush"],"picked":"Slimebound:LeechLife","floor":31},{"not_picked":["Slimebound:PressTheAttack","Slimebound:LeadByExample","Slimebound:SlimeBrawl"],"picked":"SKIP","floor":32},{"not_picked":["Slimebound:Replication","Slimebound:SplitSpecialist+1","Slimebound:LeechEnergy"],"picked":"SKIP","floor":36},{"not_picked":["Slimebound:Recycling","Slimebound:WasteNot","Slimebound:SlimeSlap"],"picked":"SKIP","floor":39},{"not_picked":["Slimebound:Recycling","Slimebound:WasteNot","Slimebound:SlimeSlap"],"picked":"SKIP","floor":39},{"not_picked":["Slimebound:CheckThePlaybook","Slimebound:PrepareCrush","Slimebound:RallyTheTroops"],"picked":"SKIP","floor":40}],"player_experience":79636,"relics_obtained":[{"floor":10,"key":"FossilizedHelix"},{"floor":14,"key":"Du-Vu Doll"},{"floor":24,"key":"Guardian:GemstoneGun"},{"floor":27,"key":"Art of War"},{"floor":28,"key":"Strawberry"},{"floor":29,"key":"Kunai"},{"floor":31,"key":"Peace Pipe"},{"floor":39,"key":"Unceasing Top"},{"floor":40,"key":"Akabeko"},{"floor":41,"key":"Meat on the Bone"}],"event_choices":[{"damage_healed":0,"gold_gain":0,"player_choice":"Ignored","damage_taken":0,"max_hp_gain":0,"max_hp_loss":0,"event_name":"Golden Wing","floor":4,"gold_loss":0},{"damage_healed":0,"gold_gain":0,"player_choice":"Ignored","damage_taken":0,"max_hp_gain":0,"max_hp_loss":0,"event_name":"Vampires","floor":21,"gold_loss":0},{"damage_healed":0,"gold_gain":0,"player_choice":"Read","damage_taken":0,"max_hp_gain":0,"max_hp_loss":0,"event_name":"The Library","floor":26,"gold_loss":0,"cards_obtained":["Slimebound:SpikyOuterGoop"]},{"cards_removed":["Slimebound:SpikyOuterGoop"],"damage_healed":0,"gold_gain":0,"player_choice":"Card Removal","damage_taken":0,"max_hp_gain":0,"max_hp_loss":0,"event_name":"Wheel of Change","floor":38,"gold_loss":0}],"is_beta":false,"boss_relics":[{"not_picked":["Coffee Dripper","Velvet Choker"],"picked":"sneckomod:SneckoTalon"},{"not_picked":["Slimebound:AbsorbEndCombatUpgraded","Sozu"],"picked":"Philosopher\u0027s Stone"}],"items_purged_floors":[11,11,11],"is_endless":true,"potions_floor_spawned":[10,15,16,20,27,31,33,36,39],"ascension_level":20}}