{"host":"c6u7e77myxvw4d0m","time":1614068044,"event":{"mods":["AchievementEnabler","BaseMod","Bestiary","Colored Map","Colored Powertips","Minty Spire (QoL Compilation)","Rare Cards Sparkle","Relic Stats","everything is the same but u backflip on backflip"],"gold_per_floor":[113,113,128,144,155,182,182,182,182,182,202,217,236,82,82,160,160],"floor_reached":16,"language":"ENG","playtime":661,"items_purged":["Strike_G"],"score":308,"play_id":"80909df7-b328-48cf-9be8-6e4e816c975d","local_time":"20210223101404","is_ascension_mode":true,"campfire_choices":[{"floor":8.0,"key":"REST"},{"data":"Neutralize","floor":10.0,"key":"SMITH"},{"data":"Flechettes","floor":15.0,"key":"SMITH"}],"circlet_count":0,"master_deck":["AscendersBane","Strike_G","Strike_G","Strike_G","Strike_G","Defend_G","Defend_G","Defend_G","Defend_G","Defend_G","Survivor","Neutralize+1","Poisoned Stab","Flying Knee","Deadly Poison","Flechettes+1","Deadly Poison","Predator","Backflip","PiercingWail","Cloak And Dagger","Bane"],"relics":["Philosopher\u0027s Stone","Kunai","Pear"],"acts_visited":["Exordium"],"potions_floor_usage":[],"damage_taken":[{"damage":10.0,"enemies":"Small Slimes","floor":1.0,"turns":4.0},{"damage":0.0,"enemies":"Jaw Worm","floor":3.0,"turns":4.0},{"damage":5.0,"enemies":"2 Louse","floor":4.0,"turns":2.0},{"damage":2.0,"enemies":"2 Fungi Beasts","floor":5.0,"turns":3.0},{"damage":30.0,"enemies":"3 Sentries","floor":6.0,"turns":8.0},{"damage":0.0,"enemies":"Blue Slaver","floor":11.0,"turns":3.0},{"damage":8.0,"enemies":"Looter","floor":12.0,"turns":3.0},{"damage":2.0,"enemies":"3 Louse","floor":13.0,"turns":3.0},{"damage":22.0,"enemies":"Hexaghost","floor":16.0,"turns":8.0}],"seed_played":"6480683144846414415","potions_obtained":[{"floor":1.0,"key":"SpeedPotion"},{"floor":3.0,"key":"SteroidPotion"},{"floor":11.0,"key":"DistilledChaos"},{"floor":13.0,"key":"LiquidBronze"}],"is_trial":false,"path_per_floor":["M","?","M","M","M","E","?","R","T","R","M","M","M","$","R","B"],"character_chosen":"THE_SILENT","items_purchased":["Cloak And Dagger","Bane"],"campfire_rested":1,"item_purchase_floors":[14,14],"current_hp_per_floor":[49,49,49,44,42,12,12,31,41,41,41,33,31,31,31,9,9],"gold":160,"neow_bonus":"BOSS_RELIC","is_daily":false,"chose_seed":false,"campfire_upgraded":2,"win_rate":0.0,"timestamp":1614068044,"path_taken":["M","?","M","M","M","E","?","R","T","R","M","M","M","$","R","BOSS","BOSS"],"items_purchased_type":["Card","Card"],"build_version":"2020-12-22","purchased_purges":1,"victory":false,"max_hp_per_floor":[66,66,66,66,66,66,66,66,76,76,76,76,76,76,76,76,76],"relic_stats":{"counters":[9,38],"Kunai":[8],"obtain_stats":[{"Pear":9,"Philosopher\u0027s Stone":0,"Kunai":6,"Ring of the Snake":0},{"Pear":5,"Philosopher\u0027s Stone":0,"Kunai":5,"Ring of the Snake":0},{"Pear":21,"Philosopher\u0027s Stone":0,"Kunai":21,"Ring of the Snake":0}]},"card_choices":[{"not_picked":["Terror","Deadly Poison"],"picked":"Poisoned Stab","floor":1.0},{"not_picked":["Cloak And Dagger","Finisher"],"picked":"Flying Knee","floor":3.0},{"not_picked":["Calculated Gamble","Cloak And Dagger"],"picked":"Deadly Poison","floor":4.0},{"not_picked":["Poisoned Stab","Backflip"],"picked":"Flechettes","floor":5.0},{"not_picked":["Poisoned Stab","All Out Attack"],"picked":"Deadly Poison","floor":6.0},{"not_picked":["Setup","Prepared"],"picked":"Predator","floor":11.0},{"not_picked":["Concentrate","Poisoned Stab"],"picked":"Backflip","floor":12.0},{"not_picked":["Underhanded Strike","Flechettes"],"picked":"PiercingWail","floor":13.0}],"player_experience":871524,"relics_obtained":[{"floor":6.0,"key":"Kunai"},{"floor":9.0,"key":"Pear"}],"event_choices":[{"damage_healed":0.0,"max_hp_gain":0.0,"max_hp_loss":0.0,"gold_gain":0.0,"event_name":"Liars Game","player_choice":"Ignored","floor":2.0,"gold_loss":0.0,"damage_taken":0.0},{"damage_healed":0.0,"max_hp_gain":0.0,"max_hp_loss":0.0,"gold_gain":0.0,"event_name":"Dead Adventurer","player_choice":"Searched \u00270\u0027 times","floor":7.0,"gold_loss":0.0,"damage_taken":0.0}],"is_beta":false,"boss_relics":[],"items_purged_floors":[14],"is_endless":false,"potions_floor_spawned":[1,3,11,13],"killed_by":"Hexaghost","ascension_level":20}}