{"host":"fjaglr5h2l8gkgy8","time":1614047982,"event":{"mods":["BaseMod","Better Note","Downfall","GifTheSpireLib","Highlight Path","Marisa????????","Minty Spire (QoL Compilation)","Quick Restart","StSLib","Synergy Search","The Animator","The Mystic","The Servant 0.9.4","The Wild Card"],"gold_per_floor":[114,114,130,130,146,146,176,176,176,176,176,176],"floor_reached":11,"language":"ENG","playtime":791,"items_purged":[],"score":71,"play_id":"66cb72fd-a629-46d1-999a-bb10530a623a","local_time":"20210222203942","is_ascension_mode":false,"campfire_choices":[{"data":"theWildCard:Arsene","floor":6.0,"key":"SMITH"},{"floor":8.0,"key":"REST"}],"circlet_count":0,"master_deck":["theWildCard:BasicStrike","theWildCard:BasicStrike","theWildCard:BasicStrike","theWildCard:BasicStrike","theWildCard:BasicDefend","theWildCard:BasicDefend","theWildCard:BasicDefend","theWildCard:BasicDefend","theWildCard:CallToAdventure","theWildCard:Arsene+1","theWildCard:Sakuya","theWildCard:Salvation","theWildCard:Polydeuces"],"relics":["theWildCard:VelvetContract","NeowsBlessing","FaceOfCleric","Singing Bowl","MealTicket","Sundial"],"acts_visited":["Exordium"],"potions_floor_usage":[],"damage_taken":[{"damage":0.0,"enemies":"2 Louse","floor":1.0,"turns":1.0},{"damage":0.0,"enemies":"Cultist","floor":3.0,"turns":1.0},{"damage":0.0,"enemies":"Small Slimes","floor":5.0,"turns":1.0},{"damage":39.0,"enemies":"Lagavulin","floor":7.0,"turns":11.0},{"damage":0,"enemies":"3 Sentries","floor":11,"turns":1}],"seed_played":"-2512530214551711378","potions_obtained":[{"floor":3.0,"key":"CultistPotion"},{"floor":5.0,"key":"Dexterity Potion"},{"floor":7.0,"key":"Dexterity Potion"}],"is_trial":false,"path_per_floor":["M","?","M","?","M","R","E","R","T","T","E"],"character_chosen":"THE_WILD_CARD","items_purchased":[],"campfire_rested":1,"item_purchase_floors":[],"current_hp_per_floor":[60,54,54,54,55,55,19,38,38,38,38,38],"gold":176,"neow_bonus":"THREE_ENEMY_KILL","is_daily":false,"chose_seed":false,"campfire_upgraded":1,"win_rate":0.0,"timestamp":1614047982,"path_taken":["M","?","?","?","?","R","E","R","T","?","E"],"items_purchased_type":[],"build_version":"2020-12-22","purchased_purges":0,"victory":false,"max_hp_per_floor":[60,60,60,60,61,61,64,64,64,64,64,64],"card_choices":[{"not_picked":["theWildCard:EnergizedStroke","theWildCard:Abstinence"],"picked":"theWildCard:Sakuya","floor":1.0},{"not_picked":["theWildCard:UnderLockAndKey","theWildCard:UnendingRitual"],"picked":"theWildCard:Salvation","floor":3.0},{"not_picked":["theWildCard:StalwartBlade","theWildCard:MagicMettle"],"picked":"theWildCard:Polydeuces","floor":5.0},{"not_picked":["theWildCard:Sakuya","theWildCard:BladeOfGenerations","theWildCard:Salvation"],"picked":"Singing Bowl","floor":7.0}],"player_experience":739541,"relics_obtained":[{"floor":7.0,"key":"Singing Bowl"},{"floor":9.0,"key":"MealTicket"},{"floor":10.0,"key":"Sundial"}],"event_choices":[{"damage_healed":0.0,"max_hp_gain":0.0,"max_hp_loss":0.0,"gold_gain":0.0,"event_name":"Wheel of Change","player_choice":"Damaged","floor":2.0,"gold_loss":0.0,"damage_taken":6.0},{"damage_healed":0.0,"max_hp_gain":0.0,"max_hp_loss":0.0,"gold_gain":0.0,"event_name":"FaceTrader","player_choice":"Trade","floor":4.0,"gold_loss":0.0,"damage_taken":0.0,"relics_obtained":["FaceOfCleric"]}],"is_beta":false,"boss_relics":[],"items_purged_floors":[],"is_endless":false,"potions_floor_spawned":[3,5,7],"killed_by":"3 Sentries","ascension_level":0}}