{"host":"43a645w54hpfbzri","time":1614045619,"event":{"mods":["AchievementEnabler","BaseMod","BetterRewards","Card Forge","Colored Map","Colored Powertips","Minty Spire (QoL Compilation)","Rare Cards Sparkle","StSLib","The Cursed"],"gold_per_floor":[219,219,236,236,193,193,204,214,214,214,214,243,262,262,262,360,360,380,380,400,400,417,450,450,450,450,450,450,450,463,494,494,590,590,607,621,633,733,749,749,767,767,767,767,767,777,777,794,794,794,794],"floor_reached":50,"language":"ENG","playtime":1501,"items_purged":[],"score":662,"play_id":"c96cdd5f-5fc4-49a0-8049-8890e23810a2","local_time":"20210222190019","is_ascension_mode":true,"campfire_choices":[{"floor":6.0,"key":"REST"},{"floor":15.0,"key":"REST"},{"floor":24,"key":"REST"},{"floor":27,"key":"REST"},{"floor":29,"key":"REST"},{"floor":32,"key":"REST"},{"floor":40,"key":"REST"},{"floor":44,"key":"REST"},{"floor":49,"key":"REST"}],"circlet_count":0,"master_deck":["Dual Wield+1","Flash of Steel+1","Flex+1"],"relics":["Burning Blood","Hammer of Thor","Seething Fire","Anvil of the Gods"],"acts_visited":["Exordium","TheCity","TheBeyond"],"potions_floor_usage":[50],"damage_taken":[{"damage":0.0,"enemies":"2 Louse","floor":1.0,"turns":1.0},{"damage":0.0,"enemies":"Cultist","floor":3.0,"turns":1.0},{"damage":0.0,"enemies":"Small Slimes","floor":7.0,"turns":1.0},{"damage":0.0,"enemies":"Looter","floor":8.0,"turns":1.0},{"damage":0.0,"enemies":"Lagavulin","floor":12.0,"turns":1.0},{"damage":0.0,"enemies":"2 Fungi Beasts","floor":13.0,"turns":1.0},{"damage":9.0,"enemies":"The Guardian","floor":16.0,"turns":2.0},{"damage":0,"enemies":"Spheric Guardian","floor":18,"turns":1},{"damage":0,"enemies":"2 Thieves","floor":20,"turns":1},{"damage":0,"enemies":"Centurion and Healer","floor":22,"turns":1},{"damage":0,"enemies":"Book of Stabbing","floor":23,"turns":1},{"damage":0,"enemies":"Cultist and Chosen","floor":30,"turns":1},{"damage":22,"enemies":"Gremlin Leader","floor":31,"turns":2},{"damage":0,"enemies":"Automaton","floor":33,"turns":1},{"damage":0,"enemies":"3 Darklings","floor":35,"turns":1},{"damage":0,"enemies":"Orb Walker","floor":36,"turns":1},{"damage":0,"enemies":"Transient","floor":37,"turns":1},{"damage":0,"enemies":"Jaw Worm Horde","floor":39,"turns":1},{"damage":0,"enemies":"Maw","floor":41,"turns":1},{"damage":0,"enemies":"Transient","floor":46,"turns":1},{"damage":0,"enemies":"Jaw Worm Horde","floor":48,"turns":1},{"damage":116,"enemies":"Time Eater","floor":50,"turns":5}],"seed_played":"-3955225870193837146","potions_obtained":[{"floor":2.0,"key":"SneckoOil"},{"floor":2.0,"key":"AttackPotion"},{"floor":2.0,"key":"GamblersBrew"},{"floor":16.0,"key":"BloodPotion"},{"floor":36,"key":"Energy Potion"},{"floor":39,"key":"DistilledChaos"},{"floor":48,"key":"AttackPotion"}],"is_trial":false,"path_per_floor":["M","?","M","?","?","R","M","M","T","?","$","E","M","?","R","B",null,"M","?","M","?","M","E","R","$","T","R","?","R","M","E","R","B",null,"M","M","M","?","M","R","M","$","T","R","?","M","$","M","R","B"],"character_chosen":"IRONCLAD","items_purchased":[],"campfire_rested":9,"item_purchase_floors":[],"current_hp_per_floor":[80,80,80,80,80,80,80,80,80,85,85,85,85,85,85,82,85,85,85,85,85,85,85,85,85,85,85,85,85,85,69,85,85,85,85,85,85,85,85,85,85,85,85,85,85,85,85,85,85,0,0],"gold":794,"neow_bonus":"HUNDRED_GOLD","is_daily":false,"chose_seed":false,"campfire_upgraded":0,"win_rate":0.0,"timestamp":1614045619,"path_taken":["M","?","?","?","?","R","M","M","T","?","$","E","M","?","R","BOSS","M","?","?","?","M","E","R","$","T","R","?","R","?","E","R","BOSS","M","M","M","?","?","R","M","$","T","R","?","?","$","M","R","BOSS"],"items_purchased_type":[],"build_version":"2020-12-22","purchased_purges":0,"victory":false,"max_hp_per_floor":[80,80,80,80,80,80,80,80,80,85,85,85,85,85,85,85,85,85,85,85,85,85,85,85,85,85,85,85,85,85,85,85,85,85,85,85,85,85,85,85,85,85,85,85,85,85,85,85,85,85,85],"card_choices":[{"not_picked":["Shrug It Off","Thunderclap","Entrench"],"picked":"SKIP","floor":1.0},{"not_picked":["Dropkick","Iron Wave","Seeing Red"],"picked":"SKIP","floor":3.0},{"not_picked":["Reckless Charge","True Grit","Clothesline"],"picked":"SKIP","floor":7.0},{"not_picked":["Anger","Entrench","Reckless Charge"],"picked":"SKIP","floor":8.0},{"not_picked":["Fire Breathing","Cleave","Uppercut"],"picked":"SKIP","floor":12.0},{"not_picked":["Uppercut","Double Tap","Flex"],"picked":"SKIP","floor":13.0},{"not_picked":["Warcry+1","Fire Breathing+1","Cleave"],"picked":"SKIP","floor":18},{"not_picked":["Searing Blow+1","Body Slam","Seeing Red"],"picked":"SKIP","floor":20},{"not_picked":["Shockwave+1","Perfected Strike","Heavy Blade"],"picked":"SKIP","floor":22},{"not_picked":["Hemokinesis","Power Through","Thunderclap+1"],"picked":"SKIP","floor":23},{"not_picked":["Twin Strike+1","Disarm+1","Dual Wield"],"picked":"SKIP","floor":30},{"not_picked":["Armaments","Perfected Strike","Whirlwind"],"picked":"SKIP","floor":31},{"not_picked":["Rampage+1","Anger+1","Reckless Charge+1"],"picked":"SKIP","floor":35},{"not_picked":["Clothesline","Thunderclap","Bloodletting+1"],"picked":"SKIP","floor":36},{"not_picked":["Dropkick+1","Sword Boomerang","True Grit"],"picked":"SKIP","floor":37},{"not_picked":["Cleave+1","Thunderclap+1","Ghostly Armor"],"picked":"SKIP","floor":39},{"not_picked":["Warcry+1","Second Wind+1","Pommel Strike"],"picked":"SKIP","floor":41},{"not_picked":["Feel No Pain+1","Heavy Blade","Sword Boomerang"],"picked":"SKIP","floor":46},{"not_picked":["Shrug It Off+1","True Grit+1","Berserk"],"picked":"SKIP","floor":48}],"player_experience":66098,"relics_obtained":[],"event_choices":[{"damage_healed":0.0,"max_hp_gain":0.0,"max_hp_loss":0.0,"gold_gain":0.0,"event_name":"Lab","player_choice":"Got Potions","floor":2.0,"gold_loss":0.0,"damage_taken":0.0},{"damage_healed":0.0,"max_hp_gain":0.0,"max_hp_loss":0.0,"gold_gain":0.0,"event_name":"Scrap Ooze","player_choice":"Fled","floor":4.0,"gold_loss":0.0,"damage_taken":0.0},{"damage_healed":0.0,"max_hp_gain":0.0,"max_hp_loss":0.0,"gold_gain":0.0,"event_name":"World of Goop","player_choice":"Left Gold","floor":5.0,"gold_loss":43.0,"damage_taken":0.0},{"damage_healed":0.0,"max_hp_gain":5.0,"max_hp_loss":0.0,"gold_gain":0.0,"event_name":"Big Fish","player_choice":"Donut","floor":10.0,"gold_loss":0.0,"damage_taken":0.0},{"damage_healed":0.0,"max_hp_gain":0.0,"max_hp_loss":0.0,"gold_gain":0.0,"event_name":"Golden Wing","player_choice":"Ignored","floor":14.0,"gold_loss":0.0,"damage_taken":0.0},{"damage_healed":0,"gold_gain":0,"player_choice":"Ignored","damage_taken":0,"max_hp_gain":0,"max_hp_loss":0,"event_name":"WeMeetAgain","floor":19,"gold_loss":0},{"damage_healed":0,"gold_gain":0,"player_choice":"Simplicity","damage_taken":0,"max_hp_gain":0,"max_hp_loss":0,"event_name":"Back to Basics","floor":21,"gold_loss":0,"cards_upgraded":[]},{"cards_removed":["Flex"],"damage_healed":5,"gold_gain":0,"player_choice":"Offered Common","damage_taken":0,"max_hp_gain":0,"max_hp_loss":0,"event_name":"Bonfire Elementals","floor":28,"gold_loss":0},{"cards_removed":["Flex"],"damage_healed":5,"gold_gain":0,"player_choice":"Offered Special","damage_taken":0,"max_hp_gain":0,"max_hp_loss":0,"event_name":"Bonfire Elementals","floor":28,"gold_loss":0},{"damage_healed":0,"gold_gain":100,"player_choice":"Pray","damage_taken":0,"max_hp_gain":0,"max_hp_loss":0,"event_name":"Golden Shrine","floor":38,"gold_loss":0},{"damage_healed":0,"gold_gain":0,"player_choice":"Ignored","damage_taken":0,"max_hp_gain":0,"max_hp_loss":0,"event_name":"Transmorgrifier","floor":45,"gold_loss":0}],"is_beta":false,"boss_relics":[{"not_picked":[]},{"not_picked":[]}],"items_purged_floors":[],"is_endless":false,"potions_floor_spawned":[3,7,13,16,20,23,33,36,39,48],"killed_by":"Time Eater","ascension_level":1}}