{"host":"vm8b3ptwl81uq21f","time":1614058754,"event":{"mods":["Act Like it!","Aspiration","BaseMod","BetterRewards","Colored Map","Colored Powertips","Conspire","Gensokyo","GifTheSpireLib","Googly Eyes","GungeonMod","Halation","Hubris","Infinite Spire","Minty Spire (QoL Compilation)","MostiFishMod","Quick Restart","Rare Cards Sparkle","Reliquary","Replay The Spire","Shop Mod","Spicy Shops","Spire Arcade","StSLib","Stuff the Spire","The IronCluck","The Jungle","[IsaacMod]????","??????REMEMod"],"gold_per_floor":[159,159,193,219,243,282,300,345,390,415,415,446,470,470,470,602,602,622,622,622,622,0,0,16,43,43,78,97,108,108,108,108,183,183,195,195,205,205,151,151,186,186,186,186,204,214,0,29,29,29,29,29,0,29,29,29],"floor_reached":55,"language":"ENG","playtime":2748,"items_purged":["Strike_B","Strike_B","Strike_B","Defend_B","Defend_B","Strike_B"],"score":1942,"play_id":"a2b7d09b-90e5-4002-88c4-62d8137200c9","local_time":"20210223003914","is_ascension_mode":true,"campfire_choices":[{"data":"White Noise","floor":11,"key":"SMITH"},{"data":"Loop","floor":11,"key":"SMITH"},{"data":"Heatsinks","floor":15,"key":"SMITH"},{"data":"Zap","floor":15,"key":"SMITH"},{"data":"Capacitor","floor":23,"key":"SMITH"},{"data":"Coolheaded","floor":23,"key":"SMITH"},{"data":"White Noise","floor":30,"key":"SMITH"},{"data":"Dualcast","floor":30,"key":"SMITH"},{"data":"Turbo","floor":32,"key":"SMITH"},{"data":"Electrodynamics","floor":32,"key":"SMITH"},{"data":"StuffTheSpire:Innocence","floor":40,"key":"SMITH"},{"data":"Storm","floor":40,"key":"SMITH"},{"data":"Buffer","floor":42,"key":"SMITH"},{"data":"StuffTheSpire:Plugnplay","floor":42,"key":"SMITH"},{"floor":44,"key":"RECALL"},{"data":"Defend_B","floor":49,"key":"PURGE"},{"data":"Master of Strategy","floor":52,"key":"SMITH"},{"data":"Creative AI","floor":52,"key":"SMITH"}],"circlet_count":0,"master_deck":["AscendersBane","Creative AI+1","Loop+1","Coolheaded+1","Coolheaded+1","Heatsinks+1","Turbo+1","Gensokyo:LifeSpringInfinity+1","White Noise+1","Genetic Algorithm+1","MostiFishMod:Prepare","Electrodynamics+1","Capacitor+1","MostiFishMod:StrandedSiren","Master of Strategy+1","White Noise+1","MostiFishMod:StrandedSiren","StuffTheSpire:Innocence+1","Storm+1","Buffer+1","aspiration:Polymerization+1"],"relics":["Cracked Core","HushsDoor","DaveBox","REME_ComplimentaryCards","MaYiHuaBei","BionicSphere","Mummified Hand","hubris:SoftwareUpdate","MerchantsRug","Civilization","Bag of Preparation","hubris:Potato","aspiration:FrozenJewel","SynthV:TestCard","DemoMod:GlassGuonStoneRelic","StuffTheSpire:DarkSteelAnvil","Bag of Marbles","conspire:SpecialSausage","aspiration:EnhancedActuators","Mummified Hand","halation:OrihimeAndHikoboshiSamaAndTears","FeatherPendant","Replay:Rubber Ducky","hubris:EmptyBottle","hubris:RGBLights","BirthdayGift-Icosahedron","StuffTheSpire:Nightcore"],"acts_visited":["Exordium","TheCity","TheBeyond","TheEnding"],"potions_floor_usage":[55,55],"damage_taken":[{"damage":0.0,"enemies":"Gensokyo:2_Kodama","floor":1.0,"turns":3.0},{"damage":0.0,"enemies":"Gensokyo:3_Fairies","floor":3.0,"turns":4.0},{"damage":0.0,"enemies":"Gensokyo:Gryphon","floor":4.0,"turns":3.0},{"damage":0.0,"enemies":"Gensokyo:VengefulSpirit","floor":5.0,"turns":3.0},{"damage":0,"enemies":"Gensokyo:Aya","floor":6,"turns":5},{"damage":0,"enemies":"Gensokyo:LivingMonolith","floor":7,"turns":2},{"damage":0,"enemies":"Gensokyo:Mamizou","floor":8,"turns":3},{"damage":0,"enemies":"Gensokyo:Aya","floor":12,"turns":2},{"damage":0,"enemies":"Gensokyo:Python_and_Kodama","floor":13,"turns":2},{"damage":0,"enemies":"Gensokyo:Kokoro","floor":16,"turns":5},{"damage":0,"enemies":"Chosen","floor":18,"turns":3},{"damage":0,"enemies":"Shell Parasite","floor":24,"turns":2},{"damage":0,"enemies":"Nightmare","floor":25,"turns":5},{"damage":0,"enemies":"Gremlin Leader","floor":27,"turns":1},{"damage":0,"enemies":"Centurion and Healer","floor":28,"turns":1},{"damage":0,"enemies":"Chosen and Byrds","floor":29,"turns":1},{"damage":0,"enemies":"Automaton","floor":33,"turns":1},{"damage":0,"enemies":"3 Shapes","floor":35,"turns":1},{"damage":0,"enemies":"Orb Walker","floor":37,"turns":1},{"damage":0,"enemies":"R_Hoarder","floor":41,"turns":2},{"damage":0,"enemies":"Writhing Mass","floor":45,"turns":1},{"damage":0,"enemies":"3 Darklings","floor":46,"turns":1},{"damage":0,"enemies":"Nemesis","floor":48,"turns":1},{"damage":0,"enemies":"Replay:Hell Engine","floor":50,"turns":2},{"damage":0,"enemies":"Shield and Spear","floor":54,"turns":1},{"damage":218,"enemies":"Delirium","floor":55,"turns":4}],"seed_played":"792694480787882116","potions_obtained":[{"floor":4.0,"key":"FocusPotion"},{"floor":8,"key":"Adrenaline Potion"}],"is_trial":false,"path_per_floor":["M","?","M","M","M","E","M","E","T","T","R","E","M","?","R","B",null,"M","?","?","?","$","R","M","NM","T","E","M","M","R","?","R","B",null,"M","?","M","?","$","R","E","R","T","R","M","M","$","E","R_BF","B",null,"R","$","E","B"],"character_chosen":"DEFECT","items_purchased":["Mummified Hand","conspire:TreasureMap","hubris:SoftwareUpdate","MerchantsRug","REME_ArchaeologicalTools","Civilization","Creative AI","Replay:Arrowhead","Orrery","Bag of Preparation","hubris:Potato","aspiration:FrozenJewel","Heatsinks","MostiFishMod:StrandedSiren","Diplopia","infinitespire:PuzzleCube","reliquary:PorcupineQuills","Master of Strategy","Storm","hubris:EmptyBottle","hubris:RGBLights","BirthdayGift-Icosahedron"],"campfire_rested":0,"item_purchase_floors":[0,0,0,0,0,0,0,0,0,0,0,0,0,22,22,22,22,22,39,47,47,53],"current_hp_per_floor":[22,22,24,27,31,36,41,46,46,46,46,51,56,67,67,72,105,110,110,110,110,110,110,115,120,120,127,134,141,141,141,141,148,146,151,151,156,156,156,156,161,161,161,161,168,175,175,182,182,187,187,187,187,192,0,0],"gold":29,"neow_bonus":"","is_daily":false,"chose_seed":false,"campfire_upgraded":16,"win_rate":0.0,"timestamp":1614058754,"path_taken":["M","?","M","M","M","E","?","E","T","?","R","E","M","?","R","BOSS","M","?","?","?","$","R","M","NM","T","E","?","M","R","?","R","BOSS","M","?","M","?","$","R","E","R","T","R","M","M","$","E","R_BF","BOSS","R","$","E","BOSS"],"items_purchased_type":["Relic","Relic","Relic","Relic","Relic","Relic","Card","Relic","Relic","Relic","Relic","Relic","Card","Card","Relic","Relic","Relic","Card","Card","Relic","Relic","Relic"],"build_version":"2020-12-22","purchased_purges":6,"victory":false,"max_hp_per_floor":[77,77,79,82,86,91,96,101,101,101,101,106,111,111,111,116,116,121,121,121,121,121,121,126,131,131,136,141,146,146,146,146,151,146,151,151,156,156,156,156,161,161,161,161,168,175,175,182,182,187,187,187,187,192,192,192],"card_choices":[{"not_picked":["StuffTheSpire:Plugnplay","Conserve Battery"],"picked":"Loop","floor":0.0},{"not_picked":["Conserve Battery","ReplayTheSpireMod:Calculation Training"],"picked":"Coolheaded","floor":0.0},{"not_picked":["Gash","Streamline"],"picked":"Coolheaded","floor":0.0},{"not_picked":["Force Field","hubris:Prefetch"],"picked":"Turbo","floor":0.0},{"not_picked":["Streamline","Stack"],"picked":"White Noise","floor":1.0},{"not_picked":["Chill","Rebound","Pulse","Cold Snap","BasicCrystalCard"],"picked":"StuffTheSpire:Plugnplay","floor":3.0},{"not_picked":["StuffTheSpire:Plugnplay","hubris:SpecializedCircuitry","Cold Snap","Go for the Eyes","Ball Lightning"],"picked":"SKIP","floor":4.0},{"not_picked":["StuffTheSpire:Plugnplay","Rebound","Compile Driver","Pulse","Redo"],"picked":"SKIP","floor":5.0},{"not_picked":["hubris:PowerSurge","Rebound","Beam Cell","Turbo","Go for the Eyes"],"picked":"SKIP","floor":6},{"not_picked":["hubris:PowerSurge","Rebound","Beam Cell","Turbo","Go for the Eyes"],"picked":"SKIP","floor":6},{"not_picked":["Coolheaded","Turbo","Redo","Doom and Gloom","Steam"],"picked":"SKIP","floor":7},{"not_picked":["ReplayTheSpireMod:Repulse","Sweeping Beam","Chaos","Compile Driver"],"picked":"MostiFishMod:Prepare","floor":8},{"not_picked":["Panic Button","StuffTheSpire:ShieldGenerator","Gash","Chaos","Ball Lightning"],"picked":"SKIP","floor":12},{"not_picked":["MostiFishMod:IceShield","aspiration:Polymerization","Streamline","Steam","Gash"],"picked":"SKIP","floor":13},{"not_picked":["MostiFishMod:ATRI","Multi-Cast","ReplayTheSpireMod:Omega Cannon","ReplayTheSpireMod:Fabricate Wheel"],"picked":"Electrodynamics","floor":16},{"not_picked":["Steam","Fusion","StuffTheSpire:NuclearReactor","StuffTheSpire:Plugnplay"],"picked":"Capacitor","floor":18},{"not_picked":["Steam","Conserve Battery","StuffTheSpire:ShieldGenerator","Go for the Eyes","Tempest"],"picked":"SKIP","floor":24},{"not_picked":["Undo+1","ReplayTheSpireMod:Calculation Training","conspire:SharedLibrary","Steam Power","Compile Driver"],"picked":"SKIP","floor":25},{"not_picked":["BasicCrystalCard","Compile Driver","Sweeping Beam","Barrage","Steam"],"picked":"SKIP","floor":27},{"not_picked":["Barrage","MostiFishMod:PushDownKick","StuffTheSpire:SnapShoot","Panic Button","Beam Cell","REME_DataAnalysis"],"picked":"SKIP","floor":28},{"not_picked":["Heatsinks","Ball Lightning","BasicCrystalCard","Coolheaded+1"],"picked":"White Noise","floor":29},{"not_picked":["ElectricPowerLearning","MostiFishMod:SeaWaves","MostiFishMod:Hijack","MostiFishMod:Exploitation"],"picked":"MostiFishMod:StrandedSiren","floor":33},{"not_picked":["Barrage","ReplayGash","Sweeping Beam+1","ReplaySort+1","Static Discharge"],"picked":"SKIP","floor":35},{"not_picked":["Rebound","Fan","StuffTheSpire:LoadUp","Sweeping Beam","FTL","Electrodynamics","Aggregate","Leap","conspire:Rain"],"picked":"SKIP","floor":37},{"not_picked":["StuffTheSpire:Brawn","StuffTheSpire:BrainWave"],"picked":"StuffTheSpire:Innocence","floor":38},{"not_picked":["StuffTheSpire:Plugnplay","StuffTheSpire:NuclearReactor","StuffTheSpire:EventHorizon","Doom and Gloom"],"picked":"Buffer","floor":41},{"not_picked":["Hologram","Cold Snap+1","Steam","Redo","Gash"],"picked":"Singing Bowl","floor":45},{"not_picked":["Stack+1","Beam Cell","hubris:PowerSurge","Fusion","Compile Driver"],"picked":"Singing Bowl","floor":46},{"not_picked":["BasicCrystalCard","Steam","hubris:SpecializedCircuitry","Chill","Fan"],"picked":"Singing Bowl","floor":48},{"not_picked":["aspiration:Polymerization+1","Cold Snap","MostiFishMod:PushDownKick","Compile Driver","StuffTheSpire:LoadUp"],"picked":"SKIP","floor":54},{"not_picked":["Cold Snap","MostiFishMod:PushDownKick","Compile Driver","StuffTheSpire:LoadUp"],"picked":"aspiration:Polymerization+1","floor":54}],"player_experience":439391,"relics_obtained":[{"floor":1.0,"key":"SynthV:TestCard"},{"floor":6,"key":"StuffTheSpire:DarkSteelAnvil"},{"floor":8,"key":"Geode"},{"floor":9,"key":"Matryoshka"},{"floor":10,"key":"reliquary:SharkskinSheath"},{"floor":10,"key":"Bag of Marbles"},{"floor":12,"key":"reliquary:Buckler"},{"floor":25,"key":"halation:OrihimeAndHikoboshiSamaAndTears"},{"floor":26,"key":"Blood Vial"},{"floor":27,"key":"ReplayFunnel"},{"floor":41,"key":"Replay:Rubber Ducky"},{"floor":43,"key":"Singing Bowl"},{"floor":48,"key":"reliquary:FeatherDuster"},{"floor":54,"key":"StuffTheSpire:Nightcore"}],"event_choices":[{"cards_removed":["Defend_B"],"damage_healed":0,"gold_gain":0,"player_choice":"Card Removal","damage_taken":0,"max_hp_gain":0,"max_hp_loss":0,"event_name":"Wheel of Change","floor":31,"gold_loss":0}],"is_beta":false,"boss_relics":[{"not_picked":["Nuclear Battery","DemoMod:WaxWing"],"picked":"conspire:SpecialSausage"},{"not_picked":[]},{"not_picked":["StuffTheSpire:ModemDavis","Runic Dome"],"picked":"FeatherPendant"},{"not_picked":[]}],"items_purged_floors":[0,22,22,34,39,47],"is_endless":false,"potions_floor_spawned":[4,8,16,24,33,37,45,48],"killed_by":"Delirium","ascension_level":13}}