{"host":"ow66nzv2xecjoor3","time":1614054065,"event":{"mods":["BaseMod","Bestiary","Block Reminder","Colored Powertips","Curses Come First","Highlight Path","Keyboard Shortcuts","Minty Spire (QoL Compilation)","Permanent Neow","Relic Stats","StSLib","UnlockEverythingMod"],"gold_per_floor":[118,136,136,146,158,158,187,204,204,204,255,279,293,181,181,258,258,233,252,267,283,299,331,331,366,366,366,383,383,383],"floor_reached":29,"language":"ENG","playtime":1554,"items_purged":["Strike_B"],"score":658,"play_id":"58aec4bc-f9bd-490c-b47d-ea1a78108980","local_time":"20210222222105","is_ascension_mode":true,"campfire_choices":[{"data":"Loop","floor":6,"key":"SMITH"},{"floor":10,"key":"REST"},{"data":"Biased Cognition","floor":15,"key":"SMITH"},{"data":"Defragment","floor":24,"key":"SMITH"},{"data":"Capacitor","floor":27,"key":"SMITH"}],"circlet_count":0,"master_deck":["AscendersBane","Defend_B+1","Defend_B","Defend_B","Zap","Dualcast","Biased Cognition+1","Chill+1","Loop+1","Melter","Loop+1","Static Discharge","Steam Power","Coolheaded","Steam Power","Defragment+1","Biased Cognition","Conserve Battery+1","All For One+1","Steam Power+1","Glacier+1","Capacitor+1","Creative AI","Ball Lightning","Barrage"],"relics":["Cracked Core","Art of War","Oddly Smooth Stone","War Paint","Astrolabe","Eternal Feather","Omamori","Juzu Bracelet"],"acts_visited":["Exordium","TheCity"],"potions_floor_usage":[11,16,23,25,25],"damage_taken":[{"damage":10,"enemies":"Small Slimes","floor":1,"turns":4},{"damage":2,"enemies":"Jaw Worm","floor":2,"turns":3},{"damage":0,"enemies":"Cultist","floor":4,"turns":4},{"damage":1,"enemies":"2 Fungi Beasts","floor":5,"turns":4},{"damage":23,"enemies":"Lagavulin","floor":7,"turns":5},{"damage":10,"enemies":"Large Slime","floor":8,"turns":3},{"damage":11,"enemies":"3 Sentries","floor":11,"turns":9},{"damage":5,"enemies":"Red Slaver","floor":13,"turns":5},{"damage":0,"enemies":"Slime Boss","floor":16,"turns":6},{"damage":1,"enemies":"2 Thieves","floor":18,"turns":4},{"damage":0,"enemies":"Chosen","floor":19,"turns":6},{"damage":0,"enemies":"Sentry and Sphere","floor":20,"turns":4},{"damage":13,"enemies":"Snecko","floor":21,"turns":5},{"damage":2,"enemies":"Snake Plant","floor":22,"turns":4},{"damage":6,"enemies":"Book of Stabbing","floor":23,"turns":6},{"damage":41,"enemies":"Gremlin Leader","floor":25,"turns":8},{"damage":17,"enemies":"Shelled Parasite and Fungi","floor":28,"turns":7},{"damage":12,"enemies":"Cultist and Chosen","floor":29,"turns":3}],"seed_played":"-8926300164791729233","potions_obtained":[{"floor":4,"key":"LiquidBronze"},{"floor":5,"key":"ColorlessPotion"},{"floor":11,"key":"EssenceOfSteel"},{"floor":13,"key":"FocusPotion"},{"floor":16,"key":"Dexterity Potion"},{"floor":19,"key":"Fire Potion"},{"floor":21,"key":"FocusPotion"},{"floor":23,"key":"AttackPotion"}],"is_trial":false,"path_per_floor":["M","M","?","M","M","R","E","M","T","R","E","T","M","$","R","B",null,"M","M","M","M","M","E","R","E","T","R","M","M"],"character_chosen":"DEFECT","items_purchased":["Defragment"],"campfire_rested":1,"item_purchase_floors":[14],"current_hp_per_floor":[54,52,52,52,51,51,28,18,18,39,28,28,23,23,23,23,59,58,58,58,45,43,37,49,8,8,23,6,0,0],"gold":383,"neow_bonus":"TRANSFORM_CARD","is_daily":false,"chose_seed":false,"campfire_upgraded":4,"win_rate":0.0,"timestamp":1614054065,"path_taken":["M","M","?","M","M","R","E","M","T","R","E","?","M","$","R","BOSS","M","M","M","M","M","E","R","E","T","R","M","M"],"items_purchased_type":["Card"],"build_version":"2020-12-22","purchased_purges":1,"victory":false,"max_hp_per_floor":[71,71,71,71,71,71,71,71,71,71,71,71,71,71,71,71,71,71,71,71,71,71,71,71,71,71,71,71,71,71],"relic_stats":{"counters":[18,85],"Astrolabe":["Conserve Battery","All For One","Steam Power"],"Eternal Feather":27,"Art of War":[37],"Juzu Bracelet":0,"War Paint":["Defend_B","Chill"],"obtain_stats":[{"Astrolabe":17,"Oddly Smooth Stone":11,"Eternal Feather":23,"Art of War":7,"Omamori":25,"Juzu Bracelet":26,"War Paint":12,"Cracked Core":0},{"Astrolabe":9,"Oddly Smooth Stone":7,"Eternal Feather":15,"Art of War":5,"Omamori":16,"Juzu Bracelet":16,"War Paint":7,"Cracked Core":0},{"Astrolabe":39,"Oddly Smooth Stone":30,"Eternal Feather":67,"Art of War":18,"Omamori":75,"Juzu Bracelet":75,"War Paint":30,"Cracked Core":0}]},"card_choices":[{"not_picked":["Leap","Gash"],"picked":"Chill","floor":1},{"not_picked":["Reprogram","Coolheaded"],"picked":"Loop","floor":2},{"not_picked":["Beam Cell","BootSequence"],"picked":"Melter","floor":4},{"not_picked":["Chill","Beam Cell"],"picked":"Loop","floor":5},{"not_picked":["Hello World","Go for the Eyes"],"picked":"Static Discharge","floor":7},{"not_picked":["Sweeping Beam","Gash"],"picked":"Steam Power","floor":8},{"not_picked":["Double Energy","Recycle"],"picked":"Coolheaded","floor":11},{"not_picked":["Blizzard","Reprogram"],"picked":"Steam Power","floor":13},{"not_picked":["Meteor Strike","Rainbow"],"picked":"Biased Cognition","floor":16},{"not_picked":["Beam Cell","Sweeping Beam+1"],"picked":"Glacier+1","floor":18},{"not_picked":["Rebound","Melter","Double Energy"],"picked":"SKIP","floor":19},{"not_picked":["Rebound","Melter","Double Energy"],"picked":"SKIP","floor":19},{"not_picked":["Rebound","Hologram","Stack"],"picked":"SKIP","floor":20},{"not_picked":["Rebound","Hologram","Stack"],"picked":"SKIP","floor":20},{"not_picked":["Sweeping Beam","Leap"],"picked":"Capacitor","floor":21},{"not_picked":["Force Field","Leap"],"picked":"Creative AI","floor":22},{"not_picked":["Thunder Strike","Doom and Gloom"],"picked":"Ball Lightning","floor":23},{"not_picked":["Meteor Strike","Steam"],"picked":"Barrage","floor":25},{"not_picked":["Redo","Compile Driver","Streamline"],"picked":"SKIP","floor":28}],"player_experience":2942593,"relics_obtained":[{"floor":7,"key":"Art of War"},{"floor":11,"key":"Oddly Smooth Stone"},{"floor":12,"key":"War Paint"},{"floor":23,"key":"Eternal Feather"},{"floor":25,"key":"Omamori"},{"floor":26,"key":"Juzu Bracelet"}],"event_choices":[{"damage_healed":0,"gold_gain":0,"player_choice":"Grow","damage_taken":0,"max_hp_gain":0,"max_hp_loss":0,"event_name":"Living Wall","floor":3,"gold_loss":0,"cards_upgraded":["Loop"]}],"is_beta":false,"boss_relics":[{"not_picked":["Coffee Dripper","Velvet Choker"],"picked":"Astrolabe"}],"items_purged_floors":[14],"is_endless":false,"potions_floor_spawned":[4,5,11,13,16,19,21,23],"killed_by":"Cultist and Chosen","ascension_level":20}}