{"host":"nx6k9gttpbkpebht","time":1614103646,"event":{"mods":["BaseMod","Colored Map","Colored Powertips","DeckTracker","Downfall","Googly Eyes","Minty Spire (QoL Compilation)","StSLib"],"gold_per_floor":[113,113,136,136,155,155,176,176,176,176,209,209,209,230,230,353,353,373,416,341,356,150,150,188,207,207,238,238,272,272,272,272,272,272],"floor_reached":33,"language":"ENG","playtime":1822,"items_purged":["Strike_R"],"score":301,"play_id":"5ecf372e-41b5-4b47-a880-dd52a9d740f5","local_time":"20210223190726","is_ascension_mode":false,"campfire_choices":[{"data":"Bash","floor":6,"key":"SMITH"},{"data":"Twin Strike","floor":8,"key":"SMITH"},{"data":"Intimidate","floor":10,"key":"SMITH"},{"data":"Defend_R","floor":13,"key":"SMITH"},{"floor":15,"key":"REST"},{"floor":23,"key":"REST"},{"floor":28,"key":"REST"},{"floor":30,"key":"REST"},{"data":"Armaments","floor":32,"key":"SMITH"}],"circlet_count":0,"master_deck":["Strike_R","Strike_R","Defend_R+1","Defend_R","Defend_R","Defend_R","Bash+1","Twin Strike+1","Intimidate+1","Dropkick","Shrug It Off","Double Tap","Spot Weakness","Rampage+1","Armaments+1","Flex","Inflame","Iron Wave"],"relics":["Burning Blood","Bronze Scales","Bloody Idol","Regal Pillow","Self Forming Clay","Black Star","Red Mask","Girya","Ornamental Fan","Kunai","WingedGreaves","Oddly Smooth Stone","Letter Opener","Bird Faced Urn"],"acts_visited":["Exordium","TheCity"],"potions_floor_usage":[7,11,16,19,19,24,25,29],"damage_taken":[{"damage":6,"enemies":"Cultist","floor":1,"turns":3},{"damage":1,"enemies":"Jaw Worm","floor":3,"turns":3},{"damage":0,"enemies":"Small Slimes","floor":5,"turns":3},{"damage":10,"enemies":"Looter","floor":7,"turns":2},{"damage":15,"enemies":"Gremlin Nob","floor":11,"turns":4},{"damage":9,"enemies":"Blue Slaver","floor":14,"turns":3},{"damage":45,"enemies":"Hexaghost","floor":16,"turns":10},{"damage":24,"enemies":"Shell Parasite","floor":18,"turns":8},{"damage":14,"enemies":"Masked Bandits","floor":19,"turns":4},{"damage":6,"enemies":"Chosen","floor":21,"turns":4},{"damage":35,"enemies":"Book of Stabbing","floor":24,"turns":7},{"damage":19,"enemies":"Centurion and Healer","floor":25,"turns":6},{"damage":31,"enemies":"Slavers","floor":27,"turns":9},{"damage":27,"enemies":"Book of Stabbing","floor":29,"turns":6},{"damage":109,"enemies":"Automaton","floor":33,"turns":12}],"seed_played":"-6175518981949327653","potions_obtained":[{"floor":1,"key":"ColorlessPotion"},{"floor":3,"key":"Dexterity Potion"},{"floor":11,"key":"BlessingOfTheForge"},{"floor":16,"key":"Explosive Potion"},{"floor":18,"key":"Strength Potion"},{"floor":21,"key":"DistilledChaos"},{"floor":24,"key":"AttackPotion"},{"floor":27,"key":"sneckomod:MuddlingPotion"}],"is_trial":false,"path_per_floor":["M","?","M","?","M","R","M","R","T","R","E","?","R","M","R","B",null,"M","?","?","M","$","R","E","M","T","E","R","E","R","?","R","B"],"character_chosen":"IRONCLAD","items_purchased":["Flex","Inflame"],"campfire_rested":4,"item_purchase_floors":[22,22],"current_hp_per_floor":[80,60,65,65,71,71,67,67,67,67,58,58,58,55,80,41,80,62,54,54,54,54,80,51,38,38,13,52,31,70,70,70,0,0],"gold":272,"neow_bonus":"RANDOM_COMMON_RELIC","is_daily":false,"chose_seed":false,"campfire_upgraded":5,"win_rate":0.0,"timestamp":1614103646,"path_taken":["M","?","M","?","M","R","?","R","T","R","E","?","R","M","R","BOSS","M","?","?","M","$","R","E","M","T","E","R","E","R","?","R","BOSS"],"items_purchased_type":["Card","Card"],"build_version":"2020-12-22","purchased_purges":1,"victory":false,"max_hp_per_floor":[80,80,80,80,80,80,80,80,80,80,80,80,80,80,80,80,80,80,80,80,80,80,80,80,80,80,80,80,80,80,80,80,80,80],"card_choices":[{"not_picked":["Hemokinesis","Sever Soul","Dark Embrace"],"picked":"SKIP","floor":1},{"not_picked":["Infernal Blade","Warcry"],"picked":"Twin Strike","floor":3},{"not_picked":["Carnage","Sword Boomerang","Entrench"],"picked":"SKIP","floor":5},{"not_picked":["Combust","Hemokinesis"],"picked":"Dropkick","floor":7},{"not_picked":["Clash","Dual Wield","Sever Soul"],"picked":"SKIP","floor":11},{"not_picked":["Iron Wave","Heavy Blade"],"picked":"Shrug It Off","floor":14},{"not_picked":["Limit Break","Corruption"],"picked":"Double Tap","floor":16},{"not_picked":["Clothesline","Anger+1"],"picked":"Spot Weakness","floor":18},{"not_picked":["Heavy Blade","Dark Embrace"],"picked":"Rampage+1","floor":19},{"not_picked":["Power Through","Uppercut+1"],"picked":"Armaments","floor":21},{"not_picked":["Blood for Blood","Flex"],"picked":"Iron Wave","floor":24},{"not_picked":["Fiend Fire","Reckless Charge+1","Searing Blow"],"picked":"SKIP","floor":25},{"not_picked":["Feel No Pain+1","Carnage","Clothesline"],"picked":"SKIP","floor":27},{"not_picked":["Offering","Feel No Pain","Uppercut"],"picked":"SKIP","floor":29}],"player_experience":47289,"relics_obtained":[{"floor":9,"key":"Regal Pillow"},{"floor":11,"key":"Self Forming Clay"},{"floor":19,"key":"Red Mask"},{"floor":24,"key":"Girya"},{"floor":24,"key":"Ornamental Fan"},{"floor":26,"key":"Kunai"},{"floor":27,"key":"WingedGreaves"},{"floor":27,"key":"Oddly Smooth Stone"},{"floor":29,"key":"Letter Opener"},{"floor":29,"key":"Bird Faced Urn"}],"event_choices":[{"damage_healed":0,"gold_gain":0,"player_choice":"Take Damage","damage_taken":20,"relics_obtained":["Golden Idol"],"max_hp_gain":0,"max_hp_loss":0,"event_name":"Golden Idol","floor":2,"gold_loss":0},{"damage_healed":0,"gold_gain":0,"cards_transformed":["Strike_R"],"player_choice":"Transformed","damage_taken":0,"max_hp_gain":0,"max_hp_loss":0,"event_name":"Transmorgrifier","floor":4,"gold_loss":0,"cards_obtained":["Intimidate"]},{"damage_healed":0,"gold_gain":0,"player_choice":"Ignored","damage_taken":0,"max_hp_gain":0,"max_hp_loss":0,"event_name":"Liars Game","floor":12,"gold_loss":0},{"damage_healed":0,"gold_gain":0,"player_choice":"Fought Bandits","damage_taken":0,"max_hp_gain":0,"max_hp_loss":0,"event_name":"Masked Bandits","floor":19,"gold_loss":0},{"cards_removed":["Strike_R"],"damage_healed":0,"gold_gain":0,"player_choice":"Gave Gold","damage_taken":0,"max_hp_gain":0,"max_hp_loss":0,"event_name":"Beggar","floor":20,"gold_loss":75},{"damage_healed":0,"gold_gain":0,"player_choice":"Gave Idol","damage_taken":0,"relics_obtained":["Bloody Idol"],"max_hp_gain":0,"max_hp_loss":0,"event_name":"Forgotten Altar","floor":31,"relics_lost":["Golden Idol"],"gold_loss":0}],"is_beta":false,"boss_relics":[{"not_picked":["Snecko Eye","Busted Crown"],"picked":"Black Star"}],"items_purged_floors":[22],"is_endless":false,"potions_floor_spawned":[1,3,11,16,18,21,24,27],"killed_by":"Automaton","ascension_level":0}}