{"host":"xwl7b08i4vco8s3a","time":1614097462,"event":{"mods":["BaseMod","Colored Powertips","Downfall","Hermit","Minty Spire (QoL Compilation)","Replay The Spire","StSLib","Wandering Minibosses"],"gold_per_floor":[115,130,130,141,156,183,183,239,314,331,350,350,360,370,370,468,468,480,499,112,134,166,193,285,285,285,371,371,407,455,380,380,582,582,627,716,716,751,793,842,842,870,870,627,676,723,743,328,328,352,352,352,193,238,248,248],"floor_reached":55,"language":"ENG","playtime":2896,"items_purged":["Amnesia","Normality"],"score":692,"play_id":"72600fbd-9664-4dce-956b-c8da20c0e405","local_time":"20210223172422","is_ascension_mode":false,"campfire_choices":[{"floor":7,"key":"RECALL"},{"data":"hermit:Grudge","floor":12,"key":"SMITH"},{"data":"1","floor":15,"key":"LIFT"},{"floor":25,"key":"REST"},{"data":"2","floor":28,"key":"LIFT"},{"data":"3","floor":32,"key":"LIFT"},{"data":"hermit:Spite","floor":49,"key":"SMITH"},{"data":"Panache","floor":52,"key":"SMITH"}],"circlet_count":0,"master_deck":["hermit:Strike_Hermit","hermit:Strike_Hermit","hermit:Strike_Hermit","hermit:Strike_Hermit","hermit:Defend_Hermit","hermit:Defend_Hermit","hermit:Defend_Hermit","hermit:Snapshot","hermit:Covet","hermit:FullyLoaded","hermit:Grudge+1","hermit:GoldenBullet","hermit:GoldenBullet","hermit:Dissolve+1","hermit:Feint","hermit:CursedWeapon","hermit:GoldenBullet","hermit:FatalDesire","CommonCold","Writhe","ReplayTheSpireMod:Faulty Equipment","hermit:DeadOrAlive+1","hermit:Quickdraw","hermit:Glare+1","hermit:Grudge+1","hermit:SprayPray+1","hermit:Spite+1","Panache+1","Parasite","Bandage Up","hermit:FatalDesire","hermit:FromBeyond","hermit:ShadowCloak","hermit:Showdown","hermit:Maintenance+1"],"relics":["hermit:Momento","Ring of Misfortune","Girya","Meat on the Bone","Replay:Ancient Bell","Pen Nib","InkBottle","StoneCalendar","Bag of Preparation","Replay:Bandana","hermit:RyeStalk","Mango","Peace Pipe","Garlic","Snecko Eye","Ginger","Bottled Lightning","Guide Book","Lantern","wanderingMiniBosses:CarrionFlame","ReplayTheSpireMod:CursedCoin","Thread and Needle","Gremlin Food"],"acts_visited":["Exordium","TheCity","TheBeyond","TheEnding"],"potions_floor_usage":[6,11,16,16,33,36,55,55,55],"damage_taken":[{"damage":0,"enemies":"Cultist","floor":1,"turns":4},{"damage":0,"enemies":"2 Louse","floor":2,"turns":4},{"damage":1,"enemies":"Jaw Worm","floor":4,"turns":3},{"damage":1,"enemies":"3 Louse","floor":5,"turns":3},{"damage":12,"enemies":"3 Sentries","floor":6,"turns":6},{"damage":9,"enemies":"Blue Slaver","floor":10,"turns":3},{"damage":0,"enemies":"Large Slime","floor":11,"turns":5},{"damage":11,"enemies":"Exordium Wildlife","floor":13,"turns":3},{"damage":2,"enemies":"Looter","floor":14,"turns":3},{"damage":39,"enemies":"The Guardian","floor":16,"turns":13},{"damage":6,"enemies":"Shell Parasite","floor":18,"turns":4},{"damage":9,"enemies":"2 Thieves","floor":19,"turns":5},{"damage":13,"enemies":"Snake Plant","floor":21,"turns":3},{"damage":0,"enemies":"3 Cultists","floor":22,"turns":6},{"damage":4,"enemies":"Snecko","floor":23,"turns":3},{"damage":13,"enemies":"Gremlin Leader","floor":24,"turns":6},{"damage":0,"enemies":"Slavers","floor":27,"turns":3},{"damage":0,"enemies":"Chosen and Byrds","floor":29,"turns":2},{"damage":2,"enemies":"Gremlin Leader","floor":30,"turns":4},{"damage":9,"enemies":"Automaton","floor":33,"turns":5},{"damage":0,"enemies":"Orb Walker","floor":35,"turns":2},{"damage":21,"enemies":"2 Orb Walkers","floor":36,"turns":3},{"damage":0,"enemies":"3 Darklings","floor":38,"turns":1},{"damage":3,"enemies":"Writhing Mass","floor":39,"turns":4},{"damage":0,"enemies":"Sphere and 2 Shapes","floor":40,"turns":3},{"damage":7,"enemies":"3 Darklings","floor":42,"turns":3},{"damage":5,"enemies":"Nemesis","floor":45,"turns":5},{"damage":6,"enemies":"Writhing Mass","floor":46,"turns":3},{"damage":0,"enemies":"Sphere and 2 Shapes","floor":47,"turns":1},{"damage":37,"enemies":"Replay:Hell Engine","floor":50,"turns":7},{"damage":74,"enemies":"Shield and Spear","floor":54,"turns":5},{"damage":44,"enemies":"The Heart","floor":55,"turns":5}],"seed_played":"7310418892645297172","potions_obtained":[{"floor":4,"key":"PowerPotion"},{"floor":6,"key":"SkillPotion"},{"floor":10,"key":"FearPotion"},{"floor":13,"key":"Dexterity Potion"},{"floor":19,"key":"SkillPotion"},{"floor":24,"key":"Elixir"},{"floor":27,"key":"Cursed Concoction"},{"floor":29,"key":"champ:CounterPotion"},{"floor":36,"key":"Guardian:BlockOnCardUsePotion"},{"floor":42,"key":"Milkshake"}],"is_trial":false,"path_per_floor":["M","M","?","M","M","E","R","?","T","M","M","R","M","M","R","B",null,"M","M","$","M","M","M","E","R","T","E","R","M","E","?","R","B",null,"M","?","?","M","M","M","?","M","T","$","E","M","M","$","R","B",null,"R","$","E","B"],"character_chosen":"HERMIT","items_purchased":["Bag of Preparation","Replay:Bandana","Guide Book","Bandage Up","ReplayTheSpireMod:CursedCoin","Thread and Needle","hermit:FromBeyond","hermit:ShadowCloak","hermit:Showdown"],"campfire_rested":1,"item_purchase_floors":[20,20,44,44,48,48,48,53,53],"current_hp_per_floor":[82,82,82,81,80,68,68,36,36,39,51,51,52,50,50,23,82,76,67,67,54,54,50,49,73,87,87,87,87,85,85,85,76,96,96,75,75,75,72,72,96,89,89,89,88,82,82,82,82,49,96,96,96,38,0,0],"gold":248,"neow_bonus":"TEN_PERCENT_HP_BONUS","is_daily":false,"chose_seed":false,"campfire_upgraded":3,"win_rate":0.0,"timestamp":1614097462,"path_taken":["M","M","?","M","M","E","R","?","T","M","M","R","M","M","R","BOSS","M","M","$","M","M","M","E","R","T","E","R","M","E","?","R","BOSS","M","?","?","M","M","?","?","M","T","$","E","?","M","$","R","BOSS","R","$","E","BOSS"],"items_purchased_type":["Relic","Relic","Relic","Card","Relic","Relic","Card","Card","Card"],"build_version":"2020-12-22","purchased_purges":2,"victory":false,"max_hp_per_floor":[82,82,82,82,82,82,82,82,82,82,82,82,82,82,82,82,82,82,82,82,82,82,82,82,82,96,96,96,96,96,96,96,96,96,96,96,96,96,96,96,96,96,96,96,96,96,96,96,96,96,96,96,96,96,96,96],"card_choices":[{"not_picked":["hermit:Roulette","hermit:SprayPray"],"picked":"hermit:FullyLoaded","floor":1},{"not_picked":["hermit:Brawl","hermit:Shortfuse"],"picked":"hermit:Grudge","floor":2},{"not_picked":["hermit:Headshot","hermit:Quickdraw"],"picked":"hermit:GoldenBullet","floor":4},{"not_picked":["hermit:BodyArmor","hermit:DeadMansHand"],"picked":"hermit:GoldenBullet","floor":5},{"not_picked":["hermit:LowProfile","hermit:Roulette"],"picked":"hermit:Dissolve","floor":6},{"not_picked":["hermit:Vantage","hermit:Misfire"],"picked":"hermit:Feint","floor":8},{"not_picked":["hermit:HoleUp","hermit:NoHoldsBarred"],"picked":"hermit:CursedWeapon","floor":8},{"not_picked":["hermit:TrackingShot","hermit:LoneWolf","hermit:Roulette"],"picked":"SKIP","floor":10},{"not_picked":["hermit:ItchyTrigger","hermit:Glare"],"picked":"hermit:GoldenBullet","floor":11},{"not_picked":["hermit:Ricochet","hermit:WideOpen","hermit:Misfire"],"picked":"SKIP","floor":13},{"not_picked":["hermit:CalledShot","hermit:Combo","hermit:Vantage"],"picked":"SKIP","floor":14},{"not_picked":["hermit:Purgatory","hermit:Gambit"],"picked":"hermit:FatalDesire","floor":16},{"not_picked":["Hallucinations","downfall:Icky"],"picked":"CommonCold","floor":17},{"not_picked":["ReplayTheSpireMod:IOU","Doubt"],"picked":"Writhe","floor":17},{"not_picked":["downfall:Aged","Languid"],"picked":"ReplayTheSpireMod:Faulty Equipment","floor":17},{"not_picked":["hermit:Manifest","hermit:Desperado"],"picked":"hermit:DeadOrAlive","floor":18},{"not_picked":["hermit:Cheat","hermit:Headshot"],"picked":"hermit:Quickdraw","floor":19},{"not_picked":["hermit:Manifest","hermit:Grudge"],"picked":"hermit:Determination","floor":21},{"not_picked":["hermit:ItchyTrigger","hermit:HoleUp+1","hermit:Headshot"],"picked":"SKIP","floor":22},{"not_picked":["hermit:Midnight+1","hermit:WideOpen","hermit:Virtue"],"picked":"SKIP","floor":23},{"not_picked":["hermit:TrackingShot","hermit:Dissolve"],"picked":"hermit:Glare+1","floor":24},{"not_picked":["hermit:Quickdraw+1","hermit:Horror"],"picked":"hermit:Grudge+1","floor":27},{"not_picked":["hermit:Feint","hermit:CalledShot+1","hermit:TrackingShot"],"picked":"SKIP","floor":29},{"not_picked":["hermit:Gestalt+1","hermit:LowProfile"],"picked":"hermit:SprayPray+1","floor":30},{"not_picked":["hermit:Gestalt+1","hermit:Dive+1"],"picked":"hermit:Spite","floor":35},{"not_picked":["Survey Options","Thinking Ahead"],"picked":"Panache","floor":37},{"not_picked":["hermit:Snipe","hermit:WideOpen","hermit:Desperado"],"picked":"SKIP","floor":38},{"not_picked":["hermit:Quickdraw+1","hermit:Coalescence+1","hermit:Feint+1"],"picked":"SKIP","floor":39},{"not_picked":["hermit:Dive+1","hermit:Quickdraw","hermit:Cheat+1"],"picked":"SKIP","floor":40},{"not_picked":["hermit:Desperado","hermit:Gestalt+1","hermit:HoleUp"],"picked":"SKIP","floor":42},{"not_picked":["hermit:Roulette+1","hermit:CalledShot"],"picked":"hermit:FatalDesire","floor":45},{"not_picked":["hermit:Snipe+1","hermit:DeadMansHand+1","hermit:LowProfile"],"picked":"SKIP","floor":46},{"not_picked":["hermit:Quickdraw","hermit:Deadeye","hermit:Dive+1"],"picked":"SKIP","floor":47},{"not_picked":["hermit:Dissolve","hermit:Feint"],"picked":"hermit:Maintenance+1","floor":54}],"player_experience":453943,"relics_obtained":[{"floor":3,"key":"Ring of Misfortune"},{"floor":6,"key":"Girya"},{"floor":8,"key":"Meat on the Bone"},{"floor":24,"key":"hermit:RyeStalk"},{"floor":26,"key":"Mango"},{"floor":27,"key":"Peace Pipe"},{"floor":30,"key":"Garlic"},{"floor":36,"key":"Ginger"},{"floor":43,"key":"Bottled Lightning"},{"floor":45,"key":"Lantern"},{"floor":46,"key":"wanderingMiniBosses:CarrionFlame"},{"floor":54,"key":"Gremlin Food"}],"event_choices":[{"cards_removed":["hermit:Defend_Hermit"],"damage_healed":0,"gold_gain":0,"player_choice":"Gave Gold","damage_taken":0,"max_hp_gain":0,"max_hp_loss":0,"event_name":"Beggar","floor":31,"gold_loss":75},{"damage_healed":0,"gold_gain":0,"player_choice":"Fight","damage_taken":0,"max_hp_gain":0,"max_hp_loss":0,"event_name":"Mysterious Sphere","floor":36,"gold_loss":0},{"damage_healed":0,"gold_gain":0,"player_choice":"Memory 1","damage_taken":0,"max_hp_gain":0,"max_hp_loss":0,"event_name":"SensoryStone","floor":37,"gold_loss":0},{"cards_removed":["hermit:Determination"],"damage_healed":24,"gold_gain":0,"player_choice":"Offered Uncommon","damage_taken":0,"max_hp_gain":0,"max_hp_loss":0,"event_name":"Bonfire Elementals","floor":41,"gold_loss":0}],"is_beta":false,"boss_relics":[{"not_picked":["Velvet Choker","Astrolabe"],"picked":"Replay:Ancient Bell"},{"not_picked":["Toy Ornithopter","Smiling Mask"],"picked":"Pen Nib"},{"not_picked":["Eternal Feather","Chameleon Ring"],"picked":"InkBottle"},{"not_picked":["hermit:RedScarf","Turnip"],"picked":"StoneCalendar"},{"not_picked":["Replay:Grab Bag","Kintsugi"],"picked":"Snecko Eye"}],"items_purged_floors":[20,48],"is_endless":false,"potions_floor_spawned":[4,6,10,13,19,24,27,29,36,42,47],"killed_by":"The Heart","ascension_level":0}}