{"host":"yy1cu9q9bsxhflzi","time":1614077341,"event":{"mods":["BaseMod","DeckTracker","Minty Spire (QoL Compilation)","Quick Restart","StSLib","SuperFastMode","everything is the same but u backflip on backflip"],"gold_per_floor":[118,118,118,44,62,102,123,167,167,167,167,207,232,266,266,362,362,387,410,434,157,193,226,226,249,274,43,43,62,101,116,116,214,214,230,230,142,163,74,118,130,162,197,209,244,297,327,339,351,363,363],"floor_reached":50,"language":"KOR","playtime":1392,"items_purged":[],"score":1615,"play_id":"95802dbb-b9aa-4426-9521-8dd1e32d08b8","local_time":"20210223194901","is_ascension_mode":true,"campfire_choices":[{"data":"Defragment","floor":10.0,"key":"SMITH"},{"data":"Juggernaut","floor":15.0,"key":"SMITH"},{"floor":24.0,"key":"REST"},{"data":"Defragment","floor":32.0,"key":"SMITH"},{"data":"Capacitor","floor":41,"key":"SMITH"},{"data":"Capacitor","floor":44,"key":"SMITH"},{"floor":49,"key":"RECALL"}],"circlet_count":0,"master_deck":["AscendersBane","Dualcast","Coolheaded","Coolheaded","Coolheaded","Coolheaded","Glacier","Glacier","Glacier","Glacier","Juggernaut+1","Loop","Loop","Defragment+1","Turbo","BootSequence","Coolheaded+1","Hologram","Capacitor+1","Defragment+1","Genetic Algorithm+1","Fusion+1","Chill+1","Coolheaded+1","Reboot+1","Heatsinks","Capacitor+1","Deep Breath+1","Buffer"],"relics":["FrozenCore","Golden Idol","Unceasing Top","Darkstone Periapt","Gremlin Horn","Shuriken","Bag of Marbles","Philosopher\u0027s Stone","Toxic Egg 2","Red Mask","Juzu Bracelet","Bronze Scales","Orrery","HornCleat","Sozu","MawBank","Dream Catcher","Mercury Hourglass"],"acts_visited":["Exordium","TheCity","TheBeyond"],"potions_floor_usage":[33,46],"damage_taken":[{"damage":0.0,"enemies":"Small Slimes","floor":1.0,"turns":2.0},{"damage":3.0,"enemies":"2 Louse","floor":5.0,"turns":3.0},{"damage":6.0,"enemies":"Gremlin Nob","floor":6.0,"turns":4.0},{"damage":8.0,"enemies":"Jaw Worm","floor":7.0,"turns":3.0},{"damage":0.0,"enemies":"3 Sentries","floor":8.0,"turns":6.0},{"damage":0.0,"enemies":"Lagavulin","floor":12.0,"turns":5.0},{"damage":0.0,"enemies":"2 Fungi Beasts","floor":13.0,"turns":4.0},{"damage":23.0,"enemies":"Gremlin Nob","floor":14.0,"turns":4.0},{"damage":0.0,"enemies":"The Guardian","floor":16.0,"turns":6.0},{"damage":0.0,"enemies":"Chosen","floor":18.0,"turns":5.0},{"damage":0.0,"enemies":"Spheric Guardian","floor":19.0,"turns":3.0},{"damage":0.0,"enemies":"Snecko","floor":20.0,"turns":4.0},{"damage":31.0,"enemies":"Masked Bandits","floor":22.0,"turns":6.0},{"damage":33.0,"enemies":"Gremlin Leader","floor":23.0,"turns":5.0},{"damage":0.0,"enemies":"Snake Plant","floor":25.0,"turns":4.0},{"damage":0.0,"enemies":"Chosen and Byrds","floor":29.0,"turns":3.0},{"damage":0.0,"enemies":"Slavers","floor":30.0,"turns":5.0},{"damage":0.0,"enemies":"Snecko","floor":31.0,"turns":4.0},{"damage":0,"enemies":"Automaton","floor":33,"turns":9},{"damage":0,"enemies":"3 Shapes","floor":35,"turns":4},{"damage":0,"enemies":"Orb Walker","floor":38,"turns":3},{"damage":0,"enemies":"Nemesis","floor":40,"turns":7},{"damage":0,"enemies":"Transient","floor":42,"turns":6},{"damage":0,"enemies":"3 Darklings","floor":45,"turns":4},{"damage":56,"enemies":"Reptomancer","floor":46,"turns":6},{"damage":0,"enemies":"4 Shapes","floor":47,"turns":7},{"damage":13,"enemies":"Time Eater","floor":50,"turns":4}],"seed_played":"8713695954462853833","potions_obtained":[{"floor":5.0,"key":"PowerPotion"},{"floor":7.0,"key":"Explosive Potion"},{"floor":11.0,"key":"FairyPotion"},{"floor":16.0,"key":"SpeedPotion"},{"floor":29.0,"key":"Swift Potion"},{"floor":33,"key":"PowerPotion"}],"is_trial":true,"path_per_floor":["M","?","?","$","M","E","M","E","T","R","?","E","M","E","R","B",null,"M","M","M","$","?","E","R","M","T","$","?","M","E","M","R","B",null,"M","?","$","M","$","E","R","M","T","R","M","E","M","?","R","B"],"character_chosen":"DEFECT","items_purchased":["Loop","Toxic Egg 2","Defragment","Orrery","Capacitor","Deep Breath+1"],"campfire_rested":1,"item_purchase_floors":[4,21,27,27,37,39],"current_hp_per_floor":[64,69,69,69,66,60,52,52,52,52,52,52,52,29,29,29,59,59,59,59,59,28,20,40,40,40,40,40,40,40,40,40,40,62,62,57,57,57,57,57,57,57,57,57,57,1,1,1,1,0,0],"gold":363,"neow_bonus":"","is_daily":false,"chose_seed":false,"campfire_upgraded":5,"win_rate":0.0,"timestamp":1614077341,"path_taken":["M","?","?","?","M","E","M","E","T","R","?","E","?","E","R","BOSS","M","M","M","$","?","E","R","M","T","$","?","M","E","M","R","BOSS","M","?","$","M","$","E","R","M","T","R","M","E","M","?","R","BOSS"],"items_purchased_type":["Card","Relic","Card","Relic","Card","Card"],"build_version":"2020-12-22","purchased_purges":0,"victory":false,"max_hp_per_floor":[71,76,69,69,69,69,69,69,69,69,69,69,69,69,69,69,69,69,69,69,69,69,69,69,69,69,69,69,69,69,69,69,69,69,69,69,69,69,69,69,69,69,69,69,69,69,69,69,69,69,69],"card_choices":[{"not_picked":["Streamline","Barrage","Coolheaded"],"picked":"SKIP","floor":1.0},{"not_picked":["Force Field","Tempest"],"picked":"Loop","floor":5.0},{"not_picked":["Static Discharge","Gash"],"picked":"Defragment","floor":6.0},{"not_picked":["Rebound","Biased Cognition"],"picked":"Turbo","floor":7.0},{"not_picked":["Force Field","Streamline","Conserve Battery"],"picked":"SKIP","floor":8.0},{"not_picked":["Double Energy","Conserve Battery","Steam"],"picked":"SKIP","floor":12.0},{"not_picked":["Barrage","Glacier","Stack"],"picked":"SKIP","floor":13.0},{"not_picked":["Skim","Chaos"],"picked":"BootSequence","floor":14.0},{"not_picked":["Glacier","Gash"],"picked":"Coolheaded+1","floor":18.0},{"not_picked":["Hello World","Double Energy"],"picked":"Hologram","floor":19.0},{"not_picked":["Consume","Turbo","Storm+1"],"picked":"SKIP","floor":20.0},{"not_picked":["Hologram+1","Steam+1"],"picked":"Capacitor","floor":23.0},{"not_picked":["Auto Shields+1","Chaos+1","Ball Lightning"],"picked":"SKIP","floor":25.0},{"not_picked":["Reprogram+1","Thunder Strike"],"picked":"Genetic Algorithm+1","floor":27.0},{"not_picked":["Recycle+1","Streamline"],"picked":"Fusion+1","floor":27.0},{"not_picked":["Scrape","Streamline"],"picked":"Chill+1","floor":27.0},{"not_picked":["Beam Cell","Redo+1","Blizzard+1"],"picked":"SKIP","floor":29.0},{"not_picked":["Go for the Eyes","Barrage","Rainbow+1"],"picked":"SKIP","floor":30.0},{"not_picked":["BootSequence+1","Beam Cell"],"picked":"Coolheaded+1","floor":31.0},{"not_picked":["Machine Learning","Buffer"],"picked":"Reboot+1","floor":33},{"not_picked":["Lockon+1","Cold Snap+1"],"picked":"Heatsinks","floor":35},{"not_picked":["Beam Cell+1","Barrage","Sweeping Beam+1"],"picked":"SKIP","floor":38},{"not_picked":["Scrape","Stack+1","Rebound"],"picked":"SKIP","floor":40},{"not_picked":["Hologram+1","Cold Snap+1","Fusion+1"],"picked":"SKIP","floor":42},{"not_picked":["Beam Cell+1","Reprogram+1"],"picked":"Buffer","floor":45},{"not_picked":["Rebound","Stack+1","Redo+1"],"picked":"SKIP","floor":46},{"not_picked":["Barrage","FTL+1","Conserve Battery+1"],"picked":"SKIP","floor":47}],"player_experience":3936086,"relics_obtained":[{"floor":6.0,"key":"Unceasing Top"},{"floor":8.0,"key":"Darkstone Periapt"},{"floor":9.0,"key":"Gremlin Horn"},{"floor":12.0,"key":"Shuriken"},{"floor":14.0,"key":"Bag of Marbles"},{"floor":22.0,"key":"Red Mask"},{"floor":23.0,"key":"Juzu Bracelet"},{"floor":26.0,"key":"Bronze Scales"},{"floor":30.0,"key":"HornCleat"},{"floor":40,"key":"MawBank"},{"floor":46,"key":"Dream Catcher"},{"floor":48,"key":"Mercury Hourglass"}],"event_choices":[{"damage_healed":0.0,"max_hp_gain":5.0,"max_hp_loss":0.0,"gold_gain":0.0,"event_name":"Big Fish","player_choice":"Donut","floor":2.0,"gold_loss":0.0,"damage_taken":0.0},{"damage_healed":0.0,"max_hp_gain":0.0,"max_hp_loss":7.0,"gold_gain":0.0,"event_name":"Golden Idol","player_choice":"Lose Max HP","floor":3.0,"gold_loss":0.0,"damage_taken":0.0,"relics_obtained":["Golden Idol"]},{"damage_healed":0.0,"max_hp_gain":0.0,"max_hp_loss":0.0,"gold_gain":0.0,"event_name":"Lab","player_choice":"Got Potions","floor":11.0,"gold_loss":0.0,"damage_taken":0.0},{"damage_healed":0.0,"max_hp_gain":0.0,"max_hp_loss":0.0,"gold_gain":0.0,"event_name":"Masked Bandits","player_choice":"Fought Bandits","floor":22.0,"gold_loss":0.0,"damage_taken":0.0},{"damage_healed":0.0,"max_hp_gain":0.0,"max_hp_loss":0.0,"gold_gain":0.0,"event_name":"Vampires","player_choice":"Ignored","floor":28.0,"gold_loss":0.0,"damage_taken":0.0},{"damage_healed":0,"gold_gain":0,"player_choice":"Punched","damage_taken":5,"max_hp_gain":0,"max_hp_loss":0,"event_name":"Designer","floor":36,"gold_loss":0},{"damage_healed":0,"gold_gain":0,"player_choice":"Relic","damage_taken":0,"max_hp_gain":0,"max_hp_loss":0,"event_name":"Wheel of Change","floor":48,"gold_loss":0}],"is_beta":false,"boss_relics":[{"not_picked":["Velvet Choker","Empty Cage"],"picked":"Philosopher\u0027s Stone"},{"not_picked":["Tiny House","Cursed Key"],"picked":"Sozu"}],"items_purged_floors":[],"is_endless":false,"potions_floor_spawned":[5,7,13,14,16,19,22,29,33,40],"killed_by":"Time Eater","ascension_level":20}}