{"host":"8oow7jh4agd4zemm","time":1614097529,"event":{"mods":["BaseMod","Colored Powertips","Ironclad Rager","Minty Spire (QoL Compilation)","Quick Restart","UnlockEverythingMod"],"gold_per_floor":[109,34,34,50,50,85,85,108,131,81,81,31,52,67,67,161,161,126,140,190,190,190],"floor_reached":21,"language":"ZHS","playtime":522,"items_purged":["Strike_G","Strike_G"],"score":408,"play_id":"ffe8a511-364c-4665-b758-2cf7bcb6875c","local_time":"20210224002529","is_ascension_mode":true,"campfire_choices":[{"data":"Deadly Poison","floor":7,"key":"SMITH"},{"floor":11,"key":"RECALL"},{"data":"Deadly Poison","floor":15,"key":"SMITH"}],"circlet_count":0,"master_deck":["AscendersBane","Strike_G","Strike_G","Defend_G","Defend_G","Defend_G","Defend_G","Defend_G","Survivor","Neutralize","Calculated Gamble","Deadly Poison+1","Outmaneuver","Deadly Poison+1","Venomology"],"relics":["Ring of the Snake","NeowsBlessing","Golden Idol","Smiling Mask","HoveringKite"],"acts_visited":["Exordium","TheCity"],"potions_floor_usage":[16,16,18,18],"damage_taken":[{"damage":0,"enemies":"2 Louse","floor":1,"turns":1},{"damage":0,"enemies":"Jaw Worm","floor":4,"turns":1},{"damage":0,"enemies":"Gremlin Nob","floor":6,"turns":1},{"damage":0,"enemies":"Cultist","floor":8,"turns":4},{"damage":2,"enemies":"3 Louse","floor":13,"turns":7},{"damage":6,"enemies":"2 Fungi Beasts","floor":14,"turns":5},{"damage":8,"enemies":"The Guardian","floor":16,"turns":8},{"damage":23,"enemies":"2 Thieves","floor":18,"turns":5},{"damage":23,"enemies":"Shell Parasite","floor":19,"turns":5},{"damage":0,"enemies":"Centurion and Healer","floor":21,"turns":1}],"seed_played":"5025297665767838264","potions_obtained":[{"floor":4,"key":"GhostInAJar"},{"floor":13,"key":"CunningPotion"},{"floor":16,"key":"Energy Potion"},{"floor":19,"key":"Strength Potion"}],"is_trial":false,"path_per_floor":["M","?","$","M","?","E","R","M","T","$","R","$","M","M","R","B",null,"M","M","?","M"],"character_chosen":"THE_SILENT","items_purchased":[],"campfire_rested":0,"item_purchase_floors":[],"current_hp_per_floor":[59,59,59,59,59,59,59,59,59,59,59,59,57,51,51,43,56,33,10,10,10,10],"gold":190,"neow_bonus":"THREE_ENEMY_KILL","is_daily":false,"chose_seed":false,"campfire_upgraded":2,"win_rate":0.0,"timestamp":1614097529,"path_taken":["M","?","$","M","?","E","R","M","T","$","R","?","M","?","R","BOSS","M","M","?","M"],"items_purchased_type":[],"build_version":"2020-12-22","purchased_purges":2,"victory":false,"max_hp_per_floor":[66,66,66,66,60,60,60,60,60,60,60,60,60,60,60,60,60,60,60,60,60,60],"card_choices":[{"not_picked":["Acrobatics","Eviscerate"],"picked":"Calculated Gamble","floor":1},{"not_picked":["Endless Agony","Flying Knee","Well Laid Plans"],"picked":"SKIP","floor":4},{"not_picked":["Deflect","Sucker Punch"],"picked":"Deadly Poison","floor":6},{"not_picked":["Prepared","Underhanded Strike","Acrobatics"],"picked":"SKIP","floor":8},{"not_picked":["Flying Knee","Slice"],"picked":"Outmaneuver","floor":13},{"not_picked":["Deflect","Glass Knife"],"picked":"Deadly Poison","floor":14},{"not_picked":["Malaise","Unload"],"picked":"Venomology","floor":16},{"not_picked":["Acrobatics","Prepared","Choke+1"],"picked":"SKIP","floor":18},{"not_picked":["Infinite Blades","Finisher","Endless Agony"],"picked":"SKIP","floor":19}],"player_experience":88740,"relics_obtained":[{"floor":6,"key":"Smiling Mask"}],"event_choices":[{"cards_removed":["Strike_G"],"damage_healed":0,"gold_gain":0,"player_choice":"Card Removal","damage_taken":0,"max_hp_gain":0,"max_hp_loss":0,"event_name":"The Cleric","floor":2,"gold_loss":75},{"damage_healed":0,"gold_gain":0,"player_choice":"Lose Max HP","damage_taken":0,"relics_obtained":["Golden Idol"],"max_hp_gain":0,"max_hp_loss":6,"event_name":"Golden Idol","floor":5,"gold_loss":0},{"damage_healed":0,"gold_gain":50,"player_choice":"Stole From Cult","damage_taken":0,"max_hp_gain":0,"max_hp_loss":0,"event_name":"Nest","floor":20,"gold_loss":0}],"is_beta":false,"boss_relics":[{"not_picked":["Black Star","Sozu"],"picked":"HoveringKite"}],"items_purged_floors":[10,12],"is_endless":false,"potions_floor_spawned":[4,13,16,19],"killed_by":"Centurion and Healer","ascension_level":20}}