{"host":"7bvt9h5xvpviio59","time":1614088719,"event":{"mods":["BaseMod","Colored Powertips","Conspire","Hubris","Infinite Spire","Minty Spire (QoL Compilation)","Rare Cards Sparkle","Replay The Spire","StSLib"],"gold_per_floor":[113,113,127,127,127,127,141,173,173,173,185,213,228,258,258,332,332,245,265,265,265,265],"floor_reached":21,"language":"ENG","playtime":500,"items_purged":[],"score":348,"play_id":"77bd24b9-ba41-489a-9015-fe51099f47eb","local_time":"20210223215839","daily_mods":["Cursed Run"],"is_ascension_mode":true,"campfire_choices":[{"data":"Massacre","floor":6,"key":"SMITH"},{"data":"Heavy Blade","floor":10,"key":"SMITH"},{"floor":15,"key":"REST"}],"circlet_count":0,"master_deck":["AscendersBane","Massacre","Strike_R","Strike_R","Strike_R","Strike_R","Strike_R","Defend_R","Defend_R","Defend_R","Defend_R","Bash","Massacre+1","Twin Strike","Heavy Blade+1","Spreading Infection","Exhume","Delirium","Double Tap","Sword Boomerang"],"relics":["Cursed Key","Darkstone Periapt","Du-Vu Doll","Ring of Panic","Ring of Peace","Eternal Feather","hubris:OldNail","Replay:Mystery Machine","hubris:CrackedHourglass"],"acts_visited":["Exordium","TheCity"],"potions_floor_usage":[12],"damage_taken":[{"damage":0,"enemies":"2 Louse","floor":1,"turns":3},{"damage":1,"enemies":"Cultist","floor":3,"turns":3},{"damage":0,"enemies":"Jaw Worm","floor":7,"turns":1},{"damage":9,"enemies":"Gremlin Nob","floor":8,"turns":4},{"damage":0,"enemies":"2 Fungi Beasts","floor":11,"turns":2},{"damage":20,"enemies":"Lagavulin","floor":12,"turns":6},{"damage":0,"enemies":"Gremlin Gang","floor":13,"turns":1},{"damage":10,"enemies":"3 Sentries","floor":14,"turns":6},{"damage":58,"enemies":"Slime Boss","floor":16,"turns":12},{"damage":34,"enemies":"3 Byrds","floor":18,"turns":5},{"damage":27,"enemies":"2 Thieves","floor":19,"turns":4},{"damage":18,"enemies":"Sentry and Sphere","floor":21,"turns":3}],"seed_played":"4896017093243649677","potions_obtained":[{"floor":7,"key":"BloodPotion"},{"floor":11,"key":"Swift Potion"},{"floor":12,"key":"Venom Potion"}],"is_trial":true,"path_per_floor":["M","?","M","?","?","R","M","E","T","R","M","E","M","E","R","B",null,"M","M","?","M"],"character_chosen":"IRONCLAD","items_purchased":[],"campfire_rested":1,"item_purchase_floors":[],"current_hp_per_floor":[68,68,67,73,73,73,73,64,70,79,79,59,59,49,84,32,78,44,17,17,0,0],"gold":265,"neow_bonus":"","is_daily":false,"chose_seed":true,"campfire_upgraded":2,"win_rate":0.0,"timestamp":1614088719,"path_taken":["M","?","?","?","?","R","M","E","T","R","M","E","M","E","R","BOSS","M","?","?","M"],"items_purchased_type":[],"build_version":"2020-12-22","purchased_purges":0,"victory":false,"max_hp_per_floor":[75,75,75,81,81,81,81,81,87,87,87,87,87,87,87,93,93,93,93,93,93,93],"card_choices":[{"not_picked":["Twin Strike","Clothesline","Reckless Charge"],"picked":"SKIP","floor":1},{"not_picked":["Clothesline","Reckless Charge"],"picked":"Twin Strike","floor":1},{"not_picked":["Evolve","Headbutt"],"picked":"Heavy Blade","floor":3},{"not_picked":["Power Through","Replay:Undeath\u0027s Touch","Defy Death"],"picked":"SKIP","floor":7},{"not_picked":["Body Slam","ReplayTheSpireMod:Strike From Hell"],"picked":"Exhume","floor":8},{"not_picked":["ReplayTheSpireMod:Strike From Hell","Pommel Strike","Warcry"],"picked":"SKIP","floor":11},{"not_picked":["Sentinel","Twin Strike","Abandon"],"picked":"SKIP","floor":12},{"not_picked":["Blood for Blood","Defy Death","conspire:Charge"],"picked":"SKIP","floor":13},{"not_picked":["conspire:ExplosiveBarrier","Infernal Blade","Twin Strike"],"picked":"SKIP","floor":14},{"not_picked":["Bludgeon","Demonic Infusion"],"picked":"Double Tap","floor":16},{"not_picked":["Entrench","Replay:Undeath\u0027s Touch+1","Perfected Strike"],"picked":"SKIP","floor":18},{"not_picked":["Shrug It Off","Clothesline","Infernal Blade"],"picked":"SKIP","floor":19}],"player_experience":495435,"relics_obtained":[{"floor":4,"key":"Ring of Panic"},{"floor":4,"key":"Ring of Peace"},{"floor":8,"key":"Eternal Feather"},{"floor":9,"key":"hubris:OldNail"},{"floor":14,"key":"Replay:Mystery Machine"}],"event_choices":[{"damage_healed":0,"gold_gain":0,"player_choice":"0 cards matched","damage_taken":0,"max_hp_gain":0,"max_hp_loss":0,"event_name":"Match and Keep!","floor":2,"gold_loss":0,"cards_obtained":[]},{"damage_healed":0,"gold_gain":0,"player_choice":"Ignored","damage_taken":0,"max_hp_gain":0,"max_hp_loss":0,"event_name":"Fountain of Cleansing","floor":5,"gold_loss":0}],"is_beta":false,"boss_relics":[{"not_picked":["Velvet Choker","Coffee Dripper"],"picked":"hubris:CrackedHourglass"}],"items_purged_floors":[],"is_endless":false,"potions_floor_spawned":[7,11,12,18],"killed_by":"Sentry and Sphere","ascension_level":15}}