{"host":"8lno9xwgef3sjccz","time":1614097317,"event":{"mods":["AchievementEnabler","BaseMod","Minty Spire (QoL Compilation)","Relic Stats"],"gold_per_floor":[126,156,178,190,219,263,275,312,379,9,22,39,39,74,74,179,179,199,199,211,211,226,226,226],"floor_reached":23,"language":"ENG","playtime":1107,"items_purged":["Strike_R"],"score":224,"play_id":"a30c2886-663f-4954-8731-ebdc1d489f00","local_time":"20210223112157","is_ascension_mode":true,"campfire_choices":[{"data":"Immolate","floor":7,"key":"SMITH"},{"floor":13,"key":"REST"},{"data":"Barricade","floor":15,"key":"SMITH"}],"circlet_count":0,"master_deck":["Strike_R","Strike_R","Strike_R","Strike_R","Defend_R","Defend_R","Defend_R","Defend_R","Bash","Shrug It Off","Clothesline","Pommel Strike","Immolate+1","Dual Wield","Barricade+1","Wild Strike","Flex","Juggernaut","Shrug It Off+1","Shockwave","Shame","Iron Wave+1"],"relics":["Burning Blood","MawBank","NlothsMask","Bag of Preparation","Kunai","Medical Kit","Red Skull","Cursed Key","MealTicket"],"acts_visited":["Exordium","TheCity"],"potions_floor_usage":[16,16,16],"damage_taken":[{"damage":7,"enemies":"2 Louse","floor":1,"turns":2},{"damage":6,"enemies":"Cultist","floor":2,"turns":3},{"damage":0,"enemies":"Jaw Worm","floor":3,"turns":4},{"damage":9,"enemies":"Looter","floor":5,"turns":3},{"damage":46,"enemies":"3 Sentries","floor":6,"turns":9},{"damage":6,"enemies":"Gremlin Nob","floor":8,"turns":3},{"damage":17,"enemies":"Large Slime","floor":11,"turns":6},{"damage":11,"enemies":"Red Slaver","floor":12,"turns":3},{"damage":18,"enemies":"3 Sentries","floor":14,"turns":3},{"damage":19,"enemies":"Slime Boss","floor":16,"turns":9},{"damage":28,"enemies":"3 Byrds","floor":18,"turns":5},{"damage":10,"enemies":"Chosen","floor":20,"turns":7},{"damage":9,"enemies":"3 Cultists","floor":22,"turns":6},{"damage":55,"enemies":"Gremlin Leader","floor":23,"turns":6}],"seed_played":"8598064592007076349","potions_obtained":[{"floor":6,"key":"SkillPotion"},{"floor":8,"key":"Block Potion"},{"floor":11,"key":"LiquidMemories"},{"floor":14,"key":"Block Potion"}],"is_trial":false,"path_per_floor":["M","M","M","?","M","E","R","E","T","$","M","M","R","E","R","B",null,"M","?","M","?","M","E"],"character_chosen":"IRONCLAD","items_purchased":["Medical Kit","Barricade"],"campfire_rested":1,"item_purchase_floors":[10,10],"current_hp_per_floor":[79,79,80,80,77,37,37,37,37,37,26,21,45,33,33,20,80,58,58,54,54,51,0,0],"gold":226,"neow_bonus":"RANDOM_COMMON_RELIC","is_daily":false,"chose_seed":false,"campfire_upgraded":2,"win_rate":0.0,"timestamp":1614097317,"path_taken":["M","M","M","?","M","E","R","E","T","$","M","?","R","E","R","BOSS","M","?","M","?","M","E"],"items_purchased_type":["Relic","Card"],"build_version":"2020-12-22","purchased_purges":1,"victory":false,"max_hp_per_floor":[80,80,80,80,80,80,80,80,80,80,80,80,80,80,80,80,80,80,80,80,80,80,80,80],"relic_stats":{"counters":[14,69],"MealTicket":0,"Bag of Preparation":[18],"Kunai":[2],"MawBank":120,"Medical Kit":[10],"Cursed Key":0,"obtain_stats":[{"MealTicket":21,"Bag of Preparation":6,"Kunai":8,"MawBank":0,"Medical Kit":10,"Cursed Key":17,"Burning Blood":0,"Red Skull":14,"NlothsMask":4},{"MealTicket":12,"Bag of Preparation":5,"Kunai":6,"MawBank":0,"Medical Kit":6,"Cursed Key":10,"Burning Blood":0,"Red Skull":9,"NlothsMask":3},{"MealTicket":57,"Bag of Preparation":21,"Kunai":24,"MawBank":0,"Medical Kit":24,"Cursed Key":45,"Burning Blood":0,"Red Skull":36,"NlothsMask":9}],"Burning Blood":73},"card_choices":[{"not_picked":["True Grit","Thunderclap"],"picked":"Shrug It Off","floor":1},{"not_picked":["Infernal Blade","True Grit"],"picked":"Clothesline","floor":2},{"not_picked":["Searing Blow","Sever Soul","Clash"],"picked":"SKIP","floor":3},{"not_picked":["Iron Wave","Armaments"],"picked":"Pommel Strike","floor":5},{"not_picked":["Warcry","Wild Strike"],"picked":"Immolate","floor":6},{"not_picked":["Body Slam","Sword Boomerang"],"picked":"Dual Wield","floor":8},{"not_picked":["Ghostly Armor","Clash"],"picked":"Wild Strike","floor":11},{"not_picked":["Ghostly Armor","Warcry"],"picked":"Flex","floor":12},{"not_picked":["Clash","Heavy Blade","Flex"],"picked":"SKIP","floor":14},{"not_picked":["Bludgeon","Reaper"],"picked":"Juggernaut","floor":16},{"not_picked":["Armaments","Flex"],"picked":"Shrug It Off+1","floor":18},{"not_picked":["Headbutt","Clash","Searing Blow"],"picked":"SKIP","floor":20},{"not_picked":["Pommel Strike","Bloodletting"],"picked":"Iron Wave+1","floor":22}],"player_experience":138237,"relics_obtained":[{"floor":6,"key":"Bag of Preparation"},{"floor":8,"key":"Kunai"},{"floor":14,"key":"Red Skull"}],"event_choices":[{"damage_healed":0,"gold_gain":0,"player_choice":"Trade","damage_taken":0,"relics_obtained":["NlothsMask"],"max_hp_gain":0,"max_hp_loss":0,"event_name":"FaceTrader","floor":4,"gold_loss":0},{"damage_healed":0,"gold_gain":0,"player_choice":"Read","damage_taken":0,"max_hp_gain":0,"max_hp_loss":0,"event_name":"The Library","floor":19,"gold_loss":0,"cards_obtained":["Shockwave"]},{"damage_healed":0,"gold_gain":0,"player_choice":"Stole Relic","damage_taken":0,"relics_obtained":["MealTicket"],"max_hp_gain":0,"max_hp_loss":0,"event_name":"Addict","floor":21,"gold_loss":0,"cards_obtained":["Shame"]}],"is_beta":false,"boss_relics":[{"not_picked":["Astrolabe","Coffee Dripper"],"picked":"Cursed Key"}],"items_purged_floors":[10],"is_endless":false,"potions_floor_spawned":[6,8,11,14],"killed_by":"Gremlin Leader","ascension_level":1}}