{"host":"c6u7e77myxvw4d0m","time":1614108593,"event":{"mods":["AchievementEnabler","BaseMod","Bestiary","Colored Map","Colored Powertips","Minty Spire (QoL Compilation)","Rare Cards Sparkle","Relic Stats","everything is the same but u backflip on backflip"],"gold_per_floor":[117,127,143,161,176,176,176],"floor_reached":6,"language":"ENG","playtime":591,"items_purged":[],"score":80,"play_id":"db7bbc99-d48f-4193-9c3d-67191b76cfad","local_time":"20210223212953","is_ascension_mode":true,"campfire_choices":[],"circlet_count":0,"master_deck":["AscendersBane","Strike_G","Strike_G","Strike_G","Strike_G","Strike_G","Defend_G","Defend_G","Defend_G","Defend_G","Defend_G","Survivor","Neutralize","Finisher","Bouncing Flask","Noxious Fumes","Bane","Deadly Poison"],"relics":["Ring of the Snake","PreservedInsect"],"acts_visited":["Exordium"],"potions_floor_usage":[5,6,6],"damage_taken":[{"damage":4,"enemies":"Cultist","floor":1,"turns":6},{"damage":7,"enemies":"2 Louse","floor":2,"turns":3},{"damage":12,"enemies":"Jaw Worm","floor":3,"turns":4},{"damage":20,"enemies":"3 Louse","floor":4,"turns":5},{"damage":7,"enemies":"Gremlin Gang","floor":5,"turns":3},{"damage":12,"enemies":"3 Sentries","floor":6,"turns":2}],"seed_played":"2844433561970097599","potions_obtained":[{"floor":3,"key":"PowerPotion"},{"floor":4,"key":"LiquidMemories"},{"floor":5,"key":"Swift Potion"}],"is_trial":false,"path_per_floor":["M","M","M","M","M","E"],"character_chosen":"THE_SILENT","items_purchased":[],"campfire_rested":0,"item_purchase_floors":[],"current_hp_per_floor":[55,48,36,16,9,0,0],"gold":176,"neow_bonus":"RANDOM_COMMON_RELIC","is_daily":false,"chose_seed":false,"campfire_upgraded":0,"win_rate":0.0,"timestamp":1614108593,"path_taken":["M","M","M","?","M","E"],"items_purchased_type":[],"build_version":"2020-12-22","purchased_purges":0,"victory":false,"max_hp_per_floor":[66,66,66,66,66,66,66],"relic_stats":{"counters":[6,23],"PreservedInsect":34,"obtain_stats":[{"PreservedInsect":0,"Ring of the Snake":0},{"PreservedInsect":0,"Ring of the Snake":0},{"PreservedInsect":0,"Ring of the Snake":0}],"Ring of the Snake":[12]},"card_choices":[{"not_picked":["Deadly Poison","Setup"],"picked":"Finisher","floor":1},{"not_picked":["Skewer","Backflip"],"picked":"Bouncing Flask","floor":2},{"not_picked":["Deadly Poison","Prepared"],"picked":"Noxious Fumes","floor":3},{"not_picked":["Crippling Poison","Caltrops"],"picked":"Bane","floor":4},{"not_picked":["Underhanded Strike","Sucker Punch"],"picked":"Deadly Poison","floor":5}],"player_experience":882982,"relics_obtained":[],"event_choices":[],"is_beta":false,"boss_relics":[],"items_purged_floors":[],"is_endless":false,"potions_floor_spawned":[3,4,5],"killed_by":"3 Sentries","ascension_level":20}}