{"host":"2se5dq1do2gp0x9k","time":1614062797,"event":{"mods":["AchievementEnabler","BaseMod","Block Reminder","Colored Map","Colored Powertips","Minty Spire (QoL Compilation)","Relic Stats","StSLib","SuperFastMode"],"gold_per_floor":[110,80,80,80,91,116,116,129,129,129,129,141,141,141,141,215,215,228,49,49,49,63,63,63,93,146,162,162,176,176,176,176],"floor_reached":31,"language":"ENG","playtime":732,"items_purged":[],"score":556,"play_id":"786f9dc3-c00e-4410-956d-7f241b3f73ae","local_time":"20210222224637","is_ascension_mode":true,"campfire_choices":[{"data":"Phantasmal Killer","floor":7.0,"key":"SMITH"},{"data":"Terror","floor":10.0,"key":"SMITH"},{"data":"Finisher","floor":13.0,"key":"SMITH"},{"data":"Neutralize","floor":15.0,"key":"SMITH"},{"data":"Bullet Time","floor":23.0,"key":"SMITH"},{"floor":28.0,"key":"REST"}],"circlet_count":0,"master_deck":["AscendersBane","Strike_G","Strike_G","Strike_G","Strike_G","Defend_G","Defend_G","Defend_G","Defend_G","Defend_G","Survivor","Neutralize+1","Dagger Throw","Finisher+1","Phantasmal Killer+1","Terror+1","Finisher","Bullet Time+1","Leg Sweep","Noxious Fumes","Endless Agony","Backflip","Blade Dance","Slice","Cloak And Dagger"],"relics":["Ring of the Snake","NeowsBlessing","Blue Candle","Darkstone Periapt","Question Card","SacredBark","Potion Belt","Nunchaku"],"acts_visited":["Exordium","TheCity"],"potions_floor_usage":[30],"damage_taken":[{"damage":0.0,"enemies":"Small Slimes","floor":1.0,"turns":1.0},{"damage":0.0,"enemies":"Cultist","floor":5.0,"turns":1.0},{"damage":0.0,"enemies":"Lagavulin","floor":6.0,"turns":1.0},{"damage":7.0,"enemies":"2 Louse","floor":8.0,"turns":2.0},{"damage":3.0,"enemies":"Looter","floor":12.0,"turns":3.0},{"damage":20.0,"enemies":"Hexaghost","floor":16.0,"turns":9.0},{"damage":4.0,"enemies":"Chosen","floor":18.0,"turns":3.0},{"damage":8.0,"enemies":"2 Thieves","floor":22.0,"turns":2.0},{"damage":18.0,"enemies":"Gremlin Leader","floor":25.0,"turns":3.0},{"damage":20.0,"enemies":"3 Cultists","floor":27.0,"turns":5.0},{"damage":8.0,"enemies":"Centurion and Healer","floor":29.0,"turns":6.0},{"damage":0,"enemies":"Snake Plant","floor":30,"turns":3},{"damage":28,"enemies":"Snecko","floor":31,"turns":5}],"seed_played":"8911284419684405478","potions_obtained":[{"floor":2.0,"key":"EntropicBrew"},{"floor":2.0,"key":"EntropicBrew"},{"floor":12.0,"key":"LiquidMemories"},{"floor":16.0,"key":"PowerPotion"},{"floor":25.0,"key":"FearPotion"},{"floor":29,"key":"SmokeBomb"}],"is_trial":false,"path_per_floor":["M","?","$","T","M","E","R","M","T","R","?","M","R","?","R","B",null,"M","$","?","?","M","R","$","E","T","M","R","M","M","M"],"character_chosen":"THE_SILENT","items_purchased":["Noxious Fumes","Endless Agony","Backflip"],"campfire_rested":1,"item_purchase_floors":[19,19,19],"current_hp_per_floor":[59,59,59,59,59,59,59,52,52,52,57,54,54,54,54,34,62,58,58,58,58,50,50,50,32,32,12,33,25,25,0,0],"gold":176,"neow_bonus":"THREE_ENEMY_KILL","is_daily":false,"chose_seed":false,"campfire_upgraded":5,"win_rate":0.0,"timestamp":1614062797,"path_taken":["M","?","$","?","M","E","R","M","T","R","?","M","R","?","R","BOSS","M","?","?","?","M","R","?","E","T","M","R","M","M","?"],"items_purchased_type":["Card","Card","Card"],"build_version":"2020-12-22","purchased_purges":0,"victory":false,"max_hp_per_floor":[66,66,66,66,66,66,66,66,66,66,71,71,71,71,71,71,71,71,71,71,71,71,71,71,71,71,71,71,71,71,71,71],"relic_stats":{"Darkstone Periapt":0,"Nunchaku":[5],"counters":[13,44],"Blue Candle":[0],"Question Card":8,"obtain_stats":[{"Darkstone Periapt":6,"Potion Belt":25,"Nunchaku":26,"NeowsBlessing":0,"Blue Candle":4,"SacredBark":17,"Question Card":9,"Ring of the Snake":0},{"Darkstone Periapt":3,"Potion Belt":9,"Nunchaku":9,"NeowsBlessing":0,"Blue Candle":1,"SacredBark":6,"Question Card":4,"Ring of the Snake":0},{"Darkstone Periapt":3,"Potion Belt":25,"Nunchaku":25,"NeowsBlessing":0,"Blue Candle":1,"SacredBark":17,"Question Card":5,"Ring of the Snake":0}],"Ring of the Snake":[26]},"card_choices":[{"not_picked":["Backflip","PiercingWail"],"picked":"Dagger Throw","floor":1.0},{"not_picked":["Quick Slash","Bane"],"picked":"Finisher","floor":5.0},{"not_picked":["Backflip","Cloak And Dagger"],"picked":"Phantasmal Killer","floor":6.0},{"not_picked":["Dagger Throw","Heel Hook"],"picked":"Terror","floor":8.0},{"not_picked":["Accuracy","Dagger Spray","Reflex"],"picked":"Finisher","floor":12.0},{"not_picked":["Corpse Explosion","A Thousand Cuts","Unload"],"picked":"Bullet Time","floor":16.0},{"not_picked":["Deflect","Riddle With Holes","Sucker Punch"],"picked":"Leg Sweep","floor":18.0},{"not_picked":["Terror","Dagger Throw","Bane","Quick Slash"],"picked":"SKIP","floor":22.0},{"not_picked":["Phantasmal Killer","Dagger Spray","All Out Attack"],"picked":"Slice","floor":25.0},{"not_picked":["Deflect+1","Flying Knee","Sucker Punch"],"picked":"Cloak And Dagger","floor":27.0},{"not_picked":["Slice+1","Deadly Poison","Dodge and Roll","Concentrate"],"picked":"SKIP","floor":29}],"player_experience":4128624,"relics_obtained":[{"floor":4.0,"key":"Blue Candle"},{"floor":6.0,"key":"Darkstone Periapt"},{"floor":9.0,"key":"Question Card"},{"floor":25.0,"key":"Potion Belt"},{"floor":26.0,"key":"Nunchaku"}],"event_choices":[{"damage_healed":0.0,"max_hp_gain":0.0,"max_hp_loss":0.0,"gold_gain":0.0,"event_name":"The Woman in Blue","player_choice":"Bought 2 Potions","floor":2.0,"gold_loss":0.0,"damage_taken":0.0},{"damage_healed":0.0,"max_hp_gain":5.0,"max_hp_loss":0.0,"gold_gain":0.0,"event_name":"Big Fish","player_choice":"Donut","floor":11.0,"gold_loss":0.0,"damage_taken":0.0},{"cards_removed":["Strike_G"],"damage_healed":0.0,"max_hp_gain":0.0,"max_hp_loss":0.0,"gold_gain":0.0,"event_name":"Purifier","player_choice":"Purged","floor":14.0,"gold_loss":0.0,"damage_taken":0.0},{"damage_healed":0.0,"max_hp_gain":0.0,"max_hp_loss":0.0,"gold_gain":0.0,"event_name":"The Library","player_choice":"Read","floor":20.0,"gold_loss":0.0,"damage_taken":0.0,"cards_obtained":["Blade Dance"]}],"is_beta":false,"boss_relics":[{"not_picked":["Velvet Choker","Runic Dome"],"picked":"SacredBark"}],"items_purged_floors":[],"is_endless":false,"potions_floor_spawned":[6,12,16,25,29],"killed_by":"Snecko","ascension_level":20}}