{"host":"rsokn1b2nrspb1iw","time":1614064133,"event":{"mods":["BaseMod","Better Altar","Better Match","Better Note","Better Sensory Stone","Better Skull","Better Third Choice","Better Vampires","BetterRewards","Block Reminder","Colored Map","Colored Powertips","Curses Come First","Custom Start","GifTheSpireLib","Hermit","Ironclad Rager","Minty Spire (QoL Compilation)","Quick Restart","Rare Cards Sparkle","Relic Stats","Spire Birthday Party","StSLib","Unceasing Turn Reminder"],"gold_per_floor":[115,115,126,56,56,56,56,69,69,98,116,40,4,21,21,117,167,180,190,115,115,127,127,158,172,172,172,188,222,222,238,238,333,333,349,349,349,374,393,393,403,403,426,443,443,455,455,470,470,470,470],"floor_reached":50,"language":"ENG","playtime":2559,"items_purged":["Strike_P"],"score":574,"play_id":"12b666eb-7b91-4087-86e7-0a42c2a85609","local_time":"20210223000853","is_ascension_mode":false,"campfire_choices":[{"floor":6,"key":"RECALL"},{"floor":15,"key":"REST"},{"floor":23,"key":"REST"},{"floor":30,"key":"REST"},{"floor":32,"key":"REST"},{"floor":40,"key":"REST"},{"data":"1","floor":42,"key":"LIFT"},{"floor":49,"key":"REST"}],"circlet_count":0,"master_deck":["Strike_P","Defend_P","Defend_P+1","Defend_P+1","Eruption","Vigilance","Halt+1","Weave","Establishment","Consecrate","Protect","CutThroughFate","FlyingSleeves","CutThroughFate","Weave","DevaForm","Devotion","ThirdEye","Adaptation","Worship+1","Vault+1","WindmillStrike","Consecrate","Brilliance","CurseOfTheBell","CutThroughFate","CutThroughFate","Metamorphosis+1","Dramatic Entrance"],"relics":["Fusion Hammer","War Paint","Incense Burner","Odd Mushroom","Tiny House","Toxic Egg 2","Mummified Hand","Letter Opener","Calling Bell","Damaru","Eternal Feather","Girya","Lantern"],"acts_visited":["Exordium","TheCity","TheBeyond"],"potions_floor_usage":[16,18,24,29,33,50],"damage_taken":[{"damage":2,"enemies":"Small Slimes","floor":1,"turns":3},{"damage":1,"enemies":"Cultist","floor":3,"turns":4},{"damage":0,"enemies":"Jaw Worm","floor":8,"turns":4},{"damage":4,"enemies":"The Mushroom Lair","floor":10,"turns":3},{"damage":0,"enemies":"2 Fungi Beasts","floor":11,"turns":3},{"damage":3,"enemies":"3 Louse","floor":14,"turns":3},{"damage":31,"enemies":"Slime Boss","floor":16,"turns":8},{"damage":2,"enemies":"Chosen","floor":18,"turns":4},{"damage":4,"enemies":"Shell Parasite","floor":19,"turns":6},{"damage":2,"enemies":"Snecko","floor":22,"turns":5},{"damage":23,"enemies":"Book of Stabbing","floor":24,"turns":7},{"damage":7,"enemies":"Shelled Parasite and Fungi","floor":25,"turns":5},{"damage":25,"enemies":"Cultist and Chosen","floor":28,"turns":8},{"damage":5,"enemies":"Gremlin Leader","floor":29,"turns":8},{"damage":0,"enemies":"Snecko","floor":31,"turns":4},{"damage":0,"enemies":"Champ","floor":33,"turns":9},{"damage":29,"enemies":"3 Shapes","floor":35,"turns":5},{"damage":16,"enemies":"Orb Walker","floor":39,"turns":4},{"damage":0,"enemies":"Sphere and 2 Shapes","floor":41,"turns":4},{"damage":22,"enemies":"3 Darklings","floor":44,"turns":5},{"damage":36,"enemies":"Jaw Worm Horde","floor":46,"turns":4},{"damage":18,"enemies":"Writhing Mass","floor":48,"turns":5},{"damage":46,"enemies":"Time Eater","floor":50,"turns":5}],"seed_played":"-7865924983465202823","potions_obtained":[{"floor":1,"key":"Explosive Potion"},{"floor":2,"key":"DuplicationPotion"},{"floor":2,"key":"FearPotion"},{"floor":16,"key":"Fruit Juice"},{"floor":17,"key":"CultistPotion"},{"floor":18,"key":"DistilledChaos"},{"floor":28,"key":"Energy Potion"},{"floor":31,"key":"Swift Potion"},{"floor":33,"key":"SpeedPotion"},{"floor":35,"key":"AttackPotion"},{"floor":44,"key":"BottledMiracle"}],"is_trial":false,"path_per_floor":["M","?","M","$","?","R","?","M","T","?","M","$","$","M","R","B",null,"M","M","$","?","M","R","E","M","T","?","M","E","R","M","R","B",null,"M","?","?","T","M","R","M","R","T","M","?","M","?","M","R","B"],"character_chosen":"WATCHER","items_purchased":["Weave","FlyingSleeves","CutThroughFate","Weave"],"campfire_rested":6,"item_purchase_floors":[4,12,12,13],"current_hp_per_floor":[70,70,69,69,69,69,62,62,62,58,58,58,58,55,72,46,82,80,76,76,76,74,82,59,52,52,52,27,22,46,46,70,70,82,53,53,53,53,37,76,76,82,82,60,60,24,24,6,45,0,0],"gold":470,"neow_bonus":"BOSS_RELIC","is_daily":false,"chose_seed":false,"campfire_upgraded":0,"win_rate":0.0,"timestamp":1614064133,"path_taken":["M","?","?","$","?","R","?","M","T","?","M","?","$","?","R","BOSS","M","M","$","?","M","R","E","M","T","?","M","E","R","M","R","BOSS","M","?","?","?","?","R","M","R","T","M","?","M","?","M","R","BOSS"],"items_purchased_type":["Card","Card","Card","Card"],"build_version":"2020-12-22","purchased_purges":1,"victory":false,"max_hp_per_floor":[72,72,72,72,72,72,72,72,72,72,72,72,72,72,72,77,82,82,82,82,82,82,82,82,82,82,82,82,82,82,82,82,82,82,82,82,82,82,82,82,82,82,82,82,82,82,82,82,82,82,82],"relic_stats":{"counters":[23,116],"Mummified Hand":[49],"Eternal Feather":36,"Letter Opener":[62],"War Paint":["Defend_P","Defend_P"],"obtain_stats":[{"Girya":34,"Lantern":38,"Tiny House":17,"Damaru":34,"Eternal Feather":34,"Incense Burner":9,"Letter Opener":29,"War Paint":7,"Odd Mushroom":10,"Calling Bell":34,"Mummified Hand":26,"Fusion Hammer":0,"PureWater":0,"Toxic Egg 2":24},{"Girya":16,"Lantern":17,"Tiny House":7,"Damaru":16,"Eternal Feather":16,"Incense Burner":3,"Letter Opener":14,"War Paint":2,"Odd Mushroom":4,"Calling Bell":16,"Mummified Hand":12,"Fusion Hammer":0,"PureWater":0,"Toxic Egg 2":11},{"Girya":84,"Lantern":89,"Tiny House":28,"Damaru":84,"Eternal Feather":84,"Incense Burner":11,"Letter Opener":71,"War Paint":7,"Odd Mushroom":14,"Calling Bell":84,"Mummified Hand":55,"Fusion Hammer":0,"PureWater":0,"Toxic Egg 2":50}]},"card_choices":[{"not_picked":["ReachHeaven","CrushJoints","SashWhip"],"picked":"SKIP","floor":1},{"not_picked":["Crescendo","Protect"],"picked":"Halt","floor":3},{"not_picked":["DeceiveReality","CrushJoints"],"picked":"Consecrate","floor":8},{"not_picked":["PathToVictory","BowlingBash"],"picked":"Protect","floor":10},{"not_picked":["WreathOfFlame","Pray"],"picked":"CutThroughFate","floor":11},{"not_picked":["FollowUp","FlurryOfBlows"],"picked":"DevaForm","floor":14},{"not_picked":["ConjureBlade","DeusExMachina"],"picked":"Devotion","floor":16},{"not_picked":["Consecrate","Tantrum"],"picked":"ThirdEye","floor":17},{"not_picked":["Conclude","EmptyBody+1"],"picked":"Adaptation","floor":18},{"not_picked":["FollowUp","WaveOfTheHand+1"],"picked":"Worship+1","floor":19},{"not_picked":["Pray","Evaluate","TalkToTheHand+1"],"picked":"SKIP","floor":22},{"not_picked":["WreathOfFlame+1","Consecrate"],"picked":"Vault+1","floor":24},{"not_picked":["FlyingSleeves","EmptyMind+1","WaveOfTheHand+1"],"picked":"SKIP","floor":25},{"not_picked":["Protect+1","ClearTheMind+1"],"picked":"WindmillStrike","floor":28},{"not_picked":["FlurryOfBlows+1","BowlingBash","Indignation+1"],"picked":"SKIP","floor":29},{"not_picked":["FollowUp","Worship+1"],"picked":"Consecrate","floor":31},{"not_picked":["ConjureBlade+1","Judgement+1"],"picked":"Brilliance","floor":33},{"not_picked":["ThirdEye+1","Halt+1"],"picked":"CutThroughFate","floor":35},{"not_picked":["Evaluate+1","CrushJoints","SashWhip+1"],"picked":"SKIP","floor":39},{"not_picked":["Consecrate+1","Evaluate+1"],"picked":"CutThroughFate","floor":41},{"not_picked":["FlurryOfBlows","Halt+1","Ragnarok"],"picked":"SKIP","floor":44},{"not_picked":["Flash of Steel","Finesse+1"],"picked":"Metamorphosis+1","floor":45},{"not_picked":["PanicButton+1","Master of Strategy+1"],"picked":"Dramatic Entrance","floor":45},{"not_picked":["EmptyBody+1","Vengeance+1","Indignation+1"],"picked":"SKIP","floor":46},{"not_picked":["Crescendo+1","EmptyFist","Pray+1"],"picked":"SKIP","floor":48}],"player_experience":192700,"relics_obtained":[{"floor":9,"key":"Incense Burner"},{"floor":10,"key":"Odd Mushroom"},{"floor":24,"key":"Toxic Egg 2"},{"floor":26,"key":"Mummified Hand"},{"floor":29,"key":"Letter Opener"},{"floor":34,"key":"Damaru"},{"floor":34,"key":"Eternal Feather"},{"floor":34,"key":"Girya"},{"floor":38,"key":"Lantern"}],"event_choices":[{"damage_healed":0,"gold_gain":0,"player_choice":"Got Potions","damage_taken":0,"max_hp_gain":0,"max_hp_loss":0,"event_name":"Lab","floor":2,"gold_loss":0},{"damage_healed":0,"gold_gain":0,"cards_transformed":["Defend_P"],"player_choice":"Change","damage_taken":0,"max_hp_gain":0,"max_hp_loss":0,"event_name":"Living Wall","floor":5,"gold_loss":0,"cards_obtained":["Establishment"]},{"damage_healed":0,"gold_gain":0,"player_choice":"Relic ","damage_taken":7,"max_hp_gain":0,"max_hp_loss":0,"event_name":"betterThird:BetterScrap","floor":7,"gold_loss":0,"cards_obtained":["Skewer"]},{"damage_healed":0,"gold_gain":0,"player_choice":"Fought Mushrooms","damage_taken":0,"max_hp_gain":0,"max_hp_loss":0,"event_name":"Mushrooms","floor":10,"gold_loss":0},{"cards_removed":["Strike_P"],"damage_healed":0,"gold_gain":0,"player_choice":"Purged","damage_taken":0,"max_hp_gain":0,"max_hp_loss":0,"event_name":"Purifier","floor":21,"gold_loss":0},{"damage_healed":0,"gold_gain":0,"player_choice":"Bought 0 Potions","damage_taken":0,"max_hp_gain":0,"max_hp_loss":0,"event_name":"The Woman in Blue","floor":27,"gold_loss":0},{"damage_healed":0,"gold_gain":0,"player_choice":"Ignored","damage_taken":0,"max_hp_gain":0,"max_hp_loss":0,"event_name":"Tomb of Lord Red Mask","floor":36,"gold_loss":0},{"cards_removed":["Strike_P"],"damage_healed":0,"gold_gain":0,"player_choice":"Removed Attack","damage_taken":0,"max_hp_gain":0,"max_hp_loss":0,"event_name":"Falling","floor":37,"gold_loss":0},{"damage_healed":0,"gold_gain":3,"player_choice":"1","damage_taken":0,"max_hp_gain":0,"max_hp_loss":0,"event_name":"betterStone:BetterStone","floor":45,"gold_loss":0},{"damage_healed":0,"gold_gain":0,"player_choice":"Ignored","damage_taken":0,"max_hp_gain":0,"max_hp_loss":0,"event_name":"Mysterious Sphere","floor":47,"gold_loss":0}],"is_beta":false,"boss_relics":[{"not_picked":["Runic Dome","Sozu"],"picked":"Tiny House"},{"not_picked":["Black Star","Cursed Key"],"picked":"Calling Bell"}],"items_purged_floors":[20],"is_endless":false,"potions_floor_spawned":[1,10,16,18,19,28,31,33,35,39,44,48],"killed_by":"Time Eater","ascension_level":0}}