{"host":"xauhhfeuacw2ajt1","time":1614067156,"event":{"mods":["BaseMod","GifTheSpireLib","KinomotoSakuraMod(????)","Minty Spire (QoL Compilation)","StSLib","The Senshi"],"gold_per_floor":[113,113,62,74,91,91,118,293,347,359,359,388,403,419,419,518,518,536,536,550,108,108,108,108,141,141,141,160,195,214,61,61,61,61],"floor_reached":33,"language":"ENG","playtime":1265,"items_purged":[],"score":295,"play_id":"f8efdf2d-9242-479f-984c-c2efa396070f","local_time":"20210223095916","is_ascension_mode":false,"campfire_choices":[{"floor":6,"key":"RECALL"},{"data":"Perfected Strike","floor":11,"key":"SMITH"},{"floor":15,"key":"REST"},{"data":"RitualDagger","floor":23,"key":"SMITH"},{"data":"Perfected Strike","floor":27,"key":"SMITH"},{"floor":32,"key":"REST"}],"circlet_count":0,"master_deck":["Strike_R","Strike_R","Strike_R","Strike_R","Strike_R","Defend_R","Defend_R","Defend_R","Defend_R","Bash","Finesse","Iron Wave","Twin Strike","Inflame","Pommel Strike","Perfected Strike+1","Shrug It Off","Warcry","Perfected Strike+1","Wild Strike","Feed","Twin Strike","Infernal Blade","RitualDagger+1","Wild Strike","Pommel Strike+1","Wild Strike+1","Headbutt"],"relics":["Burning Blood","Omamori","Bottled Flame","Mark of Pain","OrangePellets","StoneCalendar","Meat on the Bone","Juzu Bracelet","InkBottle","ClockworkSouvenir"],"acts_visited":["Exordium","TheCity"],"potions_floor_usage":[16,28,29,33],"damage_taken":[{"damage":1,"enemies":"2 Louse","floor":1,"turns":3},{"damage":11,"enemies":"Jaw Worm","floor":4,"turns":2},{"damage":0,"enemies":"Small Slimes","floor":5,"turns":4},{"damage":49,"enemies":"Gremlin Nob","floor":7,"turns":5},{"damage":4,"enemies":"Exordium Wildlife","floor":10,"turns":2},{"damage":11,"enemies":"Lagavulin","floor":12,"turns":5},{"damage":0,"enemies":"2 Fungi Beasts","floor":13,"turns":2},{"damage":17,"enemies":"Lots of Slimes","floor":14,"turns":4},{"damage":38,"enemies":"Hexaghost","floor":16,"turns":8},{"damage":16,"enemies":"2 Thieves","floor":18,"turns":4},{"damage":0,"enemies":"Chosen","floor":20,"turns":3},{"damage":38,"enemies":"Slavers","floor":25,"turns":4},{"damage":22,"enemies":"Snake Plant","floor":28,"turns":4},{"damage":37,"enemies":"Gremlin Leader","floor":29,"turns":5},{"damage":10,"enemies":"Centurion and Healer","floor":30,"turns":3},{"damage":71,"enemies":"Champ","floor":33,"turns":5}],"seed_played":"2693604614133239523","potions_obtained":[{"floor":4,"key":"Strength Potion"},{"floor":7,"key":"Swift Potion"},{"floor":13,"key":"Dexterity Potion"},{"floor":14,"key":"DuplicationPotion"},{"floor":16,"key":"Strength Potion"},{"floor":28,"key":"FearPotion"},{"floor":29,"key":"Explosive Potion"},{"floor":30,"key":"CultistPotion"}],"is_trial":false,"path_per_floor":["M","?","$","M","M","R","E","?","T","M","R","E","M","M","R","B",null,"M","?","M","$","?","R","?","E","T","R","M","E","M","$","R","B"],"character_chosen":"IRONCLAD","items_purchased":["Twin Strike","OrangePellets","StoneCalendar","ClockworkSouvenir"],"campfire_rested":2,"item_purchase_floors":[3,21,21,31],"current_hp_per_floor":[80,85,85,80,85,85,42,42,42,44,44,39,45,34,59,27,85,78,78,84,84,78,78,78,49,49,49,45,26,34,34,61,0,0],"gold":61,"neow_bonus":"RANDOM_COLORLESS","is_daily":false,"chose_seed":false,"campfire_upgraded":3,"win_rate":0.0,"timestamp":1614067156,"path_taken":["M","?","$","M","M","R","E","?","T","M","R","E","M","M","R","BOSS","M","?","M","$","?","R","?","E","T","R","M","E","M","?","R","BOSS"],"items_purchased_type":["Card","Relic","Relic","Relic"],"build_version":"2020-12-22","purchased_purges":0,"victory":false,"max_hp_per_floor":[80,85,85,85,85,85,85,85,85,85,85,85,85,85,85,85,85,88,88,88,88,88,88,88,91,91,91,91,91,91,91,91,91,91],"card_choices":[{"not_picked":["Jack Of All Trades","Dramatic Entrance"],"picked":"Finesse","floor":0},{"not_picked":["Cleave","Clash"],"picked":"Iron Wave","floor":1},{"not_picked":["Entrench","Heavy Blade"],"picked":"Inflame","floor":4},{"not_picked":["Burning Pact","Battle Trance"],"picked":"Pommel Strike","floor":5},{"not_picked":["Rage","Evolve"],"picked":"Perfected Strike","floor":7},{"not_picked":["Sentinel","Rampage"],"picked":"Shrug It Off","floor":10},{"not_picked":["Entrench","Clothesline"],"picked":"Warcry","floor":12},{"not_picked":["Offering","Pommel Strike"],"picked":"Perfected Strike","floor":13},{"not_picked":["Rage","Headbutt"],"picked":"Wild Strike","floor":14},{"not_picked":["Berserk","Exhume"],"picked":"Feed","floor":16},{"not_picked":["Thunderclap","Shrug It Off"],"picked":"Twin Strike","floor":18},{"not_picked":["Heavy Blade","Shockwave"],"picked":"Infernal Blade","floor":20},{"not_picked":["Havoc","Reaper"],"picked":"Wild Strike","floor":25},{"not_picked":["Sword Boomerang","Body Slam"],"picked":"Pommel Strike+1","floor":28},{"not_picked":["Clash+1","Whirlwind"],"picked":"Wild Strike+1","floor":29},{"not_picked":["Shockwave","Wild Strike"],"picked":"Headbutt","floor":30}],"player_experience":214488,"relics_obtained":[{"floor":7,"key":"Omamori"},{"floor":12,"key":"Bottled Flame"},{"floor":25,"key":"Meat on the Bone"},{"floor":26,"key":"Juzu Bracelet"},{"floor":29,"key":"InkBottle"}],"event_choices":[{"damage_healed":0,"gold_gain":0,"player_choice":"Donut","damage_taken":0,"max_hp_gain":5,"max_hp_loss":0,"event_name":"Big Fish","floor":2,"gold_loss":0},{"damage_healed":0,"gold_gain":175,"player_choice":"AGREE","damage_taken":0,"max_hp_gain":0,"max_hp_loss":0,"event_name":"Liars Game","floor":8,"gold_loss":0,"cards_obtained":["Doubt"]},{"damage_healed":0,"gold_gain":0,"player_choice":"Ignored","damage_taken":0,"max_hp_gain":0,"max_hp_loss":0,"event_name":"Vampires","floor":19,"gold_loss":0},{"damage_healed":0,"gold_gain":0,"player_choice":"Joined the Cult","damage_taken":6,"max_hp_gain":0,"max_hp_loss":0,"event_name":"Nest","floor":22,"gold_loss":0,"cards_obtained":["RitualDagger"]},{"damage_healed":0,"gold_gain":0,"player_choice":"Ignored","damage_taken":0,"max_hp_gain":0,"max_hp_loss":0,"event_name":"Beggar","floor":24,"gold_loss":0}],"is_beta":false,"boss_relics":[{"not_picked":["Fusion Hammer","Runic Pyramid"],"picked":"Mark of Pain"}],"items_purged_floors":[],"is_endless":false,"potions_floor_spawned":[4,7,13,14,16,20,28,29,30],"killed_by":"Champ","ascension_level":0}}