{"host":"iudiqz5bwex5meyb","time":1614103194,"event":{"mods":["AchievementEnabler","BaseMod","Block Reminder","Colored Map","Minty Spire (QoL Compilation)","StSLib","ojb\u0027s Better Paths Mod","ojb\u0027s Info Mod"],"gold_per_floor":[118,138,138,151,25,51,51,226,226,267,267,50,74,87,87,215,215,228,222,245,259,259,289,301,301,301,327,345,345,371,71,71,71,71],"floor_reached":33,"language":"ENG","playtime":2943,"items_purged":["Strike_G","Doubt","Strike_G"],"score":460,"play_id":"c8846823-6349-4b1a-a701-1a95335e8b27","local_time":"20210223115954","is_ascension_mode":true,"campfire_choices":[{"data":"Malaise","floor":11,"key":"SMITH"},{"floor":15,"key":"REST"},{"data":"Sucker Punch","floor":25,"key":"SMITH"},{"data":"Blade Dance","floor":29,"key":"SMITH"},{"data":"Leg Sweep","floor":32,"key":"SMITH"}],"circlet_count":0,"master_deck":["Defend_G","Defend_G","Defend_G","Defend_G","Defend_G","Survivor","Neutralize","Sucker Punch+1","Leg Sweep+1","Eviscerate","Cloak And Dagger","Dagger Throw","Malaise+1","Noxious Fumes","Blade Dance+1","PiercingWail","Adrenaline","Envenom+1","Flechettes+1","Flying Knee+1","Calculated Gamble","Dodge and Roll+1","Finisher","Acrobatics+1","Caltrops"],"relics":["Sozu","StoneCalendar","Bloody Idol","Paper Crane","Membership Card","Astrolabe","PreservedInsect","Singing Bowl","Tiny Chest","Toy Ornithopter","Pear","OrangePellets"],"acts_visited":["Exordium","TheCity"],"potions_floor_usage":[],"damage_taken":[{"damage":2,"enemies":"Small Slimes","floor":1,"turns":4},{"damage":0,"enemies":"2 Louse","floor":2,"turns":3},{"damage":2,"enemies":"Jaw Worm","floor":4,"turns":4},{"damage":34,"enemies":"Gremlin Nob","floor":6,"turns":7},{"damage":12,"enemies":"3 Sentries","floor":10,"turns":7},{"damage":1,"enemies":"Blue Slaver","floor":13,"turns":4},{"damage":1,"enemies":"Looter","floor":14,"turns":3},{"damage":13,"enemies":"The Guardian","floor":16,"turns":11},{"damage":0,"enemies":"Shell Parasite","floor":18,"turns":6},{"damage":1,"enemies":"2 Thieves","floor":19,"turns":4},{"damage":6,"enemies":"Centurion and Healer","floor":20,"turns":7},{"damage":4,"enemies":"Snake Plant","floor":21,"turns":6},{"damage":21,"enemies":"Slavers","floor":23,"turns":7},{"damage":15,"enemies":"Shelled Parasite and Fungi","floor":24,"turns":6},{"damage":4,"enemies":"Book of Stabbing","floor":27,"turns":7},{"damage":6,"enemies":"Centurion and Healer","floor":28,"turns":5},{"damage":11,"enemies":"Gremlin Leader","floor":30,"turns":5},{"damage":43,"enemies":"Champ","floor":33,"turns":12}],"seed_played":"4113124076009379880","potions_obtained":[],"is_trial":false,"path_per_floor":["M","M","?","M","$","E","?","?","T","E","R","$","M","M","R","B",null,"M","M","M","M","?","E","M","R","T","E","M","R","E","$","R","B"],"character_chosen":"THE_SILENT","items_purchased":["Cloak And Dagger","Membership Card","Noxious Fumes","Pear","OrangePellets","Caltrops"],"campfire_rested":1,"item_purchase_floors":[5,12,12,31,31,31],"current_hp_per_floor":[61,61,66,64,64,30,30,30,30,18,18,18,17,16,36,23,58,58,57,51,47,47,31,21,21,21,24,25,25,19,29,29,0,0],"gold":71,"neow_bonus":"BOSS_RELIC","is_daily":false,"chose_seed":false,"campfire_upgraded":4,"win_rate":0.0,"timestamp":1614103194,"path_taken":["M","M","?","M","$","E","?","?","T","E","R","?","M","M","R","BOSS","M","M","M","M","?","E","M","R","T","E","M","R","E","$","R","BOSS"],"items_purchased_type":["Card","Relic","Card","Relic","Relic","Card"],"build_version":"2020-12-22","purchased_purges":3,"victory":false,"max_hp_per_floor":[70,70,75,75,75,75,69,69,69,69,69,69,69,69,69,69,69,69,69,69,69,69,69,69,69,69,71,73,73,73,83,83,83,83],"card_choices":[{"not_picked":["Deadly Poison","Acrobatics"],"picked":"Sucker Punch","floor":1},{"not_picked":["Reflex","Catalyst"],"picked":"Leg Sweep","floor":2},{"not_picked":["Outmaneuver","Calculated Gamble"],"picked":"Eviscerate","floor":4},{"not_picked":["Bouncing Flask","Acrobatics"],"picked":"Dagger Throw","floor":6},{"not_picked":["Dodge and Roll","Deflect"],"picked":"Malaise","floor":10},{"not_picked":["Heel Hook","Distraction"],"picked":"Blade Dance","floor":13},{"not_picked":["Underhanded Strike","Outmaneuver"],"picked":"PiercingWail","floor":14},{"not_picked":["Die Die Die","A Thousand Cuts"],"picked":"Adrenaline","floor":16},{"not_picked":["Riddle With Holes+1","Catalyst","Prepared"],"picked":"SKIP","floor":18},{"not_picked":["Concentrate","Flying Knee","Sucker Punch"],"picked":"SKIP","floor":19},{"not_picked":["Outmaneuver","Noxious Fumes"],"picked":"Calculated Gamble","floor":20},{"not_picked":["Distraction+1","Acrobatics"],"picked":"Dodge and Roll+1","floor":21},{"not_picked":["All Out Attack+1","Slice"],"picked":"Finisher","floor":23},{"not_picked":["Underhanded Strike","Dagger Spray","Quick Slash"],"picked":"SKIP","floor":24},{"not_picked":["Die Die Die","Sucker Punch","Underhanded Strike+1"],"picked":"Singing Bowl","floor":27},{"not_picked":["Dash","Eviscerate+1","Slice"],"picked":"Singing Bowl","floor":28},{"not_picked":["Quick Slash+1","Sucker Punch"],"picked":"Acrobatics+1","floor":30}],"player_experience":364094,"relics_obtained":[{"floor":6,"key":"StoneCalendar"},{"floor":10,"key":"Paper Crane"},{"floor":23,"key":"PreservedInsect"},{"floor":26,"key":"Singing Bowl"},{"floor":27,"key":"Tiny Chest"},{"floor":30,"key":"Toy Ornithopter"}],"event_choices":[{"damage_healed":0,"gold_gain":0,"player_choice":"Donut","damage_taken":0,"max_hp_gain":5,"max_hp_loss":0,"event_name":"Big Fish","floor":3,"gold_loss":0},{"damage_healed":0,"gold_gain":0,"player_choice":"Lose Max HP","damage_taken":0,"relics_obtained":["Golden Idol"],"max_hp_gain":0,"max_hp_loss":6,"event_name":"Golden Idol","floor":7,"gold_loss":0},{"damage_healed":0,"gold_gain":175,"player_choice":"AGREE","damage_taken":0,"max_hp_gain":0,"max_hp_loss":0,"event_name":"Liars Game","floor":8,"gold_loss":0,"cards_obtained":["Doubt"]},{"damage_healed":0,"gold_gain":0,"player_choice":"Gave Idol","damage_taken":0,"relics_obtained":["Bloody Idol"],"max_hp_gain":0,"max_hp_loss":0,"event_name":"Forgotten Altar","floor":22,"relics_lost":["Golden Idol"],"gold_loss":0}],"is_beta":false,"boss_relics":[{"not_picked":["Coffee Dripper","SacredBark"],"picked":"Astrolabe"}],"items_purged_floors":[5,12,31],"is_endless":false,"potions_floor_spawned":[10,14,16,21,23,30],"killed_by":"Champ","ascension_level":9}}