{"host":"jmzvm640hfhaby9x","time":1614092979,"event":{"mods":["AchievementEnabler","BaseMod","Block Reminder","Colored Powertips","Googly Eyes","Minty Spire (QoL Compilation)","Quick Restart"],"gold_per_floor":[112,128,128,146,3,36,36,46,69,69,69,88,102,102,102,200,200,219,65,81,8,208,241,241,254,302,302,302],"floor_reached":27,"language":"ENG","playtime":1552,"items_purged":[],"score":233,"play_id":"3db81d23-8ef7-4ff9-804e-80a5e5a6462a","local_time":"20210223150939","is_ascension_mode":false,"campfire_choices":[{"data":"Rampage","floor":7,"key":"SMITH"},{"data":"Dual Wield","floor":11,"key":"SMITH"},{"floor":15,"key":"REST"},{"floor":24,"key":"REST"}],"circlet_count":0,"master_deck":["Strike_R+1","Strike_R","Strike_R","Strike_R","Defend_R","Defend_R","Defend_R","Defend_R","Bash","Anger","True Grit","Rampage+1","Perfected Strike+1","Dual Wield+1","Anger","Twin Strike","Barricade","Perfected Strike+1","Combust+1","Brutality","Reckless Charge","Perfected Strike","Rage","Seeing Red","Armaments","Warcry","Anger+1","Searing Blow"],"relics":["Burning Blood","Orichalcum","Red Skull","Bronze Scales","Whetstone","SlaversCollar","Orrery","InkBottle","Smiling Mask"],"acts_visited":["TheCity"],"potions_floor_usage":[0,6,6,6,16,23,23],"damage_taken":[{"damage":7,"enemies":"2 Louse","floor":1,"turns":4},{"damage":0,"enemies":"Cultist","floor":2,"turns":3},{"damage":3,"enemies":"Small Slimes","floor":4,"turns":3},{"damage":23,"enemies":"Lagavulin","floor":6,"turns":7},{"damage":8,"enemies":"Red Slaver","floor":8,"turns":3},{"damage":1,"enemies":"Blue Slaver","floor":12,"turns":2},{"damage":22,"enemies":"Gremlin Gang","floor":13,"turns":4},{"damage":41,"enemies":"The Guardian","floor":16,"turns":7},{"damage":35,"enemies":"Chosen","floor":18,"turns":5},{"damage":6,"enemies":"3 Byrds","floor":20,"turns":2},{"damage":62,"enemies":"Slavers","floor":23,"turns":4},{"damage":27,"enemies":"Centurion and Healer","floor":25,"turns":6},{"damage":35,"enemies":"Book of Stabbing","floor":27,"turns":4}],"seed_played":"2453793219535813716","potions_obtained":[{"floor":0,"key":"DistilledChaos"},{"floor":0,"key":"Fruit Juice"},{"floor":0,"key":"Regen Potion"},{"floor":4,"key":"BlessingOfTheForge"},{"floor":6,"key":"BloodPotion"},{"floor":13,"key":"BlessingOfTheForge"},{"floor":20,"key":"PowerPotion"}],"is_trial":false,"path_per_floor":["M","M","?","M","$","E","R","M","T","?","R","M","M","?","R","B",null,"M","$","M","$","?","E","R","M","T","E"],"character_chosen":"IRONCLAD","items_purchased":["Red Skull","Orrery","Armaments","Warcry"],"campfire_rested":2,"item_purchase_floors":[5,19,21,21],"current_hp_per_floor":[84,85,73,76,76,64,64,62,62,62,62,67,51,51,76,41,85,56,56,56,56,56,17,42,21,21,0,0],"gold":302,"neow_bonus":"THREE_SMALL_POTIONS","is_daily":false,"chose_seed":false,"campfire_upgraded":2,"win_rate":0.0,"timestamp":1614092979,"path_taken":["M","M","?","M","$","E","R","M","T","?","R","?","M","?","R","BOSS","M","?","?","$","?","E","R","M","T","E"],"items_purchased_type":["Relic","Relic","Card","Card"],"build_version":"2020-12-22","purchased_purges":0,"victory":false,"max_hp_per_floor":[85,85,85,85,85,85,85,85,85,85,85,85,85,85,85,85,85,85,85,85,85,85,85,85,85,85,85,85],"card_choices":[{"not_picked":["Twin Strike","Sword Boomerang"],"picked":"Anger","floor":1},{"not_picked":["Whirlwind","Rage"],"picked":"Body Slam","floor":2},{"not_picked":["Warcry","Flex"],"picked":"True Grit","floor":4},{"not_picked":["Pommel Strike","Cleave"],"picked":"Rampage","floor":6},{"not_picked":["Uppercut","Sword Boomerang"],"picked":"Perfected Strike","floor":8},{"not_picked":["Iron Wave","Dropkick"],"picked":"Anger","floor":12},{"not_picked":["Fiend Fire","Rupture"],"picked":"Twin Strike","floor":13},{"not_picked":["Juggernaut","Impervious"],"picked":"Barricade","floor":16},{"not_picked":["Cleave","Inflame"],"picked":"Perfected Strike+1","floor":18},{"not_picked":["Thunderclap","Warcry"],"picked":"Combust+1","floor":19},{"not_picked":["Clothesline+1","Cleave"],"picked":"Brutality","floor":19},{"not_picked":["Cleave","Shrug It Off"],"picked":"Reckless Charge","floor":19},{"not_picked":["Clothesline+1","Searing Blow"],"picked":"Perfected Strike","floor":19},{"not_picked":["Clothesline","Clash"],"picked":"Rage","floor":19},{"not_picked":["Thunderclap","Rupture"],"picked":"Seeing Red","floor":20},{"not_picked":["Battle Trance+1","Dual Wield+1"],"picked":"Anger+1","floor":23},{"not_picked":["Metallicize","Juggernaut"],"picked":"Searing Blow","floor":25}],"player_experience":23058,"relics_obtained":[{"floor":6,"key":"Bronze Scales"},{"floor":9,"key":"Whetstone"},{"floor":23,"key":"InkBottle"},{"floor":26,"key":"Smiling Mask"}],"event_choices":[{"damage_healed":0,"gold_gain":0,"player_choice":"Success","damage_taken":12,"relics_obtained":["Orichalcum"],"max_hp_gain":0,"max_hp_loss":0,"event_name":"Scrap Ooze","floor":3,"gold_loss":0},{"damage_healed":0,"gold_gain":0,"cards_transformed":["Body Slam"],"player_choice":"Transformed","damage_taken":0,"max_hp_gain":0,"max_hp_loss":0,"event_name":"Transmorgrifier","floor":10,"gold_loss":0,"cards_obtained":["Dual Wield"]},{"cards_removed":["Strike_R"],"damage_healed":0,"gold_gain":0,"player_choice":"Purged","damage_taken":0,"max_hp_gain":0,"max_hp_loss":0,"event_name":"Purifier","floor":14,"gold_loss":0},{"damage_healed":0,"gold_gain":200,"player_choice":"Gold","damage_taken":0,"max_hp_gain":0,"max_hp_loss":0,"event_name":"Wheel of Change","floor":22,"gold_loss":0}],"is_beta":false,"boss_relics":[{"not_picked":["Sozu","SacredBark"],"picked":"SlaversCollar"}],"items_purged_floors":[],"is_endless":false,"potions_floor_spawned":[4,6,13,20],"killed_by":"Book of Stabbing","ascension_level":0}}