{"host":"nlbr7nnijupf3yfg","time":1614121922,"event":{"mods":["AchievementEnabler","BaseMod","BetterRewards","Card Forge","Colored Powertips","DeckTracker","Downfall","Hubris","Infinite Spire","Minty Spire (QoL Compilation)","Quick Restart","Relic Stats","Replay The Spire","Shop Mod","StSLib","SuperFastMode"],"gold_per_floor":[114,114,114,131,6,32,32,63,114,155,186,228,255,267,279,389,401,430,461,493,197,207,207,242,242,320,320,346,346,380,397,397,495,495,513,563,582,582,594,594,619,629,629,629,284,302,262,278,278,278],"floor_reached":51,"language":"ENG","playtime":1415,"items_purged":["Spreading Infection"],"score":953,"play_id":"c41dc99b-dc42-4ed3-a4b1-15b60001e1f6","local_time":"20210223181202","is_ascension_mode":true,"campfire_choices":[{"floor":7,"key":"REST"},{"floor":15,"key":"REST"},{"floor":23,"key":"REST"},{"floor":25,"key":"REST"},{"data":"A Thousand Cuts","floor":27,"key":"SMITH"},{"floor":32,"key":"REST"},{"floor":40,"key":"REST"},{"data":"A Thousand Cuts","floor":44,"key":"SMITH"},{"data":"Infinite Blades","floor":49,"key":"SMITH"}],"circlet_count":0,"master_deck":["Neutralize","Infinite Blades","Storm of Steel","Skewer","Outmaneuver","Hidden Blade","Cloak And Dagger","Blade Dance","Accuracy","A Thousand Cuts+1","Blade Dance","Backflip","Blur","Cloak And Dagger","Hidden Blade","Crippling Poison","Infinite Blades+1","Hidden Blade+1","Backflip","Crippling Poison","Choke","A Thousand Cuts+1","Blade Dance+1","Acrobatics","Pot Of Greed+1","Corpse Explosion","Blur+1","Adrenaline","Blade Dance","Masterful Stab+1","PiercingWail+1","Distraction+1","Blade Dance+1","Caltrops+1","Flying Knee","Backstab","Pot Of Greed","ReplayTheSpireMod:The Works+1"],"relics":["Hammer of Thor","Seething Fire","Anvil of the Gods","hubris:TerracottaHorce","infinitespire:Cubic Diamond","hubris:Icosahedron","Grinning Jar","Oddly Smooth Stone","MawBank","Nunchaku","CaptainsWheel","Akabeko","Snecko Heart","TwistedFunnel","Blue Doll","hubris:SlimyHat","hubris:DeckOfHolding","Pen Nib","hubris:TenFootPole","WristBlade","Calipers","ReplayTheSpireMod:Ring of Addiction","Ring of Hypnosis","SacredBark","White Beast Statue","Boot","hubris:GlazedTorus","Membership Card","hubris:MysteriousPyramids"],"acts_visited":["Exordium","TheCity","TheBeyond"],"potions_floor_usage":[33,50,50],"damage_taken":[{"damage":3,"enemies":"Small Slimes","floor":1,"turns":5},{"damage":12,"enemies":"Jaw Worm","floor":4,"turns":2},{"damage":10,"enemies":"Lagavulin","floor":6,"turns":5},{"damage":8,"enemies":"Replay:BlueRogue","floor":8,"turns":3},{"damage":8,"enemies":"3 Sentries","floor":10,"turns":5},{"damage":5,"enemies":"2 Louse","floor":11,"turns":2},{"damage":7,"enemies":"Replay:BlueRogue","floor":12,"turns":3},{"damage":10,"enemies":"Gremlin Gang","floor":13,"turns":2},{"damage":7,"enemies":"Fading Forest","floor":16,"turns":11},{"damage":0,"enemies":"Chosen","floor":18,"turns":2},{"damage":0,"enemies":"3 Byrds","floor":19,"turns":2},{"damage":24,"enemies":"Snake Plant","floor":20,"turns":2},{"damage":0,"enemies":"Snecko","floor":22,"turns":2},{"damage":18,"enemies":"Book of Stabbing","floor":24,"turns":3},{"damage":0,"enemies":"Gremlin Leader","floor":28,"turns":3},{"damage":40,"enemies":"Slavers","floor":30,"turns":2},{"damage":0,"enemies":"Centurion and Healer","floor":31,"turns":3},{"damage":15,"enemies":"Automaton","floor":33,"turns":5},{"damage":0,"enemies":"3 Darklings","floor":35,"turns":3},{"damage":11,"enemies":"Mind Bloom Boss Battle","floor":36,"turns":3},{"damage":2,"enemies":"Orb Walker","floor":37,"turns":2},{"damage":0,"enemies":"4 Shapes","floor":39,"turns":3},{"damage":6,"enemies":"Nemesis","floor":41,"turns":4},{"damage":0,"enemies":"Transient","floor":42,"turns":5},{"damage":0,"enemies":"3 Darklings","floor":46,"turns":1},{"damage":0,"enemies":"Spire Growth","floor":48,"turns":2},{"damage":10,"enemies":"Awakened One","floor":50,"turns":5}],"seed_played":"4034780411837621848","potions_obtained":[{"floor":4,"key":"Death Potion"},{"floor":8,"key":"bronze:BurnAndBuffPotion"},{"floor":35,"key":"BlessingOfTheForge"},{"floor":41,"key":"DistilledChaos"}],"is_trial":false,"path_per_floor":["M","?","?","M","$","E","R","E","T","E","M","E","M","?","R","B",null,"M","M","M","$","M","R","E","R","T","R","E","?","E","M","R","B",null,"M","?","M","?","M","R","E","M","T","R","$","M","?","M","R","B",null],"character_chosen":"THE_SILENT","items_purchased":["Infinite Blades","Hidden Blade","TwistedFunnel","Blue Doll","Membership Card","Caltrops+1","hubris:MysteriousPyramids","Flying Knee"],"campfire_rested":6,"item_purchase_floors":[5,5,21,21,45,45,45,45],"current_hp_per_floor":[67,67,67,55,55,45,66,58,58,50,45,38,28,28,49,50,65,65,65,41,41,41,62,44,65,65,65,65,65,25,25,46,31,60,60,49,47,47,47,68,62,62,62,62,62,62,62,62,62,52],"gold":278,"neow_bonus":"BOSS_RELIC","is_daily":false,"chose_seed":false,"campfire_upgraded":3,"win_rate":0.0,"timestamp":1614121922,"path_taken":["M","?","?","M","?","E","R","E","T","E","?","E","M","?","R","BOSS","M","M","M","$","M","R","E","R","T","R","E","?","E","?","R","BOSS","M","?","M","?","M","R","E","M","T","R","?","M","?","?","R","BOSS"],"items_purchased_type":["Card","Card","Relic","Relic","Relic","Card","Relic","Card"],"build_version":"2020-12-22","purchased_purges":1,"victory":true,"max_hp_per_floor":[70,70,70,70,70,70,70,70,70,70,70,70,70,70,70,70,70,70,70,70,70,70,70,70,70,70,70,70,70,70,70,70,70,70,70,70,70,70,70,70,70,68,68,68,66,66,66,64,64,64],"relic_stats":{"Nunchaku":[33],"counters":[27,90],"Pen Nib":[18],"MawBank":144,"Boot":[0],"obtain_stats":[{"TwistedFunnel":21,"Snecko Heart":17,"Calipers":36,"SacredBark":38,"Blue Doll":21,"Hammer of Thor":0,"infinitespire:Cubic Diamond":2,"hubris:SlimyHat":24,"hubris:MysteriousPyramids":45,"Boot":41,"hubris:TerracottaHorce":0,"Nunchaku":10,"hubris:Icosahedron":3,"WristBlade":34,"hubris:DeckOfHolding":26,"Ring of the Snake":0,"hubris:GlazedTorus":43,"Ring of Hypnosis":38,"ReplayTheSpireMod:Ring of Addiction":38,"Oddly Smooth Stone":8,"Pen Nib":28,"Seething Fire":0,"MawBank":9,"Akabeko":14,"White Beast Statue":38,"CaptainsWheel":12,"Anvil of the Gods":0,"hubris:TenFootPole":30,"Membership Card":45,"Grinning Jar":6},{"TwistedFunnel":12,"Snecko Heart":9,"Calipers":20,"SacredBark":21,"Blue Doll":12,"Hammer of Thor":0,"infinitespire:Cubic Diamond":1,"hubris:SlimyHat":14,"hubris:MysteriousPyramids":24,"Boot":23,"hubris:TerracottaHorce":0,"Nunchaku":5,"hubris:Icosahedron":1,"WristBlade":18,"hubris:DeckOfHolding":14,"Ring of the Snake":0,"hubris:GlazedTorus":24,"Ring of Hypnosis":21,"ReplayTheSpireMod:Ring of Addiction":21,"Oddly Smooth Stone":4,"Pen Nib":15,"Seething Fire":0,"MawBank":4,"Akabeko":8,"White Beast Statue":21,"CaptainsWheel":7,"Anvil of the Gods":0,"hubris:TenFootPole":16,"Membership Card":24,"Grinning Jar":3},{"TwistedFunnel":44,"Snecko Heart":38,"Calipers":68,"SacredBark":70,"Blue Doll":44,"Hammer of Thor":0,"infinitespire:Cubic Diamond":5,"hubris:SlimyHat":49,"hubris:MysteriousPyramids":82,"Boot":77,"hubris:TerracottaHorce":0,"Nunchaku":20,"hubris:Icosahedron":5,"WristBlade":62,"hubris:DeckOfHolding":49,"Ring of the Snake":0,"hubris:GlazedTorus":82,"Ring of Hypnosis":70,"ReplayTheSpireMod:Ring of Addiction":70,"Oddly Smooth Stone":15,"Pen Nib":52,"Seething Fire":0,"MawBank":15,"Akabeko":27,"White Beast Statue":70,"CaptainsWheel":25,"Anvil of the Gods":0,"hubris:TenFootPole":54,"Membership Card":82,"Grinning Jar":12}]},"card_choices":[{"not_picked":["Backflip","ReplayTheSpireMod:The Works"],"picked":"Infinite Blades","floor":1},{"not_picked":["ReplayTheSpireMod:Tripwire","Distraction"],"picked":"Crippling Poison","floor":4},{"not_picked":["Bane","Acrobatics","Deadly Poison"],"picked":"SKIP","floor":6},{"not_picked":["Flying Knee","Caltrops"],"picked":"Backflip","floor":8},{"not_picked":["Riddle With Holes","Concentrate","Unload"],"picked":"SKIP","floor":10},{"not_picked":["Backstab","Masterful Stab"],"picked":"Crippling Poison","floor":11},{"not_picked":["Quick Slash","PiercingWail"],"picked":"Choke","floor":12},{"not_picked":["Backflip","Underhanded Strike","Skewer"],"picked":"SKIP","floor":13},{"not_picked":["Storm of Steel","Tools of the Trade"],"picked":"A Thousand Cuts","floor":16},{"not_picked":["Caltrops+1","Flechettes"],"picked":"Blade Dance+1","floor":18},{"not_picked":["Quick Slash","Hidden Blade"],"picked":"Acrobatics","floor":19},{"not_picked":["Dodge and Roll","Bane","All Out Attack"],"picked":"SKIP","floor":20},{"not_picked":["Riddle With Holes","Fluid Movement","ReplayTheSpireMod:Shiv Toss"],"picked":"SKIP","floor":22},{"not_picked":["Prepared","hubris:SlightOfHand","Underhanded Strike"],"picked":"SKIP","floor":24},{"not_picked":["hubris:TrickCloak+1","Prepared"],"picked":"Corpse Explosion","floor":28},{"not_picked":["Flying Knee","Dagger Throw"],"picked":"Blur+1","floor":30},{"not_picked":["ReplayTheSpireMod:Exploit Weakness","Quick Slash+1","Slice+1"],"picked":"SKIP","floor":31},{"not_picked":["infinitespire:Neurotoxin","Storm of Steel"],"picked":"Adrenaline","floor":33},{"not_picked":["Draining Mist+1","Quick Slash+1"],"picked":"Blade Dance","floor":35},{"not_picked":["Prepared","hubris:Counter+1"],"picked":"Masterful Stab+1","floor":36},{"not_picked":["ReplayTheSpireMod:Shiv Toss","Sneak Up"],"picked":"PiercingWail+1","floor":37},{"not_picked":["ReplayTheSpireMod:Tripwire","Dagger Spray"],"picked":"Distraction+1","floor":39},{"not_picked":["infinitespire:Neurotoxin","Cloak And Dagger","Glass Knife"],"picked":"SKIP","floor":41},{"not_picked":["Cloak And Dagger+1","Dodge and Roll+1"],"picked":"Blade Dance+1","floor":42},{"not_picked":["Deflect+1","Dagger Throw+1"],"picked":"Backstab","floor":46},{"not_picked":["Quick Slash","Dagger Spray"],"picked":"ReplayTheSpireMod:The Works+1","floor":48}],"player_experience":123287,"relics_obtained":[{"floor":6,"key":"Grinning Jar"},{"floor":8,"key":"Oddly Smooth Stone"},{"floor":9,"key":"MawBank"},{"floor":10,"key":"Nunchaku"},{"floor":12,"key":"CaptainsWheel"},{"floor":14,"key":"Akabeko"},{"floor":24,"key":"hubris:SlimyHat"},{"floor":26,"key":"hubris:DeckOfHolding"},{"floor":28,"key":"Pen Nib"},{"floor":30,"key":"hubris:TenFootPole"},{"floor":36,"key":"Calipers"},{"floor":38,"key":"ReplayTheSpireMod:Ring of Addiction"},{"floor":38,"key":"Ring of Hypnosis"},{"floor":38,"key":"SacredBark"},{"floor":38,"key":"White Beast Statue"},{"floor":41,"key":"Boot"},{"floor":43,"key":"hubris:GlazedTorus"}],"event_choices":[{"damage_healed":0,"gold_gain":0,"player_choice":"Got Potions","damage_taken":0,"max_hp_gain":0,"max_hp_loss":0,"event_name":"Lab","floor":29,"gold_loss":0},{"damage_healed":0,"gold_gain":0,"player_choice":"Fight","damage_taken":0,"max_hp_gain":0,"max_hp_loss":0,"event_name":"MindBloom","floor":36,"gold_loss":0},{"damage_healed":0,"gold_gain":0,"player_choice":"Upgraded Two","damage_taken":0,"max_hp_gain":0,"max_hp_loss":0,"event_name":"Designer","floor":47,"gold_loss":40,"cards_upgraded":["Hidden Blade","Pot Of Greed"]}],"is_beta":false,"boss_relics":[{"not_picked":["Empty Cage","Astrolabe"],"picked":"Snecko Heart"},{"not_picked":["Abe\u0027s Treasure","Calling Bell"],"picked":"WristBlade"}],"items_purged_floors":[45],"is_endless":false,"potions_floor_spawned":[4,8,10,12,13,18,20,22,28,35,36,39,41,42,46,48],"ascension_level":1}}