{"host":"tsnif9umxyqokjak","time":1614105813,"event":{"mods":["2.2 Compatiblity","AchievementEnabler","Act Like it!","Arknights","Astrologer","BaseMod","Bestiary","Better Note","Better Skull","Better Third Choice","Better Vampires","Block Reminder","CapriCore","Challenge The Spire","Clockwork Mod","Colored Powertips","Curses Come First","Custom Start","Disable Question Mark Monsters","Displayed Cursed Tome","Downfall","Filter the Spire","Friendly Minions","Hallownest","Hermit","Highlight Path","Marisa????????","Marked Mod","Minty Spire (QoL Compilation)","Quick Restart","Rare Cards Sparkle","Red Circlet Mod","Reimu??????","Remilia??????","Robot Space Explorer","Smile Girya","Spicy Shops","StSLib","The Administrix","The Animator","The Bug Knight","The Construct","The Cursed","The Disciple","The Elementalist","The Gatherer","The Immortal","The Runesmith","The Sage","The Servant 0.9.4","The Spell Scribe","The Valiant","The Wild Card","Unknown Chances","Yakumo Yukari mod"],"gold_per_floor":[210,222,397,10,26,56,56,131,131,142,142,159,159,159,159,255,255,270,4,24,35,35,135,135,135,135],"floor_reached":25,"language":"ENG","playtime":2316,"items_purged":["Doubt"],"score":201,"play_id":"0d76972d-ae9e-41c6-9e33-54bf035e6b3c","local_time":"20210223194333","is_ascension_mode":false,"campfire_choices":[{"data":"ats:Thorns","floor":7.0,"key":"SMITH"},{"data":"ats:Thorns","floor":11,"key":"SMITH"},{"data":"ats:Armor Crushing Shot","floor":13,"key":"SMITH"},{"data":"ats:Sashimi Platter","floor":15,"key":"SMITH"},{"data":"MokouMod:ScorchedEarth","floor":24,"key":"SMITH"}],"circlet_count":0,"master_deck":["ats:Strike C","ats:Strike G","ats:Strike S","ats:Strike V","ats:Armor Crushing Shot+1","ats:Defend","ats:Defend","ats:Defend","ats:Defend","ats:Emotion Absorption","ats:Leaping Hammer","ats:Thorns+1","ats:Sashimi Platter+1","ats:Hammer On","ats:Sunburst","ats:Thorns+1","ats:Cat Scratch","ats:Flexible Camouflage","ats:Soul Rend","ats:Thermite Blade","ats:Burning Ground","ats:Ignite","ats:Spore Proliferation","MokouMod:ScorchedEarth+1"],"relics":["ats:Sanity","Membership Card","Omamori","ats:Originium","Unceasing Top","StoneCalendar","YidongShenshe:ReiMu","SlaversCollar","Bottled Tornado","ats:Military Tradition"],"acts_visited":["Exordium","TheCity"],"potions_floor_usage":[20,20,21,25],"damage_taken":[{"damage":11.0,"enemies":"2 Louse","floor":1.0,"turns":3.0},{"damage":6.0,"enemies":"Cultist","floor":2.0,"turns":3.0},{"damage":4.0,"enemies":"Small Slimes","floor":5.0,"turns":4.0},{"damage":18.0,"enemies":"Lagavulin","floor":6.0,"turns":6.0},{"damage":7,"enemies":"Red Slaver","floor":10,"turns":4},{"damage":1,"enemies":"Exordium Wildlife","floor":12,"turns":4},{"damage":33,"enemies":"The Guardian","floor":16,"turns":9},{"damage":43,"enemies":"Shell Parasite","floor":18,"turns":6},{"damage":26,"enemies":"2 Thieves","floor":20,"turns":5},{"damage":44,"enemies":"Shelled Parasite and Fungi","floor":21,"turns":6},{"damage":23,"enemies":"Chosen and Byrds","floor":25,"turns":4}],"seed_played":"359202111393785584","potions_obtained":[{"floor":1.0,"key":"sneckomod:MuddlingPotion"},{"floor":5.0,"key":"Strength Potion"},{"floor":16,"key":"SteroidPotion"}],"is_trial":false,"path_per_floor":["M","M","?","$","M","E","R","?","T","M","R","M","R","?","R","B",null,"M","$","M","M","?","?","R","M"],"character_chosen":"DOCTOR_CLASS","items_purchased":["Membership Card","ats:Sashimi Platter","ats:Hammer On","Omamori","Bottled Tornado","ats:Burning Ground","ats:Military Tradition","Block Potion"],"campfire_rested":0,"item_purchase_floors":[4,4,4,4,19,19,19,19],"current_hp_per_floor":[61,55,55,55,67,64,64,57,57,50,50,55,55,55,55,42,72,48,48,38,14,14,14,14,0,0],"gold":135,"neow_bonus":"HUNDRED_GOLD","is_daily":false,"chose_seed":false,"campfire_upgraded":5,"win_rate":0.0,"timestamp":1614105813,"path_taken":["M","M","?","$","M","E","R","?","T","?","R","M","R","?","R","BOSS","M","$","M","M","?","?","R","?"],"items_purchased_type":["Relic","Card","Card","Relic","Relic","Card","Relic","Potion"],"build_version":"2020-12-22","purchased_purges":1,"victory":false,"max_hp_per_floor":[72,72,72,72,72,72,72,72,72,72,72,72,72,72,72,72,72,72,72,72,72,72,72,72,72,72],"card_choices":[{"not_picked":["ats:Phantom","ats:Assault Order"],"picked":"ats:Leaping Hammer","floor":1.0},{"not_picked":["ats:Ignite","ats:Neurotoxin"],"picked":"ats:Thorns","floor":2.0},{"not_picked":["ats:Guard Mode","ats:Flame Of Heaven"],"picked":"ats:Sunburst","floor":5.0},{"not_picked":["ats:LN2 Cannon","ats:Blood Oath"],"picked":"ats:Thorns","floor":6.0},{"not_picked":["ats:Poison Spread","ats:Revitalization"],"picked":"ats:Cat Scratch","floor":10},{"not_picked":["ats:Closed Bolt Burst Fire","ats:Counter Healing Mode"],"picked":"ats:Flexible Camouflage","floor":12},{"not_picked":["ats:Nebulous Foxfire","ats:Wolf Pack"],"picked":"ats:Soul Rend","floor":16},{"not_picked":["ats:Beaten Up+1","ats:Cat Scratch"],"picked":"ats:Thermite Blade","floor":18},{"not_picked":["ats:Curse Doll","ats:Flexible Camouflage+1"],"picked":"ats:Ignite","floor":20},{"not_picked":["ats:Absolute Focus","ats:Closed Bolt Burst Fire+1"],"picked":"ats:Spore Proliferation","floor":21}],"player_experience":730403,"relics_obtained":[{"floor":6.0,"key":"ats:Originium"},{"floor":6.0,"key":"Unceasing Top"},{"floor":9,"key":"StoneCalendar"}],"event_choices":[{"damage_healed":0.0,"max_hp_gain":0.0,"max_hp_loss":0.0,"gold_gain":175.0,"event_name":"betterThird:BetterSerpent","player_choice":"AGREE","floor":3.0,"gold_loss":0.0,"damage_taken":222.0},{"damage_healed":0,"gold_gain":75,"player_choice":"Touch","damage_taken":7,"max_hp_gain":0,"max_hp_loss":0,"event_name":"FaceTrader","floor":8,"gold_loss":0},{"damage_healed":0,"gold_gain":0,"player_choice":"Take Tiny Shrine away","damage_taken":0,"relics_obtained":["YidongShenshe:ReiMu"],"max_hp_gain":0,"max_hp_loss":0,"event_name":"yidonshenshe","floor":14,"gold_loss":0,"cards_obtained":["Poor:ReiMu"]},{"cards_removed":["ats:Sashimi Platter"],"damage_healed":0,"gold_gain":0,"player_choice":"Take \u0026 Give","damage_taken":0,"max_hp_gain":0,"max_hp_loss":0,"event_name":"betterNote:BetterNote","floor":22,"gold_loss":0,"cards_obtained":["MokouMod:ScorchedEarth"]},{"damage_healed":0,"gold_gain":100,"player_choice":"Pray","damage_taken":0,"max_hp_gain":0,"max_hp_loss":0,"event_name":"Golden Shrine","floor":23,"gold_loss":0}],"is_beta":false,"boss_relics":[{"not_picked":["bronze:MakeshiftBattery","Runic Pyramid"],"picked":"SlaversCollar"}],"items_purged_floors":[4],"is_endless":false,"potions_floor_spawned":[1,5,16],"killed_by":"Chosen and Byrds","ascension_level":0}}