{"host":"rw1trt79hfpl7pom","time":1614084668,"event":{"mods":["BaseMod","Bestiary","Colored Map","Jorbs\u0027s Wanderer Trilogy","Minty Spire (QoL Compilation)","Relic Stats","StSLib","SuperFastMode"],"gold_per_floor":[111,29,29,29,29,63,63,97,120,148,159,190,265,300,300,371,371,387,399,449,449,516,516,555,588,636,576,606,674,714,736,736,829,829,847,877,927,964,1040,1098,1204,1324,1378,1378,1428,1353,1413,808,808,858,883,883,883,812,867,872],"floor_reached":57,"language":"ENG","playtime":6746,"items_purged":["Pain","stsjorbsmod:Strike_Wanderer"],"score":3233,"play_id":"0cc0ed0e-e918-40d3-813b-7ce2494d7fb9","local_time":"20210223045108","is_ascension_mode":true,"campfire_choices":[{"data":"stsjorbsmod:RayOfFrost","floor":7.0,"key":"SMITH"},{"data":"stsjorbsmod:DisguiseSelf","floor":15.0,"key":"SMITH"},{"floor":23,"key":"REST"},{"data":"stsjorbsmod:Prestidigitation","floor":32,"key":"SMITH"},{"floor":44,"key":"RECALL"},{"data":"stsjorbsmod:RefuseToForget","floor":49,"key":"SMITH"},{"data":"stsjorbsmod:ThirstingSword","floor":53,"key":"SMITH"}],"circlet_count":0,"master_deck":["AscendersBane","stsjorbsmod:ForbiddenGrimoire+1","stsjorbsmod:Strike_Wanderer+1","stsjorbsmod:Defend_Wanderer","stsjorbsmod:Defend_Wanderer+1","stsjorbsmod:Defend_Wanderer","stsjorbsmod:FreshAdventure+1","stsjorbsmod:EyeOfTheStorm+1","stsjorbsmod:DisguiseSelf+1","stsjorbsmod:RayOfFrost+1","stsjorbsmod:Mindworm+1","stsjorbsmod:LoseGrip+1","stsjorbsmod:SmithingStrike","stsjorbsmod:RefuseToForget+1","stsjorbsmod:Stalwart+1","stsjorbsmod:DeathThroes","stsjorbsmod:Message+1","stsjorbsmod:Prestidigitation+1","stsjorbsmod:Mania+1","stsjorbsmod:Index+1","stsjorbsmod:ArcaneWeapon+1","stsjorbsmod:BookOfTongues","stsjorbsmod:OldPocket+1","stsjorbsmod:WanderingMind+1","stsjorbsmod:WanderingMind+1","stsjorbsmod:SiphonEnergy+1","stsjorbsmod:MagicMissiles+1","stsjorbsmod:Message+1","Finesse+1","HandOfGreed","Master of Strategy+1","stsjorbsmod:DoubleCheck+1","stsjorbsmod:ScorchingRay+1","stsjorbsmod:ThirstingSword+1","stsjorbsmod:MirrorImage+1","Secret Technique+1","stsjorbsmod:TinyHut"],"relics":["stsjorbsmod:GrimoireRelic","NeowsBlessing","Blood Vial","HornCleat","Dream Catcher","Strawberry","Toxic Egg 2","SlaversCollar","SsserpentHead","Bottled Lightning","Boot","Incense Burner","Matryoshka","Coffee Dripper","Centennial Puzzle","Art of War","Eternal Feather","stsjorbsmod:MindPalaceRelic","PreservedInsect","MealTicket","WarpedTongs","CeramicFish","Frozen Eye","Mango"],"acts_visited":["Exordium","TheCity","TheBeyond","TheEnding"],"potions_floor_usage":[25,31,56],"damage_taken":[{"damage":0.0,"enemies":"2 Louse","floor":1.0,"turns":1.0},{"damage":0.0,"enemies":"Lagavulin","floor":6.0,"turns":1.0},{"damage":0.0,"enemies":"Gremlin Nob","floor":8.0,"turns":2.0},{"damage":15.0,"enemies":"Lagavulin","floor":10.0,"turns":6.0},{"damage":3.0,"enemies":"Small Slimes","floor":11.0,"turns":3.0},{"damage":6.0,"enemies":"3 Sentries","floor":12.0,"turns":7.0},{"damage":21.0,"enemies":"Lagavulin","floor":14.0,"turns":6.0},{"damage":22.0,"enemies":"The Guardian","floor":16.0,"turns":11.0},{"damage":12.0,"enemies":"Chosen","floor":18.0,"turns":5.0},{"damage":16.0,"enemies":"Spheric Guardian","floor":19.0,"turns":5.0},{"damage":8.0,"enemies":"Snake Plant","floor":22.0,"turns":5.0},{"damage":7,"enemies":"Centurion and Healer","floor":24,"turns":6},{"damage":0,"enemies":"Gremlin Leader","floor":25,"turns":5},{"damage":18,"enemies":"Book of Stabbing","floor":28,"turns":4},{"damage":6,"enemies":"Sentry and Sphere","floor":29,"turns":5},{"damage":0,"enemies":"Gremlin Leader","floor":30,"turns":3},{"damage":14,"enemies":"Cultist and Chosen","floor":31,"turns":6},{"damage":0,"enemies":"Automaton","floor":33,"turns":6},{"damage":2,"enemies":"Orb Walker","floor":35,"turns":3},{"damage":0,"enemies":"3 Shapes","floor":36,"turns":5},{"damage":0,"enemies":"3 Darklings","floor":38,"turns":5},{"damage":0,"enemies":"Giant Head","floor":40,"turns":3},{"damage":10,"enemies":"4 Shapes","floor":41,"turns":3},{"damage":0,"enemies":"Mind Bloom Boss Battle","floor":42,"turns":5},{"damage":0,"enemies":"Nemesis","floor":47,"turns":3},{"damage":28,"enemies":"Awakened One","floor":50,"turns":6},{"damage":2,"enemies":"Donu and Deca","floor":51,"turns":4},{"damage":49,"enemies":"Shield and Spear","floor":55,"turns":7},{"damage":28,"enemies":"The Heart","floor":56,"turns":6}],"seed_played":"7449578261803331377","potions_obtained":[{"floor":10.0,"key":"ColorlessPotion"},{"floor":11.0,"key":"GamblersBrew"},{"floor":22,"key":"SkillPotion"},{"floor":29,"key":"Explosive Potion"},{"floor":30,"key":"stsjorbsmod:LiquidVirtue"},{"floor":40,"key":"DuplicationPotion"},{"floor":47,"key":"LiquidMemories"}],"is_trial":false,"path_per_floor":["M","$","?","?","$","E","R","E","T","E","M","E","?","E","R","B",null,"M","M","?","?","M","R","M","E","T","?","E","M","E","M","R","B",null,"M","M","?","M","T","E","M","?","T","R","?","$","E","$","R","B","B",null,"R","$","E","B",null],"character_chosen":"WANDERER","items_purchased":["Fire Potion","stsjorbsmod:RayOfFrost","stsjorbsmod:MirrorImage+1","Frozen Eye","Secret Technique+1","stsjorbsmod:TinyHut"],"campfire_rested":1,"item_purchase_floors":[2,2,48,48,48,54],"current_hp_per_floor":[58,58,51,51,51,52,52,55,55,45,45,56,45,31,31,11,62,53,41,41,41,39,62,60,65,65,65,52,50,55,46,46,53,73,76,79,69,75,75,79,71,77,77,79,79,79,79,79,79,59,63,77,81,81,95,75],"gold":872,"neow_bonus":"THREE_ENEMY_KILL","is_daily":false,"chose_seed":false,"campfire_upgraded":5,"win_rate":0.0,"timestamp":1614084668,"path_taken":["M","$","?","?","$","E","R","E","T","E","M","E","?","E","R","BOSS","M","M","?","?","?","R","M","E","T","?","E","?","E","M","R","BOSS","M","M","?","M","?","E","?","?","T","R","?","$","E","$","R","BOSS","BOSS","R","$","E","BOSS"],"items_purchased_type":["Potion","Card","Card","Relic","Card","Card"],"build_version":"2020-12-22","purchased_purges":2,"victory":true,"max_hp_per_floor":[64,64,64,64,64,64,64,64,64,64,64,77,77,79,79,79,79,79,79,79,79,79,79,79,79,79,79,79,79,79,79,79,79,79,79,79,79,79,79,79,79,79,79,79,79,79,79,79,79,81,81,81,81,81,95,97],"relic_stats":{"counters":[30,138],"CeramicFish":36,"Eternal Feather":6,"PreservedInsect":127,"Boot":[14],"WarpedTongs":[21],"Blood Vial":46,"SsserpentHead":400,"Dream Catcher":1,"Centennial Puzzle":[15],"MealTicket":0,"Art of War":[7],"obtain_stats":[{"NeowsBlessing":0,"CeramicFish":47,"stsjorbsmod:GrimoireRelic":0,"Eternal Feather":40,"Mango":55,"PreservedInsect":43,"Incense Burner":28,"stsjorbsmod:MindPalaceRelic":42,"Boot":26,"WarpedTongs":45,"Blood Vial":6,"SlaversCollar":17,"SsserpentHead":21,"Frozen Eye":48,"Dream Catcher":10,"Centennial Puzzle":39,"HornCleat":8,"Matryoshka":30,"Strawberry":12,"MealTicket":43,"Coffee Dripper":34,"Art of War":39,"Bottled Lightning":25,"Toxic Egg 2":14},{"NeowsBlessing":0,"CeramicFish":26,"stsjorbsmod:GrimoireRelic":0,"Eternal Feather":23,"Mango":29,"PreservedInsect":25,"Incense Burner":15,"stsjorbsmod:MindPalaceRelic":25,"Boot":14,"WarpedTongs":25,"Blood Vial":2,"SlaversCollar":8,"SsserpentHead":10,"Frozen Eye":26,"Dream Catcher":4,"Centennial Puzzle":22,"HornCleat":3,"Matryoshka":17,"Strawberry":6,"MealTicket":25,"Coffee Dripper":19,"Art of War":22,"Bottled Lightning":14,"Toxic Egg 2":7},{"NeowsBlessing":0,"CeramicFish":115,"stsjorbsmod:GrimoireRelic":0,"Eternal Feather":104,"Mango":132,"PreservedInsect":112,"Incense Burner":68,"stsjorbsmod:MindPalaceRelic":112,"Boot":64,"WarpedTongs":112,"Blood Vial":2,"SlaversCollar":37,"SsserpentHead":47,"Frozen Eye":115,"Dream Catcher":10,"Centennial Puzzle":101,"HornCleat":4,"Matryoshka":76,"Strawberry":20,"MealTicket":112,"Coffee Dripper":88,"Art of War":101,"Bottled Lightning":64,"Toxic Egg 2":26}]},"card_choices":[{"not_picked":["stsjorbsmod:Channel","stsjorbsmod:LocateObject"],"picked":"stsjorbsmod:DisguiseSelf","floor":1.0},{"not_picked":["stsjorbsmod:Fear","stsjorbsmod:BlackTentacles","stsjorbsmod:DoubleCheck"],"picked":"SKIP","floor":6.0},{"not_picked":["stsjorbsmod:Will","stsjorbsmod:LocateObject"],"picked":"stsjorbsmod:LoseGrip","floor":8.0},{"not_picked":["stsjorbsmod:MagicMirror","stsjorbsmod:ChatteringStrike"],"picked":"stsjorbsmod:SmithingStrike","floor":10.0},{"not_picked":["stsjorbsmod:UnseenServant","stsjorbsmod:Prepare","stsjorbsmod:HedgeWizard"],"picked":"SKIP","floor":11.0},{"not_picked":["stsjorbsmod:Materialize","stsjorbsmod:UnseenServant"],"picked":"stsjorbsmod:RefuseToForget","floor":12.0},{"not_picked":["stsjorbsmod:MagicMirror","stsjorbsmod:Introspection"],"picked":"stsjorbsmod:Stalwart+1","floor":14.0},{"not_picked":["stsjorbsmod:Rediscovery","stsjorbsmod:Fireball"],"picked":"stsjorbsmod:DeathThroes","floor":16.0},{"not_picked":["stsjorbsmod:ChainLightning","stsjorbsmod:Stalwart+1","stsjorbsmod:ColorSpray"],"picked":"SKIP","floor":18.0},{"not_picked":["stsjorbsmod:Firebolt","stsjorbsmod:DoubleCheck+1"],"picked":"stsjorbsmod:Message+1","floor":19.0},{"not_picked":["stsjorbsmod:RayOfFrost","stsjorbsmod:MagicMissiles"],"picked":"stsjorbsmod:Prestidigitation","floor":22},{"not_picked":["stsjorbsmod:MagicMirror","stsjorbsmod:UnseenServant+1"],"picked":"stsjorbsmod:Mania+1","floor":23},{"not_picked":["stsjorbsmod:FranticSearch+1","stsjorbsmod:Will+1"],"picked":"stsjorbsmod:Index+1","floor":24},{"not_picked":["stsjorbsmod:UnseenServant+1","stsjorbsmod:Prepare+1"],"picked":"stsjorbsmod:ArcaneWeapon+1","floor":25},{"not_picked":["stsjorbsmod:Fireball","stsjorbsmod:Index+1"],"picked":"stsjorbsmod:BookOfTongues","floor":28},{"not_picked":["stsjorbsmod:WeightOfMemory+1","stsjorbsmod:TrueStrike"],"picked":"stsjorbsmod:OldPocket+1","floor":29},{"not_picked":["stsjorbsmod:UnseenServant+1","stsjorbsmod:OldPocket+1"],"picked":"stsjorbsmod:WanderingMind+1","floor":30},{"not_picked":["stsjorbsmod:WeightOfMemory","stsjorbsmod:ArcaneWeapon"],"picked":"stsjorbsmod:WanderingMind+1","floor":31},{"not_picked":["stsjorbsmod:Banish+1","stsjorbsmod:Trauma"],"picked":"stsjorbsmod:SiphonEnergy+1","floor":33},{"not_picked":["stsjorbsmod:DoubleCheck+1","stsjorbsmod:ScorchingRay+1"],"picked":"stsjorbsmod:MagicMissiles","floor":35},{"not_picked":["stsjorbsmod:DoubleCheck+1","stsjorbsmod:Prestidigitation"],"picked":"stsjorbsmod:Message+1","floor":36},{"not_picked":["Bandage Up+1","Chrysalis+1"],"picked":"Finesse+1","floor":37},{"not_picked":["Bandage Up+1","Transmutation+1"],"picked":"HandOfGreed","floor":37},{"not_picked":["Sadistic Nature","Blind+1"],"picked":"Master of Strategy+1","floor":37},{"not_picked":["stsjorbsmod:FracturedMind","stsjorbsmod:Hibernate+1"],"picked":"stsjorbsmod:DoubleCheck+1","floor":38},{"not_picked":["stsjorbsmod:FranticSearch+1","stsjorbsmod:WeightOfMemory","stsjorbsmod:FracturedMind+1"],"picked":"SKIP","floor":40},{"not_picked":["stsjorbsmod:TrueStrike","stsjorbsmod:Hibernate+1","stsjorbsmod:SmithingStrike"],"picked":"SKIP","floor":41},{"not_picked":["stsjorbsmod:FracturedMind","stsjorbsmod:MageArmor+1"],"picked":"stsjorbsmod:ScorchingRay+1","floor":42},{"not_picked":["stsjorbsmod:Index+1","stsjorbsmod:BlackTentacles"],"picked":"stsjorbsmod:ThirstingSword","floor":47},{"not_picked":["stsjorbsmod:TrueStrike","stsjorbsmod:DeathThroes","stsjorbsmod:ChainLightning"],"picked":"SKIP","floor":55},{"not_picked":["stsjorbsmod:TrueStrike","stsjorbsmod:DeathThroes","stsjorbsmod:ChainLightning"],"picked":"SKIP","floor":55},{"not_picked":["stsjorbsmod:TrueStrike","stsjorbsmod:DeathThroes","stsjorbsmod:ChainLightning"],"picked":"SKIP","floor":55}],"player_experience":2879615,"relics_obtained":[{"floor":6.0,"key":"Blood Vial"},{"floor":8.0,"key":"HornCleat"},{"floor":10.0,"key":"Dream Catcher"},{"floor":12.0,"key":"Strawberry"},{"floor":14.0,"key":"Toxic Egg 2"},{"floor":25,"key":"Bottled Lightning"},{"floor":26,"key":"Boot"},{"floor":28,"key":"Incense Burner"},{"floor":30,"key":"Matryoshka"},{"floor":39,"key":"Centennial Puzzle"},{"floor":39,"key":"Art of War"},{"floor":40,"key":"Eternal Feather"},{"floor":42,"key":"stsjorbsmod:MindPalaceRelic"},{"floor":43,"key":"PreservedInsect"},{"floor":43,"key":"MealTicket"},{"floor":47,"key":"CeramicFish"},{"floor":55,"key":"Mango"}],"event_choices":[{"cards_removed":["stsjorbsmod:Strike_Wanderer"],"damage_healed":0.0,"max_hp_gain":0.0,"max_hp_loss":0.0,"gold_gain":0.0,"event_name":"Golden Wing","player_choice":"Card Removal","floor":3.0,"gold_loss":0.0,"damage_taken":7.0},{"damage_healed":0.0,"max_hp_gain":0.0,"max_hp_loss":0.0,"gold_gain":0.0,"cards_transformed":["stsjorbsmod:Defend_Wanderer"],"event_name":"Living Wall","player_choice":"Change","floor":4.0,"gold_loss":0.0,"damage_taken":0.0,"cards_obtained":["stsjorbsmod:Mindworm"]},{"damage_healed":0.0,"max_hp_gain":0.0,"max_hp_loss":0.0,"gold_gain":75.0,"event_name":"World of Goop","player_choice":"Gather Gold","floor":13.0,"gold_loss":0.0,"damage_taken":11.0},{"damage_healed":0.0,"max_hp_gain":0.0,"max_hp_loss":0.0,"gold_gain":50.0,"event_name":"Nest","player_choice":"Stole From Cult","floor":20.0,"gold_loss":0.0,"damage_taken":0.0},{"damage_healed":0.0,"max_hp_gain":0.0,"max_hp_loss":0.0,"gold_gain":0.0,"event_name":"FaceTrader","player_choice":"Trade","floor":21.0,"gold_loss":0.0,"damage_taken":0.0,"relics_obtained":["SsserpentHead"]},{"cards_removed":["stsjorbsmod:Strike_Wanderer"],"damage_healed":0,"gold_gain":0,"player_choice":"Upgrade and Remove","damage_taken":0,"max_hp_gain":0,"max_hp_loss":0,"event_name":"Designer","floor":27,"gold_loss":110,"cards_upgraded":["stsjorbsmod:LoseGrip"]},{"damage_healed":0,"gold_gain":0,"player_choice":"Memory 3","damage_taken":10,"max_hp_gain":0,"max_hp_loss":0,"event_name":"SensoryStone","floor":37,"gold_loss":0},{"damage_healed":0,"gold_gain":0,"player_choice":"Fight","damage_taken":0,"max_hp_gain":0,"max_hp_loss":0,"event_name":"MindBloom","floor":42,"gold_loss":0},{"damage_healed":0,"gold_gain":0,"player_choice":"Rummage","damage_taken":0,"relics_obtained":["WarpedTongs"],"max_hp_gain":0,"max_hp_loss":0,"event_name":"Accursed Blacksmith","floor":45,"gold_loss":0,"cards_obtained":["Pain"]}],"is_beta":false,"boss_relics":[{"not_picked":["SacredBark","Snecko Eye"],"picked":"SlaversCollar"},{"not_picked":["Pandora\u0027s Box","Empty Cage"],"picked":"Coffee Dripper"}],"items_purged_floors":[46,48],"is_endless":false,"potions_floor_spawned":[10,11,12,22,24,29,30,40,41,47],"ascension_level":20}}