{"host":"fm9e0lfunjlbhzxv","time":1614059293,"event":{"mods":["Alarm Clock","BaseMod","Bestiary","Better Match","Better Skull","Better Third Choice","Colored Map","Colored Powertips","Downfall","Good Game Mod","Key Reminder","Minty Spire (QoL Compilation)","Permanent Neow","Random Character Button","Rare Cards Sparkle","Relic Stats","Spire Arcade","StSLib","slay the spire mod where everything is the same but ironclad has a cowboy hat"],"gold_per_floor":[99,112,131,131,145,177,177,77,62,90,109,172,192,352,363,462,462,462,562,146,146,159,159,159,259,286,86,195,195,225,242,253,358,358,358,370,423,441,491,502,502,0,26,26,60,60,73,26,40,40,40,40,40,40],"floor_reached":52,"language":"ENG","playtime":5206,"items_purged":["hexamod:Defend","hexamod:Defend"],"score":873,"play_id":"23c916d2-9fab-4bf5-a0a8-3bd24e773b1a","local_time":"20210222214813","is_ascension_mode":false,"campfire_choices":[{"floor":1,"key":"RECALL"},{"data":"hexamod:ApocalypticArmor","floor":8,"key":"SMITH"},{"floor":18,"key":"REST"},{"floor":23,"key":"REST"},{"floor":27,"key":"REST"},{"floor":29,"key":"REST"},{"floor":35,"key":"REST"},{"floor":46,"key":"REST"}],"circlet_count":0,"master_deck":["hexamod:Strike","hexamod:Strike","hexamod:Strike","hexamod:Strike","hexamod:Defend","hexamod:Defend","hexamod:Sear","hexamod:Float","Seek","hexamod:Hexaguard","hexamod:ExtraCrispy","hexamod:ChargedBarrage","hexamod:ApocalypticArmor+1","hexamod:HeatMetal","hexamod:StepThrough","hexamod:PhantomCloak","hexamod:WildfireWeapon","hexamod:SpectersWail","hexamod:GhostOfSpirePresent","hexamod:SoulSteal","hexamod:RainOfEmbers","hexamod:NecessarySacrifice+1","Dark Shackles","hexamod:ShieldOfDarkness+1","hexamod:FirstSeal","hexamod:FastForward+1","hexamod:VolcanoVisage","hexamod:Incineration+1","hexamod:SuperheatedStrike+1","hexamod:GhostOfSpirePresent","Dark Shackles","hexamod:NightmareGuise+1","hexamod:HauntingEcho+1","hexamod:Hexaguard","hexamod:FastForward","hexamod:StepThrough"],"relics":["REME:ComplimentaryCards","expansioncontent:StudyCardRelic","downfall:BrokenWingStatue","Pocketwatch","Bottled Lightning","downfall:HeartBlessingRed","Odd Mushroom","hexamod:BolsterEngine","Fusion Hammer","TungstenRod","StrikeDummy","Guardian:BottledAnomaly","Gremlin Horn","MutagenicStrength","Mercury Hourglass","downfall:HeartBlessingGreen","downfall:HeartBlessingBlue","Pantograph","Empty Cage","Boot","champ:DuelingGlove","Blue Candle","Incense Burner","Ornamental Fan","Slimebound:PreparedRelic"],"acts_visited":["Exordium","TheCity","TheBeyond","TheEnding"],"potions_floor_usage":[16,16,28,30,39],"damage_taken":[{"damage":1,"enemies":"Jaw Worm","floor":2,"turns":2},{"damage":0,"enemies":"2 Louse","floor":3,"turns":2},{"damage":0,"enemies":"Small Slimes","floor":5,"turns":3},{"damage":26,"enemies":"3 Sentries","floor":6,"turns":10},{"damage":5,"enemies":"downfall:FleeingMerchant","floor":9,"turns":4},{"damage":8,"enemies":"The Mushroom Lair","floor":10,"turns":4},{"damage":8,"enemies":"Exordium Thugs","floor":11,"turns":4},{"damage":15,"enemies":"Lagavulin Event","floor":12,"turns":4},{"damage":1,"enemies":"2 Fungi Beasts","floor":13,"turns":3},{"damage":0,"enemies":"Red Slaver","floor":15,"turns":4},{"damage":1,"enemies":"WA_ARCHETYPE_RETAIN","floor":16,"turns":6},{"damage":0,"enemies":"DF_ARCHETYPE_STREAMLINE","floor":19,"turns":4},{"damage":3,"enemies":"downfall:FleeingMerchant","floor":20,"turns":4},{"damage":0,"enemies":"Shell Parasite","floor":22,"turns":3},{"damage":10,"enemies":"Gremlin Leader","floor":26,"turns":6},{"damage":10,"enemies":"downfall:FleeingMerchant","floor":28,"turns":4},{"damage":23,"enemies":"Slavers","floor":30,"turns":3},{"damage":0,"enemies":"3 Byrds","floor":31,"turns":3},{"damage":12,"enemies":"Centurion and Healer","floor":32,"turns":4},{"damage":32,"enemies":"IC_MUSHROOM_ARCHETYPE","floor":33,"turns":7},{"damage":0,"enemies":"Orb Walker","floor":36,"turns":3},{"damage":0,"enemies":"3 Shapes","floor":38,"turns":2},{"damage":32,"enemies":"3 Shapes","floor":39,"turns":4},{"damage":0,"enemies":"Transient","floor":40,"turns":6},{"damage":26,"enemies":"Giant Head","floor":43,"turns":8},{"damage":2,"enemies":"Reptomancer","floor":45,"turns":4},{"damage":0,"enemies":"Sphere and 2 Shapes","floor":47,"turns":3},{"damage":0,"enemies":"Maw","floor":49,"turns":7},{"damage":18,"enemies":"SI_POISON_ARCHETYPE","floor":50,"turns":8},{"damage":90,"enemies":"downfall:CharBossMerchant","floor":52,"turns":8}],"seed_played":"-8885078283668642643","potions_obtained":[{"floor":2,"key":"LiquidBronze"},{"floor":5,"key":"Slimebound:ThreeZeroPotion"},{"floor":11,"key":"SteroidPotion"},{"floor":13,"key":"GamblersBrew"},{"floor":14,"key":"Ancient Potion"},{"floor":16,"key":"Strength Potion"},{"floor":26,"key":"Swift Potion"},{"floor":30,"key":"Dexterity Potion"},{"floor":36,"key":"Swift Potion"},{"floor":43,"key":"hexamod:SoulburnPotion"}],"is_trial":false,"path_per_floor":["R","M","M","?","M","E","T","R","$","?","M","?","M","?","M","B",null,"R","?","$","?","M","R","T","?","E","R","$","R","E","M","M","B",null,"R","M","T","M","?","M","T","$","E","?","E","R","M","$","M","B",null,"E"],"character_chosen":"THE_SPIRIT","items_purchased":["Guardian:BottledAnomaly","Gremlin Horn","Swift Potion","Dark Shackles","Incense Burner","Dark Shackles","hexamod:FastForward"],"campfire_rested":6,"item_purchase_floors":[20,20,28,28,42,42,48],"current_hp_per_floor":[70,69,69,69,69,43,43,43,38,30,22,7,6,6,6,5,70,70,70,67,67,67,70,70,70,60,80,70,80,57,57,52,45,80,80,80,80,80,55,62,62,62,43,43,48,72,72,72,79,62,80,0,0,0],"gold":40,"neow_bonus":"BOSS_RELIC","is_daily":false,"chose_seed":false,"campfire_upgraded":1,"win_rate":0.0,"timestamp":1614059293,"path_taken":["R","M","M","?","M","E","T","R","$","?","M","?","M","?","M","BOSS","R","?","$","?","M","R","T","?","E","R","$","R","E","M","M","BOSS","R","M","?","M","?","M","T","$","E","?","E","R","M","?","M","BOSS","E"],"items_purchased_type":["Relic","Relic","Potion","Card","Relic","Card","Card"],"build_version":"2020-12-22","purchased_purges":2,"victory":false,"max_hp_per_floor":[70,70,70,70,70,70,70,70,70,70,70,70,70,70,70,70,70,70,70,70,70,70,70,70,70,70,80,80,80,80,80,80,80,80,80,80,80,80,80,80,80,80,80,80,80,80,80,80,80,80,80,80,80,80],"relic_stats":{"Gremlin Horn":[21,21],"counters":[30,135],"Ornamental Fan":[28],"Pantograph":26,"Blue Candle":[0],"Boot":[14],"obtain_stats":[{"champ:DuelingGlove":39,"Gremlin Horn":20,"downfall:HeartBlessingGreen":27,"expansioncontent:StudyCardRelic":0,"Incense Burner":42,"Empty Cage":34,"Boot":37,"downfall:BrokenWingStatue":4,"downfall:HeartBlessingBlue":27,"Pantograph":30,"Fusion Hammer":17,"Guardian:BottledAnomaly":20,"hexamod:SpiritBrand":0,"downfall:HeartBlessingRed":8,"Blue Candle":41,"Odd Mushroom":10,"Mercury Hourglass":26,"keyreminder:keyreminder":1,"REME:ComplimentaryCards":0,"Ornamental Fan":43,"MutagenicStrength":21,"Slimebound:PreparedRelic":45,"Bottled Lightning":7,"hexamod:BolsterEngine":12,"StrikeDummy":19,"TungstenRod":19,"Pocketwatch":6},{"champ:DuelingGlove":23,"Gremlin Horn":13,"downfall:HeartBlessingGreen":15,"expansioncontent:StudyCardRelic":0,"Incense Burner":24,"Empty Cage":20,"Boot":21,"downfall:BrokenWingStatue":2,"downfall:HeartBlessingBlue":15,"Pantograph":17,"Fusion Hammer":11,"Guardian:BottledAnomaly":13,"hexamod:SpiritBrand":0,"downfall:HeartBlessingRed":4,"Blue Candle":24,"Odd Mushroom":6,"Mercury Hourglass":15,"keyreminder:keyreminder":0,"REME:ComplimentaryCards":0,"Ornamental Fan":25,"MutagenicStrength":13,"Slimebound:PreparedRelic":26,"Bottled Lightning":4,"hexamod:BolsterEngine":7,"StrikeDummy":12,"TungstenRod":12,"Pocketwatch":4},{"champ:DuelingGlove":92,"Gremlin Horn":54,"downfall:HeartBlessingGreen":63,"expansioncontent:StudyCardRelic":0,"Incense Burner":98,"Empty Cage":84,"Boot":86,"downfall:BrokenWingStatue":4,"downfall:HeartBlessingBlue":63,"Pantograph":70,"Fusion Hammer":46,"Guardian:BottledAnomaly":54,"hexamod:SpiritBrand":0,"downfall:HeartBlessingRed":17,"Blue Candle":98,"Odd Mushroom":25,"Mercury Hourglass":63,"keyreminder:keyreminder":0,"REME:ComplimentaryCards":0,"Ornamental Fan":106,"MutagenicStrength":54,"Slimebound:PreparedRelic":110,"Bottled Lightning":17,"hexamod:BolsterEngine":29,"StrikeDummy":50,"TungstenRod":50,"Pocketwatch":17}],"TungstenRod":42,"Pocketwatch":[30],"Mercury Hourglass":[273]},"card_choices":[{"not_picked":["hexamod:NightmareGuise","hexamod:GhostOfSpireFuture"],"picked":"hexamod:Hexaguard","floor":2},{"not_picked":["hexamod:HeatMetal","hexamod:Hexaguard"],"picked":"hexamod:ExtraCrispy","floor":3},{"not_picked":["hexamod:HauntingEcho","hexamod:RetreatToShadows"],"picked":"hexamod:ChargedBarrage","floor":5},{"not_picked":["hexamod:ShieldOfDarkness","hexamod:Incineration"],"picked":"hexamod:ApocalypticArmor","floor":6},{"not_picked":["hexamod:BurningTouch","hexamod:ShieldOfDarkness"],"picked":"hexamod:HeatMetal","floor":9},{"not_picked":["hexamod:BurningTouch","hexamod:GhostShield"],"picked":"hexamod:StepThrough","floor":10},{"not_picked":["hexamod:BacktrackSmack","hexamod:FastForward"],"picked":"hexamod:PhantomCloak","floor":11},{"not_picked":["hexamod:Incineration","hexamod:RetreatToShadows"],"picked":"hexamod:WildfireWeapon","floor":12},{"not_picked":["hexamod:NightmareStrike","hexamod:NightmareGuise"],"picked":"hexamod:ThermalTransfer","floor":13},{"not_picked":["hexamod:BacktrackSmack","hexamod:SoulSteal"],"picked":"hexamod:SpectersWail","floor":15},{"not_picked":["hexamod:TimeWarp","hexamod:WildfireWeapon"],"picked":"hexamod:GhostOfSpirePresent","floor":16},{"not_picked":["hexamod:GhostOfSpirePast","hexamod:CatchUp"],"picked":"hexamod:SoulSteal","floor":19},{"not_picked":["hexamod:NightmareStrike","hexamod:SuperheatedStrike","hexamod:SwordOfDarkness+1"],"picked":"SKIP","floor":20},{"not_picked":["hexamod:NightmareGuise","hexamod:HauntingEcho+1"],"picked":"hexamod:RainOfEmbers","floor":22},{"not_picked":["hexamod:Firestarter+1","hexamod:SoulSteal"],"picked":"hexamod:NecessarySacrifice+1","floor":26},{"not_picked":["hexamod:FlamesFromBeyond+1","hexamod:PowerFromBeyond"],"picked":"hexamod:HeatCrush+1","floor":28},{"not_picked":["hexamod:InspiringFlames","hexamod:ThermalTransfer+1"],"picked":"hexamod:ShieldOfDarkness+1","floor":30},{"not_picked":["hexamod:ChargedBarrage+1","hexamod:InspiringFlames"],"picked":"hexamod:FirstSeal","floor":31},{"not_picked":["hexamod:TimeOfNeed","hexamod:SwordOfDarkness+1"],"picked":"hexamod:FastForward+1","floor":32},{"not_picked":["hexamod:GhostOfSpirePresent","hexamod:ParanormalForm"],"picked":"hexamod:VolcanoVisage","floor":33},{"not_picked":["hexamod:BurningTouch","hexamod:BacktrackSmack"],"picked":"hexamod:Incineration+1","floor":36},{"not_picked":["hexamod:GhostShield+1","hexamod:AdvancingGuard"],"picked":"hexamod:SuperheatedStrike+1","floor":38},{"not_picked":["hexamod:Firestarter","hexamod:HeatCrush+1"],"picked":"hexamod:GhostOfSpirePresent","floor":40},{"not_picked":["hexamod:HeatCrush+1","hexamod:Incineration"],"picked":"hexamod:NightmareGuise+1","floor":43},{"not_picked":["hexamod:NightmareStrike","hexamod:Haunt+1"],"picked":"hexamod:HauntingEcho+1","floor":45},{"not_picked":["hexamod:GhostLash","hexamod:Again"],"picked":"hexamod:Hexaguard","floor":47},{"not_picked":["hexamod:Rewind","hexamod:FlamesFromBeyond"],"picked":"hexamod:StepThrough","floor":49}],"player_experience":572370,"relics_obtained":[{"floor":6,"key":"Pocketwatch"},{"floor":7,"key":"Bottled Lightning"},{"floor":10,"key":"Odd Mushroom"},{"floor":19,"key":"TungstenRod"},{"floor":19,"key":"StrikeDummy"},{"floor":26,"key":"Mercury Hourglass"},{"floor":30,"key":"Pantograph"},{"floor":37,"key":"Boot"},{"floor":39,"key":"champ:DuelingGlove"},{"floor":41,"key":"Blue Candle"},{"floor":43,"key":"Ornamental Fan"},{"floor":45,"key":"Slimebound:PreparedRelic"}],"event_choices":[{"damage_healed":0,"gold_gain":0,"player_choice":"Fought Mushrooms","damage_taken":0,"max_hp_gain":0,"max_hp_loss":0,"event_name":"Mushrooms","floor":10,"gold_loss":0},{"damage_healed":0,"gold_gain":0,"player_choice":"Inject Mutagens","damage_taken":0,"relics_obtained":["MutagenicStrength"],"max_hp_gain":0,"max_hp_loss":0,"event_name":"Drug Dealer","floor":21,"gold_loss":0}],"is_beta":false,"boss_relics":[{"not_picked":["Runic Dome","Snecko Eye"],"picked":"Fusion Hammer"},{"not_picked":["Coffee Dripper","Pandora\u0027s Box"],"picked":"Empty Cage"}],"items_purged_floors":[28,42],"is_endless":false,"potions_floor_spawned":[2,5,11,12,13,16,26,30,33,36,38,43],"killed_by":"downfall:CharBossMerchant","ascension_level":0}}