{"host":"ELF","time":1614059712,"event":{"mods":["BaseMod","Bestiary","Minty Spire (QoL Compilation)","Relic Stats","Slay the Relics Exporter"],"gold_per_floor":[115,129,129,54,54,83,83,94,94,128,128,142,67,67,67,141,141,152,152,168,168,184,212,212,246,246,246,263,30,40,40,40,112,112,131,131,151,51,51,51],"floor_reached":39,"language":"ENG","playtime":6909,"items_purged":["Strike_G","Grand Finale+1"],"score":1079,"play_id":"feac1f15-ec73-4a47-b759-1ca21fd3ee21","local_time":"20210222235512","is_ascension_mode":true,"campfire_choices":[{"data":"Eviscerate","floor":7,"key":"SMITH"},{"floor":11,"key":"REST"},{"data":"Well Laid Plans","floor":15,"key":"SMITH"},{"data":"Tools of the Trade","floor":24,"key":"SMITH"},{"data":"Noxious Fumes","floor":27,"key":"SMITH"},{"data":"After Image","floor":32,"key":"SMITH"}],"circlet_count":0,"master_deck":["AscendersBane","Survivor","Neutralize","Well Laid Plans+1","Outmaneuver","Eviscerate+1","Dagger Throw","Dodge and Roll+1","Eviscerate+1","Acrobatics+1","Tools of the Trade+1","Storm of Steel+1","Choke+1","After Image+1","Adrenaline+1","Prepared+1","Noxious Fumes+1","Dodge and Roll+1","Terror+1","Ghostly+1","Ghostly+1","Ghostly+1","Cloak And Dagger+1","Reflex+1","Slice+1","PiercingWail+1","Adrenaline+1","Master of Strategy+1","Accuracy","Blade Dance+1","Writhe","Bullet Time+1","Acrobatics+1","Terror+1","Burst+1","Decay","Backflip+1","Blade Dance+1"],"relics":["Ring of the Snake","NeowsBlessing","Calipers","Toxic Egg 2","Molten Egg 2","Ninja Scroll","Pandora\u0027s Box","Blue Candle","Boot","Prayer Wheel","Tingsha","Fusion Hammer"],"acts_visited":["Exordium","TheCity","TheBeyond"],"potions_floor_usage":[10,16,30,33],"damage_taken":[{"damage":0,"enemies":"Cultist","floor":1,"turns":1},{"damage":0,"enemies":"2 Louse","floor":2,"turns":1},{"damage":0,"enemies":"Lagavulin","floor":6,"turns":1},{"damage":1,"enemies":"Jaw Worm","floor":8,"turns":2},{"damage":6,"enemies":"Gremlin Nob","floor":10,"turns":3},{"damage":9,"enemies":"Exordium Wildlife","floor":12,"turns":5},{"damage":40,"enemies":"Slime Boss","floor":16,"turns":12},{"damage":0,"enemies":"Chosen","floor":18,"turns":3},{"damage":7,"enemies":"Shell Parasite","floor":20,"turns":2},{"damage":0,"enemies":"Centurion and Healer","floor":22,"turns":6},{"damage":0,"enemies":"Gremlin Leader","floor":23,"turns":8},{"damage":0,"enemies":"Slavers","floor":25,"turns":4},{"damage":16,"enemies":"Snake Plant","floor":28,"turns":3},{"damage":1,"enemies":"Snecko","floor":30,"turns":3},{"damage":20,"enemies":"Champ","floor":33,"turns":7},{"damage":0,"enemies":"Orb Walker","floor":35,"turns":1},{"damage":14,"enemies":"3 Darklings","floor":37,"turns":3},{"damage":19,"enemies":"Jaw Worm Horde","floor":39,"turns":1}],"seed_played":"-3990271673974844419","potions_obtained":[{"floor":1,"key":"ColorlessPotion"},{"floor":10,"key":"Fruit Juice"},{"floor":12,"key":"DuplicationPotion"},{"floor":18,"key":"DuplicationPotion"},{"floor":28,"key":"PowerPotion"},{"floor":33,"key":"Strength Potion"}],"is_trial":false,"path_per_floor":["M","M","?","$","?","E","R","M","T","E","R","M","?","$","R","B",null,"M","?","M","?","M","E","R","E","T","R","M","$","M","?","R","B",null,"M","?","M","$","M"],"character_chosen":"THE_SILENT","items_purchased":["Master of Strategy+1","Accuracy"],"campfire_rested":1,"item_purchase_floors":[29,29],"current_hp_per_floor":[59,59,41,41,41,41,41,40,40,34,53,44,44,44,44,4,51,51,51,44,33,33,33,33,33,33,33,17,17,21,21,21,1,29,29,29,15,15,0,0],"gold":51,"neow_bonus":"THREE_ENEMY_KILL","is_daily":false,"chose_seed":false,"campfire_upgraded":5,"win_rate":0.0,"timestamp":1614059712,"path_taken":["M","?","?","$","?","E","R","?","T","E","R","M","?","?","R","BOSS","M","?","M","?","M","E","R","E","T","R","M","?","?","?","R","BOSS","M","?","M","$","?"],"items_purchased_type":["Card","Card"],"build_version":"2020-12-18","purchased_purges":2,"victory":false,"max_hp_per_floor":[66,66,66,66,66,66,66,66,66,66,66,66,66,66,66,66,66,66,66,66,33,33,33,33,33,33,33,33,33,38,38,38,38,38,38,38,38,38,38,38],"relic_stats":{"counters":[18,66],"Blue Candle":[5],"Pandora\u0027s Box":["Storm of Steel","Choke","After Image","Adrenaline","Grand Finale","Prepared","Noxious Fumes"],"Prayer Wheel":4,"Tingsha":[79],"Boot":[34],"obtain_stats":[{"Calipers":3,"NeowsBlessing":0,"Ninja Scroll":10,"Blue Candle":23,"Molten Egg 2":9,"Pandora\u0027s Box":17,"Prayer Wheel":26,"Tingsha":31,"Fusion Hammer":34,"Toxic Egg 2":6,"Boot":25,"Ring of the Snake":0},{"Calipers":2,"NeowsBlessing":0,"Ninja Scroll":5,"Blue Candle":11,"Molten Egg 2":4,"Pandora\u0027s Box":7,"Prayer Wheel":12,"Tingsha":14,"Fusion Hammer":15,"Toxic Egg 2":3,"Boot":12,"Ring of the Snake":0},{"Calipers":2,"NeowsBlessing":0,"Ninja Scroll":8,"Blue Candle":44,"Molten Egg 2":5,"Pandora\u0027s Box":25,"Prayer Wheel":48,"Tingsha":54,"Fusion Hammer":61,"Toxic Egg 2":3,"Boot":48,"Ring of the Snake":0}],"Ring of the Snake":[36]},"card_choices":[{"not_picked":["Deflect","Accuracy"],"picked":"Well Laid Plans","floor":1},{"not_picked":["Dodge and Roll","Endless Agony"],"picked":"Outmaneuver","floor":2},{"not_picked":["Concentrate+1","Flechettes"],"picked":"Dagger Throw","floor":6},{"not_picked":["Poisoned Stab","Bane"],"picked":"Dodge and Roll+1","floor":8},{"not_picked":["Finisher+1","Distraction+1"],"picked":"Eviscerate+1","floor":10},{"not_picked":["Endless Agony+1","Sucker Punch+1"],"picked":"Acrobatics+1","floor":12},{"not_picked":["Doppelganger+1","Glass Knife+1"],"picked":"Tools of the Trade","floor":16},{"not_picked":["Deflect+1","Poisoned Stab+1"],"picked":"Dodge and Roll+1","floor":18},{"not_picked":["Accuracy","Acrobatics+1"],"picked":"Terror+1","floor":20},{"not_picked":["Dagger Throw+1","Bane+1"],"picked":"Cloak And Dagger+1","floor":22},{"not_picked":["Phantasmal Killer+1","PiercingWail+1"],"picked":"Reflex+1","floor":23},{"not_picked":["Flechettes+1","Sucker Punch+1"],"picked":"Slice+1","floor":25},{"not_picked":["Caltrops","Outmaneuver+1"],"picked":"PiercingWail+1","floor":28},{"not_picked":["Slice+1","Eviscerate+1"],"picked":"Adrenaline+1","floor":28},{"not_picked":["Backflip+1","Eviscerate+1"],"picked":"Blade Dance+1","floor":30},{"not_picked":["Flechettes+1","Dagger Spray+1","Poisoned Stab+1"],"picked":"SKIP","floor":30},{"not_picked":["Wraith Form v2","A Thousand Cuts"],"picked":"Bullet Time+1","floor":33},{"not_picked":["PiercingWail+1","Deadly Poison+1"],"picked":"Acrobatics+1","floor":35},{"not_picked":["Acrobatics+1","Predator+1"],"picked":"Terror+1","floor":35},{"not_picked":["Flying Knee+1","Outmaneuver+1"],"picked":"Backflip+1","floor":37},{"not_picked":["Slice+1","Bane+1"],"picked":"Blade Dance+1","floor":37}],"player_experience":3517978,"relics_obtained":[{"floor":6,"key":"Toxic Egg 2"},{"floor":9,"key":"Molten Egg 2"},{"floor":10,"key":"Ninja Scroll"},{"floor":23,"key":"Blue Candle"},{"floor":25,"key":"Boot"},{"floor":26,"key":"Prayer Wheel"}],"event_choices":[{"damage_healed":0,"gold_gain":0,"player_choice":"Success","damage_taken":18,"relics_obtained":["Calipers"],"max_hp_gain":0,"max_hp_loss":0,"event_name":"Scrap Ooze","floor":3,"gold_loss":0},{"damage_healed":0,"gold_gain":0,"cards_transformed":["Strike_G"],"player_choice":"Transformed","damage_taken":0,"max_hp_gain":0,"max_hp_loss":0,"event_name":"Transmorgrifier","floor":5,"gold_loss":0,"cards_obtained":["Eviscerate"]},{"cards_removed":["Strike_G"],"damage_healed":0,"gold_gain":0,"player_choice":"Card Removal","damage_taken":0,"max_hp_gain":0,"max_hp_loss":0,"event_name":"The Cleric","floor":13,"gold_loss":75},{"damage_healed":0,"gold_gain":0,"player_choice":"Ignored","damage_taken":0,"max_hp_gain":0,"max_hp_loss":0,"event_name":"Vampires","floor":19,"gold_loss":0},{"damage_healed":0,"gold_gain":0,"player_choice":"Became a Ghost","damage_taken":0,"max_hp_gain":0,"max_hp_loss":33,"event_name":"Ghosts","floor":21,"gold_loss":0,"cards_obtained":["Ghostly","Ghostly","Ghostly"]},{"damage_healed":0,"gold_gain":0,"player_choice":"Opened","damage_taken":0,"relics_obtained":["Tingsha"],"max_hp_gain":0,"max_hp_loss":0,"event_name":"The Mausoleum","floor":31,"gold_loss":0,"cards_obtained":["Writhe"]},{"damage_healed":0,"gold_gain":0,"player_choice":"2 cards matched","damage_taken":0,"max_hp_gain":0,"max_hp_loss":0,"event_name":"Match and Keep!","floor":36,"gold_loss":0,"cards_obtained":["Burst","Decay"]}],"is_beta":true,"boss_relics":[{"not_picked":["Velvet Choker","Calling Bell"],"picked":"Pandora\u0027s Box"},{"not_picked":["Coffee Dripper","Tiny House"],"picked":"Fusion Hammer"}],"items_purged_floors":[4,38],"is_endless":false,"potions_floor_spawned":[1,10,12,18,20,28,30,33],"killed_by":"Jaw Worm Horde","ascension_level":20}}