{"host":"wqwfknj40rilnol1","time":1614082430,"event":{"mods":["AchievementEnabler","BaseMod","BetterRewards","Block Reminder","Colored Map","Highlight Path","Hubris","Minty Spire (QoL Compilation)","Permanent Neow","Relic Stats","Shop Mod","StSLib","The Cursed"],"gold_per_floor":[109,109,119,119,133,133,133,161,210,229,260,260,290,300,300,374,374,374,374,374,374,84,84,84,9,9,9,9,9,9,9,9,9,9,9,9,9,9,9,9,9,9,9,9,9,9,9,9,9,9],"floor_reached":51,"language":"ENG","playtime":1797,"items_purged":[],"score":1576,"play_id":"52d5a00a-b826-4280-adda-1f177e5cb093","local_time":"20210223131350","is_ascension_mode":true,"campfire_choices":[{"data":"hubris:EnhanceAbility","floor":6,"key":"SMITH"},{"floor":12,"key":"REST"},{"data":"Uppercut","floor":15,"key":"SMITH"},{"data":"Limit Break","floor":23,"key":"SMITH"},{"floor":28,"key":"REST"},{"floor":32,"key":"REST"},{"floor":40,"key":"REST"},{"floor":47,"key":"REST"},{"floor":49,"key":"REST"}],"circlet_count":0,"master_deck":["AscendersBane","Strike_R","Strike_R","Strike_R","Defend_R","Defend_R","Defend_R","Defend_R","Bash","Hemokinesis","Inflame+1","hubris:EnhanceAbility+1","Dark Embrace","Uppercut+1","Battle Trance","Metallicize","Berserk","Double Tap","Inflame","Limit Break+1","hubris:StunningStrike","Immolate","Shrug It Off","Ghostly Armor","Flame Barrier","Pummel","Shrug It Off"],"relics":["Burning Blood","Mummified Hand","Ice Cream","GremlinMask","Paper Frog","Bronze Scales","PreservedInsect","hubris:OldNail","Ectoplasm","Red Mask","Tiny Chest","hubris:IronBody","Bottled Flame","Centennial Puzzle","Omamori","hubris:VirtuousBlindfold","hubris:Icosahedron","Pantograph"],"acts_visited":["TheCity","TheBeyond"],"potions_floor_usage":[10,10,16,20,20,33,33,37,46,50],"damage_taken":[{"damage":0,"enemies":"2 Louse","floor":1,"turns":2},{"damage":2,"enemies":"Cultist","floor":3,"turns":3},{"damage":2,"enemies":"Small Slimes","floor":5,"turns":3},{"damage":39,"enemies":"Lagavulin","floor":8,"turns":4},{"damage":32,"enemies":"Gremlin Gang","floor":10,"turns":4},{"damage":0,"enemies":"Gremlin Nob","floor":11,"turns":3},{"damage":12,"enemies":"3 Sentries","floor":13,"turns":4},{"damage":13,"enemies":"3 Louse","floor":14,"turns":2},{"damage":40,"enemies":"The Guardian","floor":16,"turns":9},{"damage":1,"enemies":"Spheric Guardian","floor":18,"turns":3},{"damage":0,"enemies":"3 Byrds","floor":19,"turns":4},{"damage":59,"enemies":"Masked Bandits","floor":20,"turns":4},{"damage":22,"enemies":"Book of Stabbing","floor":24,"turns":3},{"damage":20,"enemies":"Gremlin Leader","floor":27,"turns":4},{"damage":0,"enemies":"Shelled Parasite and Fungi","floor":30,"turns":5},{"damage":1,"enemies":"Book of Stabbing","floor":31,"turns":3},{"damage":45,"enemies":"Collector","floor":33,"turns":6},{"damage":7,"enemies":"Orb Walker","floor":35,"turns":2},{"damage":62,"enemies":"3 Darklings","floor":36,"turns":6},{"damage":0,"enemies":"Sphere and 2 Shapes","floor":37,"turns":1},{"damage":19,"enemies":"Transient","floor":41,"turns":5},{"damage":26,"enemies":"Jaw Worm Horde","floor":45,"turns":5},{"damage":0,"enemies":"Maw","floor":46,"turns":5},{"damage":6,"enemies":"4 Shapes","floor":48,"turns":4},{"damage":14,"enemies":"hubris:GrandSnecko","floor":50,"turns":6}],"seed_played":"-3602774400103280859","potions_obtained":[{"floor":1,"key":"BlessingOfTheForge"},{"floor":3,"key":"Strength Potion"},{"floor":11,"key":"FearPotion"},{"floor":13,"key":"BlessingOfTheForge"},{"floor":14,"key":"BloodPotion"},{"floor":19,"key":"BloodPotion"},{"floor":31,"key":"EntropicBrew"},{"floor":33,"key":"BlessingOfTheForge"},{"floor":35,"key":"DuplicationPotion"},{"floor":41,"key":"Fire Potion"},{"floor":48,"key":"Fire Potion"}],"is_trial":false,"path_per_floor":["M","$","M","?","M","R","$","E","T","M","E","R","E","M","R","B",null,"M","M","?","?","$","R","E","?","T","E","R","$","M","E","R","B",null,"M","M","M","?","$","R","M","$","T","?","M","M","R","M","R","B",null],"character_chosen":"IRONCLAD","items_purchased":["Hemokinesis","Inflame","Mummified Hand","Ice Cream","hubris:EnhanceAbility","Limit Break","Tiny Chest"],"campfire_rested":6,"item_purchase_floors":[0,0,0,0,0,22,22],"current_hp_per_floor":[78,78,80,80,80,80,80,47,47,21,27,51,45,38,38,20,65,70,76,39,39,39,39,23,23,23,9,33,33,39,44,68,29,67,66,10,16,16,16,40,27,27,27,27,7,13,37,37,61,72],"gold":9,"neow_bonus":"","is_daily":false,"chose_seed":false,"campfire_upgraded":3,"win_rate":0.0,"timestamp":1614082430,"path_taken":["M","$","M","?","?","R","?","E","T","?","E","R","E","M","R","BOSS","M","M","?","?","$","R","E","?","T","E","R","$","M","E","R","BOSS","M","M","M","?","$","R","M","$","T","?","M","M","R","M","R","BOSS"],"items_purchased_type":["Card","Card","Relic","Relic","Card","Card","Relic"],"build_version":"2020-12-22","purchased_purges":0,"victory":true,"max_hp_per_floor":[80,80,80,80,80,80,80,80,80,80,80,80,80,80,80,80,80,80,80,80,80,80,80,80,80,80,80,80,80,80,80,80,80,80,80,80,80,80,80,80,80,80,80,80,80,80,80,80,80,80],"relic_stats":{"Centennial Puzzle":[24],"counters":[113,498],"Mummified Hand":[119],"Bronze Scales":[276],"Pantograph":40,"Tiny Chest":0,"PreservedInsect":169,"Ectoplasm":332,"obtain_stats":[{"Ice Cream":37,"Mark of the Bloom":39,"Calipers":12,"Vajra":12,"hubris:VirtuousBlindfold":34,"Whetstone":23,"Blood Vial":26,"Centennial Puzzle":43,"HornCleat":6,"FaceOfCleric":20,"Sundial":25,"Strawberry":14,"Philosopher\u0027s Stone":17,"hubris:DeckOfHolding":31,"Fusion Hammer":34,"Kunai":8,"Oddly Smooth Stone":8,"Eternal Feather":3,"Charon\u0027s Ashes":38,"Pen Nib":43,"Du-Vu Doll":0,"Bottled Flame":26,"Brimstone":19,"Bronze Scales":47,"hubris:ToyBattleship":46,"Unceasing Top":30,"Pocketwatch":23,"Darkstone Periapt":11,"hubris:Metronome":14,"Regal Pillow":43,"GremlinMask":4,"Incense Burner":9,"Juzu Bracelet":26,"hubris:EmptyBottle":12,"Cursed Key":34,"Burning Blood":0,"Frozen Eye":3,"Nunchaku":38,"Matryoshka":26,"hubris:Icosahedron":29,"Mummified Hand":0,"Pantograph":6,"Tiny Chest":22,"hubris:FunFungus":41,"hubris:IronBody":24,"Red Mask":21,"Red Skull":6,"hubris:GlazedTorus":42,"Paper Frog":8,"hubris:64BitClover":31,"Golden Idol":2,"hubris:MedicalManual":0,"PreservedInsect":11,"Omamori":31,"Frozen Egg 2":41,"White Beast Statue":9,"Mercury Hourglass":11,"Peace Pipe":0,"Anchor":7,"hubris:Spice":0,"Bloody Idol":21,"Ectoplasm":17,"Bag of Marbles":19,"Membership Card":0,"hubris:CrackedHourglass":17,"TungstenRod":0,"Toy Ornithopter":10,"hubris:OldNail":13,"hubris:BottledRain":11},{"Ice Cream":36,"Mark of the Bloom":60,"Calipers":49,"Vajra":71,"hubris:VirtuousBlindfold":105,"Whetstone":31,"Blood Vial":78,"Centennial Puzzle":39,"HornCleat":47,"FaceOfCleric":53,"Sundial":32,"Strawberry":50,"Philosopher\u0027s Stone":7,"hubris:DeckOfHolding":16,"Fusion Hammer":34,"Kunai":23,"Oddly Smooth Stone":69,"Eternal Feather":66,"Charon\u0027s Ashes":36,"Pen Nib":39,"Du-Vu Doll":65,"Bottled Flame":12,"Brimstone":27,"Bronze Scales":42,"hubris:ToyBattleship":63,"Unceasing Top":79,"Pocketwatch":11,"Darkstone Periapt":70,"hubris:Metronome":6,"Regal Pillow":84,"GremlinMask":90,"Incense Burner":4,"Juzu Bracelet":57,"hubris:EmptyBottle":49,"Cursed Key":81,"Burning Blood":0,"Frozen Eye":2,"Nunchaku":36,"Matryoshka":32,"hubris:Icosahedron":33,"Mummified Hand":88,"Pantograph":68,"Tiny Chest":100,"hubris:FunFungus":84,"hubris:IronBody":101,"Red Mask":10,"Red Skull":22,"hubris:GlazedTorus":39,"Paper Frog":92,"hubris:64BitClover":33,"Golden Idol":66,"hubris:MedicalManual":43,"PreservedInsect":94,"Omamori":104,"Frozen Egg 2":38,"White Beast Statue":23,"Mercury Hourglass":24,"Peace Pipe":65,"Anchor":4,"hubris:Spice":43,"Bloody Idol":76,"Ectoplasm":97,"Bag of Marbles":27,"Membership Card":43,"hubris:CrackedHourglass":26,"TungstenRod":43,"Toy Ornithopter":70,"hubris:OldNail":95,"hubris:BottledRain":5},{"Ice Cream":167,"Mark of the Bloom":282,"Calipers":223,"Vajra":323,"hubris:VirtuousBlindfold":464,"Whetstone":146,"Blood Vial":355,"Centennial Puzzle":180,"HornCleat":209,"FaceOfCleric":244,"Sundial":150,"Strawberry":228,"Philosopher\u0027s Stone":36,"hubris:DeckOfHolding":70,"Fusion Hammer":158,"Kunai":108,"Oddly Smooth Stone":315,"Eternal Feather":302,"Charon\u0027s Ashes":167,"Pen Nib":180,"Du-Vu Doll":299,"Bottled Flame":53,"Brimstone":133,"Bronze Scales":190,"hubris:ToyBattleship":290,"Unceasing Top":362,"Pocketwatch":50,"Darkstone Periapt":318,"hubris:Metronome":28,"Regal Pillow":381,"GremlinMask":403,"Incense Burner":16,"Juzu Bracelet":267,"hubris:EmptyBottle":223,"Cursed Key":373,"Burning Blood":0,"Frozen Eye":8,"Nunchaku":167,"Matryoshka":150,"hubris:Icosahedron":153,"Mummified Hand":398,"Pantograph":312,"Tiny Chest":443,"hubris:FunFungus":381,"hubris:IronBody":446,"Red Mask":46,"Red Skull":98,"hubris:GlazedTorus":180,"Paper Frog":410,"hubris:64BitClover":153,"Golden Idol":302,"hubris:MedicalManual":195,"PreservedInsect":417,"Omamori":458,"Frozen Egg 2":176,"White Beast Statue":108,"Mercury Hourglass":114,"Peace Pipe":299,"Anchor":16,"hubris:Spice":195,"Bloody Idol":344,"Ectoplasm":432,"Bag of Marbles":133,"Membership Card":195,"hubris:CrackedHourglass":128,"TungstenRod":195,"Toy Ornithopter":318,"hubris:OldNail":421,"hubris:BottledRain":25}],"Burning Blood":625},"card_choices":[{"not_picked":["Warcry","Anger"],"picked":"Dark Embrace","floor":1},{"not_picked":["Wild Strike","Dropkick"],"picked":"Uppercut","floor":3},{"not_picked":["Sever Soul","Dual Wield"],"picked":"Battle Trance","floor":5},{"not_picked":["Flame Barrier","Reckless Charge"],"picked":"Metallicize","floor":8},{"not_picked":["Warcry","Sever Soul","Shockwave"],"picked":"SKIP","floor":10},{"not_picked":["Warcry","Anger"],"picked":"Berserk","floor":11},{"not_picked":["hubris:CleavingFinish","Twin Strike","Flex"],"picked":"SKIP","floor":13},{"not_picked":["hubris:ReadiedAction","Iron Wave","Rupture"],"picked":"SKIP","floor":14},{"not_picked":["Brutality","Juggernaut"],"picked":"Double Tap","floor":16},{"not_picked":["Warcry","Pommel Strike","Anger"],"picked":"SKIP","floor":18},{"not_picked":["Power Through","Dropkick"],"picked":"Inflame","floor":19},{"not_picked":["Combust","Disarm+1","Havoc"],"picked":"SKIP","floor":24},{"not_picked":["Combust","Disarm+1","Havoc"],"picked":"SKIP","floor":24},{"not_picked":["Combust","Pommel Strike"],"picked":"hubris:StunningStrike","floor":27},{"not_picked":["Anger","Pommel Strike","Thunderclap"],"picked":"SKIP","floor":30},{"not_picked":["Metallicize","Rage","Twin Strike"],"picked":"SKIP","floor":31},{"not_picked":["Juggernaut","Brutality"],"picked":"Immolate","floor":33},{"not_picked":["Rage","Flex"],"picked":"Shrug It Off","floor":35},{"not_picked":["Intimidate","Thunderclap+1","Headbutt"],"picked":"SKIP","floor":36},{"not_picked":["Intimidate+1","Anger"],"picked":"Ghostly Armor","floor":41},{"not_picked":["Dark Embrace","Uppercut","Pommel Strike"],"picked":"SKIP","floor":45},{"not_picked":["Second Wind","hubris:CleavingFinish"],"picked":"Pummel","floor":46},{"not_picked":["Inflame","Sentinel"],"picked":"Shrug It Off","floor":48}],"player_experience":300501,"relics_obtained":[{"floor":8,"key":"Paper Frog"},{"floor":9,"key":"Bronze Scales"},{"floor":11,"key":"PreservedInsect"},{"floor":13,"key":"hubris:OldNail"},{"floor":20,"key":"Red Mask"},{"floor":24,"key":"hubris:IronBody"},{"floor":26,"key":"Bottled Flame"},{"floor":27,"key":"Centennial Puzzle"},{"floor":31,"key":"Omamori"},{"floor":43,"key":"Pantograph"}],"event_choices":[{"damage_healed":0,"gold_gain":0,"player_choice":"Trade","damage_taken":0,"relics_obtained":["GremlinMask"],"max_hp_gain":0,"max_hp_loss":0,"event_name":"FaceTrader","floor":4,"gold_loss":0},{"damage_healed":0,"gold_gain":0,"player_choice":"Fought Bandits","damage_taken":0,"max_hp_gain":0,"max_hp_loss":0,"event_name":"Masked Bandits","floor":20,"gold_loss":0},{"cards_removed":["Strike_R"],"damage_healed":0,"gold_gain":0,"player_choice":"Gave Gold","damage_taken":0,"max_hp_gain":0,"max_hp_loss":0,"event_name":"Beggar","floor":25,"gold_loss":75},{"damage_healed":0,"gold_gain":0,"cards_transformed":["Strike_R"],"player_choice":"Transformed","damage_taken":0,"max_hp_gain":0,"max_hp_loss":0,"event_name":"Transmorgrifier","floor":44,"gold_loss":0,"cards_obtained":["Flame Barrier"]}],"is_beta":false,"boss_relics":[{"not_picked":["Runic Cube","hubris:HollowSoul"],"picked":"Ectoplasm"},{"not_picked":["Fusion Hammer","hubris:CrackedHourglass"],"picked":"hubris:VirtuousBlindfold"}],"items_purged_floors":[],"is_endless":false,"potions_floor_spawned":[1,3,11,13,14,19,31,33,35,41,48],"ascension_level":13}}