{"host":"3c8x8j1h2jyrixpf","time":1614122568,"event":{"mods":["BaseMod","Colored Powertips","Highlight Path","Minty Spire (QoL Compilation)","StSLib"],"gold_per_floor":[118,168,185,203,203,238,238,269,294,167,187,187,205,231,231,302,302,321,340,255,255,267,267,299,317,340,340,361,404,413,413,413,487,487,498,91,144,144,155,155,155,155,179,179,213,233,293,347,347,347,347,347,13,70,70,70],"floor_reached":55,"language":"ENG","playtime":2197,"items_purged":["Defend_P","Strike_P","Strike_P"],"score":1593,"play_id":"b6e8276a-49e5-42e7-aaa7-221f9daf3696","local_time":"20210223172248","is_ascension_mode":true,"campfire_choices":[{"floor":7.0,"key":"REST"},{"data":"Wireheading","floor":12.0,"key":"SMITH"},{"floor":15.0,"key":"REST"},{"floor":23.0,"key":"REST"},{"data":"BowlingBash","floor":27.0,"key":"SMITH"},{"floor":32.0,"key":"REST"},{"floor":40.0,"key":"REST"},{"floor":42.0,"key":"RECALL"},{"data":"CutThroughFate","floor":44.0,"key":"SMITH"},{"data":"CutThroughFate","floor":49,"key":"SMITH"},{"data":"JustLucky","floor":52,"key":"SMITH"}],"circlet_count":0,"master_deck":["AscendersBane","Defend_P+1","Defend_P","Eruption","Vigilance","CarveReality","EmptyFist+1","Wireheading+1","EmptyBody","CutThroughFate+1","BowlingBash+1","FlurryOfBlows","JustLucky+1","Indignation","Omniscience","CutThroughFate+1","ThirdEye","Ragnarok+1","SandsOfTime+1","SandsOfTime+1","Omniscience","Writhe","SandsOfTime+1","HandOfGreed+1","WheelKick+1","EmptyFist+1","Adaptation","DeusExMachina","Omniscience","Weave+1"],"relics":["Empty Cage","Vajra","Lantern","TeardropLocket","Snecko Eye","Molten Egg 2","CaptainsWheel","CeramicFish","Incense Burner","Kunai","Mummified Hand","Busted Crown","Oddly Smooth Stone","Mango","Sundial","DollysMirror","Nunchaku"],"acts_visited":["Exordium","TheCity","TheBeyond","TheEnding"],"potions_floor_usage":[50,55],"damage_taken":[{"damage":0.0,"enemies":"Small Slimes","floor":1.0,"turns":3.0},{"damage":0.0,"enemies":"Cultist","floor":3.0,"turns":4.0},{"damage":7.0,"enemies":"Jaw Worm","floor":4.0,"turns":3.0},{"damage":22.0,"enemies":"Lagavulin","floor":6.0,"turns":6.0},{"damage":0.0,"enemies":"Gremlin Nob","floor":8.0,"turns":2.0},{"damage":0.0,"enemies":"3 Louse","floor":11.0,"turns":2.0},{"damage":0.0,"enemies":"Large Slime","floor":13.0,"turns":2.0},{"damage":0.0,"enemies":"Lagavulin","floor":14.0,"turns":4.0},{"damage":13.0,"enemies":"Hexaghost","floor":16.0,"turns":7.0},{"damage":0.0,"enemies":"Chosen","floor":18.0,"turns":2.0},{"damage":17.0,"enemies":"2 Thieves","floor":19.0,"turns":2.0},{"damage":11.0,"enemies":"Snecko","floor":22.0,"turns":5.0},{"damage":18.0,"enemies":"Gremlin Leader","floor":24.0,"turns":3.0},{"damage":0.0,"enemies":"3 Cultists","floor":25.0,"turns":1.0},{"damage":16.0,"enemies":"Centurion and Healer","floor":28.0,"turns":2.0},{"damage":10.0,"enemies":"Slavers","floor":29.0,"turns":2.0},{"damage":0.0,"enemies":"Collector","floor":33.0,"turns":2.0},{"damage":16.0,"enemies":"3 Shapes","floor":35.0,"turns":1.0},{"damage":0.0,"enemies":"Orb Walker","floor":37.0,"turns":2.0},{"damage":21.0,"enemies":"4 Shapes","floor":39.0,"turns":2.0},{"damage":0.0,"enemies":"Reptomancer","floor":45.0,"turns":2.0},{"damage":0.0,"enemies":"Writhing Mass","floor":46.0,"turns":1.0},{"damage":0.0,"enemies":"Nemesis","floor":47.0,"turns":5.0},{"damage":6,"enemies":"Sphere and 2 Shapes","floor":48,"turns":2},{"damage":16,"enemies":"Time Eater","floor":50,"turns":5},{"damage":0,"enemies":"Shield and Spear","floor":54,"turns":4},{"damage":72,"enemies":"The Heart","floor":55,"turns":3}],"seed_played":"-5839287409050961367","potions_obtained":[{"floor":3.0,"key":"SpeedPotion"},{"floor":4.0,"key":"Weak Potion"},{"floor":13.0,"key":"StancePotion"},{"floor":16.0,"key":"BlessingOfTheForge"},{"floor":28.0,"key":"DuplicationPotion"},{"floor":33.0,"key":"Regen Potion"},{"floor":39.0,"key":"Strength Potion"},{"floor":45.0,"key":"PowerPotion"},{"floor":47.0,"key":"PowerPotion"}],"is_trial":false,"path_per_floor":["M","?","M","M","?","E","R","E","T","$","M","R","M","E","R","B",null,"M","M","?","?","M","R","E","M","T","R","M","E","?","T","R","B",null,"M","$","M","?","M","R","?","R","T","R","E","M","E","M","R","B",null,"R","$","E","B"],"character_chosen":"WATCHER","items_purchased":["BowlingBash","SandsOfTime+1","HandOfGreed+1","WheelKick+1","DollysMirror","Weave+1"],"campfire_rested":5,"item_purchase_floors":[10,36,36,36,53,53],"current_hp_per_floor":[61,61,61,54,34,12,32,32,32,32,32,32,32,32,52,39,61,61,44,44,44,33,53,35,35,35,35,19,9,9,9,29,29,58,42,42,42,42,21,41,41,41,41,41,55,55,69,63,63,47,71,71,71,71,0,0],"gold":70,"neow_bonus":"BOSS_RELIC","is_daily":false,"chose_seed":false,"campfire_upgraded":5,"win_rate":0.0,"timestamp":1614122568,"path_taken":["M","?","M","?","?","E","R","E","T","$","M","R","M","E","R","BOSS","M","M","?","?","M","R","E","M","T","R","?","E","?","?","R","BOSS","M","$","M","?","M","R","?","R","T","R","E","M","E","M","R","BOSS","R","$","E","BOSS"],"items_purchased_type":["Card","Card","Card","Card","Relic","Card"],"build_version":"2020-12-22","purchased_purges":3,"victory":false,"max_hp_per_floor":[68,68,68,68,68,68,68,68,68,68,68,68,68,68,68,68,68,68,68,68,68,68,68,68,68,68,68,68,68,68,68,68,68,68,68,68,68,68,68,68,65,65,65,65,79,79,79,79,79,79,79,79,79,79,79,79],"card_choices":[{"not_picked":["FlyingSleeves","WindmillStrike"],"picked":"CarveReality","floor":1.0},{"not_picked":["FlurryOfBlows","BowlingBash"],"picked":"EmptyFist","floor":3.0},{"not_picked":["LikeWater","PathToVictory"],"picked":"Wireheading","floor":4.0},{"not_picked":["ConjureBlade","BattleHymn"],"picked":"EmptyBody","floor":6.0},{"not_picked":["Crescendo","Halt"],"picked":"CutThroughFate","floor":8.0},{"not_picked":["PathToVictory","FollowUp"],"picked":"FlurryOfBlows","floor":11.0},{"not_picked":["Meditate","SandsOfTime"],"picked":"JustLucky","floor":13.0},{"not_picked":["Vengeance","SpiritShield"],"picked":"Indignation","floor":14.0},{"not_picked":["Brilliance","Alpha"],"picked":"Omniscience","floor":16.0},{"not_picked":["JustLucky","PathToVictory"],"picked":"CutThroughFate","floor":18.0},{"not_picked":["Halt","EmptyBody"],"picked":"ThirdEye","floor":19.0},{"not_picked":["EmptyBody","Protect+1"],"picked":"Ragnarok+1","floor":22.0},{"not_picked":["MasterReality","Prostrate"],"picked":"SandsOfTime+1","floor":24.0},{"not_picked":["ForeignInfluence","FlurryOfBlows+1","Prostrate"],"picked":"SKIP","floor":25.0},{"not_picked":["ClearTheMind+1","FollowUp+1"],"picked":"SandsOfTime+1","floor":28.0},{"not_picked":["Prostrate","WreathOfFlame"],"picked":"Omniscience","floor":29.0},{"not_picked":["CarveReality+1"],"picked":"SKIP","floor":35.0},{"not_picked":[],"picked":"EmptyFist+1","floor":37.0},{"not_picked":["EmptyBody"],"picked":"SKIP","floor":39.0},{"not_picked":["FollowUp+1"],"picked":"SKIP","floor":45.0},{"not_picked":[],"picked":"Adaptation","floor":46.0},{"not_picked":["Perseverance"],"picked":"SKIP","floor":47.0},{"not_picked":[],"picked":"DeusExMachina","floor":48},{"not_picked":["Swivel"],"picked":"SKIP","floor":54}],"player_experience":302093,"relics_obtained":[{"floor":6.0,"key":"Vajra"},{"floor":8.0,"key":"Lantern"},{"floor":14.0,"key":"TeardropLocket"},{"floor":24.0,"key":"CaptainsWheel"},{"floor":26.0,"key":"CeramicFish"},{"floor":29.0,"key":"Incense Burner"},{"floor":31.0,"key":"Mummified Hand"},{"floor":43.0,"key":"Oddly Smooth Stone"},{"floor":45.0,"key":"Mango"},{"floor":47.0,"key":"Sundial"},{"floor":54,"key":"Nunchaku"}],"event_choices":[{"damage_healed":0.0,"max_hp_gain":0.0,"max_hp_loss":0.0,"gold_gain":50.0,"event_name":"Golden Shrine","player_choice":"Pray","floor":2.0,"gold_loss":0.0,"damage_taken":0.0},{"damage_healed":0.0,"max_hp_gain":0.0,"max_hp_loss":0.0,"gold_gain":0.0,"event_name":"Shining Light","player_choice":"Entered Light","floor":5.0,"gold_loss":0.0,"damage_taken":20.0,"cards_upgraded":["Defend_P","EmptyFist"]},{"damage_healed":0.0,"max_hp_gain":0.0,"max_hp_loss":0.0,"gold_gain":0.0,"event_name":"Addict","player_choice":"Obtained Relic","floor":20.0,"gold_loss":85.0,"damage_taken":0.0,"relics_obtained":["Molten Egg 2"]},{"cards_removed":["Strike_P"],"damage_healed":0.0,"max_hp_gain":0.0,"max_hp_loss":0.0,"gold_gain":0.0,"event_name":"Bonfire Elementals","player_choice":"Offered Basic","floor":21.0,"gold_loss":0.0,"damage_taken":0.0},{"damage_healed":0.0,"max_hp_gain":0.0,"max_hp_loss":0.0,"gold_gain":0.0,"event_name":"The Mausoleum","player_choice":"Opened","floor":30.0,"gold_loss":0.0,"damage_taken":0.0,"relics_obtained":["Kunai"],"cards_obtained":["Writhe"]},{"damage_healed":0.0,"max_hp_gain":0.0,"max_hp_loss":0.0,"gold_gain":0.0,"event_name":"SensoryStone","player_choice":"Memory 1","floor":38.0,"gold_loss":0.0,"damage_taken":0.0},{"damage_healed":0.0,"max_hp_gain":0.0,"max_hp_loss":3.0,"gold_gain":0.0,"event_name":"Winding Halls","player_choice":"Max HP","floor":41.0,"gold_loss":0.0,"damage_taken":0.0}],"is_beta":false,"boss_relics":[{"not_picked":["Runic Dome","Ectoplasm"],"picked":"Snecko Eye"},{"not_picked":["Black Star","Velvet Choker"],"picked":"Busted Crown"}],"items_purged_floors":[10,36,53],"is_endless":false,"potions_floor_spawned":[3,4,11,13,16,18,24,28,33,39,45,47,48],"killed_by":"The Heart","ascension_level":15}}