{"host":"axfrvsjjk5s5yo6k","time":1614058380,"event":{"mods":["2.2 Compatiblity","Act Like it!","Aspiration","BaseMod","Better Vampires","Colored Map","Conspire","Custom Start","DeckTracker","Defuse TimeMaze Blight","Energized Spire","Friendly Minions","Halation","Highlight Path","Hubris","Infinite Spire","Minty Spire (QoL Compilation)","Random Character Button","Relic Sorter","Replay The Spire","StSLib","The Disciple","The Jungle","Unceasing Turn Reminder"],"gold_per_floor":[110,110,110,110,110,145,145,164,164,178,178,210,221,236,236,333,333,344,403,416,366,366,394,423,449,475,489,515,515,528,542,542,643,643,658,658,658,687,720,754,754,315,315,315,78,113,141,155,155,155],"floor_reached":51,"language":"ENG","playtime":6765,"items_purged":["Noxious Fumes"],"score":1354,"play_id":"6876f33f-d2fe-4154-bcc9-879aca5f652e","local_time":"20210223003300","daily_mods":["DeadlyEvents","Elite Swarm"],"is_ascension_mode":false,"campfire_choices":[{"data":"Adrenaline","floor":7,"key":"SMITH"},{"data":"Adrenaline","floor":11,"key":"SMITH"},{"data":"After Image","floor":15,"key":"SMITH"},{"data":"After Image","floor":29,"key":"SMITH"},{"data":"Adrenaline","floor":32,"key":"SMITH"}],"circlet_count":0,"master_deck":["Backstab+1","Slice+1","Slice+1","Deflect+1","Deflect+1","A Thousand Cuts+1","After Image+1","Adrenaline+1","Adrenaline+1","Adrenaline+1","After Image+1","Slice+1","hubris:DuctTapeCard"],"relics":["Unceasing Top","Boot","StoneCalendar","Smiling Mask","Coffee Dripper","Frozen Egg 2","FaceOfCleric","Bottled Lightning","aspiration:SeaSaltIceCream","aspiration:Nostalgia","Chronometer","aspiration:TomeofQuesting","halation:KoshaPiece","Pocketwatch","Empty Cage","Mark of the Bloom","halation:PapillonHeart","aspiration:FetidBarrel","infinitespire:PuzzleCube","The Courier","Question Card","hubris:DuctTape","HornCleat","Garlic","Happy Flower","Guide Book","Potion Belt","Orichalcum"],"acts_visited":["Exordium","TheCity","TheBeyond"],"potions_floor_usage":[],"damage_taken":[{"damage":0,"enemies":"conspire:RoseBush","floor":1,"turns":1},{"damage":0,"enemies":"Lagavulin","floor":6,"turns":1},{"damage":3,"enemies":"Small Slimes","floor":8,"turns":2},{"damage":0,"enemies":"2 Louse","floor":10,"turns":2},{"damage":0,"enemies":"3 Sentries","floor":12,"turns":1},{"damage":0,"enemies":"conspire:2 RoseBushes","floor":13,"turns":1},{"damage":0,"enemies":"2 Fungi Beasts","floor":14,"turns":2},{"damage":0,"enemies":"The Guardian","floor":16,"turns":1},{"damage":0,"enemies":"3 Byrds","floor":18,"turns":1},{"damage":0,"enemies":"conspire:MimicChest","floor":19,"turns":4},{"damage":0,"enemies":"2 Thieves","floor":20,"turns":2},{"damage":0,"enemies":"Gremlin Leader","floor":23,"turns":1},{"damage":36,"enemies":"Slavers","floor":24,"turns":5},{"damage":0,"enemies":"conspire:SneckoGhost","floor":25,"turns":3},{"damage":0,"enemies":"conspire:HollyBat","floor":27,"turns":2},{"damage":0,"enemies":"Slavers","floor":28,"turns":1},{"damage":5,"enemies":"Snake Plant","floor":30,"turns":2},{"damage":0,"enemies":"3 Cultists","floor":31,"turns":1},{"damage":0,"enemies":"conspire:MysteriousRune","floor":33,"turns":1},{"damage":0,"enemies":"Orb Walker","floor":35,"turns":1},{"damage":0,"enemies":"Nemesis","floor":38,"turns":1},{"damage":0,"enemies":"R_Hoarder","floor":39,"turns":5},{"damage":0,"enemies":"Giant Head","floor":40,"turns":1},{"damage":0,"enemies":"R_Hoarder","floor":46,"turns":6},{"damage":0,"enemies":"Giant Head","floor":47,"turns":1},{"damage":0,"enemies":"3 Darklings","floor":48,"turns":1},{"damage":0,"enemies":"Donu and Deca","floor":50,"turns":1}],"seed_played":"2500456094831339333","potions_obtained":[{"floor":1,"key":"LiquidBronze"},{"floor":6,"key":"Strength Potion"},{"floor":10,"key":"SkillPotion"},{"floor":47,"key":"PowerPotion"},{"floor":48,"key":"Weak Potion"}],"is_trial":true,"path_per_floor":["M","$","?","$","?","E","R","M","T","M","R","E","M","M","R","B",null,"M","?","M","$","?","E","E","E","T","M","E","R","M","M","R","B",null,"M","?","?","E","E","E","R","$","T","T","$","E","E","M","R","B",null],"character_chosen":"THE_SILENT","items_purchased":["Slice","Question Card","hubris:DuctTape","Happy Flower","Guide Book"],"campfire_rested":0,"item_purchase_floors":[42,42,42,45,45],"current_hp_per_floor":[70,70,70,70,70,70,70,67,67,67,67,67,67,67,67,67,70,70,70,70,70,70,71,36,37,37,38,39,39,35,36,36,37,78,79,79,75,75,75,75,75,75,75,75,75,75,75,75,75,75],"gold":155,"neow_bonus":"","is_daily":false,"chose_seed":false,"campfire_upgraded":5,"win_rate":0.0,"timestamp":1614058380,"path_taken":["M","$","?","$","?","E","R","M","T","M","R","E","?","M","R","BOSS","M","?","M","$","?","E","?","E","T","?","E","R","?","M","R","BOSS","M","?","?","?","?","E","R","$","T","?","$","?","E","M","R","BOSS"],"items_purchased_type":["Card","Relic","Relic","Relic","Relic"],"build_version":"2020-12-22","purchased_purges":1,"victory":true,"max_hp_per_floor":[70,70,70,70,70,70,70,70,70,70,70,70,70,70,70,70,70,70,70,70,70,70,71,72,73,73,74,75,75,76,77,77,78,78,79,79,75,76,77,78,78,78,78,78,78,79,80,81,81,82],"card_choices":[{"not_picked":["Prepared","Sucker Punch","Leg Sweep"],"picked":"SKIP","floor":1},{"not_picked":["Wraith Form v2","Envenom","Doppelganger"],"picked":"SKIP","floor":6},{"not_picked":["Distraction","Bouncing Flask","Crippling Poison"],"picked":"SKIP","floor":8},{"not_picked":["Dodge and Roll","hubris:SlightOfHand","Deflect"],"picked":"SKIP","floor":10},{"not_picked":["Grand Finale","Night Terror"],"picked":"After Image","floor":12},{"not_picked":["PiercingWail","Poisoned Stab","Blade Dance"],"picked":"SKIP","floor":13},{"not_picked":["Flying Knee","ReplayTheSpireMod:Shiv Toss","Cloak And Dagger"],"picked":"SKIP","floor":14},{"not_picked":["Venomology","Wraith Form v2"],"picked":"After Image","floor":16},{"not_picked":["ReplayTheSpireMod:Exploit Weakness","PiercingWail","Sucker Punch+1"],"picked":"SKIP","floor":18},{"not_picked":["Slice+1","Underhanded Strike"],"picked":"Noxious Fumes+1","floor":19},{"not_picked":["Prepared","Blade Dance","Bane+1"],"picked":"SKIP","floor":20},{"not_picked":["Wraith Form v2+1","Burst","Tools of the Trade+1"],"picked":"SKIP","floor":23},{"not_picked":["Grand Finale","Replay:Bag of Tricks","Corpse Explosion"],"picked":"SKIP","floor":24},{"not_picked":["Grand Finale","Poison Darts","Storm of Steel"],"picked":"SKIP","floor":25},{"not_picked":["Cloak And Dagger+1","Dodge and Roll","Quick Slash"],"picked":"SKIP","floor":27},{"not_picked":["Corpse Explosion","aspiration:Lunge","Atom Bomb"],"picked":"SKIP","floor":28},{"not_picked":["Prepared","ReplayTheSpireMod:Tripwire","Slice"],"picked":"SKIP","floor":30},{"not_picked":["Sneak Up","Acrobatics","Skewer"],"picked":"SKIP","floor":31},{"not_picked":["Deadly Poison+1","Cloak And Dagger","Finisher"],"picked":"SKIP","floor":35},{"not_picked":["Replay:Bag of Tricks","Doppelganger","Bullet Time"],"picked":"SKIP","floor":38},{"not_picked":["Adrenaline","ReplayTheSpireMod:From All Sides"],"picked":"After Image+1","floor":39},{"not_picked":["Malaise","Grand Finale","aspiration:Lunge"],"picked":"SKIP","floor":40},{"not_picked":["Bullet Time","Adrenaline","Glass Knife","Die Die Die"],"picked":"SKIP","floor":46},{"not_picked":["Envenom+1","Storm of Steel","ReplayTheSpireMod:From All Sides","Grand Finale"],"picked":"SKIP","floor":47},{"not_picked":["Quick Slash+1","Heel Hook+1","conspire:DoublingDagger+1","Blade Dance"],"picked":"SKIP","floor":48}],"player_experience":802583,"relics_obtained":[{"floor":6,"key":"Boot"},{"floor":9,"key":"StoneCalendar"},{"floor":12,"key":"Smiling Mask"},{"floor":19,"key":"Frozen Egg 2"},{"floor":23,"key":"Bottled Lightning"},{"floor":24,"key":"aspiration:SeaSaltIceCream"},{"floor":25,"key":"aspiration:TomeofQuesting"},{"floor":26,"key":"halation:KoshaPiece"},{"floor":28,"key":"Pocketwatch"},{"floor":38,"key":"aspiration:FetidBarrel"},{"floor":39,"key":"infinitespire:PuzzleCube"},{"floor":40,"key":"The Courier"},{"floor":43,"key":"HornCleat"},{"floor":44,"key":"Garlic"},{"floor":46,"key":"Potion Belt"},{"floor":47,"key":"Orichalcum"}],"event_choices":[{"damage_healed":0,"gold_gain":0,"player_choice":"Trade","damage_taken":0,"relics_obtained":["FaceOfCleric"],"max_hp_gain":0,"max_hp_loss":0,"event_name":"FaceTrader","floor":22,"gold_loss":0},{"damage_healed":0,"gold_gain":0,"player_choice":"Upgrade","damage_taken":0,"relics_obtained":["Mark of the Bloom"],"max_hp_gain":0,"max_hp_loss":0,"event_name":"MindBloom","floor":36,"gold_loss":0,"cards_upgraded":["Backstab","Slice","Slice","Deflect","Deflect","A Thousand Cuts"]}],"is_beta":false,"boss_relics":[{"not_picked":["Painkiller Herb","hubris:CrackedHourglass"],"picked":"Coffee Dripper"},{"not_picked":["Snecko Scales","Cursed Key"],"picked":"Empty Cage"}],"items_purged_floors":[21],"is_endless":false,"potions_floor_spawned":[1,6,10,14,16,23,24,28,30,33,35,40,47,48],"ascension_level":0}}