{"host":"kejh1c9c53env2nx","time":1614084462,"event":{"mods":["BaseMod","Downfall","Minty Spire (QoL Compilation)","StSLib"],"gold_per_floor":[215,231,231,241,241,241,275,290,290,313,103,118,118,139,139,263,263,286,385,398,398,413,413,446,446,492,157,157,157,178,221,221,221,221],"floor_reached":33,"language":"ENG","playtime":1933,"items_purged":["Strike_G","Strike_G"],"score":312,"play_id":"1c52b788-aec7-4b4f-89cf-cca02507e076","local_time":"20210223124742","is_ascension_mode":false,"campfire_choices":[{"data":"Noxious Fumes","floor":6,"key":"SMITH"},{"floor":13,"key":"REST"},{"data":"Bane","floor":15,"key":"SMITH"},{"data":"Poisoned Stab","floor":23,"key":"SMITH"},{"floor":25,"key":"REST"},{"data":"Bane","floor":28,"key":"SMITH"},{"floor":32,"key":"REST"}],"circlet_count":0,"master_deck":["Strike_G","Strike_G","Strike_G","Defend_G","Defend_G","Defend_G","Defend_G","Defend_G","Survivor","Neutralize","Noxious Fumes+1","Dagger Throw","Blur+1","Bane+1","Dagger Throw","Reflex","Deadly Poison+1","Distraction","Bane+1","Poisoned Stab+1","Prepared","Bullet Time","Prepared","Deadly Poison","Deflect","Caltrops","Flash of Steel","Underhanded Strike","Escape Plan"],"relics":["Ring of the Snake","Golden Idol","Lizard Tail","Pear","Black Star","Paper Crane","Kunai","War Paint","TwistedFunnel","Bottled Lightning","PreservedInsect"],"acts_visited":["Exordium","TheCity"],"potions_floor_usage":[7,12,14,16,20,24,31,33],"damage_taken":[{"damage":0,"enemies":"Small Slimes","floor":1,"turns":5},{"damage":2,"enemies":"Jaw Worm","floor":2,"turns":5},{"damage":0,"enemies":"Cultist","floor":4,"turns":5},{"damage":0,"enemies":"Lagavulin","floor":7,"turns":8},{"damage":5,"enemies":"Looter","floor":8,"turns":4},{"damage":3,"enemies":"2 Fungi Beasts","floor":10,"turns":3},{"damage":21,"enemies":"Lots of Slimes","floor":12,"turns":4},{"damage":3,"enemies":"Gremlin Gang","floor":14,"turns":5},{"damage":34,"enemies":"The Guardian","floor":16,"turns":8},{"damage":15,"enemies":"Spheric Guardian","floor":18,"turns":5},{"damage":18,"enemies":"Shell Parasite","floor":20,"turns":4},{"damage":0,"enemies":"3 Cultists","floor":22,"turns":2},{"damage":47,"enemies":"Book of Stabbing","floor":24,"turns":5},{"damage":17,"enemies":"Snake Plant","floor":30,"turns":3},{"damage":75,"enemies":"Gremlin Leader","floor":31,"turns":5},{"damage":50,"enemies":"Collector","floor":33,"turns":7}],"seed_played":"6207590174714540658","potions_obtained":[{"floor":1,"key":"GhostInAJar"},{"floor":10,"key":"Regen Potion"},{"floor":12,"key":"Block Potion"},{"floor":14,"key":"SteroidPotion"},{"floor":16,"key":"sneckomod:MuddlingPotion"},{"floor":18,"key":"Weak Potion"},{"floor":22,"key":"SkillPotion"},{"floor":30,"key":"Block Potion"}],"is_trial":false,"path_per_floor":["M","M","?","M","?","R","E","M","T","M","$","M","R","M","R","B",null,"M","?","M","?","M","R","E","R","T","$","R","?","M","E","R","B"],"character_chosen":"THE_SILENT","items_purchased":["Deadly Poison","Distraction","Bane","TwistedFunnel","Flash of Steel"],"campfire_rested":3,"item_purchase_floors":[11,11,11,27,27],"current_hp_per_floor":[70,68,68,68,51,51,51,46,56,53,53,46,70,67,67,33,80,65,65,47,73,73,73,26,50,50,50,50,80,63,28,52,2,2],"gold":221,"neow_bonus":"HUNDRED_GOLD","is_daily":false,"chose_seed":false,"campfire_upgraded":4,"win_rate":0.0,"timestamp":1614084462,"path_taken":["M","M","?","M","?","R","E","M","T","M","?","M","R","M","R","BOSS","M","?","M","?","M","R","E","R","T","$","R","?","M","E","R","BOSS"],"items_purchased_type":["Card","Card","Card","Relic","Card"],"build_version":"2020-12-22","purchased_purges":2,"victory":false,"max_hp_per_floor":[70,70,70,70,70,70,70,70,80,80,80,80,80,80,80,80,80,80,80,80,80,80,80,80,80,80,80,80,80,80,80,80,80,80],"card_choices":[{"not_picked":["Poisoned Stab","Backflip"],"picked":"Noxious Fumes","floor":1},{"not_picked":["Slice","Dagger Spray"],"picked":"Dagger Throw","floor":2},{"not_picked":["Blade Dance","Backflip"],"picked":"Blur","floor":4},{"not_picked":["Sucker Punch","Dash"],"picked":"Bane","floor":7},{"not_picked":["Malaise","Blur"],"picked":"Dagger Throw","floor":8},{"not_picked":["Dagger Throw","Finisher"],"picked":"Reflex","floor":10},{"not_picked":["Blur","Underhanded Strike"],"picked":"Poisoned Stab","floor":12},{"not_picked":["All Out Attack","Terror"],"picked":"Prepared","floor":14},{"not_picked":["Phantasmal Killer","Doppelganger"],"picked":"Bullet Time","floor":16},{"not_picked":["Infinite Blades","Dagger Spray"],"picked":"Prepared","floor":18},{"not_picked":["Underhanded Strike","Sucker Punch+1"],"picked":"Deadly Poison","floor":20},{"not_picked":["Finisher","Glass Knife"],"picked":"Deflect","floor":22},{"not_picked":["PiercingWail+1","Tactician"],"picked":"Caltrops","floor":24},{"not_picked":["Expertise","Choke"],"picked":"Underhanded Strike","floor":30},{"not_picked":["Dagger Throw","Backflip"],"picked":"Escape Plan","floor":31}],"player_experience":58467,"relics_obtained":[{"floor":7,"key":"Lizard Tail"},{"floor":9,"key":"Pear"},{"floor":24,"key":"Paper Crane"},{"floor":24,"key":"Kunai"},{"floor":26,"key":"War Paint"},{"floor":31,"key":"Bottled Lightning"},{"floor":31,"key":"PreservedInsect"}],"event_choices":[{"damage_healed":0,"gold_gain":0,"player_choice":"Ignored","damage_taken":0,"max_hp_gain":0,"max_hp_loss":0,"event_name":"Liars Game","floor":3,"gold_loss":0},{"damage_healed":0,"gold_gain":0,"player_choice":"Take Damage","damage_taken":17,"relics_obtained":["Golden Idol"],"max_hp_gain":0,"max_hp_loss":0,"event_name":"Golden Idol","floor":5,"gold_loss":0},{"damage_healed":0,"gold_gain":99,"player_choice":"Stole From Cult","damage_taken":0,"max_hp_gain":0,"max_hp_loss":0,"event_name":"Nest","floor":19,"gold_loss":0},{"damage_healed":26,"gold_gain":0,"player_choice":"Heal","damage_taken":0,"max_hp_gain":0,"max_hp_loss":0,"event_name":"The Library","floor":21,"gold_loss":0},{"damage_healed":30,"gold_gain":0,"player_choice":"Full Heal","damage_taken":0,"max_hp_gain":0,"max_hp_loss":0,"event_name":"Wheel of Change","floor":29,"gold_loss":0}],"is_beta":false,"boss_relics":[{"not_picked":["Runic Pyramid","Ring of the Serpent"],"picked":"Black Star"}],"items_purged_floors":[11,27],"is_endless":false,"potions_floor_spawned":[1,10,12,14,16,18,22,30],"killed_by":"Collector","ascension_level":0}}