{"host":"bsgp9wgausrmthh2","time":1614109172,"event":{"mods":["AchievementEnabler","BaseMod","Colored Map","Downfall","Minty Spire (QoL Compilation)","StSLib"],"gold_per_floor":[110,110,129,148,160,160,160,160,183,203,232,262,292,323,335,446,458,398,398,398,398,398,398,398],"floor_reached":23,"language":"ENG","playtime":1388,"items_purged":[],"score":199,"play_id":"0bd22853-9611-4d73-be0f-f00f0f6edb7f","local_time":"20210223143932","is_ascension_mode":false,"campfire_choices":[{"floor":6,"key":"RECALL"},{"floor":8,"key":"REST"},{"floor":15,"key":"REST"}],"circlet_count":0,"master_deck":["Strike_G","Strike_G","Strike_G","Defend_G","Defend_G","Defend_G","Defend_G","Defend_G","Survivor","Neutralize","Caltrops","Bane","Deadly Poison","Terror","Sucker Punch","Flying Knee","Flying Knee","Backstab","Noxious Fumes","Cloak And Dagger","Catalyst","Bullet Time","Flying Knee","PiercingWail","Bane+1","Predator"],"relics":["Ring of the Snake","MawBank","Ectoplasm"],"acts_visited":["Exordium","TheCity"],"potions_floor_usage":[],"damage_taken":[{"damage":0,"enemies":"2 Louse","floor":1,"turns":3},{"damage":2,"enemies":"Small Slimes","floor":3,"turns":4},{"damage":0,"enemies":"Cultist","floor":4,"turns":3},{"damage":26,"enemies":"Gremlin Gang","floor":5,"turns":5},{"damage":11,"enemies":"Blue Slaver","floor":10,"turns":4},{"damage":17,"enemies":"Lagavulin","floor":11,"turns":6},{"damage":1,"enemies":"Exordium Thugs","floor":12,"turns":5},{"damage":2,"enemies":"Looter","floor":13,"turns":3},{"damage":0,"enemies":"3 Louse","floor":14,"turns":3},{"damage":36,"enemies":"Slime Boss","floor":16,"turns":9},{"damage":20,"enemies":"2 Thieves","floor":18,"turns":4},{"damage":17,"enemies":"Spheric Guardian","floor":19,"turns":4},{"damage":3,"enemies":"Snecko","floor":20,"turns":4},{"damage":22,"enemies":"Shelled Parasite and Fungi","floor":21,"turns":6},{"damage":0,"enemies":"3 Cultists","floor":23,"turns":1}],"seed_played":"-7936009528083993198","potions_obtained":[{"floor":10,"key":"SteroidPotion"},{"floor":11,"key":"DistilledChaos"},{"floor":13,"key":"champ:CounterPotion"},{"floor":14,"key":"DuplicationPotion"},{"floor":16,"key":"Strength Potion"}],"is_trial":false,"path_per_floor":["M","?","M","M","M","R","?","R","T","M","E","M","M","M","R","B",null,"M","M","M","M","?","M"],"character_chosen":"THE_SILENT","items_purchased":[],"campfire_rested":2,"item_purchase_floors":[],"current_hp_per_floor":[70,70,68,68,42,42,42,63,63,52,35,34,32,32,53,17,70,50,33,30,8,8,8,8],"gold":398,"neow_bonus":"THREE_CARDS","is_daily":false,"chose_seed":false,"campfire_upgraded":0,"win_rate":0.0,"timestamp":1614109172,"path_taken":["M","?","M","M","M","R","?","R","T","M","E","?","M","M","R","BOSS","M","M","?","M","?","?"],"items_purchased_type":[],"build_version":"2020-12-22","purchased_purges":0,"victory":false,"max_hp_per_floor":[70,70,70,70,70,70,70,70,70,70,70,70,70,70,70,70,70,70,70,70,70,70,70,70],"card_choices":[{"not_picked":["Riddle With Holes","Deadly Poison"],"picked":"Caltrops","floor":0},{"not_picked":["Deflect","Underhanded Strike"],"picked":"Bane","floor":1},{"not_picked":["Deflect","Bane"],"picked":"Deadly Poison","floor":3},{"not_picked":["Dagger Throw","Deadly Poison"],"picked":"Terror","floor":4},{"not_picked":["Skewer","Calculated Gamble"],"picked":"Sucker Punch","floor":5},{"not_picked":["Acrobatics","Tools of the Trade"],"picked":"Flying Knee","floor":10},{"not_picked":["Deadly Poison","Terror"],"picked":"Backstab","floor":11},{"not_picked":["Dodge and Roll","Backstab"],"picked":"Noxious Fumes","floor":12},{"not_picked":["Blade Dance","Outmaneuver"],"picked":"Cloak And Dagger","floor":13},{"not_picked":["Bane","Skewer"],"picked":"Catalyst","floor":14},{"not_picked":["Storm of Steel","Wraith Form v2"],"picked":"Bullet Time","floor":16},{"not_picked":["Poisoned Stab","Cloak And Dagger"],"picked":"Flying Knee","floor":18},{"not_picked":["Dodge and Roll","Blur"],"picked":"PiercingWail","floor":19},{"not_picked":["Blade Dance+1","Reflex"],"picked":"Bane+1","floor":20},{"not_picked":["Acrobatics","Infinite Blades"],"picked":"Predator","floor":21}],"player_experience":348178,"relics_obtained":[{"floor":11,"key":"MawBank"}],"event_choices":[{"damage_healed":0,"gold_gain":0,"player_choice":"Ignored","damage_taken":0,"max_hp_gain":0,"max_hp_loss":0,"event_name":"Golden Wing","floor":2,"gold_loss":0},{"damage_healed":0,"gold_gain":0,"cards_transformed":["Strike_G"],"player_choice":"Transformed","damage_taken":0,"max_hp_gain":0,"max_hp_loss":0,"event_name":"Transmorgrifier","floor":7,"gold_loss":0,"cards_obtained":["Flying Knee"]},{"cards_removed":["Strike_G"],"damage_healed":0,"gold_gain":0,"player_choice":"Offered Basic","damage_taken":0,"max_hp_gain":0,"max_hp_loss":0,"event_name":"Bonfire Elementals","floor":22,"gold_loss":0}],"is_beta":false,"boss_relics":[{"not_picked":["WristBlade","Calling Bell"],"picked":"Ectoplasm"}],"items_purged_floors":[],"is_endless":false,"potions_floor_spawned":[10,11,13,14,16,18,20],"killed_by":"3 Cultists","ascension_level":0}}