{"host":"vnz4608r4gf5d2ow","time":1614096039,"event":{"mods":["AchievementEnabler","BaseMod","Minty Spire (QoL Compilation)"],"gold_per_floor":[112,112,131,131,21,21,49,49,49,49,81,6,21,21,21,121,121,134,134,147,31,31,50,149,3,57,57,57,75,75,94,94,196,196,215,270,287,287,304,304,330,342,342,342,0,32,32,49,49,49],"floor_reached":51,"language":"ENG","playtime":4440,"items_purged":["Strike_G"],"score":1050,"play_id":"a2ef98ee-9540-44d2-b0c5-d71d1a0e1e0e","local_time":"20210223110039","is_ascension_mode":true,"campfire_choices":[{"data":"Neutralize","floor":6.0,"key":"SMITH"},{"floor":8.0,"key":"REST"},{"data":"Leg Sweep","floor":10.0,"key":"SMITH"},{"data":"Burst","floor":15.0,"key":"SMITH"},{"floor":28.0,"key":"REST"},{"floor":30.0,"key":"REST"},{"data":"Underhanded Strike","floor":32.0,"key":"SMITH"},{"floor":40,"key":"REST"},{"floor":44,"key":"REST"},{"data":"Envenom","floor":47,"key":"SMITH"},{"data":"Terror","floor":49,"key":"SMITH"}],"circlet_count":0,"master_deck":["AscendersBane","Survivor","Neutralize+1","Underhanded Strike+1","Burst+1","PiercingWail","Cloak And Dagger","Leg Sweep+1","Blur","Footwork","Die Die Die","Bane","Bullet Time","Skewer+1","Necronomicurse","Underhanded Strike+1","Noxious Fumes","Dagger Throw","Bouncing Flask","Terror+1","Acrobatics+1","Envenom+1","Caltrops","Expertise","Outmaneuver","Concentrate","Unload","Setup","Well Laid Plans","Cloak And Dagger","Crippling Poison","Reflex","Prepared+1","Deadly Poison+1","Footwork","Quick Slash+1","Acrobatics"],"relics":["Ring of the Snake","Tough Bandages","Nunchaku","StoneCalendar","Bag of Preparation","Sozu","Necronomicon","Snake Skull","Omamori","Pandora\u0027s Box","Lizard Tail","Eternal Feather","Du-Vu Doll","Red Mask","Shuriken"],"acts_visited":["Exordium","TheCity","TheBeyond"],"potions_floor_usage":[],"damage_taken":[{"damage":0.0,"enemies":"Jaw Worm","floor":1.0,"turns":7.0},{"damage":4.0,"enemies":"Cultist","floor":3.0,"turns":5.0},{"damage":28.0,"enemies":"3 Sentries","floor":7.0,"turns":17.0},{"damage":11.0,"enemies":"Lagavulin","floor":11.0,"turns":9.0},{"damage":0.0,"enemies":"2 Louse","floor":13.0,"turns":1.0},{"damage":14.0,"enemies":"The Guardian","floor":16.0,"turns":12.0},{"damage":10.0,"enemies":"Shell Parasite","floor":18.0,"turns":7.0},{"damage":0.0,"enemies":"2 Thieves","floor":20.0,"turns":3.0},{"damage":2.0,"enemies":"3 Cultists","floor":23.0,"turns":4.0},{"damage":15.0,"enemies":"Sentry and Sphere","floor":29.0,"turns":5.0},{"damage":4.0,"enemies":"Centurion and Healer","floor":31.0,"turns":4.0},{"damage":4,"enemies":"Automaton","floor":33,"turns":7},{"damage":0,"enemies":"Orb Walker","floor":35,"turns":3},{"damage":34,"enemies":"2 Orb Walkers","floor":36,"turns":4},{"damage":0,"enemies":"3 Darklings","floor":37,"turns":3},{"damage":13,"enemies":"Writhing Mass","floor":39,"turns":6},{"damage":14,"enemies":"Reptomancer","floor":41,"turns":4},{"damage":20,"enemies":"Maw","floor":42,"turns":6},{"damage":8,"enemies":"Nemesis","floor":46,"turns":5},{"damage":0,"enemies":"Transient","floor":48,"turns":5},{"damage":53,"enemies":"Donu and Deca","floor":50,"turns":8}],"seed_played":"6516855754833455403","potions_obtained":[{"floor":1.0,"key":"GhostInAJar"},{"floor":11.0,"key":"SkillPotion"},{"floor":16.0,"key":"FearPotion"}],"is_trial":false,"path_per_floor":["M","?","M","?","$","R","E","R","T","R","E","$","M","?","R","B",null,"M","?","M","$","?","M","?","$","T","?","R","M","R","M","R","B",null,"M","?","M","?","M","R","E","M","T","R","?","E","R","M","R","B",null],"character_chosen":"THE_SILENT","items_purchased":["Leg Sweep","Blur","Noxious Fumes","Dagger Throw","Snake Skull"],"campfire_rested":5,"item_purchase_floors":[5,5,21,21,25],"current_hp_per_floor":[63,63,59,64,64,64,36,56,56,56,45,45,45,31,31,17,55,45,29,29,29,29,27,27,27,27,27,47,32,52,48,48,44,62,62,28,28,45,32,52,38,18,18,59,59,51,68,68,68,15],"gold":49,"neow_bonus":"ONE_RARE_RELIC","is_daily":false,"chose_seed":false,"campfire_upgraded":6,"win_rate":0.0,"timestamp":1614096039,"path_taken":["M","?","?","?","$","R","E","R","T","R","E","?","M","?","R","BOSS","M","?","M","$","?","M","?","$","T","?","R","M","R","?","R","BOSS","M","?","M","?","M","R","E","M","T","R","?","E","R","M","R","BOSS"],"items_purchased_type":["Card","Card","Card","Card","Relic"],"build_version":"2020-12-22","purchased_purges":1,"victory":true,"max_hp_per_floor":[63,63,63,68,68,68,68,68,68,68,68,68,68,68,68,68,68,68,68,68,68,68,68,68,68,68,68,68,68,68,68,68,68,68,68,68,68,68,68,68,68,68,68,68,68,68,68,68,68,68],"card_choices":[{"not_picked":["Reflex","Tactician"],"picked":"Underhanded Strike","floor":1.0},{"not_picked":["PiercingWail","Deflect"],"picked":"Cloak And Dagger","floor":3.0},{"not_picked":["Endless Agony","Prepared"],"picked":"Footwork","floor":7.0},{"not_picked":["Outmaneuver","Grand Finale"],"picked":"Die Die Die","floor":11.0},{"not_picked":["Outmaneuver","Catalyst"],"picked":"Bane","floor":13.0},{"not_picked":["Burst","Venomology"],"picked":"Bullet Time","floor":16.0},{"not_picked":["PiercingWail","Footwork"],"picked":"Skewer+1","floor":18.0},{"not_picked":["PiercingWail","Deadly Poison"],"picked":"Underhanded Strike+1","floor":20.0},{"not_picked":["Poisoned Stab","Underhanded Strike"],"picked":"Bouncing Flask","floor":23.0},{"not_picked":["Blade Dance","All Out Attack"],"picked":"Terror","floor":29.0},{"not_picked":["Dodge and Roll","Deflect"],"picked":"Acrobatics+1","floor":31.0},{"not_picked":["Venomology","A Thousand Cuts"],"picked":"Envenom","floor":33},{"not_picked":["Distraction","Outmaneuver","Crippling Poison"],"picked":"SKIP","floor":35},{"not_picked":["Bane+1","Escape Plan"],"picked":"Reflex","floor":36},{"not_picked":["Slice+1","Outmaneuver+1"],"picked":"Prepared+1","floor":37},{"not_picked":["Expertise+1","Blade Dance+1"],"picked":"Deadly Poison+1","floor":39},{"not_picked":["Grand Finale","Distraction+1"],"picked":"Footwork","floor":41},{"not_picked":["Slice","Dagger Spray+1","Bane"],"picked":"SKIP","floor":42},{"not_picked":["Flying Knee","Dagger Spray"],"picked":"Quick Slash+1","floor":46},{"not_picked":["Deflect+1","Flechettes+1"],"picked":"Acrobatics","floor":48}],"player_experience":1023772,"relics_obtained":[{"floor":7.0,"key":"Nunchaku"},{"floor":9.0,"key":"StoneCalendar"},{"floor":11.0,"key":"Bag of Preparation"},{"floor":19.0,"key":"Necronomicon"},{"floor":26.0,"key":"Omamori"},{"floor":36,"key":"Lizard Tail"},{"floor":41,"key":"Eternal Feather"},{"floor":43,"key":"Du-Vu Doll"},{"floor":46,"key":"Shuriken"}],"event_choices":[{"damage_healed":0.0,"max_hp_gain":0.0,"max_hp_loss":0.0,"gold_gain":0.0,"event_name":"Match and Keep!","player_choice":"2 cards matched","floor":2.0,"gold_loss":0.0,"damage_taken":0.0,"cards_obtained":["Burst","PiercingWail"]},{"damage_healed":0.0,"max_hp_gain":5.0,"max_hp_loss":0.0,"gold_gain":0.0,"event_name":"Big Fish","player_choice":"Donut","floor":4.0,"gold_loss":0.0,"damage_taken":0.0},{"damage_healed":0.0,"max_hp_gain":0.0,"max_hp_loss":0.0,"gold_gain":0.0,"event_name":"Shining Light","player_choice":"Entered Light","floor":14.0,"gold_loss":0.0,"damage_taken":14.0,"cards_upgraded":["Defend_G","Strike_G"]},{"damage_healed":0.0,"max_hp_gain":0.0,"max_hp_loss":0.0,"gold_gain":0.0,"event_name":"Cursed Tome","player_choice":"Obtained Book","floor":19.0,"gold_loss":0.0,"damage_taken":16.0},{"damage_healed":0.0,"max_hp_gain":0.0,"max_hp_loss":0.0,"gold_gain":0.0,"event_name":"The Mausoleum","player_choice":"Ignored","floor":22.0,"gold_loss":0.0,"damage_taken":0.0},{"damage_healed":0.0,"max_hp_gain":0.0,"max_hp_loss":0.0,"gold_gain":99.0,"event_name":"Nest","player_choice":"Stole From Cult","floor":24.0,"gold_loss":0.0,"damage_taken":0.0},{"damage_healed":0.0,"max_hp_gain":0.0,"max_hp_loss":0.0,"gold_gain":0.0,"event_name":"Lab","player_choice":"Got Potions","floor":27.0,"gold_loss":0.0,"damage_taken":0.0},{"damage_healed":0,"gold_gain":0,"player_choice":"Fight","damage_taken":0,"max_hp_gain":0,"max_hp_loss":0,"event_name":"Mysterious Sphere","floor":36,"gold_loss":0},{"damage_healed":17,"gold_gain":0,"player_choice":"Writhe","damage_taken":0,"max_hp_gain":0,"max_hp_loss":0,"event_name":"Winding Halls","floor":38,"gold_loss":0,"cards_obtained":["Writhe"]},{"damage_healed":0,"gold_gain":0,"player_choice":"Paid","damage_taken":0,"relics_obtained":["Red Mask"],"max_hp_gain":0,"max_hp_loss":0,"event_name":"Tomb of Lord Red Mask","floor":45,"gold_loss":342}],"is_beta":false,"boss_relics":[{"not_picked":["Fusion Hammer","WristBlade"],"picked":"Sozu"},{"not_picked":["SacredBark","Runic Dome"],"picked":"Pandora\u0027s Box"}],"items_purged_floors":[12],"is_endless":false,"potions_floor_spawned":[1,11,16,20,33,37,41,46,48],"ascension_level":11}}