{"host":"za2wuyyc2elu7npv","time":1614083720,"event":{"mods":["ATMod(°¢èªMod)","Act Like it!","Arknights","BaseMod","Colored Powertips","Koishi","Minty Spire (QoL Compilation)","Replay The Spire","StSLib","Waifu the Spire"],"gold_per_floor":[115,115,115,131,145,173,173,207,207,207,223,243,262,89,89,190,190,200,219,219,219,219],"floor_reached":21,"language":"ZHS","playtime":1116,"items_purged":[],"score":191,"play_id":"94143108-0ad9-43c1-a6d5-9b4e28af4a68","local_time":"20210223203520","is_ascension_mode":false,"campfire_choices":[{"floor":7,"key":"REST"},{"floor":10,"key":"REST"},{"floor":15,"key":"REST"}],"circlet_count":0,"master_deck":["ats:Strike C","ats:Strike G","ats:Strike S","ats:Strike V+1","ats:Armor Crushing Shot","ats:Defend+1","ats:Defend","ats:Defend","ats:Defend","ats:Emotion Absorption","ats:Ignite","ats:Chain Hook","ats:Serious Mode","ats:Healing Strengthening","ats:Song Of Battle","ats:Healing Drone","ats:Poison Spread","ats:Charging Defense","ats:Counter Healing Mode","ats:Hammer On","ats:Soul Rend","ats:Encircling Forest+1","ats:Magnetic Hammer+1","Necronomicurse"],"relics":["ats:Sanity","AT_ATBox","ats:Originium","Oddly Smooth Stone","AT_Kusabimaru","Mirror","ats:Tactical Delivery","Necronomicon"],"acts_visited":["Exordium","TheCity"],"potions_floor_usage":[6,12,16,16,19,21],"damage_taken":[{"damage":10,"enemies":"2 Louse","floor":1,"turns":4},{"damage":0,"enemies":"Cultist","floor":4,"turns":3},{"damage":5,"enemies":"Small Slimes","floor":5,"turns":4},{"damage":30,"enemies":"Gremlin Nob","floor":6,"turns":4},{"damage":27,"enemies":"Lagavulin","floor":8,"turns":5},{"damage":14,"enemies":"Blue Slaver","floor":11,"turns":4},{"damage":20,"enemies":"Large Slime","floor":12,"turns":6},{"damage":5,"enemies":"Looter","floor":13,"turns":4},{"damage":64,"enemies":"Fading Forest","floor":16,"turns":11},{"damage":51,"enemies":"Shell Parasite","floor":18,"turns":7},{"damage":47,"enemies":"3 Byrds","floor":19,"turns":8},{"damage":30,"enemies":"Snecko","floor":21,"turns":3}],"seed_played":"-7382511574019115923","potions_obtained":[{"floor":1,"key":"PowerPotion"},{"floor":6,"key":"ats:Flame Arts Potion"},{"floor":11,"key":"SkillPotion"},{"floor":12,"key":"Fire Potion"},{"floor":18,"key":"SkillPotion"},{"floor":19,"key":"Elixir"}],"is_trial":false,"path_per_floor":["M","?","?","M","M","E","R","E","T","R","M","M","M","$","R","B",null,"M","M","?","M"],"character_chosen":"DOCTOR_CLASS","items_purchased":["ats:Counter Healing Mode","ats:Hammer On","PowerPotion"],"campfire_rested":3,"item_purchase_floors":[14,14,14],"current_hp_per_floor":[69,53,53,53,48,18,41,14,14,37,23,21,28,28,51,39,79,43,19,3,0,0],"gold":219,"neow_bonus":"TEN_PERCENT_HP_BONUS","is_daily":false,"chose_seed":false,"campfire_upgraded":0,"win_rate":0.0,"timestamp":1614083720,"path_taken":["M","?","?","?","M","E","R","E","T","R","M","M","M","$","R","BOSS","M","?","?","M"],"items_purchased_type":["Card","Card","Potion"],"build_version":"2020-12-22","purchased_purges":0,"victory":false,"max_hp_per_floor":[79,79,79,79,79,79,79,79,79,79,79,79,79,79,79,79,79,79,79,79,79,79],"card_choices":[{"not_picked":["ats:Flame Of Heaven","ats:Sword Rain"],"picked":"ats:Ignite","floor":1},{"not_picked":["ats:Explosion Area Strengthen","ats:Consecutive Shot Auto"],"picked":"ats:Chain Hook","floor":4},{"not_picked":["ats:Consecutive Shot Auto","ats:Ignite"],"picked":"ats:Serious Mode","floor":5},{"not_picked":["ats:Consecutive Shot Auto","ats:Hook Shot"],"picked":"ats:Healing Strengthening","floor":6},{"not_picked":["ats:Spore Proliferation","ats:Literary Storm"],"picked":"ats:Song Of Battle","floor":8},{"not_picked":["ats:Flame Of Heaven","ats:Absolute Focus"],"picked":"ats:Healing Drone","floor":11},{"not_picked":["ats:Consecutive Shot Auto","ats:Curse Doll"],"picked":"ats:Poison Spread","floor":12},{"not_picked":["ats:Chain Hook","ats:Healing Strengthening"],"picked":"ats:Charging Defense","floor":13},{"not_picked":["ats:Dogmatic Field","ats:Durian"],"picked":"ats:Soul Rend","floor":16},{"not_picked":["ats:Poison Spread+1","ats:Shell Defense"],"picked":"ats:Encircling Forest+1","floor":18},{"not_picked":["ats:Explosion Area Strengthen","ats:Powerful Strike"],"picked":"ats:Magnetic Hammer+1","floor":19}],"player_experience":29468,"relics_obtained":[{"floor":6,"key":"ats:Originium"},{"floor":6,"key":"Oddly Smooth Stone"},{"floor":8,"key":"ats:Originium"},{"floor":8,"key":"AT_Kusabimaru"},{"floor":9,"key":"Mirror"},{"floor":20,"key":"Necronomicon"}],"event_choices":[{"damage_healed":0,"gold_gain":0,"player_choice":"Entered Light","damage_taken":16,"max_hp_gain":0,"max_hp_loss":0,"event_name":"Shining Light","floor":2,"gold_loss":0,"cards_upgraded":["ats:Strike V","ats:Defend"]},{"cards_removed":["AT_CelerityRune"],"damage_healed":0,"gold_gain":0,"player_choice":"Purged","damage_taken":0,"max_hp_gain":0,"max_hp_loss":0,"event_name":"Purifier","floor":3,"gold_loss":0},{"damage_healed":0,"gold_gain":0,"player_choice":"Obtained Book","damage_taken":16,"max_hp_gain":0,"max_hp_loss":0,"event_name":"Cursed Tome","floor":20,"gold_loss":0}],"is_beta":false,"boss_relics":[{"not_picked":["Velvet Choker","SacredBark"],"picked":"ats:Tactical Delivery"}],"items_purged_floors":[],"is_endless":false,"potions_floor_spawned":[1,6,11,12,18,19],"killed_by":"Snecko","ascension_level":0}}