{"host":"6p0attdrtjqaih7v","time":1614058310,"event":{"mods":["2.2 Compatiblity","AchievementEnabler","BaseMod","Better Skull","Better Third Choice","Card Filter","Colored Powertips","Hermit","Highlight Path","Hubris","Key Reminder","Minty Spire (QoL Compilation)","Permanent Neow","Quick Restart","Random Character Button","Relic Filter","Relic Stats","Reliquary","Replay The Spire","Robot Space Explorer","StSLib","The Construct","The Gatherer","The Hayseed","The Runesmith","The Witch"],"gold_per_floor":[118,136,136,146,162,196,196,228,228,243,272,272,272,307,307,408,408,424,424,438,453,19,19,19,19,19],"floor_reached":25,"language":"ENG","playtime":803,"items_purged":["Strike_P","Defend_P","Defend_P"],"score":398,"play_id":"9a26d0ba-3b4d-4bfa-b960-777bb57b2cbd","local_time":"20210223003150","is_ascension_mode":true,"campfire_choices":[{"floor":7,"key":"REST"},{"floor":12,"key":"REST"},{"data":"Conclude","floor":15,"key":"SMITH"},{"floor":23,"key":"REST"}],"circlet_count":0,"master_deck":["Defend_P","Defend_P","Eruption","Vigilance","Conclude+1","FlurryOfBlows","CrushJoints","BowlingBash","Evaluate","Evaluate","LikeWater","Tantrum","Tantrum","DevaForm+1","TalkToTheHand+1","Blasphemy+1","Worship+1","FlurryOfBlows","Sanctity","EmptyMind"],"relics":["construct:ClawGrip","Golden Egg","Omamori","Centennial Puzzle","Shuriken","reliquary:TuningFork","Astrolabe","hubris:CuriousFeather"],"acts_visited":["Exordium","TheCity"],"potions_floor_usage":[8,14,14,21,25],"damage_taken":[{"damage":0,"enemies":"Cultist","floor":1,"turns":4},{"damage":5,"enemies":"Small Slimes","floor":2,"turns":3},{"damage":0,"enemies":"2 Louse","floor":4,"turns":2},{"damage":4,"enemies":"Looter","floor":5,"turns":3},{"damage":27,"enemies":"Lagavulin","floor":6,"turns":6},{"damage":2,"enemies":"3 Sentries","floor":8,"turns":5},{"damage":4,"enemies":"Large Slime","floor":10,"turns":2},{"damage":5,"enemies":"Lagavulin","floor":11,"turns":6},{"damage":0,"enemies":"Gremlin Nob","floor":14,"turns":2},{"damage":0,"enemies":"Slime Boss","floor":16,"turns":4},{"damage":4,"enemies":"Shell Parasite","floor":18,"turns":3},{"damage":17,"enemies":"2 Thieves","floor":20,"turns":2},{"damage":18,"enemies":"Snake Plant","floor":21,"turns":3},{"damage":46,"enemies":"Slavers","floor":25,"turns":3}],"seed_played":"-5582661320744839205","potions_obtained":[{"floor":4,"key":"DuplicationPotion"},{"floor":10,"key":"Explosive Potion"},{"floor":11,"key":"BottledMiracle"}],"is_trial":false,"path_per_floor":["M","M","$","M","M","E","R","E","T","M","E","R","?","E","R","B",null,"M","?","M","M","$","R","?","E"],"character_chosen":"WATCHER","items_purchased":["Fire Potion","StancePotion","hubris:CuriousFeather","ColorlessPotion"],"campfire_rested":3,"item_purchase_floors":[3,3,22,22],"current_hp_per_floor":[65,60,40,40,36,9,30,28,28,24,19,40,40,40,40,40,64,60,60,43,25,25,46,46,0,0],"gold":19,"neow_bonus":"BOSS_RELIC","is_daily":false,"chose_seed":false,"campfire_upgraded":1,"win_rate":0.0,"timestamp":1614058310,"path_taken":["M","M","?","M","?","E","R","E","T","M","E","R","?","E","R","BOSS","M","?","M","M","$","R","?","E"],"items_purchased_type":["Potion","Potion","Relic","Potion"],"build_version":"2020-12-22","purchased_purges":3,"victory":false,"max_hp_per_floor":[72,72,72,72,72,72,72,72,72,72,72,72,72,72,72,72,72,72,72,72,72,72,72,72,72,72],"relic_stats":{"Centennial Puzzle":[18],"counters":[14,48],"Shuriken":[14],"Astrolabe":["TalkToTheHand","Blasphemy","Worship"],"obtain_stats":[{"Golden Egg":6,"construct:ClawGrip":0,"Centennial Puzzle":9,"Shuriken":11,"Astrolabe":17,"hubris:CuriousFeather":22,"Omamori":8,"reliquary:TuningFork":14,"PureWater":0},{"Golden Egg":5,"construct:ClawGrip":0,"Centennial Puzzle":6,"Shuriken":8,"Astrolabe":10,"hubris:CuriousFeather":13,"Omamori":6,"reliquary:TuningFork":9,"PureWater":0},{"Golden Egg":18,"construct:ClawGrip":0,"Centennial Puzzle":23,"Shuriken":31,"Astrolabe":37,"hubris:CuriousFeather":45,"Omamori":23,"reliquary:TuningFork":33,"PureWater":0}]},"card_choices":[{"not_picked":["Replay:DivineShield","JustLucky"],"picked":"Conclude","floor":1},{"not_picked":["SignatureMove","Replay:AtTheReady"],"picked":"FlurryOfBlows","floor":2},{"not_picked":["PathToVictory","InnerPeace"],"picked":"CrushJoints","floor":4},{"not_picked":["EmptyFist","ClearTheMind"],"picked":"BowlingBash","floor":5},{"not_picked":["Replay:Cycle","Replay:Hum"],"picked":"Evaluate","floor":6},{"not_picked":["Replay:AtTheReady","EmptyBody"],"picked":"Evaluate","floor":8},{"not_picked":["PathToVictory","Consecrate"],"picked":"LikeWater","floor":10},{"not_picked":["Perseverance","Sanctity"],"picked":"Tantrum","floor":11},{"not_picked":["SignatureMove","ThirdEye"],"picked":"Tantrum","floor":14},{"not_picked":["Replay:LoomingThreat","Establishment"],"picked":"DevaForm","floor":16},{"not_picked":["Replay:AtTheReady+1","PathToVictory+1"],"picked":"FlurryOfBlows","floor":18},{"not_picked":["Replay:ManipulateFuture+1","Replay:AtTheReady"],"picked":"Sanctity","floor":20},{"not_picked":["EmptyBody","FollowUp"],"picked":"EmptyMind","floor":21}],"player_experience":1244996,"relics_obtained":[{"floor":6,"key":"Golden Egg"},{"floor":8,"key":"Omamori"},{"floor":9,"key":"Centennial Puzzle"},{"floor":11,"key":"Shuriken"},{"floor":14,"key":"reliquary:TuningFork"}],"event_choices":[{"damage_healed":0,"gold_gain":0,"player_choice":"Ignored","damage_taken":0,"max_hp_gain":0,"max_hp_loss":0,"event_name":"The Mausoleum","floor":24,"gold_loss":0}],"is_beta":false,"boss_relics":[{"not_picked":["Snecko Eye","reliquary:Craggleroot"],"picked":"Astrolabe"}],"items_purged_floors":[3,3,22],"is_endless":false,"potions_floor_spawned":[4,5,6,10,11],"killed_by":"Slavers","ascension_level":6}}