{"host":"2l5k2wp87eek7qja","time":1614114667,"event":{"mods":["BaseMod","Colored Map","Minty Spire (QoL Compilation)","Relic Stats"],"gold_per_floor":[112,125,275,200,200,234,250,93,93,105,105],"floor_reached":10,"language":"ENG","playtime":118,"items_purged":["Doubt","Strike_G"],"score":182,"play_id":"5fbc0b59-6d90-40e7-89bc-e6876cc434d4","local_time":"20210223231107","is_ascension_mode":true,"campfire_choices":[],"circlet_count":0,"master_deck":["AscendersBane","Strike_G","Strike_G","Strike_G","Strike_G","Defend_G","Defend_G","Defend_G","Defend_G","Defend_G","Survivor","Neutralize","Finisher","Slice","Expertise","Cloak And Dagger"],"relics":["Ring of the Snake","NeowsBlessing","Golden Idol","Kunai","MawBank"],"acts_visited":["Exordium"],"potions_floor_usage":[],"damage_taken":[{"damage":0.0,"enemies":"Jaw Worm","floor":1.0,"turns":1.0},{"damage":0.0,"enemies":"Small Slimes","floor":2.0,"turns":1.0},{"damage":0.0,"enemies":"Lagavulin","floor":6.0,"turns":1.0},{"damage":3,"enemies":"2 Louse","floor":7,"turns":4},{"damage":0,"enemies":"3 Sentries","floor":10,"turns":1}],"seed_played":"4860692859205283713","potions_obtained":[{"floor":6.0,"key":"FairyPotion"},{"floor":7,"key":"SpeedPotion"}],"is_trial":false,"path_per_floor":["M","M","?","$","?","E","M","$","T","E"],"character_chosen":"THE_SILENT","items_purchased":["Cloak And Dagger"],"campfire_rested":0,"item_purchase_floors":[8],"current_hp_per_floor":[59,59,59,59,59,59,56,56,56,56,56],"gold":105,"neow_bonus":"THREE_ENEMY_KILL","is_daily":false,"chose_seed":false,"campfire_upgraded":0,"win_rate":0.0,"timestamp":1614114667,"path_taken":["M","M","?","$","?","E","M","$","T","E"],"items_purchased_type":["Card"],"build_version":"2020-12-22","purchased_purges":2,"victory":false,"max_hp_per_floor":[66,66,66,66,60,60,60,60,60,60,60],"relic_stats":{"counters":[5,8],"Golden Idol":10,"Kunai":[0],"MawBank":12,"obtain_stats":[{"NeowsBlessing":0,"Golden Idol":5,"Kunai":6,"MawBank":9,"Ring of the Snake":0},{"NeowsBlessing":0,"Golden Idol":2,"Kunai":3,"MawBank":4,"Ring of the Snake":0},{"NeowsBlessing":0,"Golden Idol":2,"Kunai":3,"MawBank":7,"Ring of the Snake":0}],"Ring of the Snake":[10]},"card_choices":[{"not_picked":["Sucker Punch","Well Laid Plans"],"picked":"Finisher","floor":1.0},{"not_picked":["Deflect","Bane"],"picked":"Slice","floor":2.0},{"not_picked":["Concentrate","Deadly Poison"],"picked":"Expertise","floor":6.0},{"not_picked":["Tools of the Trade","Expertise","Dodge and Roll"],"picked":"SKIP","floor":7}],"player_experience":875825,"relics_obtained":[{"floor":6.0,"key":"Kunai"},{"floor":9,"key":"MawBank"}],"event_choices":[{"damage_healed":0.0,"max_hp_gain":0.0,"max_hp_loss":0.0,"gold_gain":150.0,"event_name":"Liars Game","player_choice":"AGREE","floor":3.0,"gold_loss":0.0,"damage_taken":0.0,"cards_obtained":["Doubt"]},{"damage_healed":0.0,"max_hp_gain":0.0,"max_hp_loss":6.0,"gold_gain":0.0,"event_name":"Golden Idol","player_choice":"Lose Max HP","floor":5.0,"gold_loss":0.0,"damage_taken":0.0,"relics_obtained":["Golden Idol"]}],"is_beta":false,"boss_relics":[],"items_purged_floors":[4,8],"is_endless":false,"potions_floor_spawned":[6,7],"killed_by":"3 Sentries","ascension_level":20}}