{"host":"s4ojoik2izpnmj7q","time":1614078440,"event":{"mods":["ATMod(°¢èªMod)","Act Like it!","BaseMod","Better Skull","Minty Spire (QoL Compilation)","MostiFishMod","StSLib"],"gold_per_floor":[111,126,142,27,40,70,114,157,169,212,244,256,297,368,380,519,531,562,637,666,720,798,868,988,1027,1062,1124,1167,1263,1307,1437,1449,1534,1546,1576,1706,1449,1566,1632,1762,1793,2172,2172,2302,2419,2599,2739,2891,2891],"floor_reached":48,"language":"ZHS","playtime":1405,"items_purged":["Defend_P","Strike_P"],"score":2708,"play_id":"b437fad0-22a8-419d-8db5-de65c7aa438c","local_time":"20210223190720","daily_mods":["Vintage","Heirloom","Time Dilation","Flight","DeadlyEvents","Elite Swarm","Lethality"],"is_ascension_mode":true,"campfire_choices":[{"data":"Eruption","floor":15.0,"key":"SMITH"},{"data":"Omniscience","floor":32.0,"key":"SMITH"}],"circlet_count":0,"master_deck":["AscendersBane","Strike_P+1","Strike_P+1","Strike_P+1","Defend_P","Defend_P+1","Defend_P+1","Eruption+1","Vigilance+1","AT_DarkMatter+1","TalkToTheHand+1","Brilliance+1","MostiFishMod:DustFall+1","LessonLearned+1","Wish+1","Wish+1","Eruption+1","Ragnarok+1","Omniscience+1","DevaForm+1","Omniscience+1","DeusExMachina+1","Omniscience+1","Scrawl+1","Vault+1"],"relics":["PureWater","DaveBox","AT_ATBox","CombinedTypeHook","OriginationStaff","Frozen Egg 2","SynthV:TestCard","Blood Vial","AT_BladeRuinedKing","Calipers","MawBank","CaptainsWheel","AT_BellowingDragoncrestRing","Oddly Smooth Stone","Gremlin Horn","Yang","StrikeDummy","Jackal-EndForJourney","AT_EbonyIvory","Nunchaku","Anchor","AT_RabadonDeathcap","AT_SpeedBoots","Bronze Scales","Tiny Chest","Toy Ornithopter","Turnip","Kunai","AT_BellDemon","Strawberry","AT_LudenTempest","Vajra","Singing Bowl","Ornamental Fan","NightmareShop","Dream Catcher","Unceasing Top","Lizard Tail","Potion Belt","AT_SunfireAegis","SentryEyes","Bottled Tornado","Incense Burner","Ancient Tea Set","Happy Flower","Blue Candle","Whetstone","Mango","ImprovedEquipment","Old Coin","Eternal Feather","Boot","MealTicket","Dead Branch","Mercury Hourglass","Thread and Needle","CeramicFish","AT_GuinsooRageblade","SynthV:C4","AT_ArchangelStaff"],"acts_visited":["Exordium","TheCity","TheBeyond"],"potions_floor_usage":[],"damage_taken":[{"damage":0.0,"enemies":"Jaw Worm","floor":1.0,"turns":2.0},{"damage":0.0,"enemies":"Small Slimes","floor":2.0,"turns":2.0},{"damage":0.0,"enemies":"Cultist","floor":3.0,"turns":2.0},{"damage":0.0,"enemies":"Blue Slaver","floor":5.0,"turns":1.0},{"damage":0.0,"enemies":"Gremlin Nob","floor":6.0,"turns":2.0},{"damage":0.0,"enemies":"Lagavulin","floor":7.0,"turns":4.0},{"damage":0.0,"enemies":"Gremlin Nob","floor":8.0,"turns":2.0},{"damage":0.0,"enemies":"Lagavulin","floor":10.0,"turns":2.0},{"damage":0.0,"enemies":"Exordium Thugs","floor":11.0,"turns":2.0},{"damage":0.0,"enemies":"Gremlin Nob","floor":13.0,"turns":2.0},{"damage":0.0,"enemies":"3 Sentries","floor":14.0,"turns":3.0},{"damage":9.0,"enemies":"The Guardian","floor":16.0,"turns":5.0},{"damage":0.0,"enemies":"Spheric Guardian","floor":18.0,"turns":2.0},{"damage":0.0,"enemies":"Chosen","floor":19.0,"turns":3.0},{"damage":0.0,"enemies":"Snake Plant","floor":20.0,"turns":1.0},{"damage":0.0,"enemies":"Centurion and Healer","floor":21.0,"turns":2.0},{"damage":0.0,"enemies":"Cultist and Chosen","floor":22.0,"turns":2.0},{"damage":0.0,"enemies":"Gremlin Leader","floor":23.0,"turns":2.0},{"damage":30.0,"enemies":"Book of Stabbing","floor":24.0,"turns":3.0},{"damage":0.0,"enemies":"Slavers","floor":25.0,"turns":2.0},{"damage":0.0,"enemies":"Book of Stabbing","floor":27.0,"turns":2.0},{"damage":0.0,"enemies":"Slavers","floor":28.0,"turns":1.0},{"damage":0.0,"enemies":"Gremlin Leader","floor":29.0,"turns":2.0},{"damage":0.0,"enemies":"Slavers","floor":30.0,"turns":1.0},{"damage":0.0,"enemies":"Snake Plant","floor":31.0,"turns":1.0},{"damage":20.0,"enemies":"Champ","floor":33.0,"turns":3.0},{"damage":0.0,"enemies":"Orb Walker","floor":35.0,"turns":1.0},{"damage":0.0,"enemies":"3 Darklings","floor":36.0,"turns":1.0},{"damage":0.0,"enemies":"Writhing Mass","floor":38.0,"turns":1.0},{"damage":0.0,"enemies":"Spire Growth","floor":39.0,"turns":1.0},{"damage":0.0,"enemies":"Giant Head","floor":40.0,"turns":1.0},{"damage":0.0,"enemies":"Nemesis","floor":41.0,"turns":1.0},{"damage":0.0,"enemies":"Giant Head","floor":42.0,"turns":2.0},{"damage":0.0,"enemies":"Reptomancer","floor":44.0,"turns":1.0},{"damage":0.0,"enemies":"Jaw Worm Horde","floor":45.0,"turns":1.0},{"damage":1.0,"enemies":"Giant Head","floor":46.0,"turns":1.0},{"damage":0.0,"enemies":"4 Shapes","floor":47.0,"turns":1.0},{"damage":0,"enemies":"Reptomancer","floor":48,"turns":1}],"seed_played":"-5145114949269121395","potions_obtained":[{"floor":1.0,"key":"Explosive Potion"},{"floor":5.0,"key":"SkillPotion"},{"floor":6.0,"key":"FearPotion"},{"floor":10.0,"key":"EntropicBrew"},{"floor":13.0,"key":"Energy Potion"},{"floor":27.0,"key":"Explosive Potion"},{"floor":29.0,"key":"SteroidPotion"},{"floor":40.0,"key":"CultistPotion"},{"floor":41.0,"key":"DuplicationPotion"},{"floor":42.0,"key":"Fire Potion"},{"floor":46.0,"key":"Ambrosia"}],"is_trial":true,"path_per_floor":["M","M","M","$","M","E","E","E","T","E","M","$","E","E","R","B",null,"M","M","M","M","M","E","E","E","T","E","E","E","E","M","R","B",null,"M","M","$","M","M","E","E","E","T","E","M","E","M","E"],"character_chosen":"WATCHER","items_purchased":["TalkToTheHand","AT_SunfireAegis"],"campfire_rested":0,"item_purchase_floors":[4,37],"current_hp_per_floor":[61,61,63,63,65,67,68,68,68,68,68,68,68,68,68,59,66,68,68,68,68,68,68,38,40,40,42,44,46,60,62,62,44,67,69,71,71,73,75,75,91,93,93,95,95,94,95,95,95],"gold":2891,"neow_bonus":"","is_daily":false,"chose_seed":false,"campfire_upgraded":2,"win_rate":0.0,"timestamp":1614078440,"path_taken":["M","M","M","$","M","E","E","E","T","E","M","$","E","E","R","BOSS","M","M","M","M","M","E","E","E","T","E","E","E","E","M","R","BOSS","M","M","$","M","M","E","E","E","T","E","M","E","M","E"],"items_purchased_type":["Card","Relic"],"build_version":"2020-12-22","purchased_purges":2,"victory":false,"max_hp_per_floor":[68,68,68,68,68,68,68,68,68,68,68,68,68,68,68,68,68,68,68,68,68,68,68,68,68,68,68,68,68,75,75,75,75,75,75,75,75,75,75,75,91,93,93,95,95,95,95,95,95],"card_choices":[{"not_picked":["MostiFishMod:StarLaLaLa","MostiFishMod:Unraveling","Blasphemy","Devotion+1"],"picked":"Brilliance","floor":6.0},{"not_picked":["MostiFishMod:Minus","AT_RealColorLess+1","Alpha","Brilliance"],"picked":"MostiFishMod:DustFall+1","floor":7.0},{"not_picked":["MostiFishMod:Unraveling","AT_IrregularMenstruation","Blasphemy","Wish"],"picked":"LessonLearned","floor":8.0},{"not_picked":["MostiFishMod:StarWish","MostiFishMod:StarHerder+1","MostiFishMod:StarOceanP","AT_MachinaRedman","MostiFishMod:KamiSmash"],"picked":"SKIP","floor":10.0},{"not_picked":["MostiFishMod:OutWit+1","Scrawl","AT_IrregularMenstruation","Brilliance"],"picked":"Wish","floor":13.0},{"not_picked":["MostiFishMod:Adaptation+1","MostiFishMod:Moonprays","MostiFishMod:DustFall+1","AT_IrregularMenstruation"],"picked":"Wish","floor":14.0},{"not_picked":["Wish","MostiFishMod:Minus","MostiFishMod:Pointsdynamics+1","MostiFishMod:Adaptation+1","MostiFishMod:DustFall+1"],"picked":"SKIP","floor":23.0},{"not_picked":["MostiFishMod:StarOceanP","MasterReality+1","MostiFishMod:Minus","ConjureBlade"],"picked":"Ragnarok","floor":24.0},{"not_picked":["Brilliance","MostiFishMod:StarHerder+1","MostiFishMod:Unraveling","Establishment+1"],"picked":"Omniscience","floor":25.0},{"not_picked":["MostiFishMod:StarLaLaLa","MostiFishMod:Unraveling","MostiFishMod:StarWish","MasterReality+1","AT_MachinaRedman"],"picked":"SKIP","floor":27.0},{"not_picked":["MostiFishMod:StarLaLaLa","MostiFishMod:Dust+1","MostiFishMod:KamiSmash","AT_MachinaRedman"],"picked":"DevaForm+1","floor":28.0},{"not_picked":["Scrawl","MostiFishMod:Minus","Devotion+1","Alpha"],"picked":"Omniscience","floor":29.0},{"not_picked":["MostiFishMod:StarWish","LessonLearned","Brilliance","Scrawl"],"picked":"DeusExMachina","floor":30.0},{"not_picked":["DeusExMachina","MostiFishMod:StarHerder+1","Devotion+1","AT_MachinaRedman"],"picked":"Omniscience","floor":33.0},{"not_picked":["MostiFishMod:DisColor","DeusExMachina","Vault","MostiFishMod:StarWish"],"picked":"Scrawl","floor":40.0},{"not_picked":["MostiFishMod:DisColor","MostiFishMod:Minus","MostiFishMod:Unraveling","DevaForm+1","MostiFishMod:Moonprays"],"picked":"Singing Bowl","floor":41.0},{"not_picked":["MostiFishMod:KamiSmash","Brilliance","MostiFishMod:DustFall+1","AT_MachinaRedman","Blasphemy"],"picked":"Singing Bowl","floor":42.0},{"not_picked":["ConjureBlade","MostiFishMod:DustFall+1","SpiritShield","MostiFishMod:Moonprays","LessonLearned"],"picked":"Singing Bowl","floor":44.0},{"not_picked":["Wish","MostiFishMod:StarLaLaLa","Scrawl","MostiFishMod:Dust+1"],"picked":"Vault","floor":46.0}],"player_experience":651025,"relics_obtained":[{"floor":1.0,"key":"Frozen Egg 2"},{"floor":1.0,"key":"SynthV:TestCard"},{"floor":2.0,"key":"Blood Vial"},{"floor":3.0,"key":"AT_BladeRuinedKing"},{"floor":5.0,"key":"Calipers"},{"floor":6.0,"key":"MawBank"},{"floor":7.0,"key":"CaptainsWheel"},{"floor":8.0,"key":"AT_BellowingDragoncrestRing"},{"floor":10.0,"key":"Oddly Smooth Stone"},{"floor":11.0,"key":"Gremlin Horn"},{"floor":13.0,"key":"Yang"},{"floor":14.0,"key":"StrikeDummy"},{"floor":19.0,"key":"AT_EbonyIvory"},{"floor":20.0,"key":"Nunchaku"},{"floor":21.0,"key":"Anchor"},{"floor":22.0,"key":"AT_RabadonDeathcap"},{"floor":23.0,"key":"AT_SpeedBoots"},{"floor":24.0,"key":"Bronze Scales"},{"floor":25.0,"key":"Tiny Chest"},{"floor":26.0,"key":"Toy Ornithopter"},{"floor":27.0,"key":"Turnip"},{"floor":28.0,"key":"Kunai"},{"floor":29.0,"key":"AT_BellDemon"},{"floor":30.0,"key":"Strawberry"},{"floor":30.0,"key":"AT_LudenTempest"},{"floor":31.0,"key":"Vajra"},{"floor":31.0,"key":"Singing Bowl"},{"floor":33.0,"key":"Ornamental Fan"},{"floor":35.0,"key":"Dream Catcher"},{"floor":35.0,"key":"Unceasing Top"},{"floor":36.0,"key":"Lizard Tail"},{"floor":36.0,"key":"Potion Belt"},{"floor":38.0,"key":"SentryEyes"},{"floor":38.0,"key":"Bottled Tornado"},{"floor":39.0,"key":"Incense Burner"},{"floor":39.0,"key":"Ancient Tea Set"},{"floor":40.0,"key":"Happy Flower"},{"floor":40.0,"key":"Blue Candle"},{"floor":41.0,"key":"Whetstone"},{"floor":41.0,"key":"Mango"},{"floor":42.0,"key":"ImprovedEquipment"},{"floor":42.0,"key":"Old Coin"},{"floor":43.0,"key":"Eternal Feather"},{"floor":44.0,"key":"Boot"},{"floor":44.0,"key":"MealTicket"},{"floor":45.0,"key":"Dead Branch"},{"floor":45.0,"key":"Mercury Hourglass"},{"floor":46.0,"key":"Thread and Needle"},{"floor":46.0,"key":"CeramicFish"},{"floor":47.0,"key":"AT_GuinsooRageblade"},{"floor":48,"key":"SynthV:C4"},{"floor":48,"key":"AT_ArchangelStaff"}],"event_choices":[],"is_beta":false,"boss_relics":[{"not_picked":["AT_MortalBlade","FixedStarFall"],"picked":"Jackal-EndForJourney"},{"not_picked":["GuanYuAspect","SlaversCollar"],"picked":"NightmareShop"}],"items_purged_floors":[4,37],"is_endless":false,"potions_floor_spawned":[1,5,6,8,10,13,18,21,25,27,28,29,40,41,42,44,46,47],"killed_by":"Reptomancer","ascension_level":20}}