{"host":"0r455zfix56tawas","time":1614091222,"event":{"mods":["AlwaysNeverKeys","BaseMod","Colored Powertips","Downfall","Highlight Path","Minty Spire (QoL Compilation)","Permanent Neow","StSLib","The Necromancer","The Servant 0.9.4"],"gold_per_floor":[99,111,129,129,141,160,160,160,53,153,164,180,180,197,214,316,316,316,336,348,365,365,365,365,365,377,377,287,298,298,86,102,197,197,197,211,228,223,223,223,248,248,258,258,258,258],"floor_reached":44,"language":"ENG","playtime":2142,"items_purged":["bronze:Flail","bronze:Flail"],"score":404,"play_id":"672164f5-5cd6-4a90-a5a3-179f6ffbb6e7","local_time":"20210223154022","is_ascension_mode":false,"campfire_choices":[{"data":"bronze:Defend","floor":1,"key":"SMITH"},{"data":"bronze:Defend","floor":8,"key":"SMITH"},{"data":"bronze:Optimize","floor":13,"key":"SMITH"},{"data":"bronze:Virus","floor":18,"key":"SMITH"},{"data":"bronze:DelayedSlice","floor":23,"key":"SMITH"},{"data":"bronze:Replicate","floor":27,"key":"SMITH"},{"data":"bronze:DelayedGuard","floor":30,"key":"SMITH"},{"data":"Apotheosis","floor":35,"key":"SMITH"}],"circlet_count":0,"master_deck":["bronze:Strike+1","bronze:Strike+1","bronze:Strike+1","bronze:Strike+1","bronze:Defend+1","bronze:Defend+1","bronze:Defend+1","bronze:Defend+1","bronze:Replicate+1","bronze:Goto","bronze:Repair","bronze:ChosenStrike","expansioncontent:AwakenDeath","bronze:Optimize+1","bronze:ChildClass","bronze:DelayedSlice+1","bronze:Virus+1","bronze:Overload+1","Necronomicurse","bronze:DelayedSlice","bronze:DelayedGuard+1","Apotheosis+1","bronze:AlphaBuild"],"relics":["bronze:PlatinumCore","Mercury Hourglass","Gremlin Horn","Necronomicon","Busted Crown","Ornamental Fan","Blue Candle","bronze:BottledCode","Orichalcum"],"acts_visited":["Exordium","TheCity","TheBeyond"],"potions_floor_usage":[31],"damage_taken":[{"damage":6,"enemies":"Jaw Worm","floor":2,"turns":3},{"damage":0,"enemies":"Cultist","floor":3,"turns":4},{"damage":6,"enemies":"2 Louse","floor":5,"turns":2},{"damage":9,"enemies":"Gremlin Gang","floor":6,"turns":2},{"damage":0,"enemies":"downfall:FleeingMerchant","floor":9,"turns":4},{"damage":18,"enemies":"Large Slime","floor":11,"turns":5},{"damage":0,"enemies":"Blue Slaver","floor":12,"turns":4},{"damage":15,"enemies":"Exordium Wildlife","floor":14,"turns":4},{"damage":5,"enemies":"Large Slime","floor":15,"turns":4},{"damage":73,"enemies":"DF_ARCHETYPE_STREAMLINE","floor":16,"turns":11},{"damage":11,"enemies":"downfall:LooterAlt2","floor":19,"turns":4},{"damage":10,"enemies":"Chosen","floor":20,"turns":4},{"damage":21,"enemies":"Snake Plant","floor":21,"turns":4},{"damage":2,"enemies":"Chosen and Byrds","floor":26,"turns":4},{"damage":11,"enemies":"downfall:FleeingMerchant","floor":28,"turns":4},{"damage":38,"enemies":"Snecko","floor":29,"turns":5},{"damage":0,"enemies":"downfall:FleeingMerchant","floor":31,"turns":4},{"damage":28,"enemies":"Shelled Parasite and Fungi","floor":32,"turns":6},{"damage":49,"enemies":"WA_ARCHETYPE_CALM","floor":33,"turns":9},{"damage":27,"enemies":"3 Shapes","floor":36,"turns":2},{"damage":10,"enemies":"Orb Walker","floor":37,"turns":2},{"damage":21,"enemies":"downfall:FleeingMerchant","floor":38,"turns":3},{"damage":37,"enemies":"4 Shapes","floor":43,"turns":2},{"damage":14,"enemies":"Maw","floor":44,"turns":5}],"seed_played":"1942858591234080517","potions_obtained":[{"floor":3,"key":"Fire Potion"},{"floor":5,"key":"BlessingOfTheForge"},{"floor":11,"key":"Explosive Potion"},{"floor":15,"key":"LiquidMemories"},{"floor":16,"key":"Strength Potion"},{"floor":32,"key":"sneckomod:MuddlingPotion"}],"is_trial":false,"path_per_floor":["R","M","M","?","M","M","T","R","$","?","M","M","R","M","M","B",null,"R","M","M","M","?","R","T","?","M","R","$","M","R","$","M","B",null,"R","M","M","$","?","?","T","?","M","M"],"character_chosen":"THE_AUTOMATON","items_purchased":["expansioncontent:AwakenDeath","Apotheosis","Ornamental Fan"],"campfire_rested":0,"item_purchase_floors":[9,31,38],"current_hp_per_floor":[70,64,70,70,64,55,55,55,62,62,51,61,61,53,58,20,70,70,59,59,48,48,48,48,32,40,40,36,20,20,20,20,12,70,70,43,43,29,24,24,24,24,10,0,0,0],"gold":258,"neow_bonus":"THREE_CARDS","is_daily":false,"chose_seed":false,"campfire_upgraded":8,"win_rate":0.0,"timestamp":1614091222,"path_taken":["R","M","M","?","M","?","T","R","?","?","M","?","R","M","M","BOSS","R","M","M","M","?","R","T","?","M","R","$","M","R","?","M","BOSS","R","M","M","$","?","?","T","?","?","M"],"items_purchased_type":["Card","Card","Relic"],"build_version":"2020-12-22","purchased_purges":2,"victory":false,"max_hp_per_floor":[70,70,70,70,70,70,70,70,70,70,70,70,70,70,70,70,70,70,70,70,70,70,70,70,70,70,70,70,70,70,70,70,70,70,70,70,70,70,70,60,60,60,60,60,60,60],"card_choices":[{"not_picked":["bronze:CutThrough","bronze:ChildClass"],"picked":"bronze:Flail","floor":0},{"not_picked":["bronze:DelayedGuard","bronze:Repulsor"],"picked":"bronze:Repair","floor":2},{"not_picked":["bronze:OilSpill","bronze:Shield"],"picked":"bronze:Flail","floor":3},{"not_picked":["bronze:BugBarrage","bronze:Return"],"picked":"bronze:Boost","floor":5},{"not_picked":["bronze:Overheat","bronze:MaxOutput","bronze:DigitalCarnage"],"picked":"SKIP","floor":6},{"not_picked":["bronze:WildBeam","bronze:ThunderWave"],"picked":"bronze:ChosenStrike","floor":9},{"not_picked":["bronze:BuggyMess","bronze:CutThrough"],"picked":"bronze:Optimize","floor":11},{"not_picked":["bronze:BronzeArmor","bronze:ItsAFeature"],"picked":"bronze:ChildClass","floor":12},{"not_picked":["bronze:Deprecate","bronze:BuggyMess","bronze:OilSpill"],"picked":"SKIP","floor":14},{"not_picked":["bronze:WhirlingStrike","bronze:BitShift"],"picked":"bronze:DelayedSlice","floor":15},{"not_picked":["bronze:Mutator","bronze:SpaghettiCode"],"picked":"bronze:Virus","floor":16},{"not_picked":["bronze:ItsAFeature","bronze:Overheat","bronze:Shield+1"],"picked":"SKIP","floor":19},{"not_picked":["bronze:Invalidate+1","bronze:WildBeam","bronze:MaxOutput+1"],"picked":"SKIP","floor":20},{"not_picked":["bronze:WildBeam","bronze:Safeguard"],"picked":"bronze:Overload+1","floor":21},{"not_picked":["bronze:Shell+1","bronze:Flail","bronze:BuggyMess"],"picked":"SKIP","floor":26},{"not_picked":["bronze:WhirlingStrike+1","bronze:Philosophize"],"picked":"bronze:DelayedSlice","floor":28},{"not_picked":["bronze:BugBarrage+1","bronze:Shield"],"picked":"bronze:DelayedGuard","floor":29},{"not_picked":["bronze:Deprecate","bronze:MaxOutput+1","bronze:Allocate+1"],"picked":"SKIP","floor":31},{"not_picked":["bronze:Iterate","bronze:BuggyMess","bronze:ChildClass"],"picked":"SKIP","floor":32},{"not_picked":["bronze:HyperBeam","bronze:ThunderWave"],"picked":"bronze:AlphaBuild","floor":33},{"not_picked":["bronze:Invalidate+1"],"picked":"SKIP","floor":36},{"not_picked":["bronze:ClassDefault+1"],"picked":"SKIP","floor":37},{"not_picked":["bronze:Frontload+1"],"picked":"SKIP","floor":38},{"not_picked":["bronze:CutThrough+1"],"picked":"SKIP","floor":43}],"player_experience":1013022,"relics_obtained":[{"floor":7,"key":"Mercury Hourglass"},{"floor":24,"key":"Gremlin Horn"},{"floor":25,"key":"Necronomicon"},{"floor":41,"key":"Orichalcum"}],"event_choices":[{"damage_healed":0,"gold_gain":0,"player_choice":"Ignored","damage_taken":0,"max_hp_gain":0,"max_hp_loss":0,"event_name":"NoteForYourself","floor":4,"gold_loss":0}],"is_beta":false,"boss_relics":[{"not_picked":["Runic Pyramid","Fusion Hammer"],"picked":"bronze:PlatinumCore"},{"not_picked":["Calling Bell","Snecko Eye"],"picked":"Busted Crown"}],"items_purged_floors":[28,38],"is_endless":false,"potions_floor_spawned":[3,5,11,15,16,26,29,32,33,43],"killed_by":"Maw","ascension_level":0}}