{"host":"7vlopc64487frs6y","time":1614076873,"event":{"mods":["Aspiration","BaseMod","BetterRewards","Colored Map","Decade(Õı–°√˜)","Downfall","Good Game Mod","Highlight Path","Minty Spire (QoL Compilation)","Quick Restart","Reimu£®≤©¿ˆ¡È√Œ£©","Remilia£®¿Ÿ√◊¿Ú—«£©","Replay The Spire","Shop Mod","StSLib","TestMod","Unceasing Turn Reminder","Youmu£®ªÍ∆«—˝√Œ£©"],"gold_per_floor":[210,210,220,121,132,132,3,3,3,3,3,28,44,44,62,62,62,159,159,171,182,182,196,209,209,209],"floor_reached":25,"language":"ZHS","playtime":1317,"items_purged":["Strike_R"],"score":203,"play_id":"27f90e96-b6bd-4486-bbdc-f14f6fec7879","local_time":"20210223184113","is_ascension_mode":false,"campfire_choices":[{"data":"Armaments","floor":6.0,"key":"SMITH"},{"data":"Whirlwind","floor":14.0,"key":"SMITH"},{"data":"Burning Pact","floor":17.0,"key":"SMITH"}],"circlet_count":0,"master_deck":["Strike_R","Strike_R","Strike_R","Defend_R","Defend_R","Defend_R","Defend_R","Bash","Burning Pact+1","Fire Breathing","Whirlwind+1","Inflame","Armaments+1","Inflame+1","True Grit","Corruption","Ghostly Armor+1"],"relics":["Burning Blood","testmod-TestBox","REME:ComplimentaryCards","testmod-BalancedPeriapt","aspiration:FetidBarrel","Letter Opener","RuthlessExorcism:ReiMu","RedLine:ReiMu"],"acts_visited":["Exordium","TheCity"],"potions_floor_usage":[23,24,24,25,25],"damage_taken":[{"damage":8.0,"enemies":"Small Slimes","floor":1.0,"turns":3.0},{"damage":6.0,"enemies":"Cultist","floor":3.0,"turns":3.0},{"damage":0.0,"enemies":"Jaw Worm","floor":5.0,"turns":3.0},{"damage":27.0,"enemies":"Lagavulin","floor":12.0,"turns":9.0},{"damage":7.0,"enemies":"Looter","floor":13.0,"turns":4.0},{"damage":10.0,"enemies":"Exordium Wildlife","floor":15.0,"turns":3.0},{"damage":27.0,"enemies":"Fading Forest","floor":18.0,"turns":11.0},{"damage":13,"enemies":"2 Thieves","floor":20,"turns":3},{"damage":38,"enemies":"Shell Parasite","floor":21,"turns":9},{"damage":22,"enemies":"Snake Plant","floor":23,"turns":4},{"damage":31,"enemies":"3 Cultists","floor":24,"turns":5},{"damage":32,"enemies":"Book of Stabbing","floor":25,"turns":8}],"seed_played":"1318011517429146181","potions_obtained":[{"floor":1.0,"key":"PowerPotion"},{"floor":5.0,"key":"champ:CounterPotion"},{"floor":12.0,"key":"Regen Potion"},{"floor":21,"key":"SkillPotion"},{"floor":23,"key":"BloodPotion"},{"floor":24,"key":"testmod-SpacePotion"}],"is_trial":false,"path_per_floor":["M","?","M","$","M","R","$","PTL","PTL","?","T","E","M","R","M","?","R","B",null,"M","M","?","M","M","E"],"character_chosen":"IRONCLAD","items_purchased":["Armaments","Inflame+1","True Grit"],"campfire_rested":0,"item_purchase_floors":[4,4,7],"current_hp_per_floor":[78,78,78,78,80,80,80,80,80,77,77,56,55,55,51,51,51,46,80,73,41,49,33,24,4,4],"gold":209,"neow_bonus":"HUNDRED_GOLD","is_daily":false,"chose_seed":false,"campfire_upgraded":3,"win_rate":0.0,"timestamp":1614076873,"path_taken":["M","?","?","$","M","R","$","PTL","PTL","?","T","E","M","R","M","?","R","BOSS","M","M","?","M","M","E"],"items_purchased_type":["Card","Card","Card"],"build_version":"2020-12-22","purchased_purges":1,"victory":false,"max_hp_per_floor":[80,80,80,80,80,80,80,80,80,80,80,80,80,80,80,80,80,80,80,80,80,80,80,80,80,80],"card_choices":[{"not_picked":["Clash","Dual Wield"],"picked":"Fire Breathing","floor":1.0},{"not_picked":["Replay:Undeath\u0027s Touch","Sword Boomerang"],"picked":"Inflame","floor":3.0},{"not_picked":["Anger","Abandon","ReplayTheSpireMod:LeadingStrike"],"picked":"SKIP","floor":5.0},{"not_picked":["Run Through","Combust","Cleave"],"picked":"SKIP","floor":12.0},{"not_picked":["Bloodletting","True Grit","Iron Wave"],"picked":"SKIP","floor":13.0},{"not_picked":["Sword Boomerang","Body Slam","Run Through"],"picked":"SKIP","floor":15.0},{"not_picked":["Berserk","Hemogenesis"],"picked":"Corruption","floor":18.0},{"not_picked":["Twin Strike+1","ReplayTheSpireMod:Limb From Limb","Rampage"],"picked":"SKIP","floor":20},{"not_picked":["Pommel Strike","Wild Strike","Replay:Undeath\u0027s Touch+1"],"picked":"SKIP","floor":21},{"not_picked":["Havoc","Dropkick","Abandon"],"picked":"SKIP","floor":23},{"not_picked":["Iron Wave","Run Through"],"picked":"Ghostly Armor+1","floor":24}],"player_experience":774717,"relics_obtained":[{"floor":11.0,"key":"Letter Opener"},{"floor":12.0,"key":"RuthlessExorcism:ReiMu"}],"event_choices":[{"damage_healed":0.0,"max_hp_gain":0.0,"max_hp_loss":0.0,"gold_gain":0.0,"cards_transformed":["Strike_R"],"event_name":"Transmorgrifier","player_choice":"Transformed","floor":2.0,"gold_loss":0.0,"damage_taken":0.0,"cards_obtained":["Whirlwind"]},{"damage_healed":0.0,"max_hp_gain":0.0,"max_hp_loss":0.0,"gold_gain":0.0,"event_name":"Scrap Ooze","player_choice":"Success","floor":10.0,"gold_loss":0.0,"damage_taken":3.0,"relics_obtained":["aspiration:FetidBarrel"]}],"is_beta":false,"boss_relics":[{"not_picked":["testmod-KeyOfTheVoid","Replay:Wanted Poster"],"picked":"RedLine:ReiMu"}],"items_purged_floors":[7],"is_endless":false,"potions_floor_spawned":[1,5,12,18,21,23,24],"killed_by":"Book of Stabbing","ascension_level":0}}