{"host":"18wi9kpcl4eah7pe","time":1614117014,"event":{"mods":["BaseMod","Colored Powertips","Downfall","Minty Spire (QoL Compilation)","StSLib"],"gold_per_floor":[99,99,99,374,374,386,386,397,413,313,326,353,367,380,394,493,493,393,413,613,624,634,649,673,544,556,556,372,383,310,336,349,444,444,344,360,360,212,224,250,296,296,306,316,333,333,345,361,377,377,377,377,377,377],"floor_reached":52,"language":"ENG","playtime":2817,"items_purged":["Regret","Pain"],"score":839,"play_id":"75551aa0-9dc0-4eb0-9799-0b8340550cbb","local_time":"20210223155014","is_ascension_mode":true,"campfire_choices":[{"floor":1.0,"key":"RECALL"},{"floor":10.0,"key":"REST"},{"data":"bronze:GetLatest","floor":18.0,"key":"SMITH"},{"data":"bronze:Boost","floor":35.0,"key":"SMITH"},{"data":"bronze:CleanCode","floor":42.0,"key":"SMITH"},{"floor":46.0,"key":"REST"}],"circlet_count":0,"master_deck":["bronze:Replicate","bronze:Goto","bronze:Optimize","bronze:WildBeam","bronze:BugBarrage","bronze:Format","bronze:Constructor","bronze:Iterate","bronze:Fortify","bronze:ChosenStrike","bronze:DigitalCarnage","bronze:Deprecate","bronze:Fortify","bronze:BurnOut","bronze:Virus","bronze:Turbo","bronze:Boost+1","bronze:Terminator","bronze:BronzeOrb","bronze:OilSpill","bronze:FindAndReplace","bronze:GetLatest+1","bronze:Shell","bronze:WhirlingStrike","bronze:Overheat","bronze:DarkDash","bronze:Iterate","bronze:Repulsor","bronze:Overload","bronze:Philosophize","bronze:CleanCode+1","bronze:Branch","bronze:BitShift+1","bronze:Allocate","bronze:Shield+1","bronze:SpaghettiCode","bronze:GetLatest+1","bronze:Repair","bronze:Safeguard","bronze:Flail+1","bronze:ChildClass+1","bronze:ItsAFeature+1","bronze:DelayedSlice+1","bronze:Overheat","bronze:Separator+1"],"relics":["bronze:PlatinumCore","downfall:HeartsMalice","Meat on the Bone","downfall:HeartBlessingRed","Lantern","Pandora\u0027s Box","downfall:HeartBlessingGreen","WarpedTongs","HandDrill","Frozen Egg 2","White Beast Statue","downfall:HeartBlessingBlue","Strawberry","Omamori","Happy Flower"],"acts_visited":["Exordium","TheCity","TheBeyond","TheEnding"],"potions_floor_usage":[],"damage_taken":[{"damage":0.0,"enemies":"2 Louse","floor":2.0,"turns":1.0},{"damage":0.0,"enemies":"Cultist","floor":3.0,"turns":1.0},{"damage":0.0,"enemies":"Jaw Worm","floor":5.0,"turns":1.0},{"damage":10.0,"enemies":"Red Slaver","floor":6.0,"turns":3.0},{"damage":16.0,"enemies":"Exordium Wildlife","floor":8.0,"turns":4.0},{"damage":13.0,"enemies":"Exordium Thugs","floor":9.0,"turns":4.0},{"damage":6.0,"enemies":"downfall:LooterAlt","floor":11.0,"turns":3.0},{"damage":29.0,"enemies":"Lagavulin","floor":12.0,"turns":5.0},{"damage":20.0,"enemies":"Lots of Slimes","floor":13.0,"turns":5.0},{"damage":0.0,"enemies":"2 Fungi Beasts","floor":14.0,"turns":2.0},{"damage":8.0,"enemies":"downfall:LooterAlt","floor":15.0,"turns":2.0},{"damage":26.0,"enemies":"DF_ARCHETYPE_STREAMLINE","floor":16.0,"turns":9.0},{"damage":12.0,"enemies":"3 Byrds","floor":19.0,"turns":4.0},{"damage":22.0,"enemies":"Shell Parasite","floor":21.0,"turns":3.0},{"damage":14.0,"enemies":"Chosen and Byrds","floor":22.0,"turns":4.0},{"damage":21.0,"enemies":"Centurion and Healer","floor":23.0,"turns":3.0},{"damage":3.0,"enemies":"downfall:FleeingMerchant","floor":25.0,"turns":4.0},{"damage":0.0,"enemies":"Snecko","floor":26.0,"turns":3.0},{"damage":4.0,"enemies":"downfall:FleeingMerchant","floor":28.0,"turns":4.0},{"damage":4.0,"enemies":"Shelled Parasite and Fungi","floor":29.0,"turns":3.0},{"damage":0.0,"enemies":"downfall:FleeingMerchant","floor":30.0,"turns":4.0},{"damage":26.0,"enemies":"Slavers","floor":31.0,"turns":3.0},{"damage":13.0,"enemies":"Centurion and Healer","floor":32.0,"turns":4.0},{"damage":26.0,"enemies":"WA_ARCHETYPE_CALM","floor":33.0,"turns":7.0},{"damage":3.0,"enemies":"3 Darklings","floor":36.0,"turns":5.0},{"damage":0.0,"enemies":"3 Shapes","floor":39.0,"turns":5.0},{"damage":21.0,"enemies":"Nemesis","floor":40.0,"turns":3.0},{"damage":29.0,"enemies":"Writhing Mass","floor":43.0,"turns":7.0},{"damage":0.0,"enemies":"Jaw Worm Horde","floor":44.0,"turns":2.0},{"damage":47.0,"enemies":"Maw","floor":45.0,"turns":6.0},{"damage":8.0,"enemies":"Sphere and 2 Shapes","floor":47.0,"turns":3.0},{"damage":0.0,"enemies":"4 Shapes","floor":48.0,"turns":3.0},{"damage":31.0,"enemies":"Transient","floor":49.0,"turns":5.0},{"damage":31.0,"enemies":"IC_BLOCK_ARCHETYPE","floor":50.0,"turns":7.0},{"damage":106,"enemies":"downfall:CharBossMerchant","floor":52,"turns":6}],"seed_played":"8439994279362619982","potions_obtained":[{"floor":6.0,"key":"Fruit Juice"},{"floor":8.0,"key":"DuplicationPotion"},{"floor":11.0,"key":"Strength Potion"},{"floor":12.0,"key":"Guardian:BlockOnCardUsePotion"},{"floor":14.0,"key":"Block Potion"},{"floor":16.0,"key":"Ancient Potion"},{"floor":21.0,"key":"Dexterity Potion"},{"floor":26.0,"key":"DuplicationPotion"},{"floor":29.0,"key":"SneckoOil"},{"floor":31.0,"key":"bronze:BurnAndBuffPotion"},{"floor":32.0,"key":"bronze:CleanCodePotion"},{"floor":33.0,"key":"Block Potion"},{"floor":36.0,"key":"Block Potion"},{"floor":39.0,"key":"DistilledChaos"},{"floor":40.0,"key":"Weak Potion"},{"floor":43.0,"key":"Ancient Potion"},{"floor":44.0,"key":"bronze:BurnAndBuffPotion"},{"floor":45.0,"key":"SpeedPotion"},{"floor":47.0,"key":"SteroidPotion"},{"floor":48.0,"key":"EssenceOfSteel"},{"floor":49.0,"key":"champ:CounterPotion"}],"is_trial":false,"path_per_floor":["R","M","M","?","M","M","T","M","M","R","M","E","M","M","M","B",null,"R","M","?","M","M","M","T","$","M","?","$","M","$","E","M","B",null,"R","M","?","$","M","E","T","R","M","M","M","R","M","M","M","B",null,"E"],"character_chosen":"THE_AUTOMATON","items_purchased":["bronze:Repulsor","bronze:CleanCode","HandDrill","Frozen Egg 2","Strawberry"],"campfire_rested":2,"item_purchase_floors":[25,28,30,30,38],"current_hp_per_floor":[70,70,70,70,70,65,65,49,48,70,64,47,39,39,43,29,75,75,63,63,41,39,30,30,39,39,39,47,43,43,29,28,14,75,85,82,82,89,89,71,71,71,54,54,26,53,57,64,52,40,92,0,0,0],"gold":377,"neow_bonus":"THREE_ENEMY_KILL","is_daily":false,"chose_seed":false,"campfire_upgraded":3,"win_rate":0.0,"timestamp":1614117014,"path_taken":["R","M","M","?","?","?","T","M","M","R","M","E","M","M","M","BOSS","R","M","?","M","?","M","T","$","M","?","$","M","?","E","M","BOSS","R","M","?","$","?","E","T","R","M","M","M","R","M","?","M","BOSS","E"],"items_purchased_type":["Card","Card","Relic","Relic","Relic"],"build_version":"2020-12-22","purchased_purges":2,"victory":false,"max_hp_per_floor":[70,70,70,70,70,75,75,75,75,75,75,75,75,75,75,75,75,75,75,75,75,75,75,75,75,75,75,75,75,75,75,75,75,75,85,85,85,92,92,92,92,92,92,92,92,92,92,92,92,92,92,92,92,92],"card_choices":[{"not_picked":["bronze:DelayedGuard","bronze:WildBeam"],"picked":"bronze:Optimize","floor":2.0},{"not_picked":["bronze:DelayedSlice","bronze:Safeguard"],"picked":"bronze:WildBeam","floor":3.0},{"not_picked":["bronze:Return","bronze:Iterate"],"picked":"bronze:BugBarrage","floor":5.0},{"not_picked":["bronze:Invalidate","bronze:WildBeam"],"picked":"bronze:Format","floor":6.0},{"not_picked":["bronze:BugBarrage","bronze:Turbo"],"picked":"bronze:Constructor","floor":8.0},{"not_picked":["bronze:WildBeam","bronze:Deprecate"],"picked":"bronze:Iterate","floor":9.0},{"not_picked":["bronze:DigitalCarnage","bronze:BugBarrage"],"picked":"bronze:Fortify","floor":11.0},{"not_picked":["bronze:Refactor","bronze:Separator"],"picked":"bronze:ChosenStrike","floor":12.0},{"not_picked":["bronze:WildBeam","bronze:Turbo"],"picked":"bronze:DigitalCarnage","floor":13.0},{"not_picked":["bronze:BugBarrage","bronze:Constructor"],"picked":"bronze:Deprecate","floor":14.0},{"not_picked":["bronze:CloningBeam","bronze:BitShift"],"picked":"bronze:Fortify","floor":15.0},{"not_picked":["bronze:SpaghettiCode","bronze:Break"],"picked":"bronze:BurnOut","floor":16.0},{"not_picked":["bronze:Iterate+1","bronze:Safeguard"],"picked":"bronze:Shell","floor":19.0},{"not_picked":["bronze:Separator","bronze:Optimize"],"picked":"bronze:WhirlingStrike","floor":21.0},{"not_picked":["bronze:FineTuning","bronze:Turbo"],"picked":"bronze:Overheat","floor":22.0},{"not_picked":["bronze:Turbo","bronze:WildBeam+1"],"picked":"bronze:DarkDash","floor":23.0},{"not_picked":["bronze:WhirlingStrike","bronze:BugBarrage+1"],"picked":"bronze:Iterate","floor":25.0},{"not_picked":["bronze:Overheat","bronze:WhirlingStrike+1"],"picked":"bronze:Overload","floor":26.0},{"not_picked":["bronze:Turbo+1","bronze:WildBeam+1"],"picked":"bronze:Philosophize","floor":28.0},{"not_picked":["bronze:Constructor","bronze:ForLoop"],"picked":"bronze:Branch","floor":29.0},{"not_picked":["bronze:Separator","bronze:Virus"],"picked":"bronze:BitShift+1","floor":30.0},{"not_picked":["bronze:DigitalCarnage","bronze:CutThrough"],"picked":"bronze:Allocate","floor":31.0},{"not_picked":["bronze:WhirlingStrike+1","bronze:Invalidate+1"],"picked":"bronze:Shield+1","floor":32.0},{"not_picked":["bronze:RecursiveStrike","bronze:HyperBeam"],"picked":"bronze:SpaghettiCode","floor":33.0},{"not_picked":["bronze:Backtrace","bronze:ChosenStrike"],"picked":"bronze:GetLatest+1","floor":36.0},{"not_picked":["bronze:Allocate+1","bronze:WildBeam+1"],"picked":"bronze:Repair","floor":39.0},{"not_picked":["bronze:Shield","bronze:Iterate+1"],"picked":"bronze:Safeguard","floor":40.0},{"not_picked":["bronze:Shell+1","bronze:Deprecate"],"picked":"bronze:Flail+1","floor":43.0},{"not_picked":["bronze:OilSpill","bronze:Terminator"],"picked":"bronze:ChildClass+1","floor":44.0},{"not_picked":["bronze:Branch+1","bronze:OilSpill+1"],"picked":"bronze:ItsAFeature+1","floor":45.0},{"not_picked":["bronze:CutThrough+1","bronze:DelayedGuard"],"picked":"bronze:DelayedSlice+1","floor":47.0},{"not_picked":["bronze:Frontload+1","bronze:BronzeOrb"],"picked":"bronze:Overheat","floor":48.0},{"not_picked":["bronze:FineTuning","bronze:TinkerersToolbox"],"picked":"bronze:Separator+1","floor":49.0}],"player_experience":1048382,"relics_obtained":[{"floor":7.0,"key":"Meat on the Bone"},{"floor":12.0,"key":"Lantern"},{"floor":31.0,"key":"White Beast Statue"},{"floor":40.0,"key":"Omamori"},{"floor":41.0,"key":"Happy Flower"}],"event_choices":[],"is_beta":false,"boss_relics":[{"not_picked":["Runic Dome","Philosopher\u0027s Stone"],"picked":"Pandora\u0027s Box"},{"not_picked":["bronze:MakeshiftBattery","Astrolabe"],"picked":"bronze:PlatinumCore"}],"items_purged_floors":[25,28],"is_endless":false,"potions_floor_spawned":[6,8,11,12,14,16,21,26,29,31,32,33,36,39,40,43,44,45,47,48,49],"killed_by":"downfall:CharBossMerchant","ascension_level":3}}