{"host":"yunadyb0795wtij7","time":1614080578,"event":{"mods":["BaseMod","Marisa£®ÏF”Í°°ƒß¿Ì…≥£©","Minty Spire (QoL Compilation)","StSLib","Yakumo Yukari mod"],"gold_per_floor":[133,208,208,220,77,77,92,92,92,92,124,124,134,144,144,144,144],"floor_reached":16,"language":"ZHS","playtime":706,"items_purged":["Pain"],"score":100,"play_id":"a48f443d-71ac-487f-a8b2-20168e78d6c4","local_time":"20210223194258","is_ascension_mode":false,"campfire_choices":[{"data":"PositiveMatter_Antimatter_Universe_purple","floor":6,"key":"SMITH"},{"data":"Fantasy_PerpetualMotionMachine_purple","floor":8,"key":"SMITH"},{"data":"MeetDecomposer_purple","floor":12,"key":"SMITH"},{"data":"RealityDreamConfluencek_purple","floor":15,"key":"SMITH"}],"circlet_count":0,"master_deck":["AT_purpleEX","AT_purpleEX","AT_purpleEX","AT_purpleEX","Defend_purpleEX","Defend_purpleEX","Defend_purpleEX","Defend_purpleEX","Observe_purple_1","Observe_purple_2","MeetDecomposer_purple+1","Fantasy_PerpetualMotionMachine_purple+1","PositiveMatter_Antimatter_Universe_purple+1","PositiveMatter_Antimatter_Universe_purple","UniverseChoice_purple","DimensionStaggered_purple","RealityDreamConfluencek_purple+1"],"relics":["Boundary_crack","Memoryfragments_purpleEX","NeowsBlessing","WarpedTongs","Nunchaku","Unceasing Top","Meat on the Bone"],"acts_visited":["Exordium"],"potions_floor_usage":[],"damage_taken":[{"damage":0,"enemies":"2 Louse","floor":1,"turns":1},{"damage":0,"enemies":"Small Slimes","floor":4,"turns":1},{"damage":0,"enemies":"Cultist","floor":7,"turns":1},{"damage":37,"enemies":"Lagavulin","floor":11,"turns":7},{"damage":9,"enemies":"Looter","floor":13,"turns":4},{"damage":8,"enemies":"Gremlin Gang","floor":14,"turns":5},{"damage":41,"enemies":"The Guardian","floor":16,"turns":9}],"seed_played":"-8130485290942626274","potions_obtained":[{"floor":1,"key":"Fire Potion"},{"floor":7,"key":"Explosive Potion"},{"floor":13,"key":"BlessingOfTheForge"}],"is_trial":false,"path_per_floor":["M","?","?","M","$","R","M","R","T","?","E","R","M","M","R","B"],"character_chosen":"Youkari","items_purchased":["PositiveMatter_Antimatter_Universe_purple"],"campfire_rested":0,"item_purchase_floors":[5],"current_hp_per_floor":[70,59,59,59,59,59,59,59,59,59,24,24,29,36,36,0,0],"gold":144,"neow_bonus":"THREE_ENEMY_KILL","is_daily":false,"chose_seed":false,"campfire_upgraded":4,"win_rate":0.0,"timestamp":1614080578,"path_taken":["M","?","?","M","$","R","?","R","T","?","E","R","?","M","R","BOSS"],"items_purchased_type":["Card"],"build_version":"2020-12-22","purchased_purges":1,"victory":false,"max_hp_per_floor":[70,70,70,70,70,70,70,70,70,70,70,70,70,70,70,70,70],"card_choices":[{"not_picked":["WatchEChange_purple","Realm_recovery_purpleEX"],"picked":"MeetDecomposer_purple","floor":1},{"not_picked":["OpenedBox_purple","Line_surface_state_purple"],"picked":"Fantasy_PerpetualMotionMachine_purple","floor":4},{"not_picked":["Realm_recovery_purpleEX","AdvanceAttack_purple"],"picked":"PositiveMatter_Antimatter_Universe_purple","floor":7},{"not_picked":["StateErode_purple","RuptureOfTimeAndSpace_purple"],"picked":"UniverseChoice_purple","floor":11},{"not_picked":["ExistenceContinue_purple","Boundary_of_Extermination_purpleEX"],"picked":"DimensionStaggered_purple","floor":13},{"not_picked":["Mirror_FormAndEmptin_purple","DimensionStaggered_purple"],"picked":"RealityDreamConfluencek_purple","floor":14}],"player_experience":1051,"relics_obtained":[{"floor":9,"key":"Nunchaku"},{"floor":11,"key":"Meat on the Bone"}],"event_choices":[{"damage_healed":0,"gold_gain":75,"player_choice":"Gather Gold","damage_taken":11,"max_hp_gain":0,"max_hp_loss":0,"event_name":"World of Goop","floor":2,"gold_loss":0},{"damage_healed":0,"gold_gain":0,"player_choice":"Rummage","damage_taken":0,"relics_obtained":["WarpedTongs"],"max_hp_gain":0,"max_hp_loss":0,"event_name":"Accursed Blacksmith","floor":3,"gold_loss":0,"cards_obtained":["Pain"]},{"damage_healed":0,"gold_gain":0,"player_choice":"Gave Potion","damage_taken":0,"relics_obtained":["Unceasing Top"],"max_hp_gain":0,"max_hp_loss":0,"event_name":"WeMeetAgain","floor":10,"gold_loss":0}],"is_beta":false,"boss_relics":[],"items_purged_floors":[5],"is_endless":false,"potions_floor_spawned":[1,7,13],"killed_by":"The Guardian","ascension_level":0}}