{"host":"agga6lej02o7kt08","time":1614083565,"event":{"mods":["Act Like it!","Arknights","Aspiration","BaseMod","Better Third Choice","BetterRewards","Colored Map","Colored Powertips","Hubris","Minty Spire (QoL Compilation)","Reliquary","Spicy Shops","StSLib","¡¼?Úª?ø«¡½REMEMod"],"gold_per_floor":[134,134,134,65,92,92,135,135,197,197,97,138,166,213,213,333,333,379,294,294,327,252,297,324,399,464,491,566,168,168,211,211,326,326,360,360,389,389,421,466,498,544,544,100,131,173,208,255,255,255,255,255,395,436,436],"floor_reached":56,"language":"KOR","playtime":3285,"items_purged":["ats:Strike V","Regret","ats:Defend","ats:Armor Crushing Shot","ats:Defend"],"score":1749,"play_id":"73be05ee-7739-4d01-8477-96cb61060aaf","local_time":"20210223213245","is_ascension_mode":true,"campfire_choices":[{"floor":6,"key":"RECALL"},{"data":"ats:Shell Defense","floor":8,"key":"SMITH"},{"data":"ats:Emotion Absorption","floor":10,"key":"SMITH"},{"data":"REME_FirmDetermination","floor":15,"key":"SMITH"},{"data":"Limit Break","floor":24,"key":"SMITH"},{"data":"ats:Nebulous Foxfire","floor":27,"key":"SMITH"},{"data":"ats:Composite Medical Shells","floor":32,"key":"SMITH"},{"data":"Barricade","floor":49,"key":"SMITH"},{"data":"ats:Defend","floor":52,"key":"SMITH"}],"circlet_count":0,"master_deck":["ats:Strike C","ats:Strike G","ats:Strike S","ats:Defend+1","ats:Defend","ats:Emotion Absorption+1","REME_FirmDetermination+1","ats:Shell Defense+1","ats:Composite Medical Shells+1","ats:Nebulous Foxfire+1","ats:Part Time Job+1","ats:Defend","Limit Break+1","ats:Shell Defense+1","Barricade+1","Heavy Blade+1","ats:Soul Absorption+1","ats:Thorns+1","ats:Part Time Job","ats:Leaping Hammer+1","ats:Emotion Absorption+1"],"relics":["ats:Sanity","REME_ComplimentaryCards","Prayer Wheel","ats:Gyao","Medical Kit","hubris:Towel","hubris:GlazedTorus","hubris:Potato","ats:Originium","reliquary:JackalopeAntler","ats:Rhine Circuitry","Tiny Chest","aspiration:IroncladSkillbook","reliquary:PorcupineQuills","MawBank","reliquary:BallBearing","hubris:TenFootPole","Regal Pillow","TungstenRod","Matryoshka","Juzu Bracelet","Philosopher\u0027s Stone","Blue Candle","Happy Flower","ats:Spiritual Recovery","Molten Egg 2","ats:Ability Aura","Sling","aspiration:FrozenJewel","reliquary:SharkskinSheath","hubris:NiceRug","reliquary:IridiumChain","aspiration:AnachronicSnailShell","Incense Burner","OrangePellets","hubris:Reverence","DollysMirror","reliquary:NewFriend"],"acts_visited":["Exordium","TheCity","TheBeyond","TheEnding"],"potions_floor_usage":[7,14,23,53,55,55,55],"damage_taken":[{"damage":0,"enemies":"2 Louse","floor":1,"turns":3},{"damage":4,"enemies":"Jaw Worm","floor":5,"turns":5},{"damage":34,"enemies":"3 Sentries","floor":7,"turns":10},{"damage":6,"enemies":"Lagavulin","floor":12,"turns":11},{"damage":0,"enemies":"Small Slimes","floor":13,"turns":7},{"damage":13,"enemies":"3 Sentries","floor":14,"turns":12},{"damage":5,"enemies":"The Guardian","floor":16,"turns":13},{"damage":0,"enemies":"2 Thieves","floor":18,"turns":4},{"damage":0,"enemies":"Shell Parasite","floor":21,"turns":6},{"damage":8,"enemies":"Book of Stabbing","floor":23,"turns":8},{"damage":51,"enemies":"Slavers","floor":25,"turns":11},{"damage":15,"enemies":"Book of Stabbing","floor":28,"turns":8},{"damage":30,"enemies":"Gremlin Leader","floor":31,"turns":6},{"damage":42,"enemies":"Collector","floor":33,"turns":11},{"damage":15,"enemies":"3 Shapes","floor":35,"turns":6},{"damage":13,"enemies":"Orb Walker","floor":37,"turns":4},{"damage":0,"enemies":"Jaw Worm Horde","floor":39,"turns":4},{"damage":11,"enemies":"Giant Head","floor":40,"turns":6},{"damage":0,"enemies":"4 Shapes","floor":41,"turns":7},{"damage":6,"enemies":"Nemesis","floor":42,"turns":9},{"damage":45,"enemies":"Writhing Mass","floor":45,"turns":8},{"damage":0,"enemies":"Giant Head","floor":46,"turns":6},{"damage":5,"enemies":"3 Darklings","floor":47,"turns":5},{"damage":23,"enemies":"Nemesis","floor":48,"turns":9},{"damage":39,"enemies":"Donu and Deca","floor":50,"turns":8},{"damage":42,"enemies":"hubris:Merchant","floor":53,"turns":6},{"damage":6,"enemies":"Shield and Spear","floor":54,"turns":6},{"damage":15,"enemies":"The Heart","floor":55,"turns":8}],"seed_played":"-4669013363593966514","potions_obtained":[{"floor":1,"key":"Energy Potion"},{"floor":12,"key":"ats:Burn Big Potion"},{"floor":14,"key":"LiquidMemories"},{"floor":28,"key":"DuplicationPotion"},{"floor":31,"key":"CultistPotion"},{"floor":53,"key":"EntropicBrew"}],"is_trial":false,"path_per_floor":["M","?","?","$","M","R","E","R","T","R","$","E","M","E","R","B",null,"M","?","?","M","?","E","R","E","T","R","E","$","T","E","R","B",null,"M","?","M","?","M","E","M","E","T","$","M","E","M","E","R","B",null,"R","$","E","B",null],"character_chosen":"DOCTOR_CLASS","items_purchased":["REME_FirmDetermination","Medical Kit","hubris:Potato","TungstenRod","ats:Ability Aura","Sling"],"campfire_rested":0,"item_purchase_floors":[0,0,4,29,44,44],"current_hp_per_floor":[39,39,39,39,35,35,1,1,1,1,1,19,27,25,25,47,72,72,72,72,72,72,72,72,72,72,72,72,72,72,72,72,72,72,72,72,70,70,72,72,72,72,72,72,72,72,72,72,72,72,72,72,57,72,72],"gold":436,"neow_bonus":"","is_daily":false,"chose_seed":false,"campfire_upgraded":8,"win_rate":0.0,"timestamp":1614083565,"path_taken":["M","?","?","$","M","R","E","R","T","R","?","E","?","E","R","BOSS","M","?","?","M","?","E","R","E","T","R","E","$","?","E","R","BOSS","M","?","M","?","M","E","M","E","T","$","M","E","M","E","R","BOSS","R","$","E","BOSS"],"items_purchased_type":["Card","Relic","Relic","Relic","Relic","Relic"],"build_version":"2020-12-22","purchased_purges":5,"victory":true,"max_hp_per_floor":[72,72,72,72,72,72,72,72,72,72,72,72,72,72,72,72,72,72,72,72,72,72,72,72,72,72,72,72,72,72,72,72,72,72,72,72,72,72,72,72,72,72,72,72,72,72,72,72,72,72,72,72,72,72,72],"card_choices":[{"not_picked":["ats:Poison Spread","ats:Chain Hook","ats:Blood Oath"],"picked":"SKIP","floor":1},{"not_picked":["ats:Leaping Hammer","ats:Explosion Area Strengthen","ats:Phantom"],"picked":"SKIP","floor":1},{"not_picked":["ats:Guard Mode","ats:Chain Hook","ats:Blood Oath"],"picked":"SKIP","floor":5},{"not_picked":["ats:Healing Drone","ats:Mental Burst","ats:Phantom"],"picked":"SKIP","floor":5},{"not_picked":["ats:Song Of Battle","ats:Thermite Blade"],"picked":"ats:Shell Defense","floor":7},{"not_picked":["ats:Healing Drone","ats:Closed Bolt Burst Fire","ats:Literary Storm"],"picked":"SKIP","floor":12},{"not_picked":["ats:Fractured Body","ats:Cat Scratch","ats:Hammer On"],"picked":"SKIP","floor":13},{"not_picked":["ats:Guard Mode","ats:Revitalization","ats:Hammer On"],"picked":"SKIP","floor":13},{"not_picked":["ats:Curse Doll","ats:Shadow Assault"],"picked":"ats:Composite Medical Shells","floor":14},{"not_picked":["ats:Volcano","ats:Ambush"],"picked":"ats:Nebulous Foxfire","floor":16},{"not_picked":["Twin Strike+1","Havoc","Metallicize+1"],"picked":"ats:Part Time Job+1","floor":18},{"not_picked":["Wild Strike","Havoc","Twin Strike","Shrug It Off+1"],"picked":"SKIP","floor":18},{"not_picked":["ats:Guard Mode","Headbutt","ats:Directed Diagnosis","Double Tap"],"picked":"SKIP","floor":21},{"not_picked":["ats:Absolute Focus+1","ats:Hook Shot","ats:Encircling Forest","Entrench"],"picked":"SKIP","floor":21},{"not_picked":["Twin Strike","REME_FearOfPain","Infernal Blade+1"],"picked":"Limit Break","floor":23},{"not_picked":["Intimidate","Clothesline","ats:Encircling Forest","Clash"],"picked":"SKIP","floor":25},{"not_picked":["Iron Wave","Heavy Blade","Cleave"],"picked":"ats:Shell Defense","floor":28},{"not_picked":["Body Slam+1","Clothesline","Perfected Strike+1","Twin Strike"],"picked":"SKIP","floor":31},{"not_picked":["ats:Durian","Double Tap","Limit Break"],"picked":"Barricade","floor":33},{"not_picked":["ats:Flexible Camouflage","ats:Closed Bolt Burst Fire+1","Spot Weakness","ats:Assault Order"],"picked":"SKIP","floor":35},{"not_picked":["Iron Wave","ats:Shell Defense","ats:Support Order","Thunderclap+1"],"picked":"SKIP","floor":35},{"not_picked":["ats:Explosion Area Strengthen","ats:Curse Doll+1","ats:Collapsing Strike+1"],"picked":"Heavy Blade+1","floor":37},{"not_picked":["Uppercut","Shockwave","Perfected Strike","Headbutt+1"],"picked":"SKIP","floor":37},{"not_picked":["ats:Flame Of Heaven","ats:Rapid Magazine+1","Demon Form","Bloodletting"],"picked":"SKIP","floor":39},{"not_picked":["ats:Charging Defense","hubris:ReadiedAction+1","ats:Automatic Cover+1","ats:Revitalization+1"],"picked":"SKIP","floor":39},{"not_picked":["Intimidate","Carnage","ats:Ignite+1","ats:Roar Of Ursus"],"picked":"SKIP","floor":40},{"not_picked":["Fiend Fire","ats:Charging Defense","Shrug It Off","Heavy Blade"],"picked":"SKIP","floor":41},{"not_picked":["Dual Wield+1","Inflame","Blood for Blood","ats:Very Hot Blade+1"],"picked":"SKIP","floor":41},{"not_picked":["Clash","Wild Strike","hubris:ReadiedAction+1","ats:Soul Absorption+1"],"picked":"SKIP","floor":42},{"not_picked":["Clash","Wild Strike","hubris:ReadiedAction+1"],"picked":"ats:Soul Absorption+1","floor":42},{"not_picked":["Carnage+1","ats:Shadow Assault+1","ats:Ignite+1"],"picked":"ats:Thorns+1","floor":45},{"not_picked":["ats:Neurotoxin+1","ats:Closed Bolt Burst Fire+1","ats:LN2 Cannon+1","Shrug It Off"],"picked":"SKIP","floor":45},{"not_picked":["REME_Cut","Wild Strike+1","Corruption","Shrug It Off+1"],"picked":"SKIP","floor":46},{"not_picked":["REME_Cut","Wild Strike+1","Corruption","Shrug It Off+1"],"picked":"SKIP","floor":46},{"not_picked":["Bloodletting+1","ats:Automatic Cover+1","ats:Burning Ground","ats:Cat Scratch+1"],"picked":"SKIP","floor":47},{"not_picked":["ats:Very Hot Blade+1","ats:Apocalypse","Cleave+1","Anger+1"],"picked":"SKIP","floor":47},{"not_picked":["ats:Shell Defense","Pommel Strike+1","ats:Absolute Focus+1","Impervious"],"picked":"SKIP","floor":48},{"not_picked":[],"picked":"ats:Part Time Job","floor":53},{"not_picked":[],"picked":"ats:Leaping Hammer+1","floor":53},{"not_picked":["Clash+1"],"picked":"SKIP","floor":53},{"not_picked":["Havoc"],"picked":"SKIP","floor":53},{"not_picked":["Shrug It Off"],"picked":"SKIP","floor":53},{"not_picked":["Blind"],"picked":"SKIP","floor":53},{"not_picked":["REME_EyeOfCthun+1"],"picked":"SKIP","floor":53},{"not_picked":["Iron Wave+1","Infernal Blade","REME_TheLastStrike+1","ats:Cat Scratch+1"],"picked":"SKIP","floor":54}],"player_experience":890274,"relics_obtained":[{"floor":7,"key":"ats:Originium"},{"floor":7,"key":"reliquary:JackalopeAntler"},{"floor":12,"key":"ats:Originium"},{"floor":12,"key":"ats:Rhine Circuitry"},{"floor":14,"key":"ats:Originium"},{"floor":14,"key":"Tiny Chest"},{"floor":23,"key":"ats:Originium"},{"floor":23,"key":"MawBank"},{"floor":25,"key":"reliquary:BallBearing"},{"floor":26,"key":"hubris:TenFootPole"},{"floor":28,"key":"Regal Pillow"},{"floor":30,"key":"Matryoshka"},{"floor":31,"key":"Juzu Bracelet"},{"floor":40,"key":"Blue Candle"},{"floor":42,"key":"Happy Flower"},{"floor":43,"key":"ats:Spiritual Recovery"},{"floor":43,"key":"Molten Egg 2"},{"floor":46,"key":"aspiration:FrozenJewel"},{"floor":48,"key":"reliquary:SharkskinSheath"},{"floor":53,"key":"reliquary:IridiumChain"},{"floor":53,"key":"aspiration:AnachronicSnailShell"},{"floor":53,"key":"Incense Burner"},{"floor":53,"key":"OrangePellets"},{"floor":53,"key":"hubris:Reverence"},{"floor":53,"key":"DollysMirror"},{"floor":54,"key":"reliquary:NewFriend"}],"event_choices":[{"damage_healed":0,"gold_gain":0,"player_choice":"Box","damage_taken":0,"relics_obtained":["hubris:GlazedTorus"],"max_hp_gain":0,"max_hp_loss":0,"event_name":"Big Fish","floor":3,"gold_loss":0,"cards_obtained":["Regret"]},{"damage_healed":0,"gold_gain":0,"player_choice":"Obtained Relic","damage_taken":0,"relics_obtained":["reliquary:PorcupineQuills"],"max_hp_gain":0,"max_hp_loss":0,"event_name":"Addict","floor":19,"gold_loss":85},{"damage_healed":0,"gold_gain":0,"player_choice":"Ignored","damage_taken":0,"max_hp_gain":0,"max_hp_loss":0,"event_name":"Vampires","floor":20,"gold_loss":0},{"damage_healed":0,"gold_gain":0,"player_choice":"Ignored","damage_taken":0,"max_hp_gain":0,"max_hp_loss":0,"event_name":"Tomb of Lord Red Mask","floor":38,"gold_loss":0}],"is_beta":false,"boss_relics":[{"not_picked":["reliquary:KinkedSpring","aspiration:FutureDiary"],"picked":"aspiration:IroncladSkillbook"},{"not_picked":["Astrolabe","reliquary:Craggleroot"],"picked":"Philosopher\u0027s Stone"}],"items_purged_floors":[0,11,29,44,53],"is_endless":false,"potions_floor_spawned":[1,12,14,28,31,33,35,40,41,45,48],"ascension_level":1}}