{"host":"iv24d026eac8pm4e","time":1614098778,"event":{"mods":["BaseMod","Minty Spire (QoL Compilation)"],"gold_per_floor":[113,123,134,146,163,163,182,212,212,225,225,225],"floor_reached":11,"language":"ENG","playtime":342,"items_purged":[],"score":146,"play_id":"af082eff-0b02-4b32-8d82-b887d5cde857","local_time":"20210223084618","is_ascension_mode":true,"campfire_choices":[{"data":"Loop","floor":6,"key":"SMITH"}],"circlet_count":0,"master_deck":["AscendersBane","Strike_B","Strike_B","Strike_B","Strike_B","Defend_B","Defend_B","Defend_B","Defend_B","Zap","Dualcast","Consume","Conserve Battery","Coolheaded","Loop+1","Capacitor","Steam","Rainbow"],"relics":["Cracked Core","Happy Flower","Anchor","Bottled Tornado"],"acts_visited":["Exordium"],"potions_floor_usage":[5,7,7,11],"damage_taken":[{"damage":0,"enemies":"2 Louse","floor":1,"turns":4},{"damage":0,"enemies":"Cultist","floor":2,"turns":3},{"damage":7,"enemies":"Small Slimes","floor":3,"turns":4},{"damage":11,"enemies":"Looter","floor":4,"turns":3},{"damage":0,"enemies":"Gremlin Gang","floor":5,"turns":3},{"damage":19,"enemies":"Exordium Thugs","floor":7,"turns":4},{"damage":13,"enemies":"Lagavulin","floor":8,"turns":7},{"damage":12,"enemies":"3 Louse","floor":10,"turns":3},{"damage":8,"enemies":"3 Sentries","floor":11,"turns":2}],"seed_played":"5387399363194132450","potions_obtained":[{"floor":2,"key":"SneckoOil"},{"floor":3,"key":"Explosive Potion"},{"floor":5,"key":"BlessingOfTheForge"},{"floor":8,"key":"FocusPotion"}],"is_trial":false,"path_per_floor":["M","M","M","M","M","R","M","E","T","M","E"],"character_chosen":"DEFECT","items_purchased":[],"campfire_rested":0,"item_purchase_floors":[],"current_hp_per_floor":[64,64,57,46,46,46,27,14,14,2,0,0],"gold":225,"neow_bonus":"RANDOM_COMMON_RELIC","is_daily":false,"chose_seed":false,"campfire_upgraded":1,"win_rate":0.0,"timestamp":1614098778,"path_taken":["M","M","M","M","M","R","M","E","T","M","E"],"items_purchased_type":[],"build_version":"2020-12-22","purchased_purges":0,"victory":false,"max_hp_per_floor":[71,71,71,71,71,71,71,71,71,71,71,71],"card_choices":[{"not_picked":["Stack","Sweeping Beam"],"picked":"Consume","floor":1},{"not_picked":["BootSequence","Stack"],"picked":"Conserve Battery","floor":2},{"not_picked":["Barrage","Blizzard"],"picked":"Coolheaded","floor":3},{"not_picked":["Force Field","Storm","Barrage"],"picked":"SKIP","floor":4},{"not_picked":["Undo","Turbo"],"picked":"Loop","floor":5},{"not_picked":["Ball Lightning","Rebound"],"picked":"Capacitor","floor":7},{"not_picked":["White Noise","Redo"],"picked":"Steam","floor":8},{"not_picked":["Scrape","Blizzard"],"picked":"Rainbow","floor":10}],"player_experience":2600410,"relics_obtained":[{"floor":8,"key":"Anchor"},{"floor":9,"key":"Bottled Tornado"}],"event_choices":[],"is_beta":false,"boss_relics":[],"items_purged_floors":[],"is_endless":false,"potions_floor_spawned":[2,3,5,8],"killed_by":"3 Sentries","ascension_level":17}}