{"host":"n3r7007bx0xr1slw","time":1614061998,"event":{"mods":["BaseMod","Colored Powertips","DeckTracker","Googly Eyes","Highlight Path","Minty Spire (QoL Compilation)","Relic Stats","StSLib"],"gold_per_floor":[111,111,122,122,47,47,47,58,58,76,251,270,49,68,68,164,164,180,180,33,33,33],"floor_reached":21,"language":"ENG","playtime":1067,"items_purged":["Strike_B","Pain"],"score":169,"play_id":"40ababc2-81fa-4907-975e-3f444e765ef5","local_time":"20210223013318","is_ascension_mode":false,"campfire_choices":[{"data":"Hello World","floor":6,"key":"SMITH"},{"data":"Genetic Algorithm","floor":15,"key":"SMITH"}],"circlet_count":0,"master_deck":["Strike_B","Strike_B","Strike_B","Defend_B","Defend_B","Zap","Dualcast","Hello World+1","Glacier","Turbo","Fusion","Doubt","Coolheaded","Self Repair","Genetic Algorithm+1","Creative AI","Undo","Barrage"],"relics":["Cracked Core","NeowsBlessing","WarpedTongs","StoneCalendar","HandDrill","Runic Pyramid"],"acts_visited":["Exordium","TheCity"],"potions_floor_usage":[14,16,16],"damage_taken":[{"damage":0,"enemies":"Small Slimes","floor":1,"turns":1},{"damage":0,"enemies":"Cultist","floor":3,"turns":1},{"damage":2,"enemies":"Jaw Worm","floor":8,"turns":1},{"damage":21,"enemies":"Exordium Thugs","floor":10,"turns":5},{"damage":17,"enemies":"3 Louse","floor":12,"turns":7},{"damage":2,"enemies":"Gremlin Gang","floor":14,"turns":4},{"damage":33,"enemies":"Slime Boss","floor":16,"turns":8},{"damage":53,"enemies":"Spheric Guardian","floor":18,"turns":7},{"damage":36,"enemies":"3 Byrds","floor":21,"turns":3}],"seed_played":"-3447914317469608855","potions_obtained":[{"floor":1,"key":"PotionOfCapacity"},{"floor":10,"key":"Regen Potion"},{"floor":12,"key":"AttackPotion"}],"is_trial":false,"path_per_floor":["M","?","M","?","$","R","?","M","T","M","?","M","$","M","R","B",null,"M","?","$","M"],"character_chosen":"DEFECT","items_purchased":["HandDrill","Self Repair","Barrage"],"campfire_rested":0,"item_purchase_floors":[13,13,20],"current_hp_per_floor":[75,75,75,75,75,75,75,73,73,52,52,35,35,40,40,29,75,29,29,29,0,0],"gold":33,"neow_bonus":"THREE_ENEMY_KILL","is_daily":false,"chose_seed":false,"campfire_upgraded":2,"win_rate":0.0,"timestamp":1614061998,"path_taken":["M","?","?","?","?","R","?","?","T","M","?","M","?","M","R","BOSS","M","?","$","M"],"items_purchased_type":["Relic","Card","Card"],"build_version":"2020-12-22","purchased_purges":2,"victory":false,"max_hp_per_floor":[75,75,75,75,75,75,75,75,75,75,75,75,75,75,75,75,75,75,75,75,75,75],"relic_stats":{"counters":[9,37],"StoneCalendar":[72],"HandDrill":[4],"obtain_stats":[{"NeowsBlessing":0,"StoneCalendar":9,"HandDrill":13,"Cracked Core":0,"WarpedTongs":7,"Runic Pyramid":17},{"NeowsBlessing":0,"StoneCalendar":3,"HandDrill":5,"Cracked Core":0,"WarpedTongs":2,"Runic Pyramid":7},{"NeowsBlessing":0,"StoneCalendar":3,"HandDrill":15,"Cracked Core":0,"WarpedTongs":2,"Runic Pyramid":27}],"WarpedTongs":[35]},"card_choices":[{"not_picked":["FTL","Barrage"],"picked":"Hello World","floor":1},{"not_picked":["Coolheaded","Steam Power"],"picked":"Glacier","floor":3},{"not_picked":["Auto Shields","Force Field"],"picked":"Fusion","floor":8},{"not_picked":["Turbo","Compile Driver","Reinforced Body"],"picked":"SKIP","floor":10},{"not_picked":["Stack","Redo"],"picked":"Coolheaded","floor":12},{"not_picked":["Rebound","Sweeping Beam"],"picked":"Genetic Algorithm","floor":14},{"not_picked":["Amplify","Core Surge"],"picked":"Creative AI","floor":16},{"not_picked":["Streamline","Doom and Gloom","Stack"],"picked":"SKIP","floor":18}],"player_experience":156874,"relics_obtained":[{"floor":9,"key":"StoneCalendar"}],"event_choices":[{"cards_removed":["Defend_B"],"damage_healed":0,"gold_gain":0,"player_choice":"Purged","damage_taken":0,"max_hp_gain":0,"max_hp_loss":0,"event_name":"Purifier","floor":2,"gold_loss":0},{"damage_healed":0,"gold_gain":0,"cards_transformed":["Defend_B"],"player_choice":"Transformed","damage_taken":0,"max_hp_gain":0,"max_hp_loss":0,"event_name":"Transmorgrifier","floor":4,"gold_loss":0,"cards_obtained":["Turbo"]},{"damage_healed":0,"gold_gain":0,"player_choice":"Rummage","damage_taken":0,"relics_obtained":["WarpedTongs"],"max_hp_gain":0,"max_hp_loss":0,"event_name":"Accursed Blacksmith","floor":7,"gold_loss":0,"cards_obtained":["Pain"]},{"damage_healed":0,"gold_gain":175,"player_choice":"AGREE","damage_taken":0,"max_hp_gain":0,"max_hp_loss":0,"event_name":"Liars Game","floor":11,"gold_loss":0,"cards_obtained":["Doubt"]},{"damage_healed":0,"gold_gain":0,"player_choice":"Read","damage_taken":0,"max_hp_gain":0,"max_hp_loss":0,"event_name":"The Library","floor":19,"gold_loss":0,"cards_obtained":["Undo"]}],"is_beta":false,"boss_relics":[{"not_picked":["Cursed Key","SacredBark"],"picked":"Runic Pyramid"}],"items_purged_floors":[5,20],"is_endless":false,"potions_floor_spawned":[1,10,12],"killed_by":"3 Byrds","ascension_level":0}}