{"host":"88k5ybcf55kxe2cn","time":1614120821,"event":{"mods":["BaseMod","Colored Map","Colored Powertips","Minty Spire (QoL Compilation)"],"gold_per_floor":[118,118,131,142,142,167,167,193,193,219,238,203,222,242,242,337,337,356,356,367,386,263,295,295,326,326,326,356,372,388,403,403,507,507,517,517,867,867,881,881,909,919,919,919,945,945,945,429,429,429,429],"floor_reached":50,"language":"SPA","playtime":4859,"items_purged":["Shame","Defend_B"],"score":688,"play_id":"abd26bb1-1d10-4b4f-bd33-160186b921aa","local_time":"20210223235341","is_ascension_mode":true,"campfire_choices":[{"floor":7,"key":"REST"},{"data":"Hyperbeam","floor":15,"key":"SMITH"},{"data":"Thunder Strike","floor":24,"key":"SMITH"},{"floor":27,"key":"REST"},{"floor":32,"key":"REST"},{"floor":40,"key":"RECALL"},{"floor":49,"key":"REST"}],"circlet_count":0,"master_deck":["Strike_B","Strike_B","Strike_B+1","Defend_B+1","Defend_B+1","Defend_B","Zap+1","Dualcast+1","Double Energy","Gash","Melter","Hyperbeam+1","Sweeping Beam","Ball Lightning","Auto Shields","Cold Snap","Steam","Thunder Strike+1","Self Repair","White Noise+1","Go for the Eyes+1","Turbo+1","Capacitor","Hologram","Consume+1","Gash","Stack","Electrodynamics","Stack+1","Dramatic Entrance","Dark Shackles","Chaos+1","Madness","Madness","Lockon+1","Fusion","Conserve Battery+1","Secret Weapon","Defragment+1","Thunder Strike","Heatsinks","Blind"],"relics":["Cracked Core","War Paint","HornCleat","Cables","Shovel","SlaversCollar","Blood Vial","Bag of Marbles","Orichalcum","Mummified Hand","Omamori","Black Star","Old Coin","Juzu Bracelet","Oddly Smooth Stone","Boot","DataDisk","Frozen Eye"],"acts_visited":["Exordium","TheCity","TheBeyond"],"potions_floor_usage":[6,6,8,16,20,28,33,39,41,45,45,45,50,50,50],"damage_taken":[{"damage":8,"enemies":"Small Slimes","floor":1,"turns":4},{"damage":0,"enemies":"2 Louse","floor":3,"turns":2},{"damage":2,"enemies":"Jaw Worm","floor":4,"turns":3},{"damage":9,"enemies":"Lagavulin","floor":6,"turns":5},{"damage":17,"enemies":"Gremlin Nob","floor":8,"turns":4},{"damage":9,"enemies":"3 Sentries","floor":10,"turns":4},{"damage":0,"enemies":"Looter","floor":11,"turns":2},{"damage":0,"enemies":"Large Slime","floor":13,"turns":2},{"damage":0,"enemies":"Red Slaver","floor":14,"turns":2},{"damage":3,"enemies":"The Guardian","floor":16,"turns":9},{"damage":3,"enemies":"Shell Parasite","floor":18,"turns":4},{"damage":0,"enemies":"Chosen","floor":20,"turns":6},{"damage":0,"enemies":"Sentry and Sphere","floor":21,"turns":2},{"damage":31,"enemies":"Book of Stabbing","floor":23,"turns":6},{"damage":21,"enemies":"Slavers","floor":25,"turns":2},{"damage":32,"enemies":"Gremlin Leader","floor":28,"turns":7},{"damage":37,"enemies":"Snake Plant","floor":29,"turns":6},{"damage":4,"enemies":"Snecko","floor":30,"turns":4},{"damage":0,"enemies":"3 Cultists","floor":31,"turns":4},{"damage":47,"enemies":"Collector","floor":33,"turns":9},{"damage":2,"enemies":"3 Shapes","floor":35,"turns":3},{"damage":9,"enemies":"Mind Bloom Boss Battle","floor":37,"turns":7},{"damage":4,"enemies":"3 Darklings","floor":39,"turns":3},{"damage":12,"enemies":"Reptomancer","floor":41,"turns":8},{"damage":33,"enemies":"Jaw Worm Horde","floor":42,"turns":2},{"damage":20,"enemies":"Giant Head","floor":45,"turns":8},{"damage":44,"enemies":"Time Eater","floor":50,"turns":5}],"seed_played":"5448404185294705834","potions_obtained":[{"floor":1,"key":"FocusPotion"},{"floor":3,"key":"AttackPotion"},{"floor":4,"key":"Weak Potion"},{"floor":11,"key":"FocusPotion"},{"floor":16,"key":"Energy Potion"},{"floor":18,"key":"Block Potion"},{"floor":31,"key":"Fire Potion"},{"floor":33,"key":"Fire Potion"},{"floor":35,"key":"SpeedPotion"},{"floor":39,"key":"Block Potion"},{"floor":42,"key":"EntropicBrew"},{"floor":47,"key":"ColorlessPotion"}],"is_trial":false,"path_per_floor":["M","?","M","M","?","E","R","E","T","E","M","?","M","M","R","B",null,"M","?","M","M","$","E","R","E","T","R","E","M","M","M","R","B",null,"M","?","?","?","M","R","E","M","T","?","E","?","?","$","R","B"],"character_chosen":"DEFECT","items_purchased":["FocusPotion","Thunder Strike","Heatsinks","Frozen Eye","Blind"],"campfire_rested":4,"item_purchase_floors":[22,48,48,48,48],"current_hp_per_floor":[74,58,58,56,56,47,71,54,54,45,45,65,65,65,65,62,82,79,79,82,82,82,58,58,46,46,70,47,19,24,33,57,19,82,82,72,72,62,60,60,57,26,26,26,15,15,15,15,39,0,0],"gold":429,"neow_bonus":"TEN_PERCENT_HP_BONUS","is_daily":false,"chose_seed":false,"campfire_upgraded":2,"win_rate":0.0,"timestamp":1614120821,"path_taken":["M","?","M","M","?","E","R","E","T","E","M","?","M","M","R","BOSS","M","?","M","M","$","E","R","E","T","R","E","M","M","M","R","BOSS","M","?","?","?","M","R","E","M","T","?","E","?","?","?","R","BOSS"],"items_purchased_type":["Potion","Card","Card","Relic","Card"],"build_version":"2020-12-22","purchased_purges":2,"victory":false,"max_hp_per_floor":[82,82,82,82,82,82,82,82,82,82,82,82,82,82,82,82,82,82,82,82,82,82,82,82,82,82,82,82,82,82,82,82,82,82,82,82,82,82,82,82,82,82,82,82,82,82,82,82,82,82,82],"card_choices":[{"not_picked":["Recycle","Stack"],"picked":"Double Energy","floor":1},{"not_picked":["Loop","Undo"],"picked":"Gash","floor":3},{"not_picked":["Compile Driver","Reinforced Body"],"picked":"Melter","floor":4},{"not_picked":["Hologram","Cold Snap"],"picked":"Hyperbeam","floor":6},{"not_picked":["Cold Snap","Stack"],"picked":"Sweeping Beam","floor":8},{"not_picked":["Double Energy","Aggregate"],"picked":"Ball Lightning","floor":10},{"not_picked":["Reinforced Body","Rebound"],"picked":"Auto Shields","floor":11},{"not_picked":["Skim","Leap"],"picked":"Cold Snap","floor":13},{"not_picked":["Auto Shields","Tempest"],"picked":"Steam","floor":14},{"not_picked":["Buffer","Meteor Strike"],"picked":"Thunder Strike","floor":16},{"not_picked":["Storm+1","Auto Shields"],"picked":"Self Repair","floor":18},{"not_picked":["BootSequence+1","Go for the Eyes"],"picked":"White Noise+1","floor":20},{"not_picked":["Sweeping Beam","Compile Driver+1"],"picked":"Go for the Eyes+1","floor":21},{"not_picked":["Undo","Stack+1"],"picked":"Turbo+1","floor":23},{"not_picked":["Reboot","Compile Driver"],"picked":"Capacitor","floor":25},{"not_picked":["Leap+1","Scrape"],"picked":"Hologram","floor":28},{"not_picked":["Leap","Amplify"],"picked":"Consume+1","floor":29},{"not_picked":["Stack","Ball Lightning+1"],"picked":"Gash","floor":30},{"not_picked":["Coolheaded","Turbo+1"],"picked":"Stack","floor":31},{"not_picked":["Biased Cognition","Amplify"],"picked":"Electrodynamics","floor":33},{"not_picked":["Steam","Leap"],"picked":"Stack+1","floor":35},{"not_picked":["Good Instincts","Dramatic Entrance"],"picked":"The Bomb","floor":36},{"not_picked":["Deep Breath","Forethought"],"picked":"Dramatic Entrance","floor":36},{"not_picked":["PanicButton","Metamorphosis"],"picked":"Dark Shackles","floor":36},{"not_picked":["Hologram+1","Stack+1"],"picked":"Chaos+1","floor":37},{"not_picked":["Steam Power+1","Go for the Eyes+1"],"picked":"Lockon+1","floor":39},{"not_picked":["Compile Driver","Stack"],"picked":"Fusion","floor":41},{"not_picked":["Redo+1","Double Energy+1"],"picked":"Conserve Battery+1","floor":42},{"not_picked":["Cold Snap","Beam Cell+1"],"picked":"Defragment+1","floor":45}],"player_experience":221246,"relics_obtained":[{"floor":6,"key":"War Paint"},{"floor":8,"key":"HornCleat"},{"floor":9,"key":"Cables"},{"floor":10,"key":"Shovel"},{"floor":23,"key":"Bag of Marbles"},{"floor":25,"key":"Orichalcum"},{"floor":26,"key":"Mummified Hand"},{"floor":28,"key":"Omamori"},{"floor":37,"key":"Old Coin"},{"floor":41,"key":"Juzu Bracelet"},{"floor":41,"key":"Oddly Smooth Stone"},{"floor":45,"key":"Boot"},{"floor":45,"key":"DataDisk"}],"event_choices":[{"damage_healed":0,"gold_gain":0,"player_choice":"Entered Light","damage_taken":16,"max_hp_gain":0,"max_hp_loss":0,"event_name":"Shining Light","floor":2,"gold_loss":0,"cards_upgraded":["Defend_B","Strike_B"]},{"damage_healed":0,"gold_gain":0,"player_choice":"Grow","damage_taken":0,"max_hp_gain":0,"max_hp_loss":0,"event_name":"Living Wall","floor":5,"gold_loss":0,"cards_upgraded":["Zap"]},{"damage_healed":20,"gold_gain":0,"player_choice":"Healed","damage_taken":0,"max_hp_gain":0,"max_hp_loss":0,"event_name":"The Cleric","floor":12,"gold_loss":35},{"damage_healed":0,"gold_gain":0,"player_choice":"Stole Relic","damage_taken":0,"relics_obtained":["Blood Vial"],"max_hp_gain":0,"max_hp_loss":0,"event_name":"Addict","floor":19,"gold_loss":0,"cards_obtained":["Shame"]},{"damage_healed":0,"gold_gain":0,"player_choice":"Memory 3","damage_taken":10,"max_hp_gain":0,"max_hp_loss":0,"event_name":"SensoryStone","floor":36,"gold_loss":0},{"damage_healed":0,"gold_gain":0,"player_choice":"Fight","damage_taken":0,"max_hp_gain":0,"max_hp_loss":0,"event_name":"MindBloom","floor":37,"gold_loss":0},{"damage_healed":0,"gold_gain":0,"player_choice":"Embrace Madness","damage_taken":10,"max_hp_gain":0,"max_hp_loss":0,"event_name":"Winding Halls","floor":38,"gold_loss":0,"cards_obtained":["Madness","Madness"]},{"damage_healed":0,"gold_gain":0,"cards_transformed":["The Bomb"],"player_choice":"Transformed","damage_taken":0,"max_hp_gain":0,"max_hp_loss":0,"event_name":"Transmorgrifier","floor":44,"gold_loss":0,"cards_obtained":["Secret Weapon"]},{"cards_removed":["Strike_B"],"damage_healed":0,"gold_gain":0,"player_choice":"Purged","damage_taken":0,"max_hp_gain":0,"max_hp_loss":0,"event_name":"Purifier","floor":46,"gold_loss":0},{"damage_healed":0,"gold_gain":0,"player_choice":"Got Potions","damage_taken":0,"max_hp_gain":0,"max_hp_loss":0,"event_name":"Lab","floor":47,"gold_loss":0}],"is_beta":false,"boss_relics":[{"not_picked":["Nuclear Battery","Cursed Key"],"picked":"SlaversCollar"},{"not_picked":["Empty Cage","Fusion Hammer"],"picked":"Black Star"}],"items_purged_floors":[22,48],"is_endless":false,"potions_floor_spawned":[1,3,4,11,16,18,31,33,35,39,42],"killed_by":"Time Eater","ascension_level":2}}