{"host":"1lxw72ckkilnkgp7","time":1614075424,"event":{"mods":["ATMod(阿瑾Mod)","BaseMod","BetterRewards","Custom Start","Marisa（F雨　魔理沙）","Minty Spire (QoL Compilation)","Quick Restart","Replay The Spire","Shop Mod","StSLib","The Servant 0.9.4","[IsaacMod]以撒尖塔","[功能]功能增强和修复MOD"],"gold_per_floor":[165,324,324,379,434,434,524,577,600,722,833,919,919,993,993,1368,1368,1453,1453],"floor_reached":18,"language":"ZHS","playtime":850,"items_purged":["Strike_S","Strike_S","Defend_S","Defend_S","Unruled"],"score":476,"play_id":"30e2568d-dfcc-4614-97a9-74481e2f5236","local_time":"20210223181704","is_ascension_mode":true,"campfire_choices":[{"data":"FloweringNight","floor":6.0,"key":"SMITH"},{"data":"ShiftingGears","floor":13.0,"key":"SMITH"},{"data":"Rearm","floor":15.0,"key":"SMITH"}],"circlet_count":0,"master_deck":["Strike_S","Strike_S+1","Defend_S","Defend_S","KidneyShot+1","Exchange","AT_EssenceShift+1","Alleviate","Rearm+1","TheWorld+1","SoulSculpture","Hightail","SilverBlades","Gouge","FloweringNight+1","ShiftingGears+1","BottledTime","StarChef","Potential","Advance","DualDimension","Embodiment","Duplication","TheWorld"],"relics":["Uniform","AT_ATBox","HushsDoor","BookOfRevelations","AT_ForceNature","Sling","Toy Ornithopter","TheBattery","Ornamental Fan","Gremlin Horn","ClockworkSouvenir","Medical Kit","AT_EbonyIvory","CeramicFish","Orrery","Chameleon Ring","AT_MibuBalloonWealth","OrangePellets","Mummified Hand","GuppysHead","Replay:Bandana","DoctorsRemote","Guide Book","Centennial Puzzle","Potion Belt","Mirror","Whetstone","Question Card","Replay:Grab Bag"],"acts_visited":["Exordium","TheCity"],"potions_floor_usage":[],"damage_taken":[{"damage":3.0,"enemies":"Small Slimes","floor":1.0,"turns":2.0},{"damage":0.0,"enemies":"Hiden Room Battle","floor":2.0,"turns":1.0},{"damage":0.0,"enemies":"Cultist","floor":4.0,"turns":3.0},{"damage":4.0,"enemies":"Jaw Worm","floor":5.0,"turns":2.0},{"damage":19.0,"enemies":"Lagavulin","floor":7.0,"turns":4.0},{"damage":0.0,"enemies":"Red Slaver","floor":8.0,"turns":2.0},{"damage":1.0,"enemies":"3 Sentries","floor":10.0,"turns":2.0},{"damage":0.0,"enemies":"Gremlin Gang","floor":11.0,"turns":1.0},{"damage":2.0,"enemies":"Gremlin Nob","floor":12.0,"turns":3.0},{"damage":0.0,"enemies":"Looter","floor":14.0,"turns":2.0},{"damage":0.0,"enemies":"Slime Boss","floor":16.0,"turns":5.0},{"damage":6.0,"enemies":"Shell Parasite","floor":18.0,"turns":2.0}],"seed_played":"-5102644507045526148","potions_obtained":[{"floor":1.0,"key":"FearPotion"},{"floor":1.0,"key":"Strength Potion"},{"floor":7.0,"key":"Explosive Potion"},{"floor":12.0,"key":"Block Potion"},{"floor":14.0,"key":"DuplicationPotion"},{"floor":16.0,"key":"Adrenaline Potion"},{"floor":16.0,"key":"PowerPotion"}],"is_trial":false,"path_per_floor":["M","?","$","M","M","R","E","M","T","E","M","E","R","M","R","B",null,"M"],"character_chosen":"THE_SERVANT","items_purchased":["AT_ForceNature","Sling","Alleviate","Rearm","TheWorld","Toy Ornithopter","TheBattery","Ornamental Fan","Gremlin Horn","ClockworkSouvenir","SoulSculpture","Medical Kit","AT_EbonyIvory","Hightail","SilverBlades","CeramicFish","Orrery","Fruit Juice","Chameleon Ring","AT_MibuBalloonWealth","OrangePellets","BottledTime","Replay:Bandana","DoctorsRemote","Guide Book","Block Potion"],"campfire_rested":0,"item_purchase_floors":[0,0,0,0,0,0,0,0,0,0,0,0,0,0,0,0,0,0,0,0,0,0,3,3,3,3],"current_hp_per_floor":[69,69,69,69,65,65,46,46,46,45,50,48,48,48,48,58,72,66,66],"gold":1453,"neow_bonus":"","is_daily":false,"chose_seed":false,"campfire_upgraded":3,"win_rate":0.0,"timestamp":1614075424,"path_taken":["M","?","$","M","M","R","E","?","T","E","M","E","R","M","R","BOSS","M"],"items_purchased_type":["Relic","Relic","Card","Card","Card","Relic","Relic","Relic","Relic","Relic","Card","Relic","Relic","Card","Card","Relic","Relic","Potion","Relic","Relic","Relic","Card","Relic","Relic","Relic","Potion"],"build_version":"2020-12-22","purchased_purges":5,"victory":false,"max_hp_per_floor":[72,72,72,72,72,72,72,72,72,72,72,72,72,72,72,72,72,72,72],"card_choices":[{"not_picked":[],"picked":"Bomb","floor":0.0},{"not_picked":["TimeTheft","DoubleEdge"],"picked":"Gouge","floor":0.0},{"not_picked":["SpecialFormula","Rewind"],"picked":"Bomb","floor":0.0},{"not_picked":["KillingDoll","Collapse"],"picked":"FloweringNight","floor":0.0},{"not_picked":["Ricochet","Read"],"picked":"ShiftingGears","floor":0.0},{"not_picked":["Comet","TimeWarp"],"picked":"Unruled","floor":0.0},{"not_picked":["DoubleEdge","Shuttle","Alleviate"],"picked":"SKIP","floor":1.0},{"not_picked":["Foresight","Snipe"],"picked":"StarChef","floor":2.0},{"not_picked":["Rewind","ShatteredReality","Starlight"],"picked":"SKIP","floor":4.0},{"not_picked":["Bomb","ReturningBlade","SoulSculpture"],"picked":"SKIP","floor":5.0},{"not_picked":["Comet","MoonPhase"],"picked":"Potential","floor":7.0},{"not_picked":["Ricochet","FastForward","Luminosity"],"picked":"SKIP","floor":8.0},{"not_picked":["Sabotage","StarChef","Potential"],"picked":"SKIP","floor":10.0},{"not_picked":["Spin","Gouge","DoubleEdge"],"picked":"SKIP","floor":11.0},{"not_picked":["FastForward","Rearm"],"picked":"Advance","floor":12.0},{"not_picked":["Orbit","Alleviate"],"picked":"DualDimension","floor":14.0},{"not_picked":["Solidify","Initiator"],"picked":"Embodiment","floor":16.0},{"not_picked":["Sunlight","MurderousAura"],"picked":"Duplication","floor":16.0},{"not_picked":["MurderousAura","Deny"],"picked":"TheWorld","floor":16.0}],"player_experience":160293,"relics_obtained":[{"floor":2.0,"key":"Mummified Hand"},{"floor":2.0,"key":"GuppysHead"},{"floor":7.0,"key":"Centennial Puzzle"},{"floor":9.0,"key":"Potion Belt"},{"floor":10.0,"key":"Mirror"},{"floor":12.0,"key":"Whetstone"},{"floor":16.0,"key":"Question Card"}],"event_choices":[{"damage_healed":0.0,"max_hp_gain":0.0,"max_hp_loss":0.0,"gold_gain":0.0,"event_name":"HidenRoomEvent","player_choice":"Fight","floor":2.0,"gold_loss":0.0,"damage_taken":0.0}],"is_beta":false,"boss_relics":[{"not_picked":["Astrolabe","SacredBark"],"picked":"Replay:Grab Bag"},{"not_picked":[]}],"items_purged_floors":[0,0,0,0,0],"is_endless":false,"potions_floor_spawned":[1,1,4,7,7,7,8,10,12,14,16,16],"killed_by":"Shell Parasite","ascension_level":4}}