{"host":"zefmhu9ryehjj4p1","time":1614102392,"event":{"mods":["100% Spire Juice","2.2 Compatiblity","Act Like it!","Aspiration","BaseMod","Beaked The Cultist","Better Note","CapriCore","Colored Powertips","Conspire","DeckTracker","Downfall","Ekko","Elementarium","Friendly Minions","Gensokyo","Hallownest","Hermit","Highlight Path","Hubris","Infinite Spire","Koishi","Luminous","Marisa????????","Minty Spire (QoL Compilation)","Random Character Button","Reimu??????","Reliquary","Replay The Spire","Ruina","Shade Mod","Shapeshifter Mod","StSLib","The Administrix","The Blue Laboratory","The Bug Knight","The Construct","The Cursed","The Gatherer","The Hierophant","The Immortal","The Judge","The Jungle","The Marked","The Mystic","The Runesmith","The Senshi","The Servant 0.9.4","The Vixen","The Wild Card","TheBandit","TheVacant","Wandering Minibosses"],"gold_per_floor":[116,116,116,127,144,172,172,183,209,222,256,18,34,47,47,151,151,169,169,185,204,219,237,237,254,280,290,315,331,351,351,351,351],"floor_reached":31,"language":"ENG","playtime":2877,"items_purged":[],"score":277,"play_id":"daf10c18-d1a6-4028-8e71-87635aa0c259","local_time":"20210223184632","is_ascension_mode":false,"campfire_choices":[{"floor":7,"key":"REST"},{"floor":15,"key":"RECALL"},{"data":"bronze:HardenedForm","floor":24,"key":"SMITH"}],"circlet_count":0,"master_deck":["bronze:Strike","bronze:Strike","bronze:Strike","bronze:Strike","bronze:Defend","bronze:Defend","bronze:Defend","bronze:Defend","bronze:Replicate","bronze:Goto","bronze:DelayedGuard","bronze:Optimize","bronze:Iterate","bronze:SpaghettiCode","bronze:DelayedSlice","bronze:DelayedSlice","bronze:Invalidate","bronze:HardenedForm+1","bronze:CloningBeam","bronze:Branch","bronze:DelayedGuard","bronze:Assembly","bronze:WhirlingStrike","bronze:Backtrace+1","bronze:FineTuning","bronze:HyperBeam","bronze:Deprecate","bronze:Iterate","bronze:Branch+1"],"relics":["bronze:BronzeCore","Replay:Kaleidoscope","Anchor","conspire:Flyswatter","Replay:Bronze Core","bronze:SilverBullet"],"acts_visited":["Exordium","TheCity"],"potions_floor_usage":[],"damage_taken":[{"damage":0,"enemies":"conspire:RoseBush","floor":1,"turns":4},{"damage":1,"enemies":"Jaw Worm","floor":4,"turns":3},{"damage":0,"enemies":"Cultist","floor":5,"turns":3},{"damage":40,"enemies":"Lagavulin","floor":6,"turns":10},{"damage":8,"enemies":"Red Slaver","floor":8,"turns":3},{"damage":0,"enemies":"Exordium Thugs","floor":10,"turns":5},{"damage":8,"enemies":"Gremlin Nob","floor":11,"turns":3},{"damage":0,"enemies":"3 Louse","floor":13,"turns":2},{"damage":0,"enemies":"Large Slime","floor":14,"turns":3},{"damage":11,"enemies":"The Guardian","floor":16,"turns":9},{"damage":13,"enemies":"conspire:FuzzyDice","floor":18,"turns":5},{"damage":12,"enemies":"2 Thieves","floor":20,"turns":3},{"damage":0,"enemies":"conspire:HollyBat","floor":21,"turns":7},{"damage":0,"enemies":"Cultist and Chosen","floor":22,"turns":3},{"damage":12,"enemies":"Snake Plant","floor":23,"turns":3},{"damage":0,"enemies":"conspire:HollyBat","floor":25,"turns":6},{"damage":0,"enemies":"Chosen and Byrds","floor":27,"turns":4},{"damage":4,"enemies":"HollowMod:Nosk","floor":28,"turns":8},{"damage":9,"enemies":"Centurion and Healer","floor":29,"turns":4},{"damage":7,"enemies":"conspire:HollyBat","floor":30,"turns":7},{"damage":22,"enemies":"Snake Plant","floor":31,"turns":2}],"seed_played":"2772877779345543000","potions_obtained":[{"floor":5,"key":"SteroidPotion"},{"floor":6,"key":"MagicPotion:ReiMu"},{"floor":8,"key":"SkillPotion"}],"is_trial":false,"path_per_floor":["M","?","?","M","M","E","R","M","T","M","E","$","M","M","R","B",null,"M","?","M","M","M","M","R","M","T","M","E","M","M","M"],"character_chosen":"THE_AUTOMATON","items_purchased":["bronze:HardenedForm","bronze:CloningBeam"],"campfire_rested":1,"item_purchase_floors":[12,12],"current_hp_per_floor":[77,77,77,76,76,36,59,51,51,51,43,43,43,43,43,32,77,64,64,52,52,52,40,40,40,40,40,36,27,20,0,0,0],"gold":351,"neow_bonus":"TEN_PERCENT_HP_BONUS","is_daily":false,"chose_seed":false,"campfire_upgraded":1,"win_rate":0.0,"timestamp":1614102392,"path_taken":["M","?","?","M","M","E","R","?","T","M","E","$","M","M","R","BOSS","M","?","M","M","M","M","R","M","T","M","E","M","?","M"],"items_purchased_type":["Card","Card"],"build_version":"2020-12-22","purchased_purges":0,"victory":false,"max_hp_per_floor":[77,77,77,77,77,77,77,77,77,77,77,77,77,77,77,77,77,77,77,77,77,77,77,77,77,77,77,77,77,77,77,77,77],"card_choices":[{"not_picked":["bronze:Allocate","bronze:NullPointer"],"picked":"bronze:DelayedGuard","floor":1},{"not_picked":["bronze:ClassDefault","bronze:FineTuning"],"picked":"bronze:Optimize","floor":4},{"not_picked":["bronze:ForceShield","bronze:BugBarrage"],"picked":"bronze:Iterate","floor":5},{"not_picked":["bronze:DelayedSlice","bronze:FollowUp"],"picked":"bronze:SpaghettiCode","floor":6},{"not_picked":["bronze:ItsAFeature","bronze:DarkDash"],"picked":"bronze:DelayedSlice","floor":8},{"not_picked":["bronze:MaxOutput","bronze:WildBeam"],"picked":"bronze:DelayedSlice","floor":10},{"not_picked":["bronze:Return","bronze:Deprecate"],"picked":"bronze:Invalidate","floor":11},{"not_picked":["bronze:Frontload","bronze:Overheat"],"picked":"bronze:Branch","floor":13},{"not_picked":["bronze:FineTuning","bronze:WildBeam"],"picked":"bronze:DelayedGuard","floor":14},{"not_picked":["bronze:Mutator","bronze:ShipIt"],"picked":"bronze:Assembly","floor":16},{"not_picked":["bronze:BuggyMess","bronze:Iterate"],"picked":"bronze:WhirlingStrike","floor":18},{"not_picked":["bronze:Shield","bronze:Boost+1","bronze:Turbo"],"picked":"SKIP","floor":20},{"not_picked":["bronze:OilSpill+1","bronze:Deprecate"],"picked":"bronze:Backtrace+1","floor":21},{"not_picked":["bronze:GetLatest","bronze:BuggyMess+1"],"picked":"bronze:FineTuning","floor":22},{"not_picked":["bronze:ChildClass","bronze:Turbo+1","bronze:OilSpill+1"],"picked":"SKIP","floor":23},{"not_picked":["bronze:BuggyMess","bronze:BitShift+1"],"picked":"bronze:HyperBeam","floor":25},{"not_picked":["bronze:Backtrace","bronze:BitShift+1"],"picked":"bronze:Deprecate","floor":27},{"not_picked":["bronze:Branch+1","bronze:ForLoop"],"picked":"bronze:Iterate","floor":28},{"not_picked":["bronze:BugBarrage","bronze:WhirlingStrike","bronze:Deprecate"],"picked":"SKIP","floor":29},{"not_picked":["bronze:Deprecate+1","bronze:OilSpill"],"picked":"bronze:Branch+1","floor":30}],"player_experience":207430,"relics_obtained":[{"floor":6,"key":"Replay:Kaleidoscope"},{"floor":9,"key":"Anchor"},{"floor":11,"key":"conspire:Flyswatter"},{"floor":28,"key":"bronze:SilverBullet"}],"event_choices":[{"damage_healed":0,"gold_gain":0,"player_choice":"Disagree","damage_taken":0,"max_hp_gain":0,"max_hp_loss":0,"event_name":"conspire:LoneGhost","floor":2,"gold_loss":0},{"damage_healed":0,"gold_gain":0,"player_choice":"Ignored","damage_taken":0,"max_hp_gain":0,"max_hp_loss":0,"event_name":"betterNote:BetterNote","floor":19,"gold_loss":0,"cards_obtained":["hexamod:BurningTouch"]}],"is_beta":false,"boss_relics":[{"not_picked":["Runesmith:UraniumAnvil","beaked:SacredDeck"],"picked":"Replay:Bronze Core"}],"items_purged_floors":[],"is_endless":false,"potions_floor_spawned":[5,6,8,11,14,16,20,22,27,28,29],"killed_by":"Snake Plant","ascension_level":0}}