{"host":"38abhf7uonnoqlzr","time":1614122827,"event":{"mods":["Act Like it!","Arknights","Aspiration","BaseMod","Better Note","Better Third Choice","Block Reminder","CapriCore","Colored Map","Conspire","Displayed Cursed Tome","Dota2Spire","Energized Spire","Extra Virgin Snecko Oil","Friendly Minions","Hallownest","Hubris","Minty Spire (QoL Compilation)","Pale of the Ancients","Rare Cards Sparkle","Relic Stats","Reliquary","Replay The Spire","Spicy Shops","Spire Arcade","StSLib","The Wild Card","Waifu the Spire"],"gold_per_floor":[111,111,111,128,138,164,164,196,196,196,42,42,42,56,56,152,152,164,184,37,37,37,66,78,105,105,105,125,142,153,167,167,270,270,284,338,338,353,119,119,138,148,148,148,183,183,214,231,231,231,243,261,296,74,74,89,89,89,89,89],"floor_reached":61,"language":"ENG","playtime":7027,"items_purged":[],"score":1583,"play_id":"4cef7e63-ad07-4582-bb13-ad891a10701f","local_time":"20210224002707","is_ascension_mode":false,"campfire_choices":[{"floor":7.0,"key":"REST"},{"data":"theWildCard:EnergyTheft","floor":10.0,"key":"SMITH"},{"data":"theWildCard:PowerOfTheArcana","floor":13.0,"key":"SMITH"},{"data":"theWildCard:Arsene","floor":15.0,"key":"SMITH"},{"data":"Malaise","floor":27.0,"key":"SMITH"},{"data":"theWildCard:AllOutAttack","floor":32.0,"key":"SMITH"},{"data":"Apotheosis","floor":40.0,"key":"SMITH"},{"data":"theWildCard:Attunement","floor":44.0,"key":"SMITH"},{"data":"Jack Of All Trades","floor":46.0,"key":"SMITH"},{"data":"theWildCard:PowerOfTheArcana","floor":49.0,"key":"SMITH"},{"data":"Endless Agony","floor":55,"key":"SMITH"},{"data":"ReplayTheSpireMod:Tripwire","floor":57,"key":"SMITH"}],"circlet_count":1,"master_deck":["theWildCard:BasicStrike","theWildCard:BasicStrike","theWildCard:BasicStrike","theWildCard:BasicDefend","theWildCard:BasicDefend","theWildCard:CallToAdventure","theWildCard:Arsene+1","theWildCard:PowerOfTheArcana+1","theWildCard:BladeOfGenerations","theWildCard:Satanael","theWildCard:EnergyTheft+1","theWildCard:Loki","theWildCard:SeveringSlash","theWildCard:AllOutAttack+1","theWildCard:PowerOfTheArcana+1","theWildCard:Attunement+1","Endless Agony+1","Malaise+1","ReplayTheSpireMod:Tripwire+1","theWildCard:MagicMettle+1","theWildCard:StingingStrike+1","theWildCard:PowerOfTheArcana+1","theWildCard:LadyLuck","theWildCard:Salvation+1","theWildCard:IdentityTheft+1","theWildCard:Polydeuces","theWildCard:Lucifer","theWildCard:BladeOfGenerations+1","theWildCard:EnergizedStroke+1","theWildCard:BasicDefend","theWildCard:Satanael","theWildCard:ArchaicAssault","Apotheosis+1","Secret Technique","Jack Of All Trades+1","theWildCard:EnergyTheft+1","theWildCard:MagicMettle+1","theWildCard:Caesar","theWildCard:PowerOfTheArcana+1","theWildCard:MagicalMight","theWildCard:Attunement+1","theWildCard:StingingStrike","theWildCard:ArchaicAssault","theWildCard:Odin"],"relics":["theWildCard:VelvetContract","Dota2Spire:AssaultCuirass","Snack Pack","Dota2Spire:MagicBottle","Replay:Bottled Flurry","reliquary:Spinner","Circlet","energizedSpire:DeadBattery","Strange Spoon","reliquary:Firecrackers","Dota2Spire:UrnOfShadows","reliquary:RosewoodLute","hubris:Backtick","aspiration:Lifesprig","Mango","ReplayTheSpireMod:ShopPack","Mango","Dota2Spire:DrumOfEndurance","hubris:Metronome","paleoftheancients:Timepiece","paleoftheancients:KeyRelic","Oddly Smooth Stone","Gremlin Horn","paleoftheancients:SoulOfTheWatcher","Dota2Spire:PhaseBoots","reliquary:Knoch","Pet Ghost"],"acts_visited":["Exordium","TheCity","TheBeyond","TheBeyond"],"potions_floor_usage":[60,60,60],"damage_taken":[{"damage":2.0,"enemies":"ats:Genji","floor":1.0,"turns":4.0},{"damage":7.0,"enemies":"2 Louse","floor":4.0,"turns":3.0},{"damage":2.0,"enemies":"Cultist","floor":5.0,"turns":3.0},{"damage":18.0,"enemies":"Gremlin Nob","floor":6.0,"turns":5.0},{"damage":3.0,"enemies":"3 Sentries","floor":8.0,"turns":9.0},{"damage":3.0,"enemies":"Red Slaver","floor":14.0,"turns":3.0},{"damage":25.0,"enemies":"Hexaghost","floor":16.0,"turns":11.0},{"damage":0.0,"enemies":"2 Thieves","floor":18.0,"turns":3.0},{"damage":0.0,"enemies":"3 Byrds","floor":19.0,"turns":5.0},{"damage":0.0,"enemies":"Book of Stabbing","floor":23.0,"turns":4.0},{"damage":0.0,"enemies":"Snake Plant","floor":24.0,"turns":5.0},{"damage":0.0,"enemies":"Replay:Snechameleon","floor":25.0,"turns":4.0},{"damage":0.0,"enemies":"Centurion and Healer","floor":28.0,"turns":5.0},{"damage":0.0,"enemies":"3 Cultists","floor":29.0,"turns":4.0},{"damage":5.0,"enemies":"Cultist and Chosen","floor":30.0,"turns":5.0},{"damage":4.0,"enemies":"Shelled Parasite and Fungi","floor":31.0,"turns":4.0},{"damage":0.0,"enemies":"Collector","floor":33.0,"turns":5.0},{"damage":5.0,"enemies":"3 Shapes","floor":35.0,"turns":3.0},{"damage":0.0,"enemies":"2 Orb Walkers","floor":36.0,"turns":2.0},{"damage":10.0,"enemies":"3 Darklings","floor":38.0,"turns":4.0},{"damage":0.0,"enemies":"Jaw Worm Horde","floor":41.0,"turns":1.0},{"damage":0.0,"enemies":"Maw","floor":42.0,"turns":5.0},{"damage":9.0,"enemies":"Reptomancer","floor":45.0,"turns":4.0},{"damage":19.0,"enemies":"Nemesis","floor":47.0,"turns":7.0},{"damage":0.0,"enemies":"3 Darklings","floor":48.0,"turns":3.0},{"damage":21.0,"enemies":"conspire:OrnateMirror","floor":50.0,"turns":3.0},{"damage":4.0,"enemies":"conspire:OrnateMirror","floor":51.0,"turns":8.0},{"damage":0,"enemies":"conspire:OrnateMirror","floor":52,"turns":2},{"damage":0,"enemies":"conspire:MimicChest","floor":53,"turns":1},{"damage":0,"enemies":"conspire:MimicChest","floor":56,"turns":1},{"damage":117,"enemies":"paleoftheancients:N","floor":60,"turns":5}],"seed_played":"-2225601783019244018","potions_obtained":[{"floor":1.0,"key":"Dota2Spire:Clarity"},{"floor":4.0,"key":"SpeedPotion"},{"floor":18.0,"key":"Swift Potion"},{"floor":19.0,"key":"BlessingOfTheForge"},{"floor":28.0,"key":"FearPotion"},{"floor":30.0,"key":"LifebloodPotion"},{"floor":33.0,"key":"Elixir"},{"floor":35.0,"key":"SpeedPotion"},{"floor":36.0,"key":"SteroidPotion"},{"floor":41.0,"key":"SkillPotion"},{"floor":42.0,"key":"SkillPotion"},{"floor":51.0,"key":"FearPotion"}],"is_trial":false,"path_per_floor":["M","?","?","M","M","E","R","E","T","R","$","T","R","M","R_BF","B",null,"M","M","$","?","?","E","M","E","T","R","M","M","M","M","R_BF","B",null,"M","?","?","M","$","R","M","M","T","R","E","R","E","M","R","B","M","M","?","$","R","M","R","T","?","B",null],"character_chosen":"THE_WILD_CARD","items_purchased":["reliquary:Spinner","Strange Spoon","ReplayTheSpireMod:ShopPack","theWildCard:ArchaicAssault","reliquary:Knoch","theWildCard:ArchaicAssault"],"campfire_rested":1,"item_purchase_floors":[11,20,39,39,54,54],"current_hp_per_floor":[64,64,64,57,55,37,56,55,55,55,55,55,55,66,66,53,66,66,66,66,66,66,66,66,66,66,66,66,66,61,63,63,66,66,63,80,80,77,77,77,80,80,94,94,92,92,79,83,83,94,94,94,94,94,94,94,94,94,94,94],"gold":89,"neow_bonus":"TEN_PERCENT_HP_BONUS","is_daily":false,"chose_seed":false,"campfire_upgraded":11,"win_rate":0.0,"timestamp":1614122827,"path_taken":["M","?","?","?","M","E","R","E","T","R","$","?","R","M","R_BF","BOSS","M","M","$","?","?","E","M","E","T","R","?","M","M","M","R_BF","BOSS","M","?","?","M","$","R","M","M","T","R","E","R","E","M","R","BOSS","M","M","?","$","R","M","R","T","?","BOSS"],"items_purchased_type":["Relic","Relic","Relic","Card","Relic","Card"],"build_version":"2020-12-22","purchased_purges":0,"victory":true,"max_hp_per_floor":[66,66,66,66,66,66,66,66,66,66,66,66,66,66,66,66,66,66,66,66,66,66,66,66,66,66,66,66,66,66,66,66,66,66,66,80,80,80,80,80,80,80,94,94,94,94,94,94,94,94,94,94,94,94,94,94,94,94,94,94],"relic_stats":{"Strange Spoon":[79],"Gremlin Horn":[26,25],"counters":[31,131],"obtain_stats":[{"aspiration:Lifesprig":34,"hubris:Metronome":47,"Gremlin Horn":50,"reliquary:Firecrackers":23,"Mango":36,"Dota2Spire:DrumOfEndurance":45,"Pet Ghost":58,"Dota2Spire:MagicBottle":8,"BranchBurnRelic":13,"hubris:Backtick":34,"Replay:Bottled Flurry":9,"Dota2Spire:AssaultCuirass":2,"paleoftheancients:SoulOfTheWatcher":51,"paleoftheancients:KeyRelic":50,"Dota2Spire:UrnOfShadows":25,"Dead Branch":12,"Circlet":0,"Oddly Smooth Stone":50,"reliquary:Spinner":11,"reliquary:RosewoodLute":26,"energizedSpire:DeadBattery":17,"paleoftheancients:Timepiece":50,"theWildCard:VelvetContract":0,"Strange Spoon":20,"reliquary:SculptingSteel":43,"Snack Pack":6,"reliquary:Knoch":54,"ReplayTheSpireMod:ShopPack":39,"Dota2Spire:PhaseBoots":53},{"aspiration:Lifesprig":17,"hubris:Metronome":24,"Gremlin Horn":26,"reliquary:Firecrackers":10,"Mango":19,"Dota2Spire:DrumOfEndurance":23,"Pet Ghost":30,"Dota2Spire:MagicBottle":5,"BranchBurnRelic":5,"hubris:Backtick":17,"Replay:Bottled Flurry":5,"Dota2Spire:AssaultCuirass":1,"paleoftheancients:SoulOfTheWatcher":27,"paleoftheancients:KeyRelic":26,"Dota2Spire:UrnOfShadows":12,"Dead Branch":5,"Circlet":0,"Oddly Smooth Stone":26,"reliquary:Spinner":5,"reliquary:RosewoodLute":12,"energizedSpire:DeadBattery":7,"paleoftheancients:Timepiece":26,"theWildCard:VelvetContract":0,"Strange Spoon":9,"reliquary:SculptingSteel":22,"Snack Pack":4,"reliquary:Knoch":29,"ReplayTheSpireMod:ShopPack":20,"Dota2Spire:PhaseBoots":29},{"aspiration:Lifesprig":82,"hubris:Metronome":108,"Gremlin Horn":114,"reliquary:Firecrackers":50,"Mango":87,"Dota2Spire:DrumOfEndurance":101,"Pet Ghost":126,"Dota2Spire:MagicBottle":24,"BranchBurnRelic":24,"hubris:Backtick":82,"Replay:Bottled Flurry":24,"Dota2Spire:AssaultCuirass":4,"paleoftheancients:SoulOfTheWatcher":122,"paleoftheancients:KeyRelic":114,"Dota2Spire:UrnOfShadows":59,"Dead Branch":24,"Circlet":0,"Oddly Smooth Stone":114,"reliquary:Spinner":24,"reliquary:RosewoodLute":59,"energizedSpire:DeadBattery":38,"paleoftheancients:Timepiece":114,"theWildCard:VelvetContract":0,"Strange Spoon":46,"reliquary:SculptingSteel":97,"Snack Pack":15,"reliquary:Knoch":125,"ReplayTheSpireMod:ShopPack":91,"Dota2Spire:PhaseBoots":125}]},"card_choices":[{"not_picked":["theWildCard:PaleRider","theWildCard:Alice"],"picked":"theWildCard:PowerOfTheArcana","floor":1.0},{"not_picked":["theWildCard:SacrificialStroke","theWildCard:Michael"],"picked":"theWildCard:BladeOfGenerations","floor":4.0},{"not_picked":["theWildCard:MagicMettle","theWildCard:LadyLuck"],"picked":"theWildCard:Satanael","floor":5.0},{"not_picked":["theWildCard:SeveringSlash","theWildCard:MaskChange"],"picked":"theWildCard:EnergyTheft","floor":6.0},{"not_picked":["theWildCard:LadyLuck","theWildCard:UnderLockAndKey"],"picked":"theWildCard:Loki","floor":8.0},{"not_picked":["theWildCard:Patience","theWildCard:ArcaneArts"],"picked":"theWildCard:SeveringSlash","floor":14.0},{"not_picked":["theWildCard:Desolation","theWildCard:FinalHour"],"picked":"theWildCard:AllOutAttack","floor":16.0},{"not_picked":["theWildCard:Sakuya+1","theWildCard:MasterPlan"],"picked":"theWildCard:PowerOfTheArcana","floor":18.0},{"not_picked":["theWildCard:TheGreatSeal","theWildCard:ArcanaArtistry"],"picked":"theWildCard:Attunement","floor":19.0},{"not_picked":["theWildCard:Patience+1","theWildCard:PowerOfTheArcana"],"picked":"theWildCard:MagicMettle+1","floor":23.0},{"not_picked":["theWildCard:ArcanaArtistry+1","theWildCard:EnergizedStroke+1"],"picked":"theWildCard:StingingStrike+1","floor":24.0},{"not_picked":["theWildCard:MaskChange","theWildCard:Attunement"],"picked":"theWildCard:PowerOfTheArcana+1","floor":25.0},{"not_picked":["theWildCard:ArcaneArts","theWildCard:SacrificialStroke"],"picked":"theWildCard:LadyLuck","floor":28.0},{"not_picked":["theWildCard:Patience+1","theWildCard:Michael"],"picked":"theWildCard:Salvation+1","floor":29.0},{"not_picked":["theWildCard:Michael","theWildCard:Providence"],"picked":"theWildCard:IdentityTheft+1","floor":30.0},{"not_picked":["theWildCard:StingingStrike","theWildCard:MagicalMight"],"picked":"theWildCard:Polydeuces","floor":31.0},{"not_picked":["theWildCard:FinalHour","theWildCard:Caesar"],"picked":"theWildCard:Lucifer","floor":33.0},{"not_picked":["theWildCard:Proficiency","theWildCard:PaleRider+1"],"picked":"theWildCard:BladeOfGenerations+1","floor":35.0},{"not_picked":["theWildCard:StalwartBlade","theWildCard:Unburden+1"],"picked":"theWildCard:EnergizedStroke+1","floor":36.0},{"not_picked":["theWildCard:StalwartBlade","theWildCard:Polydeuces"],"picked":"theWildCard:Satanael","floor":38.0},{"not_picked":["Magnetism","Poisoned Strike"],"picked":"Apotheosis","floor":39.0},{"not_picked":["Swift Strike","Dramatic Entrance"],"picked":"Secret Technique","floor":39.0},{"not_picked":["Forethought","hubris:Ssssneak"],"picked":"Jack Of All Trades","floor":39.0},{"not_picked":["theWildCard:Unburden+1","theWildCard:Impatience+1","theWildCard:StalwartBlade+1"],"picked":"SKIP","floor":41.0},{"not_picked":["theWildCard:Unburden+1","theWildCard:StingingStrike+1"],"picked":"theWildCard:EnergyTheft+1","floor":42.0},{"not_picked":["theWildCard:ArcanaArtistry","theWildCard:Odin"],"picked":"theWildCard:MagicMettle+1","floor":45.0},{"not_picked":["theWildCard:Odin+1","theWildCard:MaskChange"],"picked":"theWildCard:Caesar","floor":47.0},{"not_picked":["theWildCard:ArcaneArts","theWildCard:Polydeuces+1"],"picked":"theWildCard:PowerOfTheArcana+1","floor":48.0},{"not_picked":["theWildCard:ArcaneArts","theWildCard:CryOfAgony+1"],"picked":"theWildCard:MagicalMight","floor":51.0},{"not_picked":["theWildCard:UnderLockAndKey+1","theWildCard:BladeOfGenerations"],"picked":"theWildCard:Attunement+1","floor":52},{"not_picked":["theWildCard:Polydeuces","theWildCard:ArcaneArts"],"picked":"theWildCard:StingingStrike","floor":53},{"not_picked":["theWildCard:Proficiency+1","theWildCard:ArcaneArts+1"],"picked":"theWildCard:Odin","floor":56}],"player_experience":206265,"relics_obtained":[{"floor":6.0,"key":"Snack Pack"},{"floor":8.0,"key":"Dota2Spire:MagicBottle"},{"floor":9.0,"key":"Replay:Bottled Flurry"},{"floor":12.0,"key":"Dead Branch"},{"floor":23.0,"key":"reliquary:Firecrackers"},{"floor":25.0,"key":"Dota2Spire:UrnOfShadows"},{"floor":26.0,"key":"reliquary:RosewoodLute"},{"floor":36.0,"key":"Mango"},{"floor":43.0,"key":"reliquary:SculptingSteel"},{"floor":45.0,"key":"Dota2Spire:DrumOfEndurance"},{"floor":47.0,"key":"hubris:Metronome"},{"floor":51.0,"key":"paleoftheancients:SoulOfTheWatcher"},{"floor":53,"key":"Dota2Spire:PhaseBoots"},{"floor":58,"key":"Pet Ghost"}],"event_choices":[{"damage_healed":0.0,"max_hp_gain":0.0,"max_hp_loss":0.0,"gold_gain":0.0,"event_name":"Big Fish","player_choice":"Box","floor":2.0,"gold_loss":0.0,"damage_taken":0.0,"relics_obtained":["Dota2Spire:AssaultCuirass"],"cards_obtained":["Regret"]},{"cards_removed":["Regret"],"damage_healed":0.0,"max_hp_gain":0.0,"max_hp_loss":0.0,"gold_gain":0.0,"event_name":"Fountain of Cleansing","player_choice":"Removed Curses","floor":3.0,"gold_loss":0.0,"damage_taken":0.0},{"cards_removed":["theWildCard:BasicDefend"],"damage_healed":0.0,"max_hp_gain":0.0,"max_hp_loss":0.0,"gold_gain":0.0,"event_name":"betterNote:BetterNote","player_choice":"Give","floor":21.0,"gold_loss":0.0,"damage_taken":0.0,"cards_obtained":["None"]},{"damage_healed":0.0,"max_hp_gain":0.0,"max_hp_loss":0.0,"gold_gain":0.0,"event_name":"Mysterious Sphere","player_choice":"Fight","floor":36.0,"gold_loss":0.0,"damage_taken":0.0},{"damage_healed":0.0,"max_hp_gain":0.0,"max_hp_loss":0.0,"gold_gain":0.0,"event_name":"betterThird:BetterPortal","player_choice":"Random: Yellow","floor":37.0,"gold_loss":0.0,"damage_taken":0.0},{"cards_removed":["theWildCard:IdentityTheft"],"damage_healed":0.0,"max_hp_gain":0.0,"max_hp_loss":0.0,"gold_gain":0.0,"event_name":"betterNote:BetterNote","player_choice":"Take \u0026 Give","floor":37.0,"gold_loss":0.0,"damage_taken":0.0,"cards_obtained":["theWildCard:BasicDefend"]}],"is_beta":false,"boss_relics":[{"not_picked":["conspire:RunicOctahedron","energizedSpire:CursedPentagram"],"picked":"energizedSpire:DeadBattery"},{"not_picked":["Replay:Bronze Core","energizedSpire:SpiderWeb"],"picked":"hubris:Backtick"}],"items_purged_floors":[],"is_endless":false,"potions_floor_spawned":[1,4,18,19,28,30,33,35,36,41,42,51,52,56],"ascension_level":0}}