{"host":"6wux4armhsntp4yb","time":1614104681,"event":{"mods":["BaseMod","Colored Map","DeckTracker","Minty Spire (QoL Compilation)","Relic Stats"],"gold_per_floor":[211,222,236,201,15,40,40,40,40,40,73,86,0,11,11,88,88,101,117,32,32,48,48,83,83,83,112,2,2,18,30,30,109,109,119,169,179,192,211,238,257,269,269,169,169,196,71,98,98,98,98,98,98,23,55,55,55],"floor_reached":56,"language":"JPN","playtime":8130,"items_purged":["Strike_G","Injury","Strike_G+1"],"score":2234,"play_id":"b2e8f5bd-6ad2-4308-a8e5-51a61dcff21e","local_time":"20210224032441","is_ascension_mode":true,"campfire_choices":[{"data":"Malaise","floor":8.0,"key":"SMITH"},{"data":"Neutralize","floor":10.0,"key":"SMITH"},{"data":"Crippling Poison","floor":15.0,"key":"SMITH"},{"data":"Acrobatics","floor":23.0,"key":"SMITH"},{"data":"Concentrate","floor":29.0,"key":"SMITH"},{"data":"Strike_G+1","floor":32.0,"key":"PURGE"},{"data":"Strike_G+1","floor":45.0,"key":"PURGE"},{"floor":49.0,"key":"RECALL"},{"data":"Bullet Time","floor":53.0,"key":"SMITH"}],"circlet_count":0,"master_deck":["AscendersBane","Strike_G+1","Defend_G+1","Defend_G+1","Defend_G+1","Defend_G+1","Defend_G+1","Survivor","Neutralize+1","Slice+1","Bouncing Flask+1","Poisoned Stab","Malaise+1","Crippling Poison+1","Well Laid Plans+1","Footwork+1","Flechettes","Corpse Explosion","Concentrate+1","Acrobatics+1","Well Laid Plans+1","PiercingWail","Acrobatics","Blur","Eviscerate","Bullet Time+1","Tactician+1","Footwork+1","PiercingWail","Escape Plan+1","Footwork+1","Terror"],"relics":["Ring of the Snake","Frozen Egg 2","Pen Nib","Akabeko","Cursed Key","Red Mask","Peace Pipe","Dead Branch","HoveringKite","Question Card","Anchor","Orichalcum","Snake Skull"],"acts_visited":["Exordium","TheCity","TheBeyond","TheEnding"],"potions_floor_usage":[],"damage_taken":[{"damage":0.0,"enemies":"2 Louse","floor":1.0,"turns":4.0},{"damage":4.0,"enemies":"Small Slimes","floor":2.0,"turns":4.0},{"damage":1.0,"enemies":"Jaw Worm","floor":3.0,"turns":3.0},{"damage":10.0,"enemies":"Lagavulin","floor":6.0,"turns":4.0},{"damage":28.0,"enemies":"3 Sentries","floor":11.0,"turns":9.0},{"damage":0.0,"enemies":"Large Slime","floor":12.0,"turns":4.0},{"damage":0.0,"enemies":"Blue Slaver","floor":14.0,"turns":4.0},{"damage":24.0,"enemies":"The Guardian","floor":16.0,"turns":8.0},{"damage":13.0,"enemies":"Shell Parasite","floor":18.0,"turns":7.0},{"damage":0.0,"enemies":"3 Byrds","floor":19.0,"turns":3.0},{"damage":0.0,"enemies":"Snecko","floor":22.0,"turns":6.0},{"damage":0.0,"enemies":"Masked Bandits","floor":24.0,"turns":2.0},{"damage":23.0,"enemies":"Slavers","floor":27.0,"turns":3.0},{"damage":3.0,"enemies":"Shelled Parasite and Fungi","floor":30.0,"turns":8.0},{"damage":0.0,"enemies":"3 Cultists","floor":31.0,"turns":2.0},{"damage":0.0,"enemies":"Champ","floor":33.0,"turns":11.0},{"damage":0.0,"enemies":"Orb Walker","floor":35.0,"turns":3.0},{"damage":0.0,"enemies":"3 Shapes","floor":37.0,"turns":4.0},{"damage":0.0,"enemies":"Maw","floor":38.0,"turns":9.0},{"damage":6.0,"enemies":"Spire Growth","floor":39.0,"turns":8.0},{"damage":5.0,"enemies":"Giant Head","floor":40.0,"turns":7.0},{"damage":7.0,"enemies":"Jaw Worm Horde","floor":41.0,"turns":4.0},{"damage":18.0,"enemies":"3 Darklings","floor":42.0,"turns":3.0},{"damage":0.0,"enemies":"Nemesis","floor":46.0,"turns":9.0},{"damage":4.0,"enemies":"Giant Head","floor":48.0,"turns":9.0},{"damage":11.0,"enemies":"Donu and Deca","floor":50.0,"turns":13.0},{"damage":0.0,"enemies":"Awakened One","floor":51.0,"turns":20.0},{"damage":11.0,"enemies":"Shield and Spear","floor":55.0,"turns":6.0},{"damage":44,"enemies":"The Heart","floor":56,"turns":2}],"seed_played":"8209355236858541375","potions_obtained":[{"floor":2.0,"key":"CunningPotion"},{"floor":6.0,"key":"Ancient Potion"},{"floor":12.0,"key":"GamblersBrew"},{"floor":19.0,"key":"Regen Potion"},{"floor":22.0,"key":"ColorlessPotion"},{"floor":31.0,"key":"SteroidPotion"},{"floor":33.0,"key":"SpeedPotion"},{"floor":35.0,"key":"Explosive Potion"},{"floor":41.0,"key":"FearPotion"},{"floor":48.0,"key":"LiquidMemories"}],"is_trial":false,"path_per_floor":["M","M","M","?","$","E","?","R","T","R","E","M","$","M","R","B",null,"M","M","$","?","M","R","?","T","T","E","?","R","M","M","R","B",null,"M","?","M","M","M","E","M","M","T","$","R","E","$","E","R","B","B",null,"R","$","E","B"],"character_chosen":"THE_SILENT","items_purchased":["DuplicationPotion","Poisoned Stab","Footwork+1","Well Laid Plans+1","Footwork+1"],"campfire_rested":0,"item_purchase_floors":[5,5,13,20,54],"current_hp_per_floor":[59,55,54,66,66,56,56,56,56,56,28,28,28,28,28,4,51,38,38,38,38,52,52,52,52,52,29,29,29,26,26,26,26,54,54,54,54,54,48,43,36,18,18,18,18,18,18,14,14,3,3,48,48,48,37,0,0],"gold":55,"neow_bonus":"HUNDRED_GOLD","is_daily":false,"chose_seed":false,"campfire_upgraded":6,"win_rate":0.0,"timestamp":1614104681,"path_taken":["M","M","M","?","$","E","?","R","T","R","E","M","?","M","R","BOSS","M","M","$","?","M","R","?","?","T","E","?","R","?","M","R","BOSS","M","?","M","?","M","E","M","M","T","?","R","E","$","E","R","BOSS","BOSS","R","$","E","BOSS"],"items_purchased_type":["Potion","Card","Card","Card","Card"],"build_version":"2020-12-22","purchased_purges":3,"victory":false,"max_hp_per_floor":[66,66,66,66,66,66,66,66,66,66,66,66,66,66,66,66,66,66,66,66,66,66,66,66,66,66,66,63,63,63,63,63,63,63,63,63,63,63,63,63,63,63,63,63,63,63,63,63,63,63,63,63,63,63,63,63,63],"relic_stats":{"Peace Pipe":2,"counters":[29,179],"Dead Branch":[113],"HoveringKite":[61],"Pen Nib":[28],"Snake Skull":[1],"Orichalcum":[6],"Cursed Key":2,"Question Card":5,"obtain_stats":[{"Dead Branch":27,"HoveringKite":34,"Pen Nib":9,"Snake Skull":55,"Frozen Egg 2":6,"Orichalcum":48,"Cursed Key":17,"Question Card":40,"Akabeko":11,"Peace Pipe":26,"Anchor":46,"Red Mask":24,"Ring of the Snake":0},{"Dead Branch":13,"HoveringKite":16,"Pen Nib":4,"Snake Skull":28,"Frozen Egg 2":4,"Orichalcum":25,"Cursed Key":8,"Question Card":21,"Akabeko":5,"Peace Pipe":12,"Anchor":24,"Red Mask":12,"Ring of the Snake":0},{"Dead Branch":61,"HoveringKite":82,"Pen Nib":15,"Snake Skull":177,"Frozen Egg 2":15,"Orichalcum":138,"Cursed Key":40,"Question Card":113,"Akabeko":24,"Peace Pipe":58,"Anchor":129,"Red Mask":58,"Ring of the Snake":0}],"Ring of the Snake":[58]},"card_choices":[{"not_picked":["Poisoned Stab","Leg Sweep"],"picked":"Slice","floor":1.0},{"not_picked":["Caltrops","Slice"],"picked":"Bouncing Flask","floor":2.0},{"not_picked":["Cloak And Dagger","Blade Dance","Underhanded Strike"],"picked":"SKIP","floor":3.0},{"not_picked":["Dodge and Roll","Bane"],"picked":"Malaise","floor":6.0},{"not_picked":["Setup","Cloak And Dagger"],"picked":"Crippling Poison","floor":11.0},{"not_picked":["Dodge and Roll","Sucker Punch"],"picked":"Well Laid Plans+1","floor":12.0},{"not_picked":["Poisoned Stab","Cloak And Dagger"],"picked":"Flechettes","floor":14.0},{"not_picked":["Doppelganger","Adrenaline"],"picked":"Corpse Explosion","floor":16.0},{"not_picked":["Bane","Dagger Throw"],"picked":"Concentrate","floor":18.0},{"not_picked":["Escape Plan","Blade Dance"],"picked":"Acrobatics","floor":19.0},{"not_picked":["Flying Knee+1","Dodge and Roll","Deflect"],"picked":"SKIP","floor":22.0},{"not_picked":["Deflect","Flying Knee"],"picked":"PiercingWail","floor":24.0},{"not_picked":["Well Laid Plans+1","Terror"],"picked":"Acrobatics","floor":27.0},{"not_picked":["Well Laid Plans+1","Caltrops+1"],"picked":"Blur","floor":30.0},{"not_picked":["Distraction","Footwork+1"],"picked":"Eviscerate","floor":31.0},{"not_picked":["Unload","Phantasmal Killer"],"picked":"Bullet Time","floor":33.0},{"not_picked":["PiercingWail","Caltrops+1"],"picked":"Tactician+1","floor":35.0},{"not_picked":["Slice+1","Dagger Throw"],"picked":"Footwork+1","floor":37.0},{"not_picked":["Finisher","Dagger Spray","Bane"],"picked":"SKIP","floor":38.0},{"not_picked":["Infinite Blades+1","Deadly Poison","Predator"],"picked":"SKIP","floor":39.0},{"not_picked":["Dodge and Roll","Endless Agony","Dash+1"],"picked":"SKIP","floor":40.0},{"not_picked":["Dodge and Roll","Endless Agony","Dash+1"],"picked":"SKIP","floor":40.0},{"not_picked":["Bane","Underhanded Strike","A Thousand Cuts+1","Deflect+1"],"picked":"SKIP","floor":41.0},{"not_picked":["Sucker Punch","Deadly Poison","Dagger Spray+1"],"picked":"PiercingWail","floor":42.0},{"not_picked":["Backstab","Sucker Punch","Predator"],"picked":"Escape Plan+1","floor":46.0},{"not_picked":["Expertise","Bane","Heel Hook","Eviscerate"],"picked":"SKIP","floor":48.0},{"not_picked":["Dagger Throw","Acrobatics","Flechettes+1"],"picked":"Terror","floor":55.0}],"player_experience":5899879,"relics_obtained":[{"floor":6.0,"key":"Frozen Egg 2"},{"floor":9.0,"key":"Pen Nib"},{"floor":11.0,"key":"Akabeko"},{"floor":24.0,"key":"Red Mask"},{"floor":26.0,"key":"Peace Pipe"},{"floor":27.0,"key":"Dead Branch"},{"floor":40.0,"key":"Question Card"},{"floor":46.0,"key":"Anchor"},{"floor":48.0,"key":"Orichalcum"},{"floor":55.0,"key":"Snake Skull"}],"event_choices":[{"damage_healed":16.0,"max_hp_gain":0.0,"max_hp_loss":0.0,"gold_gain":0.0,"event_name":"The Cleric","player_choice":"Healed","floor":4.0,"gold_loss":35.0,"damage_taken":0.0},{"damage_healed":0.0,"max_hp_gain":0.0,"max_hp_loss":0.0,"gold_gain":0.0,"event_name":"Living Wall","player_choice":"Grow","floor":7.0,"gold_loss":0.0,"damage_taken":0.0,"cards_upgraded":["Bouncing Flask"]},{"damage_healed":0.0,"max_hp_gain":0.0,"max_hp_loss":0.0,"gold_gain":0.0,"event_name":"Back to Basics","player_choice":"Simplicity","floor":21.0,"gold_loss":0.0,"damage_taken":0.0,"cards_upgraded":["Strike_G","Strike_G","Strike_G","Strike_G","Defend_G","Defend_G","Defend_G","Defend_G","Defend_G"]},{"damage_healed":0.0,"max_hp_gain":0.0,"max_hp_loss":0.0,"gold_gain":0.0,"event_name":"Masked Bandits","player_choice":"Fought Bandits","floor":24.0,"gold_loss":0.0,"damage_taken":0.0},{"cards_removed":["Parasite"],"damage_healed":0.0,"max_hp_gain":0.0,"max_hp_loss":0.0,"gold_gain":0.0,"event_name":"Designer","player_choice":"Upgrade and Remove","floor":28.0,"gold_loss":110.0,"damage_taken":0.0,"cards_upgraded":["Slice"]},{"damage_healed":0.0,"max_hp_gain":0.0,"max_hp_loss":0.0,"gold_gain":50.0,"event_name":"Golden Shrine","player_choice":"Pray","floor":36.0,"gold_loss":0.0,"damage_taken":0.0}],"is_beta":false,"boss_relics":[{"not_picked":["Velvet Choker","Busted Crown"],"picked":"Cursed Key"},{"not_picked":["Ring of the Serpent","SacredBark"],"picked":"HoveringKite"}],"items_purged_floors":[5,44,47],"is_endless":false,"potions_floor_spawned":[2,6,12,19,22,31,33,35,39,41,46,48],"killed_by":"The Heart","ascension_level":20}}