{"host":"43wsnxh97mgjl5zw","time":1614079546,"event":{"mods":["Aspiration","BaseMod","Colored Map","Colored Powertips","Conspire","Downfall","Halation","Hubris","Minty Spire (QoL Compilation)","Quick Restart","Rare Cards Sparkle","Relic Sorter","Reliquary","Replay The Spire","StSLib"],"gold_per_floor":[115,115,125,143,68,102,102,131,131,151,151,151,167,200,200,200,200],"floor_reached":16,"language":"ENG","playtime":486,"items_purged":["Strike_R"],"score":240,"play_id":"9550c6f3-4972-4116-910b-8ec7047053bc","local_time":"20210223132546","is_ascension_mode":true,"campfire_choices":[{"data":"Whirlwind","floor":7.0,"key":"SMITH"},{"data":"Infernal Blade","floor":12,"key":"SMITH"},{"data":"Disarm","floor":15,"key":"SMITH"}],"circlet_count":0,"master_deck":["AscendersBane","Strike_R","Strike_R","Strike_R","Strike_R","Defend_R","Defend_R","Defend_R","Defend_R","Bash","Flash of Steel","Cleave","Shrug It Off","Whirlwind+1","Evolve","Infernal Blade+1","Thunderclap","Disarm+1"],"relics":["Burning Blood","halation:TwoAmDonut","reliquary:IridiumChain","Letter Opener","Replay:Rubber Ducky"],"acts_visited":["Exordium"],"potions_floor_usage":[8,13],"damage_taken":[{"damage":0.0,"enemies":"Small Slimes","floor":1.0,"turns":2.0},{"damage":1.0,"enemies":"Cultist","floor":3.0,"turns":3.0},{"damage":1.0,"enemies":"2 Louse","floor":4.0,"turns":2.0},{"damage":40.0,"enemies":"3 Sentries","floor":6.0,"turns":5.0},{"damage":9,"enemies":"Lagavulin","floor":8,"turns":7},{"damage":6,"enemies":"Large Slime","floor":10,"turns":5},{"damage":11,"enemies":"Exordium Thugs","floor":13,"turns":2},{"damage":25,"enemies":"3 Sentries","floor":14,"turns":4},{"damage":0,"enemies":"Slime Boss","floor":16,"turns":3}],"seed_played":"-6574190164393155999","potions_obtained":[{"floor":2.0,"key":"SkillPotion"},{"floor":2.0,"key":"Toxic Potion"},{"floor":6.0,"key":"Reflective Coating"},{"floor":13,"key":"conspire:TimeTravelPotion"}],"is_trial":false,"path_per_floor":["M","?","M","M","$","E","R","E","T","M","?","R","M","E","R","B"],"character_chosen":"IRONCLAD","items_purchased":[],"campfire_rested":0,"item_purchase_floors":[],"current_hp_per_floor":[74,74,75,75,75,41,41,38,38,38,38,38,33,14,14,14,14],"gold":200,"neow_bonus":"RANDOM_COLORLESS","is_daily":false,"chose_seed":false,"campfire_upgraded":3,"win_rate":0.0,"timestamp":1614079546,"path_taken":["M","?","?","?","?","E","R","E","T","M","?","R","M","E","R","BOSS"],"items_purchased_type":[],"build_version":"2020-12-22","purchased_purges":1,"victory":false,"max_hp_per_floor":[75,75,75,75,75,75,75,75,75,75,75,75,75,75,75,75,75],"card_choices":[{"not_picked":["Purity","Impatience"],"picked":"Flash of Steel","floor":0.0},{"not_picked":["Seeing Red","Replay:Undeath\u0027s Touch"],"picked":"Cleave","floor":1.0},{"not_picked":["conspire:ExplosiveBarrier","Blood for Blood"],"picked":"Shrug It Off","floor":3.0},{"not_picked":["True Grit","Cleave"],"picked":"Whirlwind","floor":4.0},{"not_picked":["Twin Strike","Run Through"],"picked":"Evolve","floor":6.0},{"not_picked":["Feel No Pain","Shrug It Off"],"picked":"Infernal Blade","floor":8},{"not_picked":["True Grit","Anger"],"picked":"Thunderclap","floor":10},{"not_picked":["True Grit","Pommel Strike","Havoc"],"picked":"SKIP","floor":13},{"not_picked":["Burning Pact","Twin Strike"],"picked":"Disarm","floor":14}],"player_experience":1283775,"relics_obtained":[{"floor":6.0,"key":"halation:TwoAmDonut"},{"floor":8,"key":"reliquary:IridiumChain"},{"floor":9,"key":"Letter Opener"},{"floor":14,"key":"Replay:Rubber Ducky"}],"event_choices":[{"damage_healed":0.0,"max_hp_gain":0.0,"max_hp_loss":0.0,"gold_gain":0.0,"event_name":"Lab","player_choice":"Got Potions","floor":2.0,"gold_loss":0.0,"damage_taken":0.0},{"damage_healed":0,"gold_gain":0,"player_choice":"Ignored","damage_taken":0,"max_hp_gain":0,"max_hp_loss":0,"event_name":"Liars Game","floor":11,"gold_loss":0}],"is_beta":false,"boss_relics":[],"items_purged_floors":[5],"is_endless":false,"potions_floor_spawned":[4,6,13],"killed_by":"Slime Boss","ascension_level":20}}