{"host":"Oniwa","time":1614085325,"event":{"mods":["BaseMod","Colored Map","Colored Powertips","Minty Spire (QoL Compilation)","Relic Stats","Slay the Relics Exporter","SpireBot","StSLib","ojb\u0027s Better Paths Mod","ojb\u0027s Info Mod"],"gold_per_floor":[112,131,150,150,150,184,184,227,250,265,265,281,14,28,28,124,124,142,21,111,129,149,182,41,41,41,79,79,79,104,128,128,217,217,240,259,259,45,58,97,97,131,131,145,185,518,518,518,518,518,518,518,518,9,40,40],"floor_reached":57,"language":"JPN","playtime":6447,"items_purged":["MasterReality","Judgement","BattleHymn"],"score":3080,"play_id":"518870ec-3f85-494e-ae02-2bcf92dc1ced","local_time":"20210223220205","is_ascension_mode":true,"campfire_choices":[{"data":"MentalFortress","floor":15,"key":"SMITH"},{"data":"Blasphemy","floor":25,"key":"SMITH"},{"floor":29,"key":"DIG"},{"data":"1","floor":32,"key":"LIFT"},{"data":"Apotheosis","floor":41,"key":"SMITH"},{"floor":47,"key":"RECALL"},{"floor":49,"key":"DIG"},{"data":"SpiritShield","floor":53,"key":"SMITH"}],"circlet_count":0,"master_deck":["AscendersBane","Eruption+1","Vigilance","Swivel","Vault","MasterReality","WindmillStrike","InnerPeace","CrushJoints","BowlingBash","SpiritShield+1","FearNoEvil","ThirdEye","Meditate","MentalFortress+1","EmptyFist","Wallop","Scrawl","Protect+1","Crescendo","DeceiveReality","CutThroughFate+1","Blasphemy+1","Adaptation","Apotheosis+1","CutThroughFate","EmptyMind","Scrawl","Halt+1","FlurryOfBlows","Secret Technique","Thinking Ahead","Thinking Ahead","Indignation","Fasting2+1","Wireheading","Meditate","Fasting2"],"relics":["Pandora\u0027s Box","Boot","Bag of Marbles","Ancient Tea Set","Membership Card","Coffee Dripper","OrangePellets","Shovel","Meat on the Bone","Shuriken","Girya","Runic Pyramid","HornCleat","Bottled Lightning","InkBottle","PreservedInsect","Pear","Thread and Needle","Bird Faced Urn","Vajra"],"acts_visited":["Exordium","TheCity","TheBeyond","TheEnding"],"potions_floor_usage":[8,16,16,23,33,50,56,56],"damage_taken":[{"damage":4,"enemies":"Jaw Worm","floor":1,"turns":2},{"damage":0,"enemies":"2 Louse","floor":2,"turns":2},{"damage":0,"enemies":"Small Slimes","floor":3,"turns":3},{"damage":32,"enemies":"Gremlin Nob","floor":6,"turns":5},{"damage":10,"enemies":"Lagavulin","floor":8,"turns":7},{"damage":0,"enemies":"2 Fungi Beasts","floor":10,"turns":2},{"damage":0,"enemies":"3 Louse","floor":12,"turns":2},{"damage":3,"enemies":"Gremlin Gang","floor":14,"turns":3},{"damage":9,"enemies":"The Guardian","floor":16,"turns":12},{"damage":3,"enemies":"2 Thieves","floor":18,"turns":4},{"damage":0,"enemies":"Chosen","floor":21,"turns":4},{"damage":0,"enemies":"Snake Plant","floor":22,"turns":1},{"damage":9,"enemies":"Book of Stabbing","floor":23,"turns":4},{"damage":0,"enemies":"Gremlin Leader","floor":27,"turns":3},{"damage":0,"enemies":"Shelled Parasite and Fungi","floor":30,"turns":7},{"damage":7,"enemies":"Centurion and Healer","floor":31,"turns":5},{"damage":0,"enemies":"Champ","floor":33,"turns":6},{"damage":6,"enemies":"3 Darklings","floor":35,"turns":2},{"damage":1,"enemies":"3 Shapes","floor":36,"turns":6},{"damage":0,"enemies":"3 Darklings","floor":39,"turns":3},{"damage":0,"enemies":"Nemesis","floor":40,"turns":5},{"damage":1,"enemies":"Reptomancer","floor":42,"turns":3},{"damage":0,"enemies":"Spire Growth","floor":44,"turns":5},{"damage":0,"enemies":"Giant Head","floor":45,"turns":6},{"damage":1,"enemies":"Donu and Deca","floor":50,"turns":4},{"damage":26,"enemies":"Awakened One","floor":51,"turns":8},{"damage":0,"enemies":"Shield and Spear","floor":55,"turns":5},{"damage":33,"enemies":"The Heart","floor":56,"turns":8}],"seed_played":"5543950274782825401","potions_obtained":[{"floor":2,"key":"EssenceOfSteel"},{"floor":6,"key":"EssenceOfSteel"},{"floor":12,"key":"SteroidPotion"},{"floor":18,"key":"BottledMiracle"},{"floor":22,"key":"DuplicationPotion"},{"floor":23,"key":"Dexterity Potion"},{"floor":36,"key":"DistilledChaos"}],"is_trial":false,"path_per_floor":["M","M","M","?","?","E","?","E","T","M","?","M","$","M","R","B",null,"M","$","?","M","M","E","$","R","T","E","?","R","M","M","R","B",null,"M","M","?","$","M","E","R","E","T","M","E","?","R","?","R","B","B",null,"R","$","E","B",null],"character_chosen":"WATCHER","items_purchased":["Membership Card","MentalFortress","EmptyFist","OrangePellets","AttackPotion","Crescendo","Adaptation","Apotheosis","Indignation","HornCleat","Thread and Needle","Bird Faced Urn","Meditate","Fasting2","Block Potion"],"campfire_rested":0,"item_purchase_floors":[13,13,13,19,19,19,24,24,38,38,54,54,54,54,54],"current_hp_per_floor":[57,57,57,62,62,30,30,20,20,20,20,20,20,17,17,8,52,49,49,37,37,37,28,28,28,28,40,40,40,40,45,45,45,61,55,54,44,44,44,44,44,43,43,43,43,43,43,43,53,52,38,67,67,67,76,57],"gold":40,"neow_bonus":"BOSS_RELIC","is_daily":false,"chose_seed":false,"campfire_upgraded":4,"win_rate":0.0,"timestamp":1614085325,"path_taken":["M","M","M","?","?","E","?","E","T","M","?","M","$","M","R","BOSS","M","$","?","M","?","E","$","R","T","E","?","R","?","M","R","BOSS","M","M","?","$","M","E","R","E","T","M","E","?","R","?","R","BOSS","BOSS","R","$","E","BOSS"],"items_purchased_type":["Relic","Card","Card","Relic","Potion","Card","Card","Card","Card","Relic","Relic","Relic","Card","Card","Potion"],"build_version":"2020-12-18","purchased_purges":3,"victory":true,"max_hp_per_floor":[68,68,68,73,66,66,66,66,66,66,66,66,66,66,66,66,66,66,66,66,66,66,66,66,66,66,66,66,66,66,66,66,66,66,66,66,66,66,66,66,66,66,66,66,66,66,66,66,76,76,76,76,76,76,76,76],"relic_stats":{"OrangePellets":[15],"Shovel":2,"counters":[28,127],"Shuriken":[39],"Bird Faced Urn":[23],"Pandora\u0027s Box":["Swivel","Vault","MasterReality","MasterReality","Judgement","Judgement","WindmillStrike","InnerPeace"],"PreservedInsect":77,"Boot":[9],"obtain_stats":[{"Girya":29,"Pear":49,"Golden Idol":5,"Vajra":55,"Thread and Needle":54,"PreservedInsect":45,"Boot":6,"Ancient Tea Set":9,"OrangePellets":19,"Shovel":23,"HornCleat":38,"Shuriken":27,"Bird Faced Urn":54,"Pandora\u0027s Box":0,"Bag of Marbles":8,"Coffee Dripper":17,"Membership Card":13,"Bottled Lightning":40,"PureWater":0,"InkBottle":42,"Meat on the Bone":26,"Runic Pyramid":34},{"Girya":14,"Pear":24,"Golden Idol":3,"Vajra":27,"Thread and Needle":26,"PreservedInsect":24,"Boot":4,"Ancient Tea Set":5,"OrangePellets":10,"Shovel":13,"HornCleat":19,"Shuriken":14,"Bird Faced Urn":26,"Pandora\u0027s Box":0,"Bag of Marbles":5,"Coffee Dripper":9,"Membership Card":7,"Bottled Lightning":21,"PureWater":0,"InkBottle":22,"Meat on the Bone":13,"Runic Pyramid":17},{"Girya":54,"Pear":102,"Golden Idol":7,"Vajra":119,"Thread and Needle":114,"PreservedInsect":102,"Boot":12,"Ancient Tea Set":19,"OrangePellets":42,"Shovel":51,"HornCleat":80,"Shuriken":54,"Bird Faced Urn":114,"Pandora\u0027s Box":0,"Bag of Marbles":19,"Coffee Dripper":38,"Membership Card":23,"Bottled Lightning":88,"PureWater":0,"InkBottle":91,"Meat on the Bone":51,"Runic Pyramid":72}],"InkBottle":[25],"Meat on the Bone":36},"card_choices":[{"not_picked":["Protect","Evaluate"],"picked":"CrushJoints","floor":1},{"not_picked":["EmptyFist","Protect"],"picked":"BowlingBash","floor":2},{"not_picked":["Fasting2","PathToVictory"],"picked":"SpiritShield","floor":3},{"not_picked":["Prostrate","CrushJoints"],"picked":"FearNoEvil","floor":6},{"not_picked":["FollowUp","Crescendo"],"picked":"ThirdEye","floor":8},{"not_picked":["DeceiveReality","CutThroughFate"],"picked":"BattleHymn","floor":10},{"not_picked":["ThirdEye","Consecrate"],"picked":"Meditate","floor":12},{"not_picked":["EmptyFist","Perseverance"],"picked":"Wallop","floor":14},{"not_picked":["DeusExMachina","ConjureBlade"],"picked":"Scrawl","floor":16},{"not_picked":["EmptyBody","FollowUp"],"picked":"Protect+1","floor":18},{"not_picked":["FlyingSleeves","Protect"],"picked":"DeceiveReality","floor":21},{"not_picked":["FearNoEvil","ClearTheMind"],"picked":"CutThroughFate+1","floor":22},{"not_picked":["SignatureMove","PathToVictory"],"picked":"Blasphemy","floor":23},{"not_picked":["Brilliance","BattleHymn"],"picked":"CutThroughFate","floor":27},{"not_picked":["Halt","WheelKick"],"picked":"EmptyMind","floor":30},{"not_picked":["DeceiveReality","BowlingBash"],"picked":"FlurryOfBlows","floor":31},{"not_picked":["Judgement","LessonLearned"],"picked":"Scrawl","floor":33},{"not_picked":["Consecrate","FlyingSleeves"],"picked":"Halt+1","floor":35},{"not_picked":["LikeWater","CutThroughFate"],"picked":"FlurryOfBlows","floor":36},{"not_picked":["Discovery","Jack Of All Trades"],"picked":"Secret Technique","floor":37},{"not_picked":["Mind Blast","Jack Of All Trades"],"picked":"Thinking Ahead","floor":37},{"not_picked":["Mind Blast","Finesse"],"picked":"Thinking Ahead","floor":37},{"not_picked":["FollowUp","BowlingBash+1","Worship"],"picked":"SKIP","floor":39},{"not_picked":["Weave","WreathOfFlame","FlyingSleeves+1"],"picked":"SKIP","floor":40},{"not_picked":["Weave","WreathOfFlame","FlyingSleeves+1"],"picked":"SKIP","floor":40},{"not_picked":["PathToVictory","ThirdEye","Indignation"],"picked":"SKIP","floor":42},{"not_picked":["Swivel+1","Wireheading+1"],"picked":"Fasting2+1","floor":44},{"not_picked":["Alpha","CrushJoints+1"],"picked":"Wireheading","floor":45},{"not_picked":["Alpha","CrushJoints+1","CutThroughFate"],"picked":"SKIP","floor":55}],"player_experience":2758592,"relics_obtained":[{"floor":6,"key":"Boot"},{"floor":8,"key":"Bag of Marbles"},{"floor":9,"key":"Ancient Tea Set"},{"floor":23,"key":"Shovel"},{"floor":26,"key":"Meat on the Bone"},{"floor":27,"key":"Shuriken"},{"floor":29,"key":"Girya"},{"floor":40,"key":"Bottled Lightning"},{"floor":42,"key":"InkBottle"},{"floor":45,"key":"PreservedInsect"},{"floor":49,"key":"Pear"},{"floor":55,"key":"Vajra"}],"event_choices":[{"damage_healed":0,"gold_gain":0,"player_choice":"Donut","damage_taken":0,"max_hp_gain":5,"max_hp_loss":0,"event_name":"Big Fish","floor":4,"gold_loss":0},{"damage_healed":0,"gold_gain":0,"player_choice":"Lose Max HP","damage_taken":0,"relics_obtained":["Golden Idol"],"max_hp_gain":0,"max_hp_loss":7,"event_name":"Golden Idol","floor":5,"gold_loss":0},{"damage_healed":0,"gold_gain":0,"player_choice":"Ignored","damage_taken":0,"max_hp_gain":0,"max_hp_loss":0,"event_name":"Liars Game","floor":7,"gold_loss":0},{"damage_healed":0,"gold_gain":0,"player_choice":"Grow","damage_taken":0,"max_hp_gain":0,"max_hp_loss":0,"event_name":"Living Wall","floor":11,"gold_loss":0,"cards_upgraded":["Eruption"]},{"damage_healed":0,"gold_gain":90,"player_choice":"GOLD ","damage_taken":12,"max_hp_gain":0,"max_hp_loss":0,"event_name":"Knowing Skull","floor":20,"potions_obtained":[],"gold_loss":0,"cards_obtained":[]},{"cards_removed":["Judgement"],"damage_healed":0,"gold_gain":0,"player_choice":"Card Removal","damage_taken":0,"max_hp_gain":0,"max_hp_loss":0,"event_name":"Wheel of Change","floor":28,"gold_loss":0},{"damage_healed":0,"gold_gain":0,"player_choice":"Memory 3","damage_taken":10,"max_hp_gain":0,"max_hp_loss":0,"event_name":"SensoryStone","floor":37,"gold_loss":0},{"damage_healed":0,"gold_gain":333,"player_choice":"Gave Idol","damage_taken":0,"max_hp_gain":0,"max_hp_loss":0,"event_name":"The Moai Head","floor":46,"relics_lost":["Golden Idol"],"gold_loss":0},{"cards_removed":["FlurryOfBlows"],"damage_healed":0,"gold_gain":0,"player_choice":"Removed Attack","damage_taken":0,"max_hp_gain":0,"max_hp_loss":0,"event_name":"Falling","floor":48,"gold_loss":0}],"is_beta":true,"boss_relics":[{"not_picked":["Sozu","Runic Dome"],"picked":"Coffee Dripper"},{"not_picked":["Philosopher\u0027s Stone","Velvet Choker"],"picked":"Runic Pyramid"}],"items_purged_floors":[13,38,54],"is_endless":false,"potions_floor_spawned":[2,6,12,18,22,23,36,40,42,44,55],"ascension_level":20}}