{"host":"ekyl8r8j8fco3zlk","time":1614110291,"event":{"mods":["Act Like it!","Arknights","BaseMod","CapriCore","Dota2Spire","Friendly Minions","Gensokyo","GifTheSpireLib","Library of Ruina","Marisa（霧雨　魔理沙）","Minty Spire (QoL Compilation)","READ ME - Guardian Mod","Reimu（博???）","StSLib","The Alterego","The Animator","The Immortal","TheWitcher","Waifu the Spire","WarShipGirlsR/??少女R mod","Yakumo Yukari mod","【?物卡牌】REMEMod"],"gold_per_floor":[118,193,210,229,247,275,275,291,336,346,346,362,362,374,374,476,476,496,515,525,535,552,552,569,569,569,583,613,613,626,653,665,779,1091,1114,1141,1165,1177,1205,1246,1258,1303,1315,555,566,566,67,85,85,85,85,85,17,46,46],"floor_reached":56,"language":"ZHS","playtime":2747,"items_purged":["LightDefense","LightDefense"],"score":1484,"play_id":"4e0583d3-14c1-4d72-80e9-3f1e7db99dd7","local_time":"20210224035811","is_ascension_mode":false,"campfire_choices":[{"data":"FrontalAssault","floor":7.0,"key":"SMITH"},{"data":"Fence","floor":11.0,"key":"SMITH"},{"data":"PreemptiveStrike","floor":13.0,"key":"SMITH"},{"data":"UnforgettableMelody","floor":15,"key":"SMITH"},{"data":"CleanUp","floor":23,"key":"SMITH"},{"data":"Deflect_lor","floor":25,"key":"SMITH"},{"data":"Gamble","floor":29,"key":"SMITH"},{"data":"FocusedStrikes","floor":32,"key":"SMITH"},{"data":"TrashDisposal","floor":41,"key":"SMITH"},{"data":"ChargeAndCover","floor":46,"key":"SMITH"},{"floor":49,"key":"RECALL"},{"data":"REME_FirmDetermination","floor":52,"key":"SMITH"}],"circlet_count":0,"master_deck":["Dodge+1","LightAttack","LightAttack","LightAttack","LightDefense","LightDefense","ChargeAndCover+1","FocusedStrikes+1","Fence+1","FrontalAssault+1","Gamble+1","WillBeTasty","UnforgettableMelody+1","InnerArdor","PreemptiveStrike+1","Deflect_lor+1","NightInTheBackstreets+1","BladeWhirl+1","CleanUp+1","SetFire+1","ForTheFamily+1","EnergyCycle+1","Rewind+1","NonstopAssault","Retaliate+1","TasteMyFlamingBat+1","TrashDisposal+1","CurseOfTheBell","Thrust+1","Riposte","MindPrepared+1","AsThePrescriptOrders","PreparedMind+1","REME_FirmDetermination+1","FlowOfTheSword+1","SharpenedBlade","SparkingSpear+1"],"relics":["PageOfLibrarian","REME_ComplimentaryCards","Mastiff:ReiMu","Bronze Scales","Dota2Spire:Bloodstone","CrazyTorch:ReiMu","MawBank","Calling Bell","Lantern","Dota2Spire:Desolator","Old Coin","FossilizedHelix","Dota2Spire:LinkenSphere","Dota2Spire:OctarineCore","PageOfThreeBirds","PageOfForsakenMurderer","Dota2Spire:HeartOfTarrasque"],"acts_visited":["Exordium","TheCity","TheBeyond","TheEnding"],"potions_floor_usage":[16,28,28,28,28,31,33,33,33,42,42,50,50,50,50,54,55],"damage_taken":[{"damage":0.0,"enemies":"2 Louse","floor":1.0,"turns":4.0},{"damage":10.0,"enemies":"Small Slimes","floor":3.0,"turns":4.0},{"damage":0.0,"enemies":"Cultist","floor":4.0,"turns":3.0},{"damage":6.0,"enemies":"Exordium Thugs","floor":5.0,"turns":5.0},{"damage":37.0,"enemies":"Lagavulin","floor":6.0,"turns":6.0},{"damage":0.0,"enemies":"Looter","floor":8.0,"turns":2.0},{"damage":0.0,"enemies":"Exordium Wildlife","floor":10.0,"turns":2.0},{"damage":0.0,"enemies":"Gremlin Gang","floor":12.0,"turns":4.0},{"damage":0,"enemies":"Exordium Thugs","floor":14,"turns":3},{"damage":0,"enemies":"Slime Boss","floor":16,"turns":4},{"damage":0,"enemies":"3 Byrds","floor":18,"turns":3},{"damage":0,"enemies":"Chosen","floor":19,"turns":3},{"damage":0,"enemies":"Shelled Parasite and Fungi","floor":20,"turns":3},{"damage":16,"enemies":"Snake Plant","floor":21,"turns":2},{"damage":2,"enemies":"Cultist and Chosen","floor":22,"turns":3},{"damage":22,"enemies":"Centurion and Healer","floor":24,"turns":3},{"damage":2,"enemies":"Shelled Parasite and Fungi","floor":27,"turns":4},{"damage":16,"enemies":"Slavers","floor":28,"turns":4},{"damage":2,"enemies":"Snecko","floor":30,"turns":2},{"damage":2,"enemies":"Gremlin Leader","floor":31,"turns":4},{"damage":11,"enemies":"Champ","floor":33,"turns":8},{"damage":0,"enemies":"3 Shapes","floor":35,"turns":4},{"damage":0,"enemies":"Orb Walker","floor":36,"turns":1},{"damage":20,"enemies":"4 Shapes","floor":37,"turns":4},{"damage":5,"enemies":"Writhing Mass","floor":39,"turns":2},{"damage":32,"enemies":"Reptomancer","floor":40,"turns":4},{"damage":8,"enemies":"Giant Head","floor":42,"turns":7},{"damage":14,"enemies":"Jaw Worm Horde","floor":45,"turns":3},{"damage":0,"enemies":"Transient","floor":48,"turns":5},{"damage":26,"enemies":"Time Eater","floor":50,"turns":7},{"damage":30,"enemies":"Shield and Spear","floor":54,"turns":5},{"damage":25,"enemies":"The Heart","floor":55,"turns":7}],"seed_played":"1562469021430205314","potions_obtained":[{"floor":1.0,"key":"FairyPotion"},{"floor":6.0,"key":"Fruit Juice"},{"floor":8.0,"key":"LiquidMemories"},{"floor":10.0,"key":"Strength Potion"},{"floor":14,"key":"Fire Potion"},{"floor":18,"key":"ZuzhouPotion:ReiMu"},{"floor":20,"key":"ZuzhouPotion:ReiMu"},{"floor":24,"key":"EntropicBrew"},{"floor":28,"key":"Fruit Juice"},{"floor":30,"key":"GrandPatriotsElixir:ReiMu"},{"floor":36,"key":"Weak Potion"},{"floor":37,"key":"Ancient Potion"},{"floor":42,"key":"ColorlessPotion"},{"floor":54,"key":"FairyPotion"}],"is_trial":false,"path_per_floor":["M","?","M","M","M","E","R","M","T","M","R","M","R","M","R","B",null,"M","M","M","M","M","R","M","R","T","M","E","R","M","E","R","B",null,"M","M","M","?","M","E","R","E","T","$","M","R","$","M","R","B",null,"R","$","E","B",null],"character_chosen":"Librarian","items_purchased":["Dota2Spire:OctarineCore","PageOfThreeBirds","EntropicBrew","PageOfForsakenMurderer","REME_FirmDetermination","Strength Potion","SharpenedBlade"],"campfire_rested":0,"item_purchase_floors":[44,44,44,47,47,47,53],"current_hp_per_floor":[60,49,39,39,33,23,23,25,25,25,25,27,27,29,29,33,89,89,89,89,73,73,73,53,53,53,53,68,68,68,68,68,77,94,94,94,74,79,74,62,62,60,60,60,46,46,46,52,52,32,101,101,101,82,67],"gold":46,"neow_bonus":"UPGRADE_CARD","is_daily":false,"chose_seed":false,"campfire_upgraded":11,"win_rate":0.0,"timestamp":1614110291,"path_taken":["M","?","M","M","M","E","R","M","T","M","R","M","R","M","R","BOSS","M","M","M","M","M","R","M","R","T","M","E","R","M","E","R","BOSS","M","M","M","?","M","E","R","E","T","?","M","R","$","M","R","BOSS","R","$","E","BOSS"],"items_purchased_type":["Relic","Relic","Potion","Relic","Card","Potion","Card"],"build_version":"2020-12-22","purchased_purges":2,"victory":true,"max_hp_per_floor":[60,60,63,63,63,68,89,89,89,89,89,89,89,89,89,89,89,89,89,89,89,89,89,89,89,89,89,94,94,94,94,94,94,94,94,94,94,94,94,94,94,94,94,94,101,101,101,92,101,101,101,101,101,109,109],"card_choices":[{"not_picked":["SunsetBlade","ElectricShock","Reload"],"picked":"Fence","floor":1.0},{"not_picked":["LawAndOrder","Quickness","RulesOfTheBackstreets"],"picked":"FrontalAssault","floor":3.0},{"not_picked":["FleetEdge","SteelKnuckles","DarkCloud"],"picked":"Gamble","floor":4.0},{"not_picked":["ExtractFuel","UnavoidableGaze","Thrust"],"picked":"WillBeTasty","floor":5.0},{"not_picked":["SnakesPrey","ElectricShock","SunsetBlade"],"picked":"UnforgettableMelody","floor":6.0},{"not_picked":["Thrust","SuppressingShot","Overcharge"],"picked":"InnerArdor","floor":8.0},{"not_picked":["SnakesPrey","Fence","Parry2"],"picked":"PreemptiveStrike","floor":10.0},{"not_picked":["Leap_lor","SunsetBlade","BindingArms"],"picked":"SpearedSweep","floor":12.0},{"not_picked":["SuppressingShot","StructuralAnalysis","Rewind","WaitUp"],"picked":"SKIP","floor":14},{"not_picked":["WillProduceFineSilk","RipSpace"],"picked":"Deflect_lor","floor":16},{"not_picked":["Parry","GuardingStance","Parry2"],"picked":"NightInTheBackstreets+1","floor":18},{"not_picked":["EnergyCycle+1","ShockRound+1","SunsetBlade"],"picked":"BladeWhirl+1","floor":19},{"not_picked":["Rewind+1","StructuralAnalysis","SpearedSweep+1"],"picked":"CleanUp","floor":20},{"not_picked":["GuardingStance","StructuralAnalysis","YoureAHindrance"],"picked":"SetFire+1","floor":21},{"not_picked":["Rewind","FrontalAssault","ViolentFlame"],"picked":"ForTheFamily+1","floor":22},{"not_picked":["Leap_lor","NightInTheBackstreets","Quickness"],"picked":"EnergyCycle+1","floor":24},{"not_picked":["Reload","HandlingWork","SummaryJudgment+1"],"picked":"Rewind+1","floor":27},{"not_picked":["PreparedMind","Wallop_lor","GuardingStance+1"],"picked":"NonstopAssault","floor":28},{"not_picked":["HandlingWork","StructuralAnalysis","CleanUp"],"picked":"Retaliate+1","floor":30},{"not_picked":["Retaliate","Parry","GuardingStance"],"picked":"TasteMyFlamingBat+1","floor":31},{"not_picked":["RipSpace","ChargeUp"],"picked":"TrashDisposal","floor":33},{"not_picked":["EnergyCycle","UnavoidableGaze","FleetFootsteps","NightInTheBackstreets+1"],"picked":"SKIP","floor":35},{"not_picked":["FleetFootsteps+1","SilentMist","ForTheFamily+1"],"picked":"Thrust+1","floor":36},{"not_picked":["TrashDisposal","RushDown","Quickness"],"picked":"Riposte","floor":37},{"not_picked":["FrontalAssault+1","Gamble","StructuralAnalysis"],"picked":"MindPrepared+1","floor":39},{"not_picked":["FleetEdge","ChargeUp","HandlingWork"],"picked":"AsThePrescriptOrders","floor":40},{"not_picked":["SpearedSweep+1","Wallop_lor+1","ViolentFlame+1"],"picked":"PreparedMind+1","floor":42},{"not_picked":["PreemptiveStrike","EnergyCycle+1","UnavoidableGaze","WillProduceFineSilk"],"picked":"SKIP","floor":45},{"not_picked":["WaitUp+1","NightInTheBackstreets+1","Retaliate+1"],"picked":"FlowOfTheSword+1","floor":48},{"not_picked":["PreemptiveStrike+1","InnerArdor+1","Rewind"],"picked":"SparkingSpear+1","floor":54}],"player_experience":718961,"relics_obtained":[{"floor":6.0,"key":"Mastiff:ReiMu"},{"floor":9.0,"key":"Bronze Scales"},{"floor":28,"key":"CrazyTorch:ReiMu"},{"floor":31,"key":"MawBank"},{"floor":34,"key":"Lantern"},{"floor":34,"key":"Dota2Spire:Desolator"},{"floor":34,"key":"Old Coin"},{"floor":40,"key":"FossilizedHelix"},{"floor":43,"key":"Dota2Spire:LinkenSphere"},{"floor":54,"key":"Dota2Spire:HeartOfTarrasque"}],"event_choices":[{"damage_healed":0.0,"max_hp_gain":0.0,"max_hp_loss":0.0,"gold_gain":75.0,"event_name":"World of Goop","player_choice":"Gather Gold","floor":2.0,"gold_loss":0.0,"damage_taken":11.0},{"cards_removed":["SpearedSweep"],"damage_healed":5,"gold_gain":0,"player_choice":"Offered Common","damage_taken":0,"max_hp_gain":0,"max_hp_loss":0,"event_name":"Bonfire Elementals","floor":38,"gold_loss":0},{"cards_removed":["SpearedSweep"],"damage_healed":5,"gold_gain":0,"player_choice":"Offered Special","damage_taken":0,"max_hp_gain":0,"max_hp_loss":0,"event_name":"Bonfire Elementals","floor":38,"gold_loss":0}],"is_beta":false,"boss_relics":[{"not_picked":["Fusion Hammer","Black Star"],"picked":"Dota2Spire:Bloodstone"},{"not_picked":["Pandora\u0027s Box","REME_DemonsWealth"],"picked":"Calling Bell"}],"items_purged_floors":[44,47],"is_endless":false,"potions_floor_spawned":[1,6,8,10,14,18,20,24,28,30,36,37,42,48,54],"ascension_level":0}}