{"host":"kda2p2afd6bvz6qo","time":1614108562,"event":{"mods":["BaseMod","Colored Map","Minty Spire (QoL Compilation)","Relic Stats"],"gold_per_floor":[118,193,206,221,234,234,269,281,316,328,353,365,377,414,426,536,548,577,589,625,637,53,87,87,113,113,113,127,127,158,73,73,73,73],"floor_reached":33,"language":"ENG","playtime":1363,"items_purged":["Strike_R"],"score":526,"play_id":"cbaaad78-cfbe-4e09-b6e8-ac755eb739ac","local_time":"20210223192922","is_ascension_mode":true,"campfire_choices":[{"data":"Whirlwind","floor":6.0,"key":"SMITH"},{"data":"Searing Blow","floor":8.0,"key":"SMITH"},{"data":"Searing Blow+1","floor":13.0,"key":"SMITH"},{"data":"Searing Blow+2","floor":15.0,"key":"SMITH"},{"floor":24,"key":"REST"},{"data":"Searing Blow+3","floor":27,"key":"SMITH"},{"data":"Searing Blow+4","floor":29,"key":"SMITH"},{"data":"Juggernaut","floor":32,"key":"SMITH"}],"circlet_count":0,"master_deck":["AscendersBane","Strike_R","Strike_R","Strike_R","Strike_R","Defend_R","Defend_R","Defend_R","Defend_R+1","Bash","Second Wind+1","Searing Blow+5","Whirlwind+1","Juggernaut+1","Demon Form","Sword Boomerang+1","Double Tap","Shrug It Off","Enlightenment","Heavy Blade","Flame Barrier","Shrug It Off","Metallicize+1"],"relics":["Velvet Choker","MawBank","Toy Ornithopter","War Paint","Mark of Pain","Pear","Juzu Bracelet","HandDrill","Vajra","Bag of Marbles","Bottled Flame","Orichalcum","MealTicket"],"acts_visited":["Exordium","TheCity"],"potions_floor_usage":[23,25,30,33],"damage_taken":[{"damage":3.0,"enemies":"Small Slimes","floor":1.0,"turns":3.0},{"damage":2.0,"enemies":"Jaw Worm","floor":3.0,"turns":3.0},{"damage":5.0,"enemies":"2 Louse","floor":4.0,"turns":3.0},{"damage":24.0,"enemies":"Exordium Thugs","floor":5.0,"turns":4.0},{"damage":0.0,"enemies":"3 Sentries","floor":7.0,"turns":3.0},{"damage":0.0,"enemies":"3 Louse","floor":11.0,"turns":1.0},{"damage":16.0,"enemies":"Gremlin Nob","floor":14.0,"turns":3.0},{"damage":34.0,"enemies":"The Guardian","floor":16.0,"turns":11.0},{"damage":21.0,"enemies":"Shell Parasite","floor":18.0,"turns":4.0},{"damage":17,"enemies":"Gremlin Leader","floor":23,"turns":6},{"damage":7,"enemies":"Slavers","floor":25,"turns":2},{"damage":0,"enemies":"3 Byrds","floor":28,"turns":1},{"damage":33,"enemies":"Gremlin Leader","floor":30,"turns":5},{"damage":45,"enemies":"Collector","floor":33,"turns":3}],"seed_played":"-7447136134549347561","potions_obtained":[{"floor":1.0,"key":"EntropicBrew"},{"floor":4.0,"key":"PowerPotion"},{"floor":5.0,"key":"SkillPotion"},{"floor":14.0,"key":"Swift Potion"},{"floor":18.0,"key":"DuplicationPotion"},{"floor":23,"key":"Strength Potion"},{"floor":25,"key":"Regen Potion"}],"is_trial":false,"path_per_floor":["M","?","M","M","M","R","E","R","T","?","M","?","R","E","R","B",null,"M","?","T","?","$","E","R","E","T","R","M","R","E","?","R","B"],"character_chosen":"IRONCLAD","items_purchased":["HandDrill","Double Tap","Shrug It Off","Enlightenment","Strength Potion","PowerPotion"],"campfire_rested":1,"item_purchase_floors":[22,22,22,22,22,22],"current_hp_per_floor":[69,58,56,51,27,27,27,27,27,24,24,24,24,13,13,4,61,40,50,50,32,32,20,48,46,46,46,46,46,32,32,32,0,0],"gold":73,"neow_bonus":"BOSS_RELIC","is_daily":false,"chose_seed":false,"campfire_upgraded":7,"win_rate":0.0,"timestamp":1614108562,"path_taken":["M","?","M","M","M","R","E","R","T","?","M","?","R","E","R","BOSS","M","?","?","?","?","E","R","E","T","R","M","R","E","?","R","BOSS"],"items_purchased_type":["Relic","Card","Card","Card","Potion","Potion"],"build_version":"2020-12-22","purchased_purges":1,"victory":false,"max_hp_per_floor":[80,80,80,80,80,80,80,80,80,80,80,80,80,80,80,80,80,80,90,90,95,95,95,95,95,95,95,95,95,95,95,95,95,95],"relic_stats":{"counters":[14,52],"MealTicket":0,"Juzu Bracelet":1,"HandDrill":[2],"War Paint":["Defend_R","Second Wind"],"Orichalcum":[6],"MawBank":180,"obtain_stats":[{"Pear":19,"Velvet Choker":0,"Vajra":23,"Juzu Bracelet":20,"War Paint":14,"Orichalcum":30,"MawBank":7,"Burning Blood":0,"Bottled Flame":26,"MealTicket":31,"Mark of Pain":17,"HandDrill":22,"Bag of Marbles":25,"Toy Ornithopter":10},{"Pear":9,"Velvet Choker":0,"Vajra":10,"Juzu Bracelet":9,"War Paint":7,"Orichalcum":13,"MawBank":5,"Burning Blood":0,"Bottled Flame":11,"MealTicket":13,"Mark of Pain":8,"HandDrill":9,"Bag of Marbles":11,"Toy Ornithopter":5},{"Pear":35,"Velvet Choker":0,"Vajra":41,"Juzu Bracelet":35,"War Paint":20,"Orichalcum":49,"MawBank":16,"Burning Blood":0,"Bottled Flame":43,"MealTicket":49,"Mark of Pain":31,"HandDrill":35,"Bag of Marbles":43,"Toy Ornithopter":16}],"Toy Ornithopter":50},"card_choices":[{"not_picked":["Clash","Havoc"],"picked":"Second Wind","floor":1.0},{"not_picked":["Spot Weakness","Rupture"],"picked":"Searing Blow","floor":3.0},{"not_picked":["Pommel Strike","Warcry"],"picked":"Whirlwind","floor":4.0},{"not_picked":["Heavy Blade","Warcry","Sword Boomerang"],"picked":"SKIP","floor":5.0},{"not_picked":["Anger","Twin Strike","Wild Strike"],"picked":"SKIP","floor":7.0},{"not_picked":["Heavy Blade","Sword Boomerang","Cleave"],"picked":"SKIP","floor":11.0},{"not_picked":["Spot Weakness","Sword Boomerang"],"picked":"Juggernaut","floor":14.0},{"not_picked":["Brutality","Feed"],"picked":"Demon Form","floor":16.0},{"not_picked":["Seeing Red","Headbutt"],"picked":"Sword Boomerang+1","floor":18.0},{"not_picked":["Cleave","Sword Boomerang"],"picked":"Heavy Blade","floor":23},{"not_picked":["Uppercut+1","Sever Soul+1"],"picked":"Flame Barrier","floor":25},{"not_picked":["Second Wind","Blood for Blood"],"picked":"Shrug It Off","floor":28},{"not_picked":["Fire Breathing+1","Twin Strike"],"picked":"Metallicize+1","floor":30}],"player_experience":302701,"relics_obtained":[{"floor":7.0,"key":"MawBank"},{"floor":14.0,"key":"War Paint"},{"floor":20.0,"key":"Juzu Bracelet"},{"floor":23,"key":"Vajra"},{"floor":25,"key":"Bag of Marbles"},{"floor":26,"key":"Bottled Flame"},{"floor":30,"key":"Orichalcum"}],"event_choices":[{"damage_healed":0.0,"max_hp_gain":0.0,"max_hp_loss":0.0,"gold_gain":75.0,"event_name":"World of Goop","player_choice":"Gather Gold","floor":2.0,"gold_loss":0.0,"damage_taken":11.0},{"damage_healed":0.0,"max_hp_gain":0.0,"max_hp_loss":0.0,"gold_gain":0.0,"event_name":"Scrap Ooze","player_choice":"Success","floor":10.0,"gold_loss":0.0,"damage_taken":3.0,"relics_obtained":["Toy Ornithopter"]},{"damage_healed":0.0,"max_hp_gain":0.0,"max_hp_loss":0.0,"gold_gain":0.0,"event_name":"Liars Game","player_choice":"Ignored","floor":12.0,"gold_loss":0.0,"damage_taken":0.0},{"damage_healed":0.0,"max_hp_gain":0.0,"max_hp_loss":0.0,"gold_gain":0.0,"event_name":"The Mausoleum","player_choice":"Opened","floor":19.0,"gold_loss":0.0,"damage_taken":0.0,"relics_obtained":["Pear"]},{"damage_healed":0.0,"max_hp_gain":5.0,"max_hp_loss":0.0,"gold_gain":0.0,"event_name":"Forgotten Altar","player_choice":"Shed Blood","floor":21.0,"gold_loss":0.0,"damage_taken":23.0},{"damage_healed":0,"gold_gain":0,"player_choice":"Obtained Relic","damage_taken":0,"relics_obtained":["MealTicket"],"max_hp_gain":0,"max_hp_loss":0,"event_name":"Addict","floor":31,"gold_loss":85}],"is_beta":false,"boss_relics":[{"not_picked":["Tiny House","Coffee Dripper"],"picked":"Mark of Pain"}],"items_purged_floors":[22],"is_endless":false,"potions_floor_spawned":[1,4,5,14,18,23,25],"killed_by":"Collector","ascension_level":10}}