{"host":"j2lclbvdfoh0nnbr","time":1614086765,"event":{"mods":["ATMod(∞¢Ë™Mod)","Aspiration","BaseMod","Downfall","Library of Ruina","Lobotomy","LobotomyExtend","Minty Spire (QoL Compilation)","Reimu£®≤©¿ˆ¡È√Œ£©","Replay The Spire","StSLib","The Animator","The Bug Knight","Waifu the Spire"],"gold_per_floor":[120,120,45,56,56,56,67,67,117,127,137,204,230,280,280,384,434,444,494,287,299,316,316,348,418,443,493,543,604,619,556,556,556,556],"floor_reached":33,"language":"ZHS","playtime":1367,"items_purged":["LightAttack","LightDefense","LightAttack"],"score":294,"play_id":"e45939eb-a78b-4f5f-81a4-f92322429a2f","local_time":"20210223212605","is_ascension_mode":false,"campfire_choices":[{"data":"FendThisOffIfYouCan","floor":6.0,"key":"SMITH"},{"data":"ScatteringSlash","floor":8.0,"key":"SMITH"},{"data":"DarkCloud","floor":15.0,"key":"SMITH"},{"data":"SharpenedBlade","floor":23,"key":"SMITH"},{"floor":32,"key":"REST"}],"circlet_count":0,"master_deck":["Dodge","LightDefense","LightDefense","ChargeAndCover","FocusedStrikes","FendThisOffIfYouCan+1","ScatteringSlash+1","DarkCloud+1","Rampage_lor+1","Punishment","SharpenedBlade+1","SnakesPrey","WillBeTasty","EnergyShield","HeavyPeaks","Shame"],"relics":["PageOfLibrarian","AT_ATBox","aspiration:Nostalgia","m_GuardianBlood","LetterFromLob","SsserpentHead","Blue Doll","Quantum Egg","Nloth\u0027s Gift","Membership Card","PageOfApocalypseBird","Boot","AT_Manta","Prayer Wheel"],"acts_visited":["Exordium","TheCity"],"potions_floor_usage":[22,29,33,33],"damage_taken":[{"damage":4.0,"enemies":"Cultist","floor":1.0,"turns":3.0},{"damage":0.0,"enemies":"Small Slimes","floor":4.0,"turns":3.0},{"damage":1.0,"enemies":"Jaw Worm","floor":7.0,"turns":4.0},{"damage":2.0,"enemies":"Blue Slaver","floor":10.0,"turns":3.0},{"damage":4.0,"enemies":"Lots of Slimes","floor":11.0,"turns":6.0},{"damage":3.0,"enemies":"2 Fungi Beasts","floor":12.0,"turns":4.0},{"damage":12.0,"enemies":"Replay:BlueRogue","floor":13.0,"turns":6.0},{"damage":22.0,"enemies":"Slime Boss","floor":16.0,"turns":8.0},{"damage":29.0,"enemies":"Shell Parasite","floor":18.0,"turns":5.0},{"damage":8.0,"enemies":"Spheric Guardian","floor":21.0,"turns":4.0},{"damage":16,"enemies":"Cultist and Chosen","floor":22,"turns":6},{"damage":14,"enemies":"Replay:Snechameleon","floor":24,"turns":8},{"damage":6,"enemies":"Snecko","floor":25,"turns":4},{"damage":17,"enemies":"Centurion and Healer","floor":29,"turns":7},{"damage":27,"enemies":"Snake Plant","floor":30,"turns":5},{"damage":38,"enemies":"Pondfish","floor":33,"turns":4}],"seed_played":"4321760258182130208","potions_obtained":[{"floor":4.0,"key":"GrandPatriotsElixir:ReiMu"},{"floor":16.0,"key":"Block Potion"},{"floor":17.0,"key":"Dexterity Potion"},{"floor":24,"key":"AttackPotion"},{"floor":29,"key":"ColorlessPotion"}],"is_trial":false,"path_per_floor":["M","?","$","M","?","R","M","R","T","M","M","M","E","?","R","B",null,"M","?","$","M","M","R","E","M","T","?","?","M","M","$","R","B"],"character_chosen":"Librarian","items_purchased":["Membership Card"],"campfire_rested":1,"item_purchase_floors":[20],"current_hp_per_floor":[60,60,60,66,66,66,70,70,70,70,70,70,64,69,69,53,80,57,57,57,55,45,45,37,39,39,39,39,32,11,11,35,0,0],"gold":556,"neow_bonus":"NOSTALGIA","is_daily":false,"chose_seed":false,"campfire_upgraded":4,"win_rate":0.0,"timestamp":1614086765,"path_taken":["M","?","?","M","?","R","M","R","T","M","M","?","E","?","R","BOSS","M","?","$","M","M","R","E","?","T","?","?","?","M","$","R","BOSS"],"items_purchased_type":["Relic"],"build_version":"2020-12-22","purchased_purges":3,"victory":false,"max_hp_per_floor":[70,70,70,70,70,70,70,70,70,70,70,70,70,75,75,75,80,80,80,80,80,80,80,80,80,80,80,80,80,80,80,80,80,80],"card_choices":[{"not_picked":["EnergyShield","BayonetCombat","UpbeatPerformance"],"picked":"FendThisOffIfYouCan","floor":1.0},{"not_picked":["WrathOfTorment","FierceCharge","UnavoidableGaze"],"picked":"ScatteringSlash","floor":4.0},{"not_picked":["Guardian:Gem_Red","SuppressingShot","FendThisOffIfYouCan","BackAttack"],"picked":"SKIP","floor":7.0},{"not_picked":["Standoff","SpearedSweep","IronWall"],"picked":"DarkCloud","floor":10.0},{"not_picked":["Guardian:Gem_Red","Demon Form","Laceration","Twin Strike"],"picked":"SKIP","floor":11.0},{"not_picked":["Thunderclap","ReadyUp","Parry2","HighKick"],"picked":"SKIP","floor":12.0},{"not_picked":["Reload","HighKick","DarkCloud"],"picked":"Rampage_lor","floor":13.0},{"not_picked":["TieShanKao","Limit Break"],"picked":"Punishment","floor":16.0},{"not_picked":["StructuralAnalysis","HandleRequest","Outburst","UpbeatPerformance+1"],"picked":"SKIP","floor":18.0},{"not_picked":["ShrineToMusic","FaintMemories+1","ViolentFlame"],"picked":"SharpenedBlade","floor":21.0},{"not_picked":["FierceCharge","Observe","Thunderclap"],"picked":"SnakesPrey","floor":22},{"not_picked":["Entrench","Reaper","GuardingStance+1"],"picked":"WillBeTasty","floor":24},{"not_picked":["Flex+1","GaleKick+1","ForTheFamily","Standoff"],"picked":"SKIP","floor":25},{"not_picked":["AsThePrescriptOrders","HandleRequest","FlashOfSunup+1","DarkCloud"],"picked":"SKIP","floor":29},{"not_picked":["Twin Strike","FaintMemories","Guardian:WalkerClaw","SuppressingShot"],"picked":"SKIP","floor":30}],"player_experience":352232,"relics_obtained":[{"floor":1.0,"key":"LetterFromLob"},{"floor":9.0,"key":"Blue Doll"},{"floor":13.0,"key":"Quantum Egg"},{"floor":24,"key":"PageOfApocalypseBird"},{"floor":26,"key":"Boot"}],"event_choices":[{"damage_healed":0.0,"max_hp_gain":0.0,"max_hp_loss":0.0,"gold_gain":0.0,"event_name":"Match and Keep!","player_choice":"0 cards matched","floor":2.0,"gold_loss":0.0,"damage_taken":0.0,"cards_obtained":[]},{"damage_healed":0.0,"max_hp_gain":0.0,"max_hp_loss":0.0,"gold_gain":0.0,"event_name":"FaceTrader","player_choice":"Trade","floor":5.0,"gold_loss":0.0,"damage_taken":0.0,"relics_obtained":["SsserpentHead"]},{"damage_healed":0.0,"max_hp_gain":5.0,"max_hp_loss":0.0,"gold_gain":0.0,"event_name":"Big Fish","player_choice":"Donut","floor":14.0,"gold_loss":0.0,"damage_taken":0.0},{"damage_healed":0.0,"max_hp_gain":0.0,"max_hp_loss":0.0,"gold_gain":0.0,"event_name":"N\u0027loth","player_choice":"Traded Relic","floor":19.0,"relics_lost":["Tiny House"],"gold_loss":0.0,"damage_taken":0.0,"relics_obtained":["Nloth\u0027s Gift"]},{"damage_healed":0,"gold_gain":0,"cards_transformed":["LightAttack","LightDefense"],"player_choice":"Became Test Subject","damage_taken":0,"max_hp_gain":0,"max_hp_loss":0,"event_name":"Drug Dealer","floor":27,"gold_loss":0,"cards_obtained":["EnergyShield","HeavyPeaks"]}],"is_beta":false,"boss_relics":[{"not_picked":["Painkiller Herb","Replay:Drink Me"],"picked":"Tiny House"}],"items_purged_floors":[3,20,31],"is_endless":false,"potions_floor_spawned":[4,16,21,24,29],"killed_by":"Pondfish","ascension_level":0}}