{"host":"4bjf3jtd8i13astb","time":1614121648,"event":{"mods":["AchievementEnabler","BaseMod","Colored Map","Colored Powertips","Highlight Path","Minty Spire (QoL Compilation)","StSLib"],"gold_per_floor":[110,110,129,145,0,0,0,13,13,33,33,33],"floor_reached":11,"language":"ENG","playtime":236,"items_purged":["Defend_B"],"score":107,"play_id":"17d517a6-8b6e-474f-b377-72b6606c280f","local_time":"20210223180728","is_ascension_mode":true,"campfire_choices":[{"data":"Zap","floor":6,"key":"SMITH"}],"circlet_count":0,"master_deck":["AscendersBane","Strike_B","Strike_B","Defend_B","Defend_B","Defend_B","Zap+1","Dualcast","Sunder","Static Discharge","Cold Snap","Loop","Loop","Cold Snap","Gash"],"relics":["Cracked Core","Pocketwatch"],"acts_visited":["Exordium"],"potions_floor_usage":[11,11],"damage_taken":[{"damage":7,"enemies":"Jaw Worm","floor":1,"turns":2},{"damage":1,"enemies":"Cultist","floor":3,"turns":3},{"damage":18,"enemies":"Small Slimes","floor":4,"turns":2},{"damage":21,"enemies":"Exordium Thugs","floor":8,"turns":4},{"damage":0,"enemies":"Large Slime","floor":10,"turns":3},{"damage":6,"enemies":"3 Sentries","floor":11,"turns":2}],"seed_played":"-7408934825876016828","potions_obtained":[{"floor":1,"key":"SpeedPotion"},{"floor":10,"key":"Strength Potion"}],"is_trial":false,"path_per_floor":["M","?","M","M","$","R","$","M","T","M","E"],"character_chosen":"DEFECT","items_purchased":["Loop"],"campfire_rested":0,"item_purchase_floors":[5],"current_hp_per_floor":[43,43,42,24,24,24,24,3,3,3,0,0],"gold":33,"neow_bonus":"TRANSFORM_TWO_CARDS","is_daily":false,"chose_seed":false,"campfire_upgraded":1,"win_rate":0.0,"timestamp":1614121648,"path_taken":["M","?","M","M","$","R","?","M","T","?","E"],"items_purchased_type":["Card"],"build_version":"2020-12-22","purchased_purges":1,"victory":false,"max_hp_per_floor":[75,75,75,75,75,75,75,75,75,75,75,75],"card_choices":[{"not_picked":["Aggregate","Leap"],"picked":"Cold Snap","floor":1},{"not_picked":["Streamline","FTL","Lockon"],"picked":"SKIP","floor":3},{"not_picked":["Rebound","Rip and Tear"],"picked":"Loop","floor":4},{"not_picked":["Hologram","Barrage"],"picked":"Cold Snap","floor":8},{"not_picked":["BootSequence","Compile Driver"],"picked":"Gash","floor":10}],"player_experience":1225423,"relics_obtained":[{"floor":9,"key":"Pocketwatch"}],"event_choices":[{"damage_healed":0,"gold_gain":0,"player_choice":"Bought 0 Potions","damage_taken":0,"max_hp_gain":0,"max_hp_loss":0,"event_name":"The Woman in Blue","floor":2,"gold_loss":0}],"is_beta":false,"boss_relics":[],"items_purged_floors":[5],"is_endless":false,"potions_floor_spawned":[1,10],"killed_by":"3 Sentries","ascension_level":13}}