{"host":"8vqkh0x3c7vpgzzm","time":1614098980,"event":{"mods":["AchievementEnabler","BaseMod","Colored Map","Colored Powertips","Curses Come First","DeckTracker","Highlight Path","Minty Spire (QoL Compilation)","Permanent Neow","Quick Restart","Random Character Mod","Rare Cards Sparkle","Relic Sorter","Relic Stats","StSLib","SuperFastMode","Unceasing Turn Reminder","egg","everything is the same but u backflip on backflip"],"gold_per_floor":[117,128,147,97,115,115,142,142,142,169,29,29,29,29,29,125,125,138,138,63,80,93,93,123,123,146,146,176,9,58,77,77,77,77],"floor_reached":33,"language":"ENG","playtime":1296,"items_purged":["Strike_B","Defend_B"],"score":437,"play_id":"8eb236af-879e-4be0-be8e-11e975a3890f","local_time":"20210223174940","is_ascension_mode":true,"campfire_choices":[{"data":"Zap","floor":6,"key":"SMITH"},{"data":"Gash","floor":8,"key":"SMITH"},{"data":"Gash","floor":13,"key":"SMITH"},{"data":"Coolheaded","floor":15,"key":"SMITH"},{"data":"Hologram","floor":23,"key":"SMITH"},{"data":"Hologram","floor":25,"key":"SMITH"},{"floor":27,"key":"REST"},{"data":"Trip","floor":32,"key":"SMITH"}],"circlet_count":0,"master_deck":["AscendersBane","Strike_B","Defend_B","Defend_B","Zap+1","Dualcast","Ball Lightning","BootSequence","Gash+1","Glacier","Coolheaded+1","Sweeping Beam","Gash+1","Trip+1","Reboot","Reboot","Consume+1","Hologram+1","Hologram+1","Steam","All For One","Defragment"],"relics":["Cracked Core","WingedGreaves","Bottled Flame","White Beast Statue","Omamori","Tiny Chest","Empty Cage","Oddly Smooth Stone","Anchor","Juzu Bracelet","Lantern"],"acts_visited":["Exordium","TheCity"],"potions_floor_usage":[7,10,22,24,33,33],"damage_taken":[{"damage":0,"enemies":"2 Louse","floor":1,"turns":2},{"damage":8,"enemies":"Jaw Worm","floor":2,"turns":4},{"damage":1,"enemies":"Cultist","floor":3,"turns":4},{"damage":0,"enemies":"Blue Slaver","floor":5,"turns":3},{"damage":5,"enemies":"Lagavulin","floor":7,"turns":8},{"damage":8,"enemies":"Gremlin Nob","floor":10,"turns":3},{"damage":26,"enemies":"Hexaghost","floor":16,"turns":11},{"damage":4,"enemies":"Shell Parasite","floor":18,"turns":5},{"damage":0,"enemies":"3 Byrds","floor":21,"turns":3},{"damage":3,"enemies":"Snake Plant","floor":22,"turns":4},{"damage":22,"enemies":"Gremlin Leader","floor":24,"turns":5},{"damage":11,"enemies":"Book of Stabbing","floor":28,"turns":5},{"damage":0,"enemies":"3 Cultists","floor":31,"turns":3},{"damage":34,"enemies":"Collector","floor":33,"turns":5}],"seed_played":"-6901435493497538956","potions_obtained":[{"floor":3,"key":"FearPotion"},{"floor":5,"key":"BlessingOfTheForge"},{"floor":10,"key":"SteroidPotion"},{"floor":16,"key":"Dexterity Potion"},{"floor":18,"key":"DistilledChaos"},{"floor":22,"key":"ColorlessPotion"},{"floor":24,"key":"Energy Potion"},{"floor":31,"key":"PowerPotion"}],"is_trial":false,"path_per_floor":["M","M","M","?","M","R","E","R","T","E","$","?","R","$","R","B",null,"M","?","$","M","M","R","E","R","T","R","E","$","T","M","R","B"],"character_chosen":"DEFECT","items_purchased":["Gash","Trip","All For One"],"campfire_rested":1,"item_purchase_floors":[11,11,29],"current_hp_per_floor":[68,60,59,59,59,59,54,54,54,46,46,34,34,34,34,8,53,49,49,49,49,46,46,24,24,24,44,33,33,33,33,33,0,0],"gold":77,"neow_bonus":"ONE_RARE_RELIC","is_daily":false,"chose_seed":false,"campfire_upgraded":7,"win_rate":0.0,"timestamp":1614098980,"path_taken":["M","M","M","?","M","R","E","R","T","E","$","?","R","?","R","BOSS","M","?","?","M","M","R","E","R","T","R","E","$","?","M","R","BOSS"],"items_purchased_type":["Card","Card","Card"],"build_version":"2020-12-22","purchased_purges":2,"victory":false,"max_hp_per_floor":[68,68,68,68,68,68,68,68,68,68,68,68,68,68,68,68,68,68,68,68,68,68,68,68,68,68,68,68,68,68,68,68,68,68],"relic_stats":{"counters":[14,65],"Tiny Chest":1,"Juzu Bracelet":0,"obtain_stats":[{"Bottled Flame":7,"Anchor":26,"Lantern":30,"Oddly Smooth Stone":24,"Tiny Chest":12,"WingedGreaves":0,"Omamori":10,"Juzu Bracelet":28,"Cracked Core":0,"Empty Cage":17,"White Beast Statue":9},{"Bottled Flame":5,"Anchor":11,"Lantern":12,"Oddly Smooth Stone":11,"Tiny Chest":6,"WingedGreaves":0,"Omamori":6,"Juzu Bracelet":12,"Cracked Core":0,"Empty Cage":7,"White Beast Statue":5},{"Bottled Flame":21,"Anchor":52,"Lantern":57,"Oddly Smooth Stone":52,"Tiny Chest":24,"WingedGreaves":0,"Omamori":24,"Juzu Bracelet":57,"Cracked Core":0,"Empty Cage":35,"White Beast Statue":21}]},"card_choices":[{"not_picked":["Auto Shields","Turbo"],"picked":"Ball Lightning","floor":1},{"not_picked":["Heatsinks","Undo"],"picked":"BootSequence","floor":2},{"not_picked":["BootSequence","Static Discharge"],"picked":"Gash","floor":3},{"not_picked":["Stack","Heatsinks"],"picked":"Glacier","floor":5},{"not_picked":["Double Energy","Aggregate"],"picked":"Coolheaded","floor":7},{"not_picked":["Force Field","Go for the Eyes"],"picked":"Sweeping Beam","floor":10},{"not_picked":["Machine Learning","Meteor Strike"],"picked":"Reboot","floor":16},{"not_picked":["Coolheaded","Streamline","Auto Shields"],"picked":"SKIP","floor":18},{"not_picked":["Storm+1","Turbo"],"picked":"Consume+1","floor":21},{"not_picked":["Sunder","Sweeping Beam+1"],"picked":"Hologram","floor":22},{"not_picked":["Redo","Biased Cognition"],"picked":"Hologram","floor":24},{"not_picked":["Loop","Stack"],"picked":"Steam","floor":28},{"not_picked":["Streamline+1","Undo"],"picked":"Defragment","floor":31}],"player_experience":627740,"relics_obtained":[{"floor":7,"key":"Bottled Flame"},{"floor":9,"key":"White Beast Statue"},{"floor":10,"key":"Omamori"},{"floor":24,"key":"Oddly Smooth Stone"},{"floor":26,"key":"Anchor"},{"floor":28,"key":"Juzu Bracelet"},{"floor":30,"key":"Lantern"}],"event_choices":[{"cards_removed":["Strike_B"],"damage_healed":0,"gold_gain":0,"player_choice":"Card Removal","damage_taken":0,"max_hp_gain":0,"max_hp_loss":0,"event_name":"The Cleric","floor":4,"gold_loss":50},{"damage_healed":0,"gold_gain":0,"player_choice":"Success","damage_taken":12,"relics_obtained":["Tiny Chest"],"max_hp_gain":0,"max_hp_loss":0,"event_name":"Scrap Ooze","floor":12,"gold_loss":0},{"damage_healed":0,"gold_gain":0,"player_choice":"Copied","damage_taken":0,"max_hp_gain":0,"max_hp_loss":0,"event_name":"Duplicator","floor":19,"gold_loss":0,"cards_obtained":["Reboot"]}],"is_beta":false,"boss_relics":[{"not_picked":["Astrolabe","Cursed Key"],"picked":"Empty Cage"}],"items_purged_floors":[20,29],"is_endless":false,"potions_floor_spawned":[3,5,10,16,18,21,22,24,28,31],"killed_by":"Collector","ascension_level":10}}