{"host":"6h0diz2ap0m56grs","time":1614112906,"event":{"mods":["2.2 Compatiblity","BaseMod","Colored Map","Marisa????????","Minty Spire (QoL Compilation)","Quick Restart","Replay The Spire","Shop Mod","StSLib","The Cursed","The Exalted","The Necromancer","The Servant 0.9.4"],"gold_per_floor":[117,130,130,76,76,111,141,176,176,176,206,240,271,158,158,259,259,272,290,290,290,301,330,50,76,103,131,131,12,42,62,62,160,160,179,227,227,241,93,121,59,91,141,193,193,250,306,306,306,330],"floor_reached":51,"language":"ENG","playtime":1949,"items_purged":["TheCursedMod:FleshFromBone","TheCursedMod:SpitefulStrike"],"score":1347,"play_id":"5d5628c6-b5fe-423d-a82b-cace4fbe22ed","local_time":"20210223144146","daily_mods":["SealedDeck","Heirloom","Time Dilation","Flight"],"is_ascension_mode":true,"campfire_choices":[{"data":"TheCursedMod:CursedBoomerang","floor":10,"key":"SMITH"},{"data":"TheCursedMod:DoubleShield","floor":15,"key":"SMITH"},{"data":"TheCursedMod:DoubleShield","floor":28,"key":"SMITH"},{"data":"TheCursedMod:RapidMovement","floor":32,"key":"SMITH"},{"data":"TheCursedMod:CursedArmor","floor":45,"key":"SMITH"},{"data":"TheCursedMod:SmokeScreen","floor":49,"key":"SMITH"}],"circlet_count":0,"master_deck":["TheCursedMod:SpitefulStrike","TheCursedMod:FleshFromBone+1","TheCursedMod:CursedAmulet","TheCursedMod:CursedBlade","TheCursedMod:CursedBoomerang+1","TheCursedMod:CursedStaff","TheCursedMod:AbyssShockwave","TheCursedMod:RapidMovement+1","TheCursedMod:DoubleShield+1","TheCursedMod:CursedMace","TheCursedMod:VoidForm+1","TheCursedMod:CursedStaff","TheCursedMod:DoubleShield+1","TheCursedMod:ForbiddenAlchemy+1","TheCursedMod:ManaCirculation+1","TheCursedMod:BlessingInDisguise+1","TheCursedMod:SpitefulPlan+1","TheCursedMod:LuckyCharm+1","ReplayUltimateDefense+1","TheCursedMod:Obscuration","TheCursedMod:CursedArmor+1","TheCursedMod:VoidForm+1","TheCursedMod:SmokeScreen+1"],"relics":["Snecko Eye","Ring of Chaos","replay:Trail_Library","Question Card","Frozen Egg 2","HornCleat","Anchor","Vajra","MerchantsRug","Bromod:ArcaneEnergize","MutagenicStrength","Orichalcum","Mirror","Replay:WaspNest","Coffee Dripper","Bromod:ArcaneTrickery","Centennial Puzzle","Replay:Bandana","ReplayTheSpireMod:Lightbulb","Girya","Darkstone Periapt"],"acts_visited":["Exordium","TheCity","TheBeyond"],"potions_floor_usage":[16,25,33,33,33,33,33,36,36,40,40,40,40,42,42,42,42,44,44,44,44,46,46,46,46,46,46,50,50,50,50,50,50,50,50,50,50,50],"damage_taken":[{"damage":0,"enemies":"Jaw Worm","floor":1,"turns":1},{"damage":0,"enemies":"Cultist","floor":2,"turns":2},{"damage":0,"enemies":"Gremlin Nob","floor":6,"turns":2},{"damage":0,"enemies":"Lagavulin","floor":7,"turns":4},{"damage":0,"enemies":"3 Sentries","floor":8,"turns":2},{"damage":0,"enemies":"Gremlin Nob","floor":11,"turns":2},{"damage":0,"enemies":"Lagavulin","floor":12,"turns":1},{"damage":0,"enemies":"3 Sentries","floor":13,"turns":4},{"damage":0,"enemies":"Slime Boss","floor":16,"turns":3},{"damage":0,"enemies":"Shell Parasite","floor":18,"turns":2},{"damage":0,"enemies":"2 Thieves","floor":19,"turns":2},{"damage":0,"enemies":"Centurion and Healer","floor":22,"turns":4},{"damage":0,"enemies":"Slavers","floor":23,"turns":3},{"damage":0,"enemies":"Book of Stabbing","floor":25,"turns":3},{"damage":0,"enemies":"Replay:Snechameleon","floor":27,"turns":2},{"damage":0,"enemies":"Book of Stabbing","floor":30,"turns":4},{"damage":0,"enemies":"3 Cultists","floor":31,"turns":5},{"damage":0,"enemies":"Automaton","floor":33,"turns":6},{"damage":0,"enemies":"Orb Walker","floor":35,"turns":3},{"damage":1,"enemies":"2 Orb Walkers","floor":36,"turns":5},{"damage":0,"enemies":"3 Shapes","floor":38,"turns":2},{"damage":0,"enemies":"Nemesis","floor":40,"turns":5},{"damage":0,"enemies":"R_Hoarder","floor":42,"turns":4},{"damage":0,"enemies":"Giant Head","floor":44,"turns":4},{"damage":0,"enemies":"Nemesis","floor":46,"turns":3},{"damage":0,"enemies":"R_Hoarder","floor":47,"turns":5},{"damage":0,"enemies":"Replay:Hell Engine","floor":50,"turns":2}],"seed_played":"1856404560631571510","potions_obtained":[{"floor":6,"key":"Block Potion"},{"floor":8,"key":"PowerPotion"},{"floor":11,"key":"FearPotion"},{"floor":16,"key":"EntropicBrew"},{"floor":18,"key":"Fire Potion"},{"floor":27,"key":"Regen Potion"},{"floor":31,"key":"SneckoOil"},{"floor":33,"key":"Block Potion"},{"floor":36,"key":"Regen Potion"},{"floor":40,"key":"FearPotion"},{"floor":44,"key":"Weak Potion"},{"floor":46,"key":"BlessingOfTheForge"}],"is_trial":true,"path_per_floor":["M","M","?","$","?","E","E","E","T","R","E","E","E","$","R","B",null,"M","M","?","?","M","E","$","E","T","E","R","$","E","M","R","B",null,"M","?","?","M","$","E","$","E","T","E","R","E","E","?","R","B",null],"character_chosen":"THE_CURSED","items_purchased":["TheCursedMod:RapidMovement","MerchantsRug","TheCursedMod:ForbiddenAlchemy","TheCursedMod:LuckyCharm+1","Orichalcum","ReplayUltimateDefense+1","Bromod:ArcaneTrickery"],"campfire_rested":0,"item_purchase_floors":[4,14,14,24,24,29,39],"current_hp_per_floor":[75,75,75,75,75,75,75,75,75,75,75,75,75,75,75,75,75,75,75,75,75,75,75,75,75,75,75,75,75,82,82,82,82,82,82,81,81,81,81,82,82,82,82,82,82,82,82,78,78,78],"gold":330,"neow_bonus":"","is_daily":false,"chose_seed":false,"campfire_upgraded":6,"win_rate":0.0,"timestamp":1614112906,"path_taken":["M","M","?","?","?","E","E","E","T","R","E","E","E","$","R","BOSS","M","M","?","?","?","E","$","E","T","E","R","$","E","M","R","BOSS","M","?","?","M","$","E","$","E","T","E","R","E","E","?","R","BOSS"],"items_purchased_type":["Card","Relic","Card","Card","Relic","Card","Relic"],"build_version":"2020-12-22","purchased_purges":2,"victory":true,"max_hp_per_floor":[75,75,75,75,75,75,75,75,75,75,75,75,75,75,75,75,75,75,75,75,75,75,75,75,75,75,75,75,75,82,82,82,82,82,82,82,82,82,82,82,82,82,82,82,82,82,82,78,78,78],"card_choices":[{"not_picked":["TheCursedMod:CircleOfCorruption","TheCursedMod:FleshFromBone","TheCursedMod:CircleOfFlame"],"picked":"SKIP","floor":1},{"not_picked":["TheCursedMod:Stigma","TheCursedMod:VitalStrike","TheCursedMod:CursedSpellbook"],"picked":"SKIP","floor":2},{"not_picked":["TheCursedMod:SpitefulPray","TheCursedMod:CircleOfBlood"],"picked":"TheCursedMod:DoubleShield","floor":6},{"not_picked":["TheCursedMod:FleshFromBone","TheCursedMod:EmpowerCircles","TheCursedMod:SpitefulStrike","TheCursedMod:CursedArmor"],"picked":"SKIP","floor":7},{"not_picked":["TheCursedMod:RavingStaff","TheCursedMod:SmokeScreen","TheCursedMod:VitalStrike"],"picked":"TheCursedMod:CursedMace","floor":8},{"not_picked":["TheCursedMod:CursedMace","TheCursedMod:Wield","TheCursedMod:AshesToAshes"],"picked":"TheCursedMod:CursedStaff","floor":11},{"not_picked":["TheCursedMod:CircleOfBlood","TheCursedMod:SoulReap","TheCursedMod:SpreadPlague"],"picked":"TheCursedMod:DoubleShield","floor":12},{"not_picked":["TheCursedMod:VitalStrike","TheCursedMod:UltimatePain","TheCursedMod:BlessingInDisguise","TheCursedMod:SurpriseAttack"],"picked":"SKIP","floor":13},{"not_picked":["TheCursedMod:VitalStrike","TheCursedMod:UltimatePain","TheCursedMod:BlessingInDisguise","TheCursedMod:SurpriseAttack"],"picked":"SKIP","floor":13},{"not_picked":["TheCursedMod:ParallelWorld","TheCursedMod:CursedRelics","TheCursedMod:CollectTribute+1"],"picked":"TheCursedMod:ManaCirculation+1","floor":16},{"not_picked":["TheCursedMod:FleshFromBone","TheCursedMod:CursedSpellbook","TheCursedMod:SpitefulStrike"],"picked":"TheCursedMod:BlessingInDisguise+1","floor":18},{"not_picked":["TheCursedMod:Mangle","TheCursedMod:ReleasedStrength","TheCursedMod:StingEye"],"picked":"TheCursedMod:SpitefulPlan+1","floor":19},{"not_picked":["TheCursedMod:Torture","TheCursedMod:CursedShiv","TheCursedMod:Stretching+1","TheCursedMod:CursedSpellbook"],"picked":"SKIP","floor":22},{"not_picked":["TheCursedMod:Mangle","TheCursedMod:SaltUponWound+1","TheCursedMod:ReleasedStrength","TheCursedMod:EmpowerCircles+1"],"picked":"SKIP","floor":23},{"not_picked":["TheCursedMod:CursedRelics","TheCursedMod:CircleOfFocus","TheCursedMod:AshesToAshes","TheCursedMod:ReleasedKnowledge+1"],"picked":"SKIP","floor":25},{"not_picked":["TheCursedMod:RavingStaff","TheCursedMod:CircleOfAmplification+1","TheCursedMod:CircleOfBlood+1","TheCursedMod:StingEye"],"picked":"SKIP","floor":27},{"not_picked":["TheCursedMod:UltimatePain","TheCursedMod:Torture+1","TheCursedMod:TacticalStrike","TheCursedMod:RapidMovement"],"picked":"SKIP","floor":30},{"not_picked":["TheCursedMod:CursedBoomerang","TheCursedMod:RavingStaff","TheCursedMod:BloodBarrier","TheCursedMod:Mangle"],"picked":"SKIP","floor":31},{"not_picked":["TheCursedMod:VoidForm+1","TheCursedMod:Neurasthenia","TheCursedMod:ForbiddenAlchemy"],"picked":"TheCursedMod:ManaCirculation+1","floor":33},{"not_picked":["TheCursedMod:EmpowerCircles+1","TheCursedMod:StingEye+1","TheCursedMod:ManaBullet+1","TheCursedMod:Wield+1"],"picked":"SKIP","floor":35},{"not_picked":["TheCursedMod:OutForBlood+1","TheCursedMod:CircleOfFlame","TheCursedMod:Hemoplague+1","TheCursedMod:CursedBoomerang"],"picked":"SKIP","floor":38},{"not_picked":["TheCursedMod:CursedMace+1","TheCursedMod:VitalStrike","TheCursedMod:CursedBlade","TheCursedMod:ShockAndAwe"],"picked":"SKIP","floor":40},{"not_picked":["TheCursedMod:CursedAmulet+1","TheCursedMod:CircleOfFocus+1","TheCursedMod:CursedSpellbook+1","TheCursedMod:CursedBlade"],"picked":"SKIP","floor":42},{"not_picked":["TheCursedMod:SpitefulStrike","TheCursedMod:RapidMovement","TheCursedMod:TacticalStrike"],"picked":"TheCursedMod:Obscuration","floor":44},{"not_picked":["TheCursedMod:SoulCrush","TheCursedMod:BlessingInDisguise","TheCursedMod:CursedBlade"],"picked":"TheCursedMod:VoidForm+1","floor":46},{"not_picked":["TheCursedMod:CircleOfBlood","TheCursedMod:CursedAmulet+1","TheCursedMod:CircleOfWindfury"],"picked":"TheCursedMod:SmokeScreen","floor":47}],"player_experience":557857,"relics_obtained":[{"floor":6,"key":"Question Card"},{"floor":7,"key":"Eternal Feather"},{"floor":8,"key":"Boot"},{"floor":9,"key":"Frozen Egg 2"},{"floor":11,"key":"HornCleat"},{"floor":12,"key":"Anchor"},{"floor":13,"key":"Vajra"},{"floor":23,"key":"War Paint"},{"floor":25,"key":"Mirror"},{"floor":26,"key":"Potion Belt"},{"floor":27,"key":"Replay:WaspNest"},{"floor":30,"key":"Strawberry"},{"floor":36,"key":"Lizard Tail"},{"floor":40,"key":"Regal Pillow"},{"floor":42,"key":"Centennial Puzzle"},{"floor":43,"key":"Replay:Bandana"},{"floor":44,"key":"ReplayTheSpireMod:Lightbulb"},{"floor":46,"key":"Girya"},{"floor":47,"key":"Darkstone Periapt"}],"event_choices":[{"damage_healed":0,"gold_gain":0,"player_choice":"Bought 0 Potions","damage_taken":0,"max_hp_gain":0,"max_hp_loss":0,"event_name":"The Woman in Blue","floor":3,"gold_loss":0},{"damage_healed":0,"gold_gain":0,"player_choice":"Inject Mutagens","damage_taken":0,"relics_obtained":["MutagenicStrength"],"max_hp_gain":0,"max_hp_loss":0,"event_name":"Drug Dealer","floor":20,"gold_loss":0},{"cards_removed":["TheCursedMod:ReleasedStrength"],"damage_healed":0,"gold_gain":0,"player_choice":"Offered Uncommon","damage_taken":0,"max_hp_gain":0,"max_hp_loss":0,"event_name":"Bonfire Elementals","floor":21,"gold_loss":0},{"damage_healed":0,"gold_gain":0,"player_choice":"Fight","damage_taken":0,"max_hp_gain":0,"max_hp_loss":0,"event_name":"Mysterious Sphere","floor":36,"gold_loss":0},{"cards_removed":["TheCursedMod:ManaCirculation"],"damage_healed":0,"gold_gain":0,"player_choice":"Removed Power","damage_taken":0,"max_hp_gain":0,"max_hp_loss":0,"event_name":"Falling","floor":37,"gold_loss":0},{"damage_healed":0,"gold_gain":0,"player_choice":"Max HP","damage_taken":0,"max_hp_gain":0,"max_hp_loss":4,"event_name":"Winding Halls","floor":48,"gold_loss":0}],"is_beta":false,"boss_relics":[{"not_picked":["Bromod:ArcaneBarrier","Black Star"],"picked":"Bromod:ArcaneEnergize"},{"not_picked":["Astrolabe","Empty Cage"],"picked":"Coffee Dripper"}],"items_purged_floors":[24,41],"is_endless":false,"potions_floor_spawned":[6,8,11,16,18,25,27,31,33,36,40,44,46],"ascension_level":1}}