{"host":"2yqfi47fogfu1ic4","time":1614107649,"event":{"mods":["AchievementEnabler","BaseMod","Colored Map","Colored Powertips","Highlight Path","Minty Spire (QoL Compilation)","Permanent Neow","Relic Stats","StSLib"],"gold_per_floor":[112,112,130,27,41,77,77,77,77],"floor_reached":8,"language":"DEU","playtime":494,"items_purged":[],"score":112,"play_id":"d043a9c1-4600-4c24-899a-bdc5761c4c54","local_time":"20210223201409","is_ascension_mode":true,"campfire_choices":[{"floor":7,"key":"REST"}],"circlet_count":0,"master_deck":["AscendersBane","Strike_G","Strike_G","Strike_G","Strike_G","Strike_G","Defend_G","Defend_G","Defend_G","Defend_G","Defend_G","Survivor","Neutralize","Dagger Spray","Quick Slash","Poisoned Stab","Blur"],"relics":["Busted Crown","Golden Idol","Happy Flower"],"acts_visited":["Exordium"],"potions_floor_usage":[6,8],"damage_taken":[{"damage":3,"enemies":"Small Slimes","floor":1,"turns":4},{"damage":3,"enemies":"Cultist","floor":3,"turns":4},{"damage":0,"enemies":"Jaw Worm","floor":5,"turns":4},{"damage":46,"enemies":"Gremlin Nob","floor":6,"turns":5},{"damage":35,"enemies":"3 Sentries","floor":8,"turns":7}],"seed_played":"-8932171346302513881","potions_obtained":[{"floor":3,"key":"LiquidBronze"},{"floor":6,"key":"FearPotion"}],"is_trial":false,"path_per_floor":["M","?","M","$","M","E","R","E"],"character_chosen":"THE_SILENT","items_purchased":["Poisoned Stab","Blur"],"campfire_rested":1,"item_purchase_floors":[4,4],"current_hp_per_floor":[56,56,53,53,53,7,25,0,0],"gold":77,"neow_bonus":"BOSS_RELIC","is_daily":false,"chose_seed":false,"campfire_upgraded":0,"win_rate":0.0,"timestamp":1614107649,"path_taken":["M","?","M","$","M","E","R","E"],"items_purchased_type":["Card","Card"],"build_version":"2020-12-22","purchased_purges":0,"victory":false,"max_hp_per_floor":[66,60,60,60,60,60,60,60,60],"relic_stats":{"Busted Crown":8,"Happy Flower":[2],"counters":[5,24],"Golden Idol":14,"obtain_stats":[{"Busted Crown":0,"Happy Flower":6,"Golden Idol":2,"Ring of the Snake":0},{"Busted Crown":0,"Happy Flower":4,"Golden Idol":1,"Ring of the Snake":0},{"Busted Crown":0,"Happy Flower":17,"Golden Idol":4,"Ring of the Snake":0}]},"card_choices":[{"not_picked":[],"picked":"Dagger Spray","floor":1},{"not_picked":[],"picked":"Quick Slash","floor":3},{"not_picked":["Deflect"],"picked":"SKIP","floor":5},{"not_picked":["Slice"],"picked":"SKIP","floor":6}],"player_experience":1970923,"relics_obtained":[{"floor":6,"key":"Happy Flower"}],"event_choices":[{"damage_healed":0,"gold_gain":0,"player_choice":"Lose Max HP","damage_taken":0,"relics_obtained":["Golden Idol"],"max_hp_gain":0,"max_hp_loss":6,"event_name":"Golden Idol","floor":2,"gold_loss":0}],"is_beta":false,"boss_relics":[],"items_purged_floors":[],"is_endless":false,"potions_floor_spawned":[3,6],"killed_by":"3 Sentries","ascension_level":20}}