{"host":"snggrqcauaf0m8fe","time":1614108473,"event":{"mods":["BaseMod","Minty Spire (QoL Compilation)","Quick Restart"],"gold_per_floor":[119,69,69,69,69,69,88,149,176,192,267,285,285,306,306,431,431,409,334,433,433,433,433],"floor_reached":22,"language":"ENG","playtime":516,"items_purged":[],"score":258,"play_id":"337fb240-d11e-4374-be4e-81cf61415b6c","local_time":"20210223202753","is_ascension_mode":true,"campfire_choices":[{"data":"Survivor","floor":6,"key":"SMITH"},{"data":"Infinite Blades","floor":15,"key":"SMITH"}],"circlet_count":0,"master_deck":["AscendersBane","Strike_G","Strike_G","Defend_G","Defend_G","Defend_G","Defend_G","Defend_G","Survivor+1","Neutralize","Footwork","Backstab","Infinite Blades+1","A Thousand Cuts","Writhe"],"relics":["Ring of the Snake","NeowsBlessing","Golden Idol","Lantern","Bronze Scales","Toy Ornithopter","SacredBark","Orichalcum"],"acts_visited":["Exordium","TheCity"],"potions_floor_usage":[16,16],"damage_taken":[{"damage":0,"enemies":"2 Louse","floor":1,"turns":1},{"damage":0,"enemies":"Small Slimes","floor":7,"turns":2},{"damage":0,"enemies":"3 Sentries","floor":8,"turns":2},{"damage":1,"enemies":"Jaw Worm","floor":10,"turns":3},{"damage":1,"enemies":"Looter","floor":12,"turns":4},{"damage":0,"enemies":"2 Fungi Beasts","floor":14,"turns":4},{"damage":47,"enemies":"The Guardian","floor":16,"turns":21},{"damage":38,"enemies":"2 Thieves","floor":18,"turns":5},{"damage":9,"enemies":"Spheric Guardian","floor":22,"turns":5}],"seed_played":"-6036897361390330544","potions_obtained":[{"floor":10,"key":"EssenceOfSteel"},{"floor":14,"key":"Weak Potion"}],"is_trial":false,"path_per_floor":["M","?","$","?","T","R","M","?","T","M","?","M","?","M","R","B",null,"M","?","?","?","M"],"character_chosen":"THE_SILENT","items_purchased":[],"campfire_rested":0,"item_purchase_floors":[],"current_hp_per_floor":[63,63,63,63,63,63,63,63,63,62,51,50,43,43,43,6,50,12,12,12,12,3,3],"gold":433,"neow_bonus":"THREE_ENEMY_KILL","is_daily":false,"chose_seed":false,"campfire_upgraded":2,"win_rate":0.0,"timestamp":1614108473,"path_taken":["M","?","$","?","?","R","M","?","T","M","?","M","?","M","R","BOSS","M","?","?","?","M"],"items_purchased_type":[],"build_version":"2020-12-22","purchased_purges":0,"victory":false,"max_hp_per_floor":[70,70,70,65,65,65,65,65,65,65,65,65,65,65,65,65,65,65,65,65,65,65,65],"card_choices":[{"not_picked":["PiercingWail","Underhanded Strike","Leg Sweep"],"picked":"SKIP","floor":1},{"not_picked":["Riddle With Holes","PiercingWail"],"picked":"Footwork","floor":7},{"not_picked":["Cloak And Dagger","Riddle With Holes"],"picked":"Backstab","floor":8},{"not_picked":["Underhanded Strike","Sucker Punch","Backflip"],"picked":"SKIP","floor":10},{"not_picked":["Sucker Punch","Choke","Dodge and Roll"],"picked":"SKIP","floor":12},{"not_picked":["Noxious Fumes","Slice"],"picked":"Infinite Blades","floor":14},{"not_picked":["Grand Finale","Glass Knife"],"picked":"A Thousand Cuts","floor":16},{"not_picked":["Acrobatics","Flying Knee+1","Prepared+1"],"picked":"SKIP","floor":18}],"player_experience":808375,"relics_obtained":[{"floor":5,"key":"Lantern"},{"floor":8,"key":"Bronze Scales"},{"floor":9,"key":"Toy Ornithopter"}],"event_choices":[{"cards_removed":["Strike_G"],"damage_healed":0,"gold_gain":0,"player_choice":"Card Removal","damage_taken":0,"max_hp_gain":0,"max_hp_loss":0,"event_name":"The Cleric","floor":2,"gold_loss":50},{"damage_healed":0,"gold_gain":0,"player_choice":"Lose Max HP","damage_taken":0,"relics_obtained":["Golden Idol"],"max_hp_gain":0,"max_hp_loss":5,"event_name":"Golden Idol","floor":4,"gold_loss":0},{"damage_healed":0,"gold_gain":30,"player_choice":"Searched \u00272\u0027 times","damage_taken":0,"max_hp_gain":0,"max_hp_loss":0,"event_name":"Dead Adventurer","floor":8,"gold_loss":0},{"damage_healed":0,"gold_gain":75,"player_choice":"Gather Gold","damage_taken":11,"max_hp_gain":0,"max_hp_loss":0,"event_name":"World of Goop","floor":11,"gold_loss":0},{"cards_removed":["Strike_G"],"damage_healed":0,"gold_gain":0,"player_choice":"Card Removal","damage_taken":7,"max_hp_gain":0,"max_hp_loss":0,"event_name":"Golden Wing","floor":13,"gold_loss":0},{"cards_removed":["Strike_G"],"damage_healed":0,"gold_gain":0,"player_choice":"Gave Gold","damage_taken":0,"max_hp_gain":0,"max_hp_loss":0,"event_name":"Beggar","floor":19,"gold_loss":75},{"damage_healed":0,"gold_gain":99,"player_choice":"Stole From Cult","damage_taken":0,"max_hp_gain":0,"max_hp_loss":0,"event_name":"Nest","floor":20,"gold_loss":0},{"damage_healed":0,"gold_gain":0,"player_choice":"Opened","damage_taken":0,"relics_obtained":["Orichalcum"],"max_hp_gain":0,"max_hp_loss":0,"event_name":"The Mausoleum","floor":21,"gold_loss":0,"cards_obtained":["Writhe"]}],"is_beta":false,"boss_relics":[{"not_picked":["Black Star","Cursed Key"],"picked":"SacredBark"}],"items_purged_floors":[],"is_endless":false,"potions_floor_spawned":[10,14],"killed_by":"Spheric Guardian","ascension_level":10}}