{"host":"d2gh6suihlstufn7","time":1614062579,"event":{"mods":["AchievementEnabler","BaseMod","Colored Map","Colored Powertips","Minty Spire (QoL Compilation)","Permanent Neow","Quick Restart","StSLib","SuperFastMode"],"gold_per_floor":[110,185,41,41,41,76,76,100,100,116,140,140,160,160,160,160,160],"floor_reached":16,"language":"KOR","playtime":261,"items_purged":[],"score":100,"play_id":"5b3e3625-6f0e-41eb-a21d-2d9a40297ab0","local_time":"20210223154259","is_ascension_mode":false,"campfire_choices":[{"floor":7,"key":"REST"},{"data":"Double Tap","floor":12,"key":"SMITH"},{"floor":15,"key":"REST"}],"circlet_count":0,"master_deck":["Strike_R","Strike_R","Strike_R","Strike_R","Strike_R","Defend_R","Defend_R","Defend_R","Defend_R","Bash","Double Tap+1","Armaments","Injury","Normality","Battle Trance","Uppercut","Headbutt"],"relics":["Burning Blood","Lee\u0027s Waffle","Golden Idol","Happy Flower"],"acts_visited":["Exordium"],"potions_floor_usage":[],"damage_taken":[{"damage":17,"enemies":"Cultist","floor":1,"turns":4},{"damage":67,"enemies":"Gremlin Nob","floor":6,"turns":7},{"damage":5,"enemies":"2 Louse","floor":8,"turns":4},{"damage":15,"enemies":"Small Slimes","floor":10,"turns":5},{"damage":11,"enemies":"Red Slaver","floor":11,"turns":3},{"damage":19,"enemies":"3 Louse","floor":13,"turns":4},{"damage":44,"enemies":"The Guardian","floor":16,"turns":6}],"seed_played":"-4321560497683676920","potions_obtained":[{"floor":8,"key":"AttackPotion"},{"floor":11,"key":"SteroidPotion"}],"is_trial":false,"path_per_floor":["M","?","$","?","?","E","R","M","T","M","M","R","M","?","R","B"],"character_chosen":"IRONCLAD","items_purchased":["Lee\u0027s Waffle"],"campfire_rested":2,"item_purchase_floors":[3],"current_hp_per_floor":[69,58,87,87,87,26,52,53,53,44,39,39,26,26,52,8,8],"gold":160,"neow_bonus":"THREE_RARE_CARDS","is_daily":false,"chose_seed":false,"campfire_upgraded":1,"win_rate":0.0,"timestamp":1614062579,"path_taken":["M","?","$","?","?","E","R","M","T","?","M","R","M","?","R","BOSS"],"items_purchased_type":["Relic"],"build_version":"2020-12-22","purchased_purges":0,"victory":false,"max_hp_per_floor":[80,80,87,87,87,87,87,87,87,87,87,87,87,87,87,87,87],"card_choices":[{"not_picked":["Juggernaut","Reaper"],"picked":"Double Tap","floor":0},{"not_picked":["True Grit","Iron Wave"],"picked":"Armaments","floor":1},{"not_picked":["Rage","Berserk"],"picked":"Battle Trance","floor":6},{"not_picked":["Blood for Blood","Cleave","Infernal Blade"],"picked":"SKIP","floor":8},{"not_picked":["Havoc","Anger","Warcry"],"picked":"SKIP","floor":10},{"not_picked":["Burning Pact","Sword Boomerang"],"picked":"Uppercut","floor":11},{"not_picked":["Wild Strike","Carnage"],"picked":"Headbutt","floor":13}],"player_experience":162206,"relics_obtained":[{"floor":6,"key":"Happy Flower"}],"event_choices":[{"damage_healed":0,"gold_gain":75,"player_choice":"Gather Gold","damage_taken":11,"max_hp_gain":0,"max_hp_loss":0,"event_name":"World of Goop","floor":2,"gold_loss":0},{"damage_healed":0,"gold_gain":0,"player_choice":"Take Wound","damage_taken":0,"relics_obtained":["Golden Idol"],"max_hp_gain":0,"max_hp_loss":0,"event_name":"Golden Idol","floor":4,"gold_loss":0,"cards_obtained":["Injury"]},{"damage_healed":0,"gold_gain":0,"cards_transformed":["Pain"],"player_choice":"Transformed","damage_taken":0,"max_hp_gain":0,"max_hp_loss":0,"event_name":"Transmorgrifier","floor":5,"gold_loss":0,"cards_obtained":["Normality"]},{"damage_healed":0,"gold_gain":0,"player_choice":"0 cards matched","damage_taken":0,"max_hp_gain":0,"max_hp_loss":0,"event_name":"Match and Keep!","floor":14,"gold_loss":0,"cards_obtained":[]}],"is_beta":false,"boss_relics":[],"items_purged_floors":[],"is_endless":false,"potions_floor_spawned":[8,11],"killed_by":"The Guardian","ascension_level":0}}