{"host":"nptej036rrbiurf5","time":1614059178,"event":{"mods":["BaseMod","Colored Map","Colored Powertips","DeckTracker","Minty Spire (QoL Compilation)","StSLib","SuperFastMode"],"gold_per_floor":[110,129,129,129,16,16,35,55,55,130,46,46,46,69,69,69,69],"floor_reached":16,"language":"KOR","playtime":195,"items_purged":[],"score":180,"play_id":"ade13c8a-e937-4d82-a571-ad86a3c801d9","local_time":"20210223144618","is_ascension_mode":true,"campfire_choices":[{"data":"Dualcast","floor":6,"key":"SMITH"},{"data":"Loop","floor":13,"key":"SMITH"},{"data":"Fission","floor":15,"key":"SMITH"}],"circlet_count":0,"master_deck":["AscendersBane","Strike_B","Strike_B","Strike_B","Strike_B","Defend_B","Defend_B","Defend_B","Defend_B","Zap","Dualcast+1","Sweeping Beam","Doom and Gloom","Sweeping Beam","Redo","Loop+1","Fission+1"],"relics":["Cracked Core","Molten Egg 2","Golden Idol"],"acts_visited":["Exordium"],"potions_floor_usage":[11,16,16],"damage_taken":[{"damage":1.0,"enemies":"Cultist","floor":1.0,"turns":3.0},{"damage":0.0,"enemies":"Small Slimes","floor":2.0,"turns":2.0},{"damage":0,"enemies":"2 Louse","floor":7,"turns":3},{"damage":6,"enemies":"Exordium Wildlife","floor":8,"turns":2},{"damage":26,"enemies":"Exordium Thugs","floor":14,"turns":3},{"damage":28,"enemies":"Slime Boss","floor":16,"turns":3}],"seed_played":"6007826439697712213","potions_obtained":[{"floor":7,"key":"Energy Potion"},{"floor":14,"key":"FocusPotion"}],"is_trial":false,"path_per_floor":["M","M","?","?","$","R","M","M","T","?","$","?","R","M","R","B"],"character_chosen":"DEFECT","items_purchased":["Fruit Juice","Loop"],"campfire_rested":0,"item_purchase_floors":[5,11],"current_hp_per_floor":[63,63,63,63,63,63,63,57,57,46,51,51,51,25,25,0,0],"gold":69,"neow_bonus":"THREE_CARDS","is_daily":false,"chose_seed":false,"campfire_upgraded":3,"win_rate":0.0,"timestamp":1614059178,"path_taken":["M","?","?","?","?","R","M","?","T","?","$","?","R","M","R","BOSS"],"items_purchased_type":["Potion","Card"],"build_version":"2020-12-22","purchased_purges":0,"victory":false,"max_hp_per_floor":[71,71,71,71,71,71,71,71,71,71,76,69,69,69,69,69,69],"card_choices":[{"not_picked":["Hologram","Rebound"],"picked":"Sweeping Beam","floor":0.0},{"not_picked":["Leap","Hologram"],"picked":"Doom and Gloom","floor":1.0},{"not_picked":["Storm","Barrage"],"picked":"Sweeping Beam","floor":2.0},{"not_picked":["Go for the Eyes","Storm"],"picked":"Redo","floor":7},{"not_picked":["Melter","Cold Snap","Lockon"],"picked":"SKIP","floor":8},{"not_picked":["Ball Lightning+1","Coolheaded"],"picked":"Fission","floor":14}],"player_experience":1012188,"relics_obtained":[{"floor":9,"key":"Molten Egg 2"}],"event_choices":[{"damage_healed":0,"gold_gain":0,"player_choice":"Ignored","damage_taken":0,"max_hp_gain":0,"max_hp_loss":0,"event_name":"Shining Light","floor":3,"gold_loss":0},{"damage_healed":0,"gold_gain":0,"player_choice":"Ignored","damage_taken":0,"max_hp_gain":0,"max_hp_loss":0,"event_name":"Liars Game","floor":4,"gold_loss":0},{"damage_healed":0,"gold_gain":75,"player_choice":"Gather Gold","damage_taken":11,"max_hp_gain":0,"max_hp_loss":0,"event_name":"World of Goop","floor":10,"gold_loss":0},{"damage_healed":0,"gold_gain":0,"player_choice":"Lose Max HP","damage_taken":0,"relics_obtained":["Golden Idol"],"max_hp_gain":0,"max_hp_loss":7,"event_name":"Golden Idol","floor":12,"gold_loss":0}],"is_beta":false,"boss_relics":[],"items_purged_floors":[],"is_endless":false,"potions_floor_spawned":[7,14],"killed_by":"Slime Boss","ascension_level":20}}