{"host":"dkr0dog13pegamnp","time":1614095877,"event":{"mods":["AchievementEnabler","BaseMod","Minty Spire (QoL Compilation)","Rare Cards Sparkle","StSLib","SuperFastMode","everything is the same but u backflip on backflip"],"gold_per_floor":[116,42,42,42,58,83,83,119,119,163,218,218,218,254,254,383,383,423,467,85,121,134,134,194,229,229,229,229,269,269,310,310,433,433,472,472,513,553,573,573,588,588,588,622,622,677,287,305,305,335,335,335,13,39,39],"floor_reached":56,"language":"KOR","playtime":2150,"items_purged":["Strike_P","Strike_P+1","Wish+1"],"score":1497,"play_id":"b1eba965-d35b-49ae-8060-cb11468c4881","local_time":"20210224005757","is_ascension_mode":true,"campfire_choices":[{"data":"Adaptation","floor":7.0,"key":"SMITH"},{"data":"Eruption","floor":13.0,"key":"SMITH"},{"data":"Tantrum","floor":15.0,"key":"SMITH"},{"data":"Scrawl","floor":23.0,"key":"SMITH"},{"data":"Strike_P","floor":28.0,"key":"PURGE"},{"data":"Defend_P","floor":30.0,"key":"PURGE"},{"floor":32.0,"key":"RECALL"},{"data":"Regret","floor":40,"key":"PURGE"},{"floor":42,"key":"REST"},{"data":"Writhe","floor":45,"key":"PURGE"},{"data":"LessonLearned+1","floor":49,"key":"PURGE"},{"data":"WreathOfFlame","floor":52,"key":"SMITH"}],"circlet_count":0,"master_deck":["Strike_P+1","Defend_P+1","Defend_P+1","Defend_P+1","Eruption+1","Vigilance+1","Tantrum+1","Adaptation+1","Indignation+1","FearNoEvil+1","Scrawl+1","Consecrate+1","BattleHymn+1","Adaptation+1","EmptyFist+1","MasterReality+1","Ragnarok+1","Halt+1","EmptyBody+1","TalkToTheHand+1","WreathOfFlame+1","Vengeance+1"],"relics":["PureWater","NeowsBlessing","White Beast Statue","Torii","Bag of Preparation","Mummified Hand","VioletLotus","DollysMirror","Whetstone","Peace Pipe","Cursed Key","Bottled Tornado","Bottled Lightning","Ornamental Fan","Anchor","Lee\u0027s Waffle","TheAbacus","Strawberry"],"acts_visited":["Exordium","TheCity","TheBeyond","TheEnding"],"potions_floor_usage":[44,50,50,55,55,55],"damage_taken":[{"damage":0.0,"enemies":"Jaw Worm","floor":1.0,"turns":1.0},{"damage":0.0,"enemies":"Cultist","floor":5.0,"turns":1.0},{"damage":0.0,"enemies":"Lagavulin","floor":6.0,"turns":2.0},{"damage":8.0,"enemies":"Small Slimes","floor":8.0,"turns":3.0},{"damage":1.0,"enemies":"Looter","floor":10.0,"turns":5.0},{"damage":3.0,"enemies":"3 Sentries","floor":11.0,"turns":5.0},{"damage":14.0,"enemies":"Exordium Thugs","floor":14.0,"turns":3.0},{"damage":19.0,"enemies":"Hexaghost","floor":16.0,"turns":8.0},{"damage":11.0,"enemies":"2 Thieves","floor":18.0,"turns":4.0},{"damage":1.0,"enemies":"Chosen","floor":19.0,"turns":2.0},{"damage":9.0,"enemies":"Centurion and Healer","floor":21.0,"turns":3.0},{"damage":0.0,"enemies":"Cultist and Chosen","floor":22.0,"turns":4.0},{"damage":0.0,"enemies":"Book of Stabbing","floor":24.0,"turns":2.0},{"damage":1.0,"enemies":"Snake Plant","floor":25.0,"turns":2.0},{"damage":0.0,"enemies":"Centurion and Healer","floor":29.0,"turns":2.0},{"damage":0.0,"enemies":"Snecko","floor":31.0,"turns":2.0},{"damage":0.0,"enemies":"Champ","floor":33.0,"turns":5.0},{"damage":2.0,"enemies":"3 Shapes","floor":35.0,"turns":3.0},{"damage":14.0,"enemies":"3 Darklings","floor":37.0,"turns":3.0},{"damage":6.0,"enemies":"Maw","floor":38.0,"turns":3.0},{"damage":16,"enemies":"Spire Growth","floor":39,"turns":3},{"damage":0,"enemies":"3 Darklings","floor":41,"turns":2},{"damage":0,"enemies":"Nemesis","floor":44,"turns":3},{"damage":0,"enemies":"Reptomancer","floor":46,"turns":3},{"damage":0,"enemies":"Writhing Mass","floor":48,"turns":2},{"damage":31,"enemies":"Time Eater","floor":50,"turns":6},{"damage":0,"enemies":"Shield and Spear","floor":54,"turns":2},{"damage":16,"enemies":"The Heart","floor":55,"turns":9}],"seed_played":"-2803615948412566218","potions_obtained":[{"floor":1.0,"key":"GamblersBrew"},{"floor":8.0,"key":"SneckoOil"},{"floor":10.0,"key":"Energy Potion"},{"floor":11.0,"key":"Ambrosia"},{"floor":14.0,"key":"GamblersBrew"},{"floor":16.0,"key":"DuplicationPotion"},{"floor":18.0,"key":"BottledMiracle"},{"floor":19.0,"key":"LiquidMemories"},{"floor":21.0,"key":"SkillPotion"},{"floor":22.0,"key":"StancePotion"},{"floor":24.0,"key":"Block Potion"},{"floor":25.0,"key":"FairyPotion"},{"floor":29.0,"key":"Ambrosia"},{"floor":31.0,"key":"SpeedPotion"},{"floor":33.0,"key":"Dexterity Potion"},{"floor":35.0,"key":"SkillPotion"},{"floor":37.0,"key":"Strength Potion"},{"floor":38.0,"key":"SpeedPotion"},{"floor":39,"key":"Regen Potion"},{"floor":41,"key":"Dexterity Potion"},{"floor":44,"key":"Energy Potion"},{"floor":54,"key":"Dexterity Potion"}],"is_trial":false,"path_per_floor":["M","$","?","$","M","E","R","M","T","M","E","?","R","M","R","B",null,"M","M","$","M","M","R","E","M","T","?","R","M","R","M","R","B",null,"M","T","M","M","M","R","M","R","T","E","R","E","$","M","R","B",null,"R","$","E","B",null],"character_chosen":"WATCHER","items_purchased":["Adaptation","DollysMirror","LessonLearned","Anchor","Lee\u0027s Waffle","TheAbacus","Weak Potion"],"campfire_rested":1,"item_purchase_floors":[2,20,20,47,47,53,53],"current_hp_per_floor":[72,72,72,72,72,72,72,64,64,63,60,60,60,46,46,27,72,61,60,60,51,51,51,51,50,50,50,50,50,50,50,50,50,72,70,70,56,50,34,34,34,55,55,60,60,60,79,79,79,48,79,79,79,86,70],"gold":39,"neow_bonus":"THREE_ENEMY_KILL","is_daily":false,"chose_seed":false,"campfire_upgraded":5,"win_rate":0.0,"timestamp":1614095877,"path_taken":["M","$","?","$","?","E","R","M","T","M","E","?","R","M","R","BOSS","M","?","$","M","M","R","E","M","T","?","R","M","R","M","R","BOSS","M","?","M","M","M","R","M","R","T","E","R","E","$","M","R","BOSS","R","$","E","BOSS"],"items_purchased_type":["Card","Relic","Card","Relic","Relic","Relic","Potion"],"build_version":"2020-12-22","purchased_purges":3,"victory":true,"max_hp_per_floor":[72,72,72,72,72,72,72,72,72,72,72,72,72,72,72,72,72,72,72,72,72,72,72,72,72,72,72,72,72,72,72,72,72,72,72,72,72,72,72,72,72,72,72,72,72,72,79,79,79,79,79,79,79,86,86],"card_choices":[{"not_picked":["Wallop","SashWhip"],"picked":"Tantrum","floor":1.0},{"not_picked":["BowlingBash","SashWhip"],"picked":"Indignation","floor":5.0},{"not_picked":["WindmillStrike","DeceiveReality"],"picked":"Wish","floor":6.0},{"not_picked":["Weave","BattleHymn"],"picked":"FearNoEvil","floor":8.0},{"not_picked":["WaveOfTheHand","Tantrum","Wireheading"],"picked":"SKIP","floor":10.0},{"not_picked":["Tantrum","Prostrate","DeceiveReality"],"picked":"SKIP","floor":11.0},{"not_picked":["ReachHeaven","Crescendo","FlyingSleeves"],"picked":"SKIP","floor":14.0},{"not_picked":["DeusExMachina","MasterReality"],"picked":"Scrawl","floor":16.0},{"not_picked":["ForeignInfluence","SashWhip"],"picked":"Consecrate+1","floor":18.0},{"not_picked":["Protect+1","Conclude"],"picked":"BattleHymn+1","floor":19.0},{"not_picked":["Evaluate+1","CrushJoints"],"picked":"EmptyFist+1","floor":21.0},{"not_picked":["Vengeance","ForeignInfluence","CutThroughFate"],"picked":"SKIP","floor":22.0},{"not_picked":["Fasting2","Adaptation"],"picked":"MasterReality","floor":24.0},{"not_picked":["BowlingBash","Consecrate","JustLucky"],"picked":"SKIP","floor":25.0},{"not_picked":["FlyingSleeves","Crescendo","Pray"],"picked":"SKIP","floor":29.0},{"not_picked":["Collect","BattleHymn+1","WheelKick+1"],"picked":"SKIP","floor":31.0},{"not_picked":["SpiritShield","DevaForm"],"picked":"Ragnarok","floor":33.0},{"not_picked":["FlyingSleeves","CarveReality"],"picked":"Halt+1","floor":35.0},{"not_picked":["CutThroughFate+1","PathToVictory+1","BattleHymn+1"],"picked":"SKIP","floor":37.0},{"not_picked":["ClearTheMind","ThirdEye+1","JustLucky+1"],"picked":"SKIP","floor":38.0},{"not_picked":["ThirdEye","WaveOfTheHand"],"picked":"EmptyBody","floor":39},{"not_picked":["Tantrum","Perseverance+1"],"picked":"TalkToTheHand+1","floor":41},{"not_picked":["Indignation","Crescendo+1","MasterReality"],"picked":"SKIP","floor":44},{"not_picked":["Prostrate+1","Collect+1","SandsOfTime"],"picked":"SKIP","floor":46},{"not_picked":["EmptyBody","Pray+1"],"picked":"WreathOfFlame","floor":48},{"not_picked":["Consecrate+1","Protect"],"picked":"Vengeance+1","floor":54}],"player_experience":104252,"relics_obtained":[{"floor":6.0,"key":"White Beast Statue"},{"floor":9.0,"key":"Torii"},{"floor":11.0,"key":"Bag of Preparation"},{"floor":24.0,"key":"Whetstone"},{"floor":26.0,"key":"Peace Pipe"},{"floor":43,"key":"Bottled Tornado"},{"floor":44,"key":"Bottled Lightning"},{"floor":46,"key":"Ornamental Fan"},{"floor":54,"key":"Strawberry"}],"event_choices":[{"damage_healed":0.0,"max_hp_gain":0.0,"max_hp_loss":0.0,"gold_gain":0.0,"event_name":"Match and Keep!","player_choice":"0 cards matched","floor":3.0,"gold_loss":0.0,"damage_taken":0.0,"cards_obtained":[]},{"damage_healed":0.0,"max_hp_gain":0.0,"max_hp_loss":0.0,"gold_gain":0.0,"event_name":"WeMeetAgain","player_choice":"Gave Potion","floor":12.0,"gold_loss":0.0,"damage_taken":0.0,"relics_obtained":["Mummified Hand"]},{"damage_healed":0.0,"max_hp_gain":0.0,"max_hp_loss":0.0,"gold_gain":0.0,"event_name":"N\u0027loth","player_choice":"Ignored","floor":27.0,"gold_loss":0.0,"damage_taken":0.0}],"is_beta":false,"boss_relics":[{"not_picked":["Runic Pyramid","Ectoplasm"],"picked":"VioletLotus"},{"not_picked":["Snecko Eye","Calling Bell"],"picked":"Cursed Key"}],"items_purged_floors":[20,47,53],"is_endless":false,"potions_floor_spawned":[1,8,10,11,14,16,18,19,21,22,24,25,29,31,33,35,37,38,39,41,44,46,48,54],"ascension_level":1}}