{"host":"dl5mjdlimopbuch5","time":1614112779,"event":{"mods":["AchievementEnabler","BaseMod","Colored Powertips","Googly Eyes","Minty Spire (QoL Compilation)","Quick Restart"],"gold_per_floor":[112,112,112,129,146,172,182,253,299,54,54,72,83,83,83,181,181,198,212,231,321,340,340,356,374,374,374,374],"floor_reached":27,"language":"ENG","playtime":849,"items_purged":[],"score":286,"play_id":"b338ef95-9e96-46ff-810d-cb5ecd155359","local_time":"20210223203939","is_ascension_mode":true,"campfire_choices":[{"floor":15,"key":"REST"},{"floor":23,"key":"REST"}],"circlet_count":0,"master_deck":["Strike_R","Strike_R","Strike_R","Strike_R","Defend_R","Defend_R","Defend_R","Perfected Strike","Shrug It Off","Inflame","Cleave","Immolate","Whirlwind","Decay","Blood for Blood+1","Warcry+1","Second Wind+1","Cleave+1","Cleave+1","Armaments+1"],"relics":["Burning Blood","NeowsBlessing","Eternal Feather","Mummified Hand","Nunchaku","Kunai","Astrolabe","Ornamental Fan"],"acts_visited":["Exordium","TheCity"],"potions_floor_usage":[16,18,20,27,27,27],"damage_taken":[{"damage":0.0,"enemies":"2 Louse","floor":1.0,"turns":1.0},{"damage":0.0,"enemies":"Small Slimes","floor":4.0,"turns":1.0},{"damage":0.0,"enemies":"Cultist","floor":5.0,"turns":1.0},{"damage":16.0,"enemies":"Gremlin Nob","floor":6.0,"turns":3.0},{"damage":20.0,"enemies":"Exordium Thugs","floor":7.0,"turns":4.0},{"damage":12.0,"enemies":"3 Sentries","floor":8.0,"turns":6.0},{"damage":1,"enemies":"2 Fungi Beasts","floor":12,"turns":2},{"damage":15,"enemies":"Gremlin Gang","floor":13,"turns":3},{"damage":15,"enemies":"Slime Boss","floor":16,"turns":7},{"damage":38,"enemies":"2 Thieves","floor":18,"turns":4},{"damage":1,"enemies":"Chosen","floor":19,"turns":4},{"damage":22,"enemies":"Centurion and Healer","floor":20,"turns":5},{"damage":4,"enemies":"3 Cultists","floor":22,"turns":3},{"damage":33,"enemies":"Snake Plant","floor":24,"turns":5},{"damage":27,"enemies":"Sentry and Sphere","floor":25,"turns":4},{"damage":11,"enemies":"Slavers","floor":27,"turns":1}],"seed_played":"3042666352914401311","potions_obtained":[{"floor":3.0,"key":"BlessingOfTheForge"},{"floor":3.0,"key":"Fire Potion"},{"floor":3.0,"key":"AttackPotion"},{"floor":6.0,"key":"ColorlessPotion"},{"floor":7.0,"key":"SpeedPotion"},{"floor":8.0,"key":"Weak Potion"},{"floor":12,"key":"AttackPotion"},{"floor":18,"key":"Ancient Potion"},{"floor":20,"key":"Ancient Potion"},{"floor":22,"key":"Weak Potion"},{"floor":25,"key":"DistilledChaos"}],"is_trial":false,"path_per_floor":["M","?","?","M","M","E","M","E","T","$","$","M","M","?","R","B",null,"M","M","M","?","M","R","M","M","T","E"],"character_chosen":"IRONCLAD","items_purchased":["Kunai"],"campfire_rested":2,"item_purchase_floors":[10],"current_hp_per_floor":[80,80,80,80,80,70,56,50,50,50,50,55,46,46,79,70,78,46,51,35,23,25,58,31,10,10,0,0],"gold":374,"neow_bonus":"THREE_ENEMY_KILL","is_daily":false,"chose_seed":false,"campfire_upgraded":0,"win_rate":0.0,"timestamp":1614112779,"path_taken":["M","?","?","?","M","E","M","E","T","?","$","M","M","?","R","BOSS","M","?","M","?","M","R","?","?","T","E"],"items_purchased_type":["Relic"],"build_version":"2020-12-22","purchased_purges":0,"victory":false,"max_hp_per_floor":[80,80,80,80,80,80,80,80,80,80,80,80,80,80,80,80,80,80,80,80,80,80,80,80,80,80,80,80],"card_choices":[{"not_picked":["Clash","Ghostly Armor"],"picked":"Perfected Strike","floor":1.0},{"not_picked":["Body Slam","Evolve"],"picked":"Shrug It Off","floor":4.0},{"not_picked":["Shockwave","Sword Boomerang"],"picked":"Inflame","floor":5.0},{"not_picked":["Iron Wave","Fire Breathing","Anger"],"picked":"SKIP","floor":6.0},{"not_picked":["Rupture","Flex"],"picked":"Cleave","floor":7.0},{"not_picked":["Body Slam","Cleave"],"picked":"Immolate","floor":8.0},{"not_picked":["Battle Trance","Twin Strike","Shockwave"],"picked":"SKIP","floor":12},{"not_picked":["Clothesline","Anger"],"picked":"Whirlwind","floor":13},{"not_picked":["Anger","Twin Strike"],"picked":"Cleave+1","floor":18},{"not_picked":["Twin Strike","Searing Blow","Power Through"],"picked":"SKIP","floor":19},{"not_picked":["Battle Trance","Clothesline+1"],"picked":"Cleave+1","floor":20},{"not_picked":["Thunderclap","Perfected Strike","Rampage+1"],"picked":"SKIP","floor":22},{"not_picked":["Anger","Uppercut+1","Headbutt+1"],"picked":"SKIP","floor":24},{"not_picked":["Sentinel+1","Disarm"],"picked":"Armaments+1","floor":25}],"player_experience":242507,"relics_obtained":[{"floor":6.0,"key":"Eternal Feather"},{"floor":8.0,"key":"Mummified Hand"},{"floor":9.0,"key":"Nunchaku"},{"floor":26,"key":"Ornamental Fan"}],"event_choices":[{"damage_healed":0.0,"max_hp_gain":0.0,"max_hp_loss":0.0,"gold_gain":0.0,"event_name":"The Cleric","player_choice":"Leave","floor":2.0,"gold_loss":0.0,"damage_taken":0.0},{"damage_healed":0.0,"max_hp_gain":0.0,"max_hp_loss":0.0,"gold_gain":0.0,"event_name":"Lab","player_choice":"Got Potions","floor":3.0,"gold_loss":0.0,"damage_taken":0.0},{"damage_healed":0,"gold_gain":0,"player_choice":"Cursed","damage_taken":0,"max_hp_gain":0,"max_hp_loss":0,"event_name":"Wheel of Change","floor":14,"gold_loss":0,"cards_obtained":["Decay"]},{"damage_healed":0,"gold_gain":90,"player_choice":"GOLD ","damage_taken":12,"max_hp_gain":0,"max_hp_loss":0,"event_name":"Knowing Skull","floor":21,"potions_obtained":[],"gold_loss":0,"cards_obtained":[]}],"is_beta":false,"boss_relics":[{"not_picked":["Sozu","Ectoplasm"],"picked":"Astrolabe"}],"items_purged_floors":[],"is_endless":false,"potions_floor_spawned":[6,7,8,12,13,18,20,22,25],"killed_by":"Slavers","ascension_level":5}}