{"host":"nwd160me4iqdtr8u","time":1614107038,"event":{"mods":["AchievementEnabler","Act Like it!","BaseMod","Colored Map","DeckTracker","Hallownest","Keyboard Shortcuts","Minty Spire (QoL Compilation)","Quick Restart","Rare Cards Sparkle","Smile Girya","StSLib","SuperFastMode","The Bug Knight","everything is the same but u backflip on backflip"],"gold_per_floor":[119,44,56,56,67,67,96,109,109,109,129,129,142,153,153,257,257,276,276,276,19,19,19,53,53,53,53,65,95,146,157,157,258,258,277,277,70,1,18,18,50,62,62,182,202,215,215,215,215,215],"floor_reached":51,"language":"KOR","playtime":4461,"items_purged":["Clumsy","HollowMod:NailStrikeStart","HollowMod:FocusHealStart"],"score":908,"play_id":"2231034e-fba2-4128-bae3-6ca6dc16f981","local_time":"20210224040358","is_ascension_mode":true,"campfire_choices":[{"data":"HollowMod:MonarchWings","floor":6.0,"key":"SMITH"},{"floor":10.0,"key":"REST"},{"data":"HollowMod:DungDefenderAura","floor":15.0,"key":"SMITH"},{"floor":23.0,"key":"REST"},{"data":"HollowMod:CoiledNail","floor":27.0,"key":"SMITH"},{"data":"HollowMod:SoulSplash","floor":32.0,"key":"SMITH"},{"data":"HollowMod:CoiledNail","floor":40.0,"key":"SMITH"},{"data":"HollowMod:MonarchWings","floor":47.0,"key":"SMITH"},{"data":"Hallownest:skillHoundingGlaives","floor":49,"key":"SMITH"}],"circlet_count":0,"master_deck":["HollowMod:NailStrikeStart","HollowMod:NailStrikeStart","HollowMod:NailStrikeStart","HollowMod:QuickDashStart","HollowMod:QuickDashStart","HollowMod:QuickDashStart","HollowMod:QuickDashStart","HollowMod:PogoStrike","HollowMod:MonarchWings+1","HollowMod:InfectedCysts","HollowMod:DoubleDash","HollowMod:ChannelNail","HollowMod:CoiledNail+1","HollowMod:DungDefenderAura+1","HollowMod:SlysStrikes","HollowMod:FastStrike","HollowMod:PerfectDash","HollowMod:GrimmsGift","HollowMod:SoulSplash+1","HollowMod:RecoilStrike+1","HollowMod:MonarchWings+1","HollowMod:CoiledNail+1","HollowMod:SiblingsSouls+1","Hallownest:skillHoundingGlaives+1"],"relics":["HollowMod:VesselMask","Gambling Chip","Boot","Mercury Hourglass","Hallownest:DreamNailRelic","Snecko Eye","Bag of Preparation","HandDrill","Torii","TungstenRod","White Beast Statue","Blood Vial","Cursed Key","HornCleat"],"acts_visited":["Hallownest:Greenpath","Hallownest:CityofTears","Hallownest:KingdomsEdge"],"potions_floor_usage":[50,50],"damage_taken":[{"damage":0.0,"enemies":"Hallownest:2_Baldur","floor":1.0,"turns":3.0},{"damage":5.0,"enemies":"Hallownest:monsterHuskGuard","floor":3.0,"turns":4.0},{"damage":7.0,"enemies":"2_ Uuma","floor":5.0,"turns":6.0},{"damage":51.0,"enemies":"Hallownest:eliteCrystalGuardian","floor":7.0,"turns":7.0},{"damage":8.0,"enemies":"Hallownest:Wandering_and_Horned","floor":8.0,"turns":5.0},{"damage":15.0,"enemies":"Hallownest:2_Tiktiks_1_Baldur_1_Crawlid","floor":11.0,"turns":5.0},{"damage":2.0,"enemies":"Hallownest:Guard_and_Warrior","floor":13.0,"turns":6.0},{"damage":15.0,"enemies":"Hallownest:1_Ooma_and_2_Uuma","floor":14.0,"turns":7.0},{"damage":42.0,"enemies":"Hallownest:BossFalseKnight","floor":16.0,"turns":14.0},{"damage":22.0,"enemies":"Hallownest:Guard_and_Sentry","floor":18.0,"turns":5.0},{"damage":14.0,"enemies":"Hallownest:Nosk","floor":24.0,"turns":8.0},{"damage":0.0,"enemies":"Hallownest:Flukemon_and_Top","floor":28.0,"turns":5.0},{"damage":0.0,"enemies":"Hallownest:eliteSoulWarrior","floor":29.0,"turns":5.0},{"damage":0.0,"enemies":"Hallownest:Glutton_and_Coward","floor":30.0,"turns":4.0},{"damage":1.0,"enemies":"Hallownest:monsterShrumalOgre","floor":31.0,"turns":3.0},{"damage":6.0,"enemies":"Hallownest:BossGrimm","floor":33.0,"turns":7.0},{"damage":0.0,"enemies":"Hallownest:2_Littles","floor":35.0,"turns":4.0},{"damage":0.0,"enemies":"Hallownest:Shield_Heavy","floor":39.0,"turns":3.0},{"damage":9.0,"enemies":"Hallownest:eliteHiveKnight","floor":41.0,"turns":6.0},{"damage":0.0,"enemies":"Hallownest:monsterPrimalAspid","floor":42.0,"turns":3.0},{"damage":0.0,"enemies":"Hallownest:monsterPrimalAspid","floor":44.0,"turns":4.0},{"damage":0.0,"enemies":"Hallownest:monsterPrimalAspid","floor":44.0,"turns":4.0},{"damage":0.0,"enemies":"Hallownest:monsterPrimalAspid","floor":44.0,"turns":2.0},{"damage":0.0,"enemies":"Hallownest:2_Wandering_and_1_Horned","floor":45.0,"turns":6.0},{"damage":9.0,"enemies":"Hallownest:Xero_Hu_Marmu","floor":46.0,"turns":6.0},{"damage":25,"enemies":"Hallownest:BossGreyPrinceZote","floor":50,"turns":8}],"seed_played":"7818780856446522683","potions_obtained":[{"floor":1.0,"key":"DuplicationPotion"},{"floor":7.0,"key":"Strength Potion"},{"floor":13.0,"key":"SkillPotion"},{"floor":16.0,"key":"PowerPotion"},{"floor":24.0,"key":"Energy Potion"},{"floor":28.0,"key":"BlessingOfTheForge"},{"floor":30.0,"key":"Energy Potion"},{"floor":31.0,"key":"SpeedPotion"},{"floor":33.0,"key":"Regen Potion"},{"floor":35.0,"key":"Fire Potion"},{"floor":41.0,"key":"EssenceOfSteel"},{"floor":42.0,"key":"SteroidPotion"},{"floor":45.0,"key":"DistilledChaos"},{"floor":46.0,"key":"Explosive Potion"}],"is_trial":false,"path_per_floor":["M","$","M","?","M","R","E","M","T","R","M","?","M","M","R","B",null,"M","?","?","$","T","R","E","?","T","R","M","E","M","M","R","B",null,"M","?","$","$","M","R","E","M","T","?","M","M","R","?","R","B",null],"character_chosen":"THE_BUGKNIGHT","items_purchased":["HandDrill","HollowMod:MonarchWings","HollowMod:CoiledNail"],"campfire_rested":2,"item_purchase_floors":[21,37,38],"current_hp_per_floor":[74,74,72,72,71,71,20,18,18,40,45,45,49,34,34,2,57,35,35,35,35,35,57,49,49,49,49,49,49,51,52,52,48,68,75,75,75,75,75,75,66,68,68,74,75,66,66,66,66,43],"gold":215,"neow_bonus":"ONE_RARE_RELIC","is_daily":false,"chose_seed":false,"campfire_upgraded":7,"win_rate":0.0,"timestamp":1614107038,"path_taken":["M","$","M","?","M","R","E","M","T","R","M","?","M","M","R","BOSS","M","?","?","?","?","R","E","?","T","R","M","E","M","M","R","BOSS","M","?","$","?","M","R","E","M","T","?","?","M","R","?","R","BOSS"],"items_purchased_type":["Relic","Card","Card"],"build_version":"2020-12-22","purchased_purges":3,"victory":true,"max_hp_per_floor":[75,75,75,75,75,75,75,75,75,75,75,75,75,75,75,75,75,75,75,75,75,75,75,75,75,75,75,75,75,75,75,75,75,75,75,75,75,75,75,75,75,75,75,75,75,75,75,75,75,75],"card_choices":[{"not_picked":["HollowMod:InfectedAttack","HollowMod:BlackTendrils","HollowMod:DesolateDive"],"picked":"SKIP","floor":1.0},{"not_picked":["HollowMod:RecoilStrike","HollowMod:SoulSplash"],"picked":"HollowMod:MonarchWings","floor":3.0},{"not_picked":["HollowMod:ShapeofUnn","HollowMod:ChannelNail"],"picked":"HollowMod:InfectedCysts","floor":5.0},{"not_picked":["HollowMod:SharpenedShadows","HollowMod:VengefulVoid"],"picked":"HollowMod:DoubleDash","floor":7.0},{"not_picked":["HollowMod:WraithStrike","HollowMod:InfectedCysts"],"picked":"HollowMod:ChannelNail","floor":8.0},{"not_picked":["HollowMod:SoulStrike","HollowMod:DescendingDark"],"picked":"HollowMod:CoiledNail","floor":11.0},{"not_picked":["HollowMod:SoulStrike","HollowMod:DoubleDash","HollowMod:ChannelNail"],"picked":"SKIP","floor":13.0},{"not_picked":["HollowMod:HerrahsAnger","HollowMod:GoodIntentions"],"picked":"HollowMod:DungDefenderAura","floor":14.0},{"not_picked":["HollowMod:LordofShades","HollowMod:PureVessel"],"picked":"HollowMod:SlysStrikes","floor":16.0},{"not_picked":["HollowMod:ChannelNail","HollowMod:MawleksShell+1"],"picked":"HollowMod:FastStrike","floor":18.0},{"not_picked":["HollowMod:RecoilStrike","HollowMod:SiblingsSouls"],"picked":"HollowMod:PerfectDash","floor":20.0},{"not_picked":["HollowMod:NewLittleFool","HollowMod:SharpenedNail","HollowMod:ChannelNail+1"],"picked":"SKIP","floor":24.0},{"not_picked":["HollowMod:NewLittleFool","HollowMod:CornifersMapStart"],"picked":"HollowMod:GrimmsGift","floor":28.0},{"not_picked":["HollowMod:MonomonsArchive","HollowMod:LifebloodCocoon","HollowMod:HeavyBlow"],"picked":"SKIP","floor":29.0},{"not_picked":["HollowMod:BaldurShell","HollowMod:Grubsong"],"picked":"HollowMod:SoulSplash","floor":30.0},{"not_picked":["HollowMod:FallenFury","HollowMod:NewLittleFool"],"picked":"HollowMod:RecoilStrike+1","floor":31.0},{"not_picked":["HollowMod:FastStrike+1","HollowMod:CloakDash+1","HollowMod:MawleksShell"],"picked":"SKIP","floor":35.0},{"not_picked":["HollowMod:CornifersMapStart","HollowMod:RecoilStrike+1","HollowMod:SoulShaman+1"],"picked":"SKIP","floor":39.0},{"not_picked":["HollowMod:LifebloodCocoon","HollowMod:InfectedCysts+1","HollowMod:SoulSplash"],"picked":"SKIP","floor":41.0},{"not_picked":["HollowMod:FallenFury+1","HollowMod:SoulStrike+1"],"picked":"HollowMod:SiblingsSouls+1","floor":42.0},{"not_picked":["HollowMod:SharpenedNail","HollowMod:PureNailStrike","HollowMod:MonarchWings"],"picked":"SKIP","floor":45.0},{"not_picked":["HollowMod:CornifersMapStart+1","HollowMod:Grubsong+1","HollowMod:PureVessel"],"picked":"SKIP","floor":46.0},{"not_picked":["HollowMod:CornifersMapStart+1","HollowMod:Grubsong+1","HollowMod:PureVessel"],"picked":"SKIP","floor":46.0}],"player_experience":506167,"relics_obtained":[{"floor":7.0,"key":"Boot"},{"floor":9.0,"key":"Mercury Hourglass"},{"floor":22.0,"key":"Torii"},{"floor":24.0,"key":"TungstenRod"},{"floor":26.0,"key":"White Beast Statue"},{"floor":29.0,"key":"Blood Vial"},{"floor":41.0,"key":"HornCleat"}],"event_choices":[],"is_beta":false,"boss_relics":[{"not_picked":["Velvet Choker","Empty Cage"],"picked":"Snecko Eye"},{"not_picked":["HollowMod:VoidIdolRelic","Runic Dome"],"picked":"Cursed Key"}],"items_purged_floors":[2,21,37],"is_endless":false,"potions_floor_spawned":[1,7,13,16,24,28,29,30,31,33,35,39,41,42,44,44,44,45,46],"ascension_level":6}}