{"host":"0r455zfix56tawas","time":1614099640,"event":{"mods":["AlwaysNeverKeys","BaseMod","Colored Powertips","Downfall","Highlight Path","Minty Spire (QoL Compilation)","Permanent Neow","StSLib","The Necromancer","The Servant 0.9.4"],"gold_per_floor":[199,219,244,254,266,136,136,36,49,49,49,59,234,269,280,378,378,378,40,40,51,68,68,91,103,103,103,103,20,20,20,37,137,137,137,154,172,172,188,188,241,252,252,265,276,290,310,310,310,310],"floor_reached":49,"language":"ENG","playtime":1946,"items_purged":["Doubt"],"score":466,"play_id":"c26beb8c-dd7e-4b25-a0ef-b4aba1d8b2c9","local_time":"20210223180040","is_ascension_mode":false,"campfire_choices":[{"data":"Bone_Wall","floor":1.0,"key":"SMITH"},{"data":"Bones_to_Steel","floor":8.0,"key":"SMITH"},{"data":"Negative_Energy_Shield","floor":11,"key":"SMITH"},{"data":"Summon_Death_Knight","floor":18,"key":"SMITH"},{"data":"Discovery","floor":23,"key":"SMITH"},{"data":"Defend_W","floor":26,"key":"SMITH"},{"data":"Defend_W","floor":28,"key":"SMITH"},{"data":"Bone_Armory","floor":35,"key":"SMITH"},{"data":"Summon_Death_Knight","floor":43,"key":"SMITH"},{"floor":48,"key":"REST"}],"circlet_count":0,"master_deck":["Strike_W","Strike_W","Strike_W","Strike_W","Defend_W+1","Defend_W+1","Defend_W+1","Defend_W+1","Negative_Energy_Arrows","Bone_Wall+1","Spectral_Armor","Negative_Energy_Shield+1","Finger_Of_Death","Bones_to_Steel+1","Summon_Undead+1","Summon_Lich","Finger_Of_Death","Summon_Death_Knight+1","Discovery+1","Bone_Shift","Bone_Bullets+1","Bone_Bullets+1","Cloudkill","Bone_Armory+1","Siphon_Strength","Summon_Death_Knight+1","Parasite","Bone_Armor+1"],"relics":["Vampire_Amulet","MealTicket","downfall:HeartBlessingBlue","Du-Vu Doll","Sozu","Blood Vial","Pantograph","Busted Crown","Art of War"],"acts_visited":["Exordium","TheCity","TheBeyond"],"potions_floor_usage":[16,16],"damage_taken":[{"damage":3.0,"enemies":"Cultist","floor":2.0,"turns":5.0},{"damage":0.0,"enemies":"Jaw Worm","floor":4.0,"turns":3.0},{"damage":0.0,"enemies":"Small Slimes","floor":5.0,"turns":4.0},{"damage":0.0,"enemies":"downfall:FleeingMerchant","floor":6.0,"turns":4.0},{"damage":1.0,"enemies":"Gremlin Gang","floor":9.0,"turns":6.0},{"damage":4,"enemies":"Exordium Thugs","floor":12,"turns":6},{"damage":21,"enemies":"Lagavulin","floor":14,"turns":8},{"damage":3,"enemies":"Exordium Wildlife","floor":15,"turns":6},{"damage":31,"enemies":"IC_STATUS_ARCHETYPE","floor":16,"turns":11},{"damage":0,"enemies":"downfall:FleeingMerchant","floor":19,"turns":4},{"damage":5,"enemies":"Spheric Guardian","floor":21,"turns":6},{"damage":2,"enemies":"downfall:LooterAlt2","floor":22,"turns":4},{"damage":12,"enemies":"Sentry and Sphere","floor":25,"turns":7},{"damage":0,"enemies":"downfall:FleeingMerchant","floor":29,"turns":4},{"damage":7,"enemies":"3 Cultists","floor":32,"turns":5},{"damage":15,"enemies":"SI_MIRROR_ARCHETYPE","floor":33,"turns":16},{"damage":11,"enemies":"3 Shapes","floor":36,"turns":4},{"damage":18,"enemies":"Orb Walker","floor":37,"turns":5},{"damage":33,"enemies":"Maw","floor":39,"turns":9},{"damage":35,"enemies":"Sphere and 2 Shapes","floor":42,"turns":6},{"damage":8,"enemies":"Writhing Mass","floor":44,"turns":7},{"damage":13,"enemies":"3 Darklings","floor":45,"turns":4},{"damage":24,"enemies":"Spire Growth","floor":46,"turns":5},{"damage":28,"enemies":"Jaw Worm Horde","floor":47,"turns":5},{"damage":48,"enemies":"Writhing Mass","floor":49,"turns":3}],"seed_played":"783276286120530801","potions_obtained":[{"floor":2.0,"key":"Swift Potion"},{"floor":5.0,"key":"Regen Potion"},{"floor":12,"key":"hexamod:SoulburnPotion"},{"floor":16,"key":"ColorlessPotion"}],"is_trial":false,"path_per_floor":["R","M","T","M","M","$","T","R","M","?","R","M","?","E","M","B",null,"R","$","?","M","M","R","T","M","R","T","R","$","?","?","M","B",null,"R","M","M","?","M","?","T","M","R","M","M","M","M","R","M"],"character_chosen":"NECROMANCER","items_purchased":["Summon_Undead","Summon_Lich","Discovery","War Paint","Cloudkill"],"campfire_rested":1,"item_purchase_floors":[6,6,19,19,29],"current_hp_per_floor":[75,74,74,75,75,75,75,85,85,85,85,85,85,78,79,70,85,85,85,85,82,84,84,84,75,75,75,75,85,85,85,84,74,85,85,80,66,66,37,74,74,43,43,57,48,28,14,36,0,0],"gold":310,"neow_bonus":"HUNDRED_GOLD","is_daily":false,"chose_seed":false,"campfire_upgraded":9,"win_rate":0.0,"timestamp":1614099640,"path_taken":["R","M","?","M","?","?","T","R","M","?","R","M","?","E","M","BOSS","R","$","?","?","M","R","T","?","R","?","R","?","?","?","M","BOSS","R","M","M","?","M","?","T","M","R","M","?","M","M","R","M"],"items_purchased_type":["Card","Card","Card","Relic","Card"],"build_version":"2020-12-22","purchased_purges":1,"victory":false,"max_hp_per_floor":[75,75,75,75,75,75,75,85,85,85,85,85,85,85,85,85,85,85,85,85,85,85,85,85,85,85,85,85,85,85,85,85,85,85,85,85,85,85,85,74,74,74,74,74,74,74,74,74,74,74],"card_choices":[{"not_picked":["Spectral_Walk","Death_Knell"],"picked":"Spectral_Armor","floor":2.0},{"not_picked":["Death_Coil","Negative_Energy_Javelin"],"picked":"Negative_Energy_Shield","floor":4.0},{"not_picked":["Negative_Energy_Shield","Bone_Shift"],"picked":"Finger_Of_Death","floor":5.0},{"not_picked":["Bone_Shift","Bone_Bullets"],"picked":"Bones_to_Steel","floor":6.0},{"not_picked":["Exploit","Pandemic","Strike_from_Beyond"],"picked":"SKIP","floor":9.0},{"not_picked":["Toxic_Smoke_Screen","Blood_Whip"],"picked":"Finger_Of_Death","floor":12},{"not_picked":["Pandemic","Detonate_Bones","Death_March_Dance"],"picked":"SKIP","floor":14},{"not_picked":["Death_Knell","Vampiric_Strike","Deaths_Shadow"],"picked":"SKIP","floor":15},{"not_picked":["Blood_Magic","Negative_Energy_Bomb"],"picked":"Summon_Death_Knight","floor":16},{"not_picked":["Chill_Blood","Blood_for_Blood+1","Blood_Curse"],"picked":"SKIP","floor":19},{"not_picked":["Bone_Prison+1","Acid_Javelin"],"picked":"Bone_Shift","floor":21},{"not_picked":["Flesh_Made_Foul","Scare"],"picked":"Bone_Bullets+1","floor":22},{"not_picked":["Bone_Spikes","Bone_Prison","Whirlwind_of_Bones+1"],"picked":"SKIP","floor":25},{"not_picked":["Bones_to_Steel+1","Blood_Whip+1"],"picked":"Bone_Bullets+1","floor":29},{"not_picked":["Bone_Shift+1","Chill_Blood"],"picked":"Siphon_Strength","floor":32},{"not_picked":["Blood_Wake","Grasp_Heart"],"picked":"Summon_Death_Knight","floor":33},{"not_picked":["Negative_Energy_Javelin+1"],"picked":"SKIP","floor":36},{"not_picked":["Bone_Shift"],"picked":"SKIP","floor":37},{"not_picked":["Flesh_Made_Foul+1"],"picked":"SKIP","floor":39},{"not_picked":["Flesh_Made_Foul+1"],"picked":"SKIP","floor":39},{"not_picked":["Plague_Bolt+1"],"picked":"SKIP","floor":42},{"not_picked":["Blood_Whip+1"],"picked":"SKIP","floor":44},{"not_picked":["Death_Knell"],"picked":"SKIP","floor":45},{"not_picked":["Negative_Energy_Mist"],"picked":"SKIP","floor":46},{"not_picked":[],"picked":"Bone_Armor+1","floor":47}],"player_experience":1021307,"relics_obtained":[{"floor":7.0,"key":"MealTicket"},{"floor":14,"key":"Du-Vu Doll"},{"floor":24,"key":"Blood Vial"},{"floor":27,"key":"Pantograph"},{"floor":41,"key":"Art of War"}],"event_choices":[{"damage_healed":0,"gold_gain":0,"player_choice":"Grow","damage_taken":0,"max_hp_gain":0,"max_hp_loss":0,"event_name":"Living Wall","floor":10,"gold_loss":0,"cards_upgraded":["Summon_Undead"]},{"damage_healed":0,"gold_gain":0,"player_choice":"Read","damage_taken":0,"max_hp_gain":0,"max_hp_loss":0,"event_name":"The Library","floor":30,"gold_loss":0,"cards_obtained":["Bone_Armory"]},{"damage_healed":0,"gold_gain":0,"player_choice":"Ignored","damage_taken":0,"max_hp_gain":0,"max_hp_loss":0,"event_name":"Mysterious Sphere","floor":38,"gold_loss":0}],"is_beta":false,"boss_relics":[{"not_picked":["SlaversCollar","Empty Cage"],"picked":"Sozu"},{"not_picked":["Astrolabe","Coffee Dripper"],"picked":"Busted Crown"}],"items_purged_floors":[19],"is_endless":false,"potions_floor_spawned":[2,5,12,14,16,22,33,44,45,46],"killed_by":"Writhing Mass","ascension_level":0}}