{"host":"2zq1cv117yq1teno","time":1614094023,"event":{"mods":["BaseMod","Downfall","Friendly Minions","Hermit","Highlight Path","Marisa????????","Minty Spire (QoL Compilation)","Quick Restart","Replay The Spire","StSLib","The Bug Knight","The Cursed","The Servant 0.9.4"],"gold_per_floor":[99,119,138,153,168,185,265,285,297,308,308,67,92,92,112,210,210,10,25,38,49,149,163,163,173,173,173,173],"floor_reached":26,"language":"ENG","playtime":2150,"items_purged":["Slimebound:Strike_Slimebound"],"score":218,"play_id":"16973f98-dc49-49ba-a331-dd73c6489bec","local_time":"20210223102703","is_ascension_mode":false,"campfire_choices":[{"floor":1.0,"key":"RECALL"},{"data":"Slimebound:PrepareCrush","floor":11.0,"key":"SMITH"},{"floor":18.0,"key":"DIG"}],"circlet_count":0,"master_deck":["Slimebound:Strike_Slimebound","Slimebound:Strike_Slimebound","Slimebound:Tackle","Slimebound:Defend_Slimebound","Slimebound:Defend_Slimebound+1","Slimebound:Defend_Slimebound","Slimebound:Defend_Slimebound+1","Slimebound:Split","Slimebound:CorrosiveSpit","Slimebound:HauntingLick","Slimebound:BestDefense","Slimebound:LevelUp","Slimebound:SplitLeeching","Slimebound:SplitMire","Slimebound:LeechingTouch","Slimebound:LeechingTouch","Slimebound:PrepareCrush+1","Slimebound:SpikyOuterGoop","Slimebound:LeechEnergy+1","downfall:Malfunctioning","Slimebound:Replication","Slimebound:DuplicatedForm","Slimebound:LevelUp+1","Slimebound:SlimeSpikes","Slimebound:GoopSpray","Slimebound:Gluttony","Slimebound:LevelUp"],"relics":["Slimebound:AbsorbEndCombat","Slimebound:SelfDamagePreventRelic","Replay:Arrowhead","Philosopher\u0027s Stone","downfall:HeartBlessingGreen","downfall:HeartBlessingRed","Anchor","CaptainsWheel","Matryoshka","Toxic Egg 2","Ginger"],"acts_visited":["Exordium","TheCity"],"potions_floor_usage":[],"damage_taken":[{"damage":0.0,"enemies":"Cultist","floor":2.0,"turns":4.0},{"damage":0.0,"enemies":"2 Louse","floor":3.0,"turns":3.0},{"damage":5.0,"enemies":"Jaw Worm","floor":4.0,"turns":5.0},{"damage":13.0,"enemies":"downfall:LooterAlt","floor":5.0,"turns":3.0},{"damage":7.0,"enemies":"2 Fungi Beasts","floor":6.0,"turns":4.0},{"damage":16.0,"enemies":"3 Louse","floor":8.0,"turns":4.0},{"damage":1.0,"enemies":"downfall:LooterAlt","floor":9.0,"turns":4.0},{"damage":19.0,"enemies":"Exordium Thugs","floor":10.0,"turns":5.0},{"damage":5.0,"enemies":"downfall:FleeingMerchant","floor":12.0,"turns":4.0},{"damage":10.0,"enemies":"Lagavulin","floor":13.0,"turns":7.0},{"damage":3.0,"enemies":"Gremlin Gang","floor":15.0,"turns":5.0},{"damage":5.0,"enemies":"SI_SHIV_ARCHETYPE","floor":16.0,"turns":10.0},{"damage":26.0,"enemies":"Shell Parasite","floor":19.0,"turns":4.0},{"damage":24.0,"enemies":"downfall:LooterAlt2","floor":20.0,"turns":5.0},{"damage":26.0,"enemies":"Shelled Parasite and Fungi","floor":21.0,"turns":7.0},{"damage":7.0,"enemies":"Colosseum Nobs","floor":22.0,"turns":6.0},{"damage":33.0,"enemies":"3 Cultists","floor":23.0,"turns":6.0},{"damage":33.0,"enemies":"Snecko","floor":25.0,"turns":7.0},{"damage":37,"enemies":"Gremlin Leader","floor":26,"turns":4}],"seed_played":"-1656755394610698591","potions_obtained":[{"floor":4.0,"key":"Fruit Juice"},{"floor":6.0,"key":"hexamod:SoulburnPotion"},{"floor":8.0,"key":"Dexterity Potion"},{"floor":10.0,"key":"FearPotion"},{"floor":23.0,"key":"SkillPotion"}],"is_trial":false,"path_per_floor":["R","M","M","M","M","M","T","M","M","M","R","$","E","?","M","B",null,"R","M","M","M","?","M","T","M","E"],"character_chosen":"SLIMEBOUND","items_purchased":["Slimebound:SelfDamagePreventRelic"],"campfire_rested":0,"item_purchase_floors":[12],"current_hp_per_floor":[71,71,71,75,66,63,63,53,54,39,39,40,38,38,41,44,76,76,69,66,48,45,35,35,19,0,0,0],"gold":173,"neow_bonus":"TEN_PERCENT_HP_BONUS","is_daily":false,"chose_seed":false,"campfire_upgraded":1,"win_rate":0.0,"timestamp":1614094023,"path_taken":["R","M","M","M","?","M","T","M","M","M","R","?","E","?","M","BOSS","R","M","M","M","?","M","T","M","E"],"items_purchased_type":["Relic"],"build_version":"2020-12-22","purchased_purges":1,"victory":false,"max_hp_per_floor":[71,71,71,76,76,76,76,76,76,76,76,76,76,76,76,76,76,76,76,76,76,76,76,76,76,76,76,76],"card_choices":[{"not_picked":["Slimebound:SamplingLick","Slimebound:FlameTackle"],"picked":"Slimebound:HauntingLick","floor":2.0},{"not_picked":["Slimebound:SamplingLick","Slimebound:Prepare"],"picked":"Slimebound:BestDefense","floor":3.0},{"not_picked":["Slimebound:RollThrough","Slimebound:HauntingLick"],"picked":"Slimebound:LevelUp","floor":4.0},{"not_picked":["Slimebound:LivingWall","Slimebound:Prepare"],"picked":"Slimebound:SplitLeeching","floor":5.0},{"not_picked":["Slimebound:HauntingLick","Slimebound:GoopTackle"],"picked":"Slimebound:SplitMire","floor":6.0},{"not_picked":["Slimebound:DisruptingSlam","Slimebound:SlimeTap"],"picked":"Slimebound:LeechingTouch","floor":8.0},{"not_picked":["Slimebound:GoopTackle","Slimebound:ComboTackle"],"picked":"Slimebound:LeechingTouch","floor":9.0},{"not_picked":["Slimebound:GrowthPunch","Slimebound:ForwardTackle"],"picked":"Slimebound:PrepareCrush","floor":10.0},{"not_picked":["Slimebound:DisruptingSlam","Slimebound:FinishingTackle"],"picked":"Slimebound:SpikyOuterGoop","floor":12.0},{"not_picked":["Slimebound:Replication","Slimebound:ComboTackle"],"picked":"Slimebound:LeechEnergy","floor":13.0},{"not_picked":["Slimebound:GoopTackle","Slimebound:WasteNot"],"picked":"Slimebound:Replication","floor":15.0},{"not_picked":["Slimebound:LeechLife","Slimebound:MassFeed"],"picked":"Slimebound:DuplicatedForm","floor":16.0},{"not_picked":["Slimebound:PressTheAttack+1","Slimebound:SplitAcid"],"picked":"Slimebound:LevelUp+1","floor":19.0},{"not_picked":["Slimebound:ComboTackle","Slimebound:TongueLash"],"picked":"Slimebound:SlimeSpikes","floor":20.0},{"not_picked":["Slimebound:SplitAcid","Slimebound:Grow"],"picked":"Slimebound:GoopSpray","floor":21.0},{"not_picked":["Slimebound:FirmFortitude","Slimebound:ComboTackle"],"picked":"Slimebound:Gluttony","floor":23.0},{"not_picked":["Slimebound:Prepare+1","Slimebound:LeechEnergy"],"picked":"Slimebound:LevelUp","floor":25.0}],"player_experience":85111,"relics_obtained":[{"floor":13.0,"key":"Replay:Arrowhead"},{"floor":18.0,"key":"Anchor"},{"floor":22.0,"key":"CaptainsWheel"},{"floor":22.0,"key":"Matryoshka"},{"floor":24.0,"key":"Toxic Egg 2"},{"floor":24.0,"key":"Ginger"}],"event_choices":[],"is_beta":false,"boss_relics":[{"not_picked":["Replay:Bronze Core","Pandora\u0027s Box"],"picked":"Philosopher\u0027s Stone"}],"items_purged_floors":[12],"is_endless":false,"potions_floor_spawned":[4,6,8,10,16,20,21,23],"killed_by":"Gremlin Leader","ascension_level":0}}