{"host":"Tylorde","time":1614057362,"event":{"mods":["BaseMod","Minty Spire (QoL Compilation)","Weighted Paths"],"gold_per_floor":[114,289,364,376,376,405,405,430,453,453,111,111,111,146,146,243,243,262,262,222,241,260,294,294,307,307,319,349,349,349,368,368,464,464,479,479,489,41,56,87,87,116,141,79,79,92,92,92],"floor_reached":47,"language":"ENG","playtime":2821,"items_purged":["Strike_G","Strike_G"],"score":967,"play_id":"abb915f7-e3be-40e2-b363-52315fc1ef2c","local_time":"20210222211602","is_ascension_mode":true,"campfire_choices":[{"data":"Skewer","floor":7,"key":"SMITH"},{"floor":10,"key":"REST"},{"data":"Noxious Fumes","floor":12,"key":"SMITH"},{"data":"Bouncing Flask","floor":15,"key":"SMITH"},{"data":"Catalyst","floor":24,"key":"SMITH"},{"floor":30,"key":"REST"},{"floor":32,"key":"REST"},{"floor":41,"key":"RECALL"},{"floor":45,"key":"REST"}],"circlet_count":0,"master_deck":["AscendersBane","Strike_G","Strike_G","Defend_G","Defend_G","Defend_G","Defend_G","Defend_G","Survivor","Neutralize","Skewer+1","Endless Agony","Bouncing Flask+1","Flying Knee","Backstab","Noxious Fumes+1","Catalyst+1","Wraith Form v2","Caltrops","Wraith Form v2","Deflect","Backflip","Prepared","Leg Sweep","Night Terror","PiercingWail+1","Finesse","Dagger Throw+1","Deadly Poison+1","Escape Plan"],"relics":["Ring of the Snake","NeowsBlessing","Happy Flower","Unceasing Top","Bag of Marbles","TwistedFunnel","Potion Belt","Boot","SacredBark","HornCleat","The Courier","Smiling Mask","Philosopher\u0027s Stone","InkBottle","Anchor","Gremlin Horn","Omamori","Strawberry","Centennial Puzzle"],"acts_visited":["Exordium","TheCity","TheBeyond"],"potions_floor_usage":[8,16,23,28,28,33,33,40,42,42,47],"damage_taken":[{"damage":0,"enemies":"Jaw Worm","floor":1,"turns":1},{"damage":0,"enemies":"Small Slimes","floor":4,"turns":1},{"damage":0,"enemies":"Gremlin Nob","floor":6,"turns":1},{"damage":42,"enemies":"3 Sentries","floor":8,"turns":9},{"damage":7,"enemies":"Gremlin Nob","floor":14,"turns":3},{"damage":8,"enemies":"Hexaghost","floor":16,"turns":7},{"damage":1,"enemies":"3 Byrds","floor":18,"turns":3},{"damage":7,"enemies":"Shell Parasite","floor":21,"turns":4},{"damage":7,"enemies":"Chosen and Byrds","floor":22,"turns":4},{"damage":25,"enemies":"Gremlin Leader","floor":23,"turns":8},{"damage":9,"enemies":"Cultist and Chosen","floor":25,"turns":5},{"damage":4,"enemies":"Snecko","floor":27,"turns":3},{"damage":26,"enemies":"Slavers","floor":28,"turns":5},{"damage":27,"enemies":"Centurion and Healer","floor":31,"turns":8},{"damage":19,"enemies":"Collector","floor":33,"turns":9},{"damage":2,"enemies":"Orb Walker","floor":35,"turns":4},{"damage":0,"enemies":"3 Shapes","floor":37,"turns":5},{"damage":8,"enemies":"Writhing Mass","floor":39,"turns":6},{"damage":14,"enemies":"Giant Head","floor":40,"turns":9},{"damage":37,"enemies":"Reptomancer","floor":42,"turns":7},{"damage":1,"enemies":"Spire Growth","floor":46,"turns":5},{"damage":44,"enemies":"Nemesis","floor":47,"turns":5}],"seed_played":"1366746044173327824","potions_obtained":[{"floor":1,"key":"LiquidMemories"},{"floor":4,"key":"FearPotion"},{"floor":8,"key":"LiquidBronze"},{"floor":14,"key":"Weak Potion"},{"floor":18,"key":"Regen Potion"},{"floor":20,"key":"Dexterity Potion"},{"floor":20,"key":"CultistPotion"},{"floor":28,"key":"Dexterity Potion"},{"floor":31,"key":"Fire Potion"},{"floor":33,"key":"FearPotion"},{"floor":37,"key":"Swift Potion"},{"floor":39,"key":"EssenceOfSteel"},{"floor":40,"key":"Fruit Juice"}],"is_trial":false,"path_per_floor":["M","?","?","M","?","E","R","E","T","R","$","R","T","E","R","B",null,"M","?","?","M","M","E","R","M","T","M","E","T","R","M","R","B",null,"M","?","M","$","M","E","R","E","T","?","R","M","E"],"character_chosen":"THE_SILENT","items_purchased":["TwistedFunnel","Backstab","Noxious Fumes","InkBottle","Anchor","GhostInAJar"],"campfire_rested":4,"item_purchase_floors":[11,11,11,38,38,38],"current_hp_per_floor":[63,63,52,52,52,52,52,10,10,31,31,31,31,24,24,16,57,56,56,56,49,42,57,57,48,48,44,18,18,39,12,33,14,56,54,54,54,54,46,32,32,5,12,12,38,37,0,0],"gold":92,"neow_bonus":"THREE_ENEMY_KILL","is_daily":false,"chose_seed":false,"campfire_upgraded":4,"win_rate":0.0,"timestamp":1614057362,"path_taken":["M","?","?","M","?","E","R","E","T","R","$","R","?","E","R","BOSS","M","?","?","?","M","E","R","M","T","M","E","?","R","?","R","BOSS","M","?","M","$","M","E","R","E","T","?","R","M","E"],"items_purchased_type":["Relic","Card","Card","Relic","Relic","Potion"],"build_version":"2020-12-18","purchased_purges":2,"victory":false,"max_hp_per_floor":[70,70,70,70,70,70,70,70,70,70,70,70,70,70,70,70,70,70,70,70,70,70,70,70,70,70,70,70,70,70,70,70,70,70,70,70,70,70,70,70,70,80,87,87,87,87,87,87],"card_choices":[{"not_picked":["Catalyst","Outmaneuver"],"picked":"Skewer","floor":1},{"not_picked":["Sucker Punch","Blade Dance"],"picked":"Endless Agony","floor":4},{"not_picked":["Dagger Throw","Skewer"],"picked":"Flying Knee","floor":6},{"not_picked":["Flechettes","Flying Knee","Distraction"],"picked":"SKIP","floor":8},{"not_picked":["Bouncing Flask","Noxious Fumes"],"picked":"Catalyst","floor":14},{"not_picked":["Die Die Die","Doppelganger"],"picked":"Wraith Form v2","floor":16},{"not_picked":["Blade Dance","Riddle With Holes","Underhanded Strike"],"picked":"SKIP","floor":18},{"not_picked":["Bane","Flechettes","Skewer+1"],"picked":"SKIP","floor":21},{"not_picked":["Riddle With Holes","Distraction"],"picked":"Caltrops","floor":22},{"not_picked":["Choke","Underhanded Strike"],"picked":"Wraith Form v2","floor":23},{"not_picked":["Backstab","Flying Knee"],"picked":"Deflect","floor":25},{"not_picked":["Deflect+1","Flechettes"],"picked":"Backflip","floor":27},{"not_picked":["Blade Dance","Dodge and Roll"],"picked":"Prepared","floor":28},{"not_picked":["Quick Slash","Outmaneuver"],"picked":"Leg Sweep","floor":31},{"not_picked":["Envenom","Storm of Steel"],"picked":"Night Terror","floor":33},{"not_picked":["Deadly Poison","Dash"],"picked":"PiercingWail+1","floor":35},{"not_picked":["Good Instincts","Dramatic Entrance"],"picked":"Finesse","floor":36},{"not_picked":["Underhanded Strike","Dodge and Roll"],"picked":"Dagger Throw+1","floor":37},{"not_picked":["Heel Hook+1","Dodge and Roll"],"picked":"Deadly Poison+1","floor":39},{"not_picked":["Prepared","Sucker Punch"],"picked":"Escape Plan","floor":40},{"not_picked":["Deadly Poison","Phantasmal Killer","Riddle With Holes"],"picked":"SKIP","floor":42},{"not_picked":["PiercingWail","Bane+1","Outmaneuver"],"picked":"SKIP","floor":46}],"player_experience":906466,"relics_obtained":[{"floor":6,"key":"Happy Flower"},{"floor":8,"key":"Unceasing Top"},{"floor":9,"key":"Bag of Marbles"},{"floor":13,"key":"Potion Belt"},{"floor":14,"key":"Boot"},{"floor":23,"key":"HornCleat"},{"floor":26,"key":"The Courier"},{"floor":28,"key":"Smiling Mask"},{"floor":40,"key":"Gremlin Horn"},{"floor":42,"key":"Omamori"},{"floor":43,"key":"Strawberry"}],"event_choices":[{"damage_healed":0,"gold_gain":175,"player_choice":"AGREE","damage_taken":0,"max_hp_gain":0,"max_hp_loss":0,"event_name":"Liars Game","floor":2,"gold_loss":0,"cards_obtained":["Doubt"]},{"damage_healed":0,"gold_gain":75,"player_choice":"Gather Gold","damage_taken":11,"max_hp_gain":0,"max_hp_loss":0,"event_name":"World of Goop","floor":3,"gold_loss":0},{"damage_healed":0,"gold_gain":0,"cards_transformed":["Strike_G"],"player_choice":"Change","damage_taken":0,"max_hp_gain":0,"max_hp_loss":0,"event_name":"Living Wall","floor":5,"gold_loss":0,"cards_obtained":["Bouncing Flask"]},{"cards_removed":["Doubt"],"damage_healed":0,"gold_gain":0,"player_choice":"Elegance","damage_taken":0,"max_hp_gain":0,"max_hp_loss":0,"event_name":"Back to Basics","floor":19,"gold_loss":0},{"damage_healed":0,"gold_gain":0,"player_choice":"Bought 3 Potions","damage_taken":0,"max_hp_gain":0,"max_hp_loss":0,"event_name":"The Woman in Blue","floor":20,"gold_loss":0},{"damage_healed":0,"gold_gain":0,"player_choice":"Memory 1","damage_taken":0,"max_hp_gain":0,"max_hp_loss":0,"event_name":"SensoryStone","floor":36,"gold_loss":0},{"damage_healed":0,"gold_gain":0,"player_choice":"Paid Gold","damage_taken":0,"relics_obtained":["Centennial Puzzle"],"max_hp_gain":0,"max_hp_loss":0,"event_name":"WeMeetAgain","floor":44,"gold_loss":62}],"is_beta":true,"boss_relics":[{"not_picked":["Cursed Key","HoveringKite"],"picked":"SacredBark"},{"not_picked":["Coffee Dripper","Astrolabe"],"picked":"Philosopher\u0027s Stone"}],"items_purged_floors":[11,38],"is_endless":false,"potions_floor_spawned":[1,4,8,14,18,22,28,31,33,37,39,40],"killed_by":"Nemesis","ascension_level":12}}