{"host":"9tlw6ssh7xz6j5yh","time":1614073319,"event":{"mods":["BaseMod","Colored Map","Downfall","Minty Spire (QoL Compilation)","READ ME - Guardian Mod","Remove Card Discount Mod","Shop Mod","StSLib"],"gold_per_floor":[99,115,126,126,226,243,243,8,20,40,69,26,44,56,69,173,173,173,187,198,210,210,245,245,245,57,69,87,115,125,108,126,225,225,225,244,244,259,273,273,273,273,431,431,122,136,136,148,164,164],"floor_reached":51,"language":"ZHS","playtime":6487,"items_purged":["Slimebound:Strike_Slimebound","Slimebound:Strike_Slimebound","Slimebound:Defend_Slimebound","Slimebound:Defend_Slimebound","Slimebound:Defend_Slimebound","Slimebound:Grow","Slimebound:SplitLeeching","Slimebound:Equalize","Slimebound:Tackle"],"score":797,"play_id":"f8051a4c-91e2-4643-b019-c461a2984349","local_time":"20210223174159","is_ascension_mode":false,"campfire_choices":[{"data":"Slimebound:RollThrough","floor":1.0,"key":"SMITH"},{"data":"Slimebound:Split","floor":18.0,"key":"SMITH"},{"data":"Slimebound:Replication","floor":25.0,"key":"SMITH"},{"data":"Slimebound:CheckThePlaybook","floor":35.0,"key":"SMITH"},{"data":"Slimebound:RainOfGoop","floor":40.0,"key":"SMITH"},{"data":"Slimebound:ViciousTackle","floor":44.0,"key":"SMITH"},{"data":"expansioncontent:QuickStudy","floor":47.0,"key":"SMITH"}],"circlet_count":0,"master_deck":["Slimebound:Split+1","Slimebound:CorrosiveSpit","Slimebound:RollThrough+1","Slimebound:GoopSpray+1","Slimebound:SplitAcid","Slimebound:Schlurp","Slimebound:ComboTackle","Slimebound:LeechLife","Slimebound:Replication+1","Slimebound:GoopSpray","Slimebound:PressTheAttack","Slimebound:ItLooksTasty","Slimebound:GoopSpray","Slimebound:Prepare","Slimebound:ViciousTackle+1","Slimebound:RallyTheTroops","Slimebound:LeechEnergy","Slimebound:LeechEnergy","Slimebound:GoopTackle","Slimebound:Repurpose","Slimebound:SamplingLick","Slimebound:HauntingLick","Slimebound:RainOfGoop+1","Slimebound:CheckThePlaybook+1","Slimebound:Replication+1","Slimebound:RollThrough+1","Slimebound:Nibble","Slimebound:GoopSpray+1","Slimebound:Schlurp","expansioncontent:QuickStudy+1","Slimebound:RainOfGoop+1"],"relics":["Slimebound:AbsorbEndCombat","Happy Flower","Mercury Hourglass","Ancient Tea Set","Runic Pyramid","Pear","Omamori","Anchor","Regal Pillow","Cursed Key","Pen Nib","Orichalcum","Lee\u0027s Waffle"],"acts_visited":["Exordium","TheCity","TheBeyond"],"potions_floor_usage":[50,50,50],"damage_taken":[{"damage":3.0,"enemies":"2 Louse","floor":2.0,"turns":3.0},{"damage":11.0,"enemies":"Jaw Worm","floor":3.0,"turns":3.0},{"damage":14.0,"enemies":"downfall:Heads","floor":5.0,"turns":6.0},{"damage":0.0,"enemies":"Cultist","floor":6.0,"turns":4.0},{"damage":4.0,"enemies":"downfall:FleeingMerchant","floor":8.0,"turns":4.0},{"damage":3.0,"enemies":"Lots of Slimes","floor":9.0,"turns":2.0},{"damage":4.0,"enemies":"Large Slime","floor":10.0,"turns":5.0},{"damage":7.0,"enemies":"Lagavulin","floor":11.0,"turns":6.0},{"damage":4.0,"enemies":"downfall:FleeingMerchant","floor":12.0,"turns":4.0},{"damage":3.0,"enemies":"Red Slaver","floor":13.0,"turns":2.0},{"damage":5.0,"enemies":"Exordium Thugs","floor":14.0,"turns":2.0},{"damage":12.0,"enemies":"Blue Slaver","floor":15.0,"turns":2.0},{"damage":22.0,"enemies":"IC_STATUS_ARCHETYPE","floor":16.0,"turns":7.0},{"damage":1.0,"enemies":"3 Byrds","floor":19.0,"turns":3.0},{"damage":6.0,"enemies":"Shell Parasite","floor":20.0,"turns":5.0},{"damage":35.0,"enemies":"Shelled Parasite and Fungi","floor":21.0,"turns":4.0},{"damage":48.0,"enemies":"Slavers","floor":23.0,"turns":5.0},{"damage":6.0,"enemies":"downfall:FleeingMerchant","floor":26.0,"turns":4.0},{"damage":7.0,"enemies":"Cultist and Chosen","floor":27.0,"turns":4.0},{"damage":26.0,"enemies":"Snake Plant","floor":28.0,"turns":3.0},{"damage":65.0,"enemies":"Gremlin Leader","floor":29.0,"turns":6.0},{"damage":2.0,"enemies":"3 Cultists","floor":30.0,"turns":4.0},{"damage":0.0,"enemies":"downfall:FleeingMerchant","floor":31.0,"turns":4.0},{"damage":19.0,"enemies":"Shelled Parasite and Fungi","floor":32.0,"turns":5.0},{"damage":29.0,"enemies":"WA_ARCHETYPE_CALM","floor":33.0,"turns":7.0},{"damage":8.0,"enemies":"3 Darklings","floor":36.0,"turns":4.0},{"damage":14.0,"enemies":"Orb Walker","floor":38.0,"turns":4.0},{"damage":22.0,"enemies":"3 Darklings","floor":39.0,"turns":4.0},{"damage":6.0,"enemies":"downfall:FleeingMerchant","floor":43.0,"turns":2.0},{"damage":14.0,"enemies":"Writhing Mass","floor":46.0,"turns":4.0},{"damage":9.0,"enemies":"Maw","floor":48.0,"turns":4.0},{"damage":11.0,"enemies":"Spire Growth","floor":49.0,"turns":3.0},{"damage":91,"enemies":"SI_POISON_ARCHETYPE","floor":50,"turns":8}],"seed_played":"4576413062230761934","potions_obtained":[{"floor":2.0,"key":"Fire Potion"},{"floor":5.0,"key":"Regen Potion"},{"floor":11.0,"key":"FearPotion"},{"floor":23.0,"key":"PowerPotion"},{"floor":27.0,"key":"Fire Potion"},{"floor":28.0,"key":"BlessingOfTheForge"},{"floor":32.0,"key":"Fire Potion"},{"floor":36.0,"key":"LiquidBronze"},{"floor":38.0,"key":"SkillPotion"}],"is_trial":false,"path_per_floor":["R","M","M","?","?","M","T","$","M","M","E","$","M","M","M","B",null,"R","M","M","M","?","E","T","R","$","M","M","E","M","$","M","B",null,"R","M","?","M","M","R","T","?","$","R","$","M","R","M","M","B",null],"character_chosen":"SLIMEBOUND","items_purchased":["Slimebound:Equalize","Slimebound:LeechLife","Slimebound:GoopSpray","Slimebound:SamplingLick","Anchor","Slimebound:Schlurp","Orichalcum","Lee\u0027s Waffle","expansioncontent:QuickStudy"],"campfire_rested":0,"item_purchase_floors":[8,8,12,26,26,43,43,45,45],"current_hp_per_floor":[65,62,53,41,35,39,39,43,42,64,65,65,65,62,52,44,65,65,64,65,38,59,75,75,75,75,72,60,21,53,73,67,46,75,75,75,75,75,61,61,61,61,71,71,82,82,82,73,68,12],"gold":164,"neow_bonus":"THREE_CARDS","is_daily":false,"chose_seed":false,"campfire_upgraded":7,"win_rate":0.0,"timestamp":1614073319,"path_taken":["R","M","M","?","?","M","T","$","M","M","E","$","M","M","M","BOSS","R","M","M","M","?","E","T","R","$","M","M","E","M","$","M","BOSS","R","M","?","?","?","R","T","?","$","R","$","M","R","M","M","BOSS"],"items_purchased_type":["Card","Card","Card","Card","Relic","Card","Relic","Relic","Card"],"build_version":"2020-12-22","purchased_purges":9,"victory":true,"max_hp_per_floor":[65,65,65,65,65,65,65,65,65,65,65,65,65,65,65,65,65,65,65,65,65,65,75,75,75,75,75,75,75,75,75,75,75,75,75,75,75,75,75,75,75,75,75,75,82,82,82,82,82,82],"card_choices":[{"not_picked":["Slimebound:TongueLash","Slimebound:Equalize"],"picked":"Slimebound:RollThrough","floor":0.0},{"not_picked":["Slimebound:TongueLash","Slimebound:SplitBruiser"],"picked":"Slimebound:RollThrough","floor":2.0},{"not_picked":["Slimebound:RollThrough","Slimebound:SplitAcid"],"picked":"Slimebound:GoopSpray","floor":3.0},{"not_picked":["Slimebound:HauntingLick","Slimebound:SlimeBrawl"],"picked":"Slimebound:Schlurp","floor":5.0},{"not_picked":["Slimebound:SplitAcid","Slimebound:FormOfPuddle"],"picked":"Slimebound:GrowthPunch","floor":6.0},{"not_picked":["Slimebound:Chomp","Slimebound:LeechingTouch"],"picked":"Slimebound:ComboTackle","floor":8.0},{"not_picked":["Slimebound:FinishingTackle","Slimebound:FirmFortitude"],"picked":"Slimebound:Replication","floor":9.0},{"not_picked":["Slimebound:SlimeBrawl","Slimebound:Repurpose"],"picked":"Slimebound:GoopSpray","floor":10.0},{"not_picked":["Slimebound:GoopSpray","Slimebound:SpikyOuterGoop"],"picked":"Slimebound:PressTheAttack","floor":11.0},{"not_picked":["Slimebound:MegaLick","Slimebound:LivingWall"],"picked":"Slimebound:ItLooksTasty","floor":12.0},{"not_picked":["Slimebound:HauntingLick","Slimebound:SplitMire"],"picked":"Slimebound:Prepare","floor":13.0},{"not_picked":["Slimebound:RollThrough","Slimebound:Repurpose"],"picked":"Slimebound:ViciousTackle","floor":14.0},{"not_picked":["Slimebound:SplitBruiser","Slimebound:HauntingLick"],"picked":"Slimebound:Grow","floor":15.0},{"not_picked":["Slimebound:OneTwoCombo","Slimebound:WasteNot"],"picked":"Slimebound:RallyTheTroops","floor":16.0},{"not_picked":["Slimebound:Equalize","Slimebound:RainOfGoop+1"],"picked":"Slimebound:LeechEnergy","floor":19.0},{"not_picked":["Slimebound:Prepare","Slimebound:LeadByExample"],"picked":"Slimebound:LeechEnergy","floor":20.0},{"not_picked":["Slimebound:LeadByExample","Slimebound:MegaLick"],"picked":"Slimebound:SplitLeeching","floor":21.0},{"not_picked":["Slimebound:FinishingTackle","Slimebound:Grow"],"picked":"Slimebound:GoopTackle","floor":23.0},{"not_picked":["Slimebound:SplitBruiser","Slimebound:SplitLeeching+1"],"picked":"Slimebound:Repurpose","floor":26.0},{"not_picked":["Slimebound:SplitBruiser","Slimebound:SlimeBrawl"],"picked":"Slimebound:HauntingLick","floor":27.0},{"not_picked":["Slimebound:BestDefense+1","Slimebound:SlimeBrawl+1","Slimebound:Teamwork"],"picked":"SKIP","floor":28.0},{"not_picked":["Slimebound:RollThrough","Slimebound:ItLooksTasty+1","Slimebound:Gluttony"],"picked":"SKIP","floor":29.0},{"not_picked":["Slimebound:ComboTackle","Slimebound:RollThrough+1","Slimebound:SamplingLick"],"picked":"SKIP","floor":30.0},{"not_picked":["Slimebound:GoopTackle","Slimebound:FormOfPuddle","Slimebound:Equalize"],"picked":"SKIP","floor":31.0},{"not_picked":["Slimebound:LeadByExample","Slimebound:SplitLeeching+1"],"picked":"Slimebound:RainOfGoop","floor":32.0},{"not_picked":["Slimebound:OneTwoCombo","Slimebound:LeechLife"],"picked":"Slimebound:CheckThePlaybook","floor":33.0},{"not_picked":["Slimebound:SlimeTap","Slimebound:SlimeBarrage+1","Slimebound:MegaLick+1"],"picked":"SKIP","floor":36.0},{"not_picked":["Slimebound:SlimeBarrage","Slimebound:SplitAcid"],"picked":"Slimebound:Replication+1","floor":38.0},{"not_picked":["Slimebound:SlimeSpikes","Slimebound:SplitLeeching+1"],"picked":"Slimebound:RollThrough+1","floor":39.0},{"not_picked":["Slimebound:ComboTackle","Slimebound:Repurpose"],"picked":"Slimebound:GoopSpray+1","floor":43.0},{"not_picked":["Slimebound:ItLooksTasty+1","Slimebound:ViciousTackle"],"picked":"Slimebound:RainOfGoop+1","floor":46.0},{"not_picked":["Slimebound:GoopTackle+1","Slimebound:FirmFortitude","Slimebound:Gluttony+1"],"picked":"SKIP","floor":48.0},{"not_picked":["Slimebound:SlimeSpikes+1","Slimebound:SplitAcid+1","Slimebound:LivingWall+1"],"picked":"SKIP","floor":49.0}],"player_experience":121926,"relics_obtained":[{"floor":7.0,"key":"Mercury Hourglass"},{"floor":11.0,"key":"Ancient Tea Set"},{"floor":23.0,"key":"Pear"},{"floor":24.0,"key":"Omamori"},{"floor":29.0,"key":"Regal Pillow"},{"floor":41.0,"key":"Pen Nib"}],"event_choices":[{"damage_healed":0.0,"max_hp_gain":0.0,"max_hp_loss":0.0,"gold_gain":0.0,"event_name":"Scrap Ooze","player_choice":"Success","floor":4.0,"gold_loss":0.0,"damage_taken":12.0,"relics_obtained":["Happy Flower"]},{"damage_healed":21.0,"max_hp_gain":0.0,"max_hp_loss":0.0,"gold_gain":0.0,"event_name":"The Library","player_choice":"Heal","floor":22.0,"gold_loss":0.0,"damage_taken":0.0}],"is_beta":false,"boss_relics":[{"not_picked":["Calling Bell","Snecko Eye"],"picked":"Runic Pyramid"},{"not_picked":["SlaversCollar","Slimebound:AbsorbEndCombatUpgraded"],"picked":"Cursed Key"}],"items_purged_floors":[8,8,12,12,12,26,26,31,43],"is_endless":false,"potions_floor_spawned":[2,5,11,14,15,16,19,23,27,28,32,36,38,48],"ascension_level":0}}