{"host":"y9jgkjnf95sujozk","time":1614088125,"event":{"mods":["2.2 Compatiblity","AchievementEnabler","Act Like it!","Aspiration","BaseMod","BetterRewards","Block Reminder","Colored Map","Colored Powertips","Downfall","Friendly Minions","Gensokyo","GifTheSpireLib","Hallownest","Hermit","Highlight Path","HololiveMod","Hubris","Infinite Spire","Jorbs\u0027s Wanderer Trilogy","Koishi","Marisa（霧雨　魔理沙）","Minty Spire (QoL Compilation)","Quick Restart","Random Character Button","Rare Cards Sparkle","Reimu（博??梦）","Remilia（蕾米莉?）","Replay The Spire","Shop Mod","StSLib","SuperFastMode","The Administrix","The Bug Knight","The Cursed","The Disciple","The Hierophant","The Jungle","The Runesmith","The Senshi","The Servant 0.9.4"],"gold_per_floor":[111,36,36,36,55,55,65,65,65,65,79,26,26,26,26,124,124,138,154,154,20,20,20],"floor_reached":22,"language":"ENG","playtime":439,"items_purged":["Abandon"],"score":326,"play_id":"104e6e36-2120-40a2-b383-be7e6fe2fcb8","local_time":"20210223144845","is_ascension_mode":true,"campfire_choices":[{"floor":6,"key":"REST"},{"floor":8,"key":"REST"},{"data":"Perfected Strike","floor":10,"key":"SMITH"},{"floor":15,"key":"REST"}],"circlet_count":0,"master_deck":["Strike_R","Strike_R","Strike_R","Strike_R","Strike_R","Defend_R","Defend_R","Defend_R","Defend_R","Bash","Spot Weakness","Heavy Blade","Perfected Strike+1","Pommel Strike","Thunderclap","Offering","Heavy Blade","Heavy Blade","Flex","Replay:Bootleg Shield Generator"],"relics":["Burning Blood","Pocketwatch","WarpedTongs","Centennial Puzzle","hubris:Icosahedron"],"acts_visited":["Exordium","TheCity"],"potions_floor_usage":[16,19],"damage_taken":[{"damage":14,"enemies":"2 Louse","floor":1,"turns":3},{"damage":16,"enemies":"Cultist","floor":5,"turns":4},{"damage":28,"enemies":"infinitespire:Voidling","floor":7,"turns":4},{"damage":15,"enemies":"Exordium Wildlife","floor":11,"turns":5},{"damage":67,"enemies":"Fading Forest","floor":16,"turns":11},{"damage":25,"enemies":"Chosen","floor":18,"turns":4},{"damage":42,"enemies":"3 Byrds","floor":19,"turns":4},{"damage":34,"enemies":"Shelled Parasite and Fungi","floor":22,"turns":2}],"seed_played":"-1036661032051702214","potions_obtained":[{"floor":1,"key":"Energy Potion"},{"floor":16,"key":"SpeedPotion"},{"floor":18,"key":"infinitespire:BlackPotion"}],"is_trial":false,"path_per_floor":["M","$","?","?","M","R","M","R","T","R","M","$","?","$","R","B",null,"M","M","?","$","M"],"character_chosen":"IRONCLAD","items_purchased":["Spot Weakness","Thunderclap","Flex","Replay:Bootleg Shield Generator"],"campfire_rested":3,"item_purchase_floors":[0,12,21,21],"current_hp_per_floor":[72,72,80,80,70,80,63,80,80,80,71,71,71,71,80,34,80,61,25,25,25,0,0],"gold":20,"neow_bonus":"","is_daily":false,"chose_seed":false,"campfire_upgraded":1,"win_rate":0.0,"timestamp":1614088125,"path_taken":["M","$","?","?","?","R","M","R","T","R","?","$","?","$","R","BOSS","M","?","?","$","M"],"items_purchased_type":["Card","Card","Card","Card"],"build_version":"2020-12-22","purchased_purges":1,"victory":false,"max_hp_per_floor":[80,80,80,80,80,80,80,80,80,80,80,80,80,80,80,80,80,80,80,80,80,80,80],"card_choices":[{"not_picked":["Dual Wield","Headbutt"],"picked":"Abandon","floor":1},{"not_picked":["Headbutt","Abandon"],"picked":"Heavy Blade","floor":5},{"not_picked":["ReplayTheSpireMod:Corrosion Curse","True Grit"],"picked":"Perfected Strike","floor":7},{"not_picked":["Ghostly Armor","ReplayTheSpireMod:Limb From Limb"],"picked":"Pommel Strike","floor":11},{"not_picked":["Corruption","Fiend Fire"],"picked":"Offering","floor":16},{"not_picked":["Shrug It Off","True Grit"],"picked":"Heavy Blade","floor":18},{"not_picked":["Warcry+1","Dropkick"],"picked":"Heavy Blade","floor":19}],"player_experience":191945,"relics_obtained":[{"floor":9,"key":"Centennial Puzzle"}],"event_choices":[{"damage_healed":0,"gold_gain":0,"player_choice":"Rummage","damage_taken":0,"relics_obtained":["WarpedTongs"],"max_hp_gain":0,"max_hp_loss":0,"event_name":"Accursed Blacksmith","floor":4,"gold_loss":0,"cards_obtained":["Pain"]},{"cards_removed":["Pain"],"damage_healed":0,"gold_gain":0,"player_choice":"Removed Curses","damage_taken":0,"max_hp_gain":0,"max_hp_loss":0,"event_name":"Fountain of Cleansing","floor":13,"gold_loss":0}],"is_beta":false,"boss_relics":[{"not_picked":["hubris:CrackedHourglass","RedLine:ReiMu","Replay:Drink Me"]}],"items_purged_floors":[2],"is_endless":false,"potions_floor_spawned":[1,16,18],"killed_by":"Shelled Parasite and Fungi","ascension_level":4}}