{"host":"insagfzijja1377g","time":1614038489,"event":{"mods":["BaseMod","Bestiary","Highlight Path","Minty Spire (QoL Compilation)","Relic Stats","Slay the Relics Exporter"],"gold_per_floor":[113,131,12,12,22,47,47,67,121,121,131,131,159,179,179,279,279,291,301,320,245,344,378,293,39,39,39,64,64,82,99,99,195,195,206,206,220,268,6,17,17,37,64,77,110,128,145,165,165,165,165,165,29,63,63,63],"floor_reached":55,"language":"ENG","playtime":3374,"items_purged":[],"score":853,"play_id":"c2dc56f9-5edb-42c9-ab33-29f454710bc5","local_time":"20210222180129","is_ascension_mode":false,"campfire_choices":[{"data":"TalkToTheHand","floor":10,"key":"SMITH"},{"floor":12,"key":"REST"},{"floor":15,"key":"REST"},{"data":"Collect","floor":29,"key":"SMITH"},{"data":"Protect","floor":32,"key":"SMITH"},{"floor":49,"key":"RECALL"},{"data":"TalkToTheHand","floor":52,"key":"SMITH"}],"circlet_count":0,"master_deck":["Strike_P+1","Strike_P+1","Defend_P+1","Defend_P+1","Defend_P+1","Defend_P+1","Eruption+1","Vigilance+1","Wallop+1","SandsOfTime+1","LessonLearned","SashWhip+1","Vengeance+1","Evaluate","TalkToTheHand+1","InnerPeace+1","Consecrate","FollowUp+1","Vault+1","CrushJoints","CutThroughFate","EmptyMind+1","WheelKick+1","CutThroughFate+1","Consecrate+1","Collect+1","EmptyFist+1","Protect+1","TalkToTheHand+1","CutThroughFate+1","Adaptation","TalkToTheHand+1","JustLucky+1","Trip","Halt+1","FearNoEvil+1","InnerPeace+1","Nirvana+1","Vault","CutThroughFate+1"],"relics":["HolyWater","NeowsBlessing","Sundial","Shuriken","Mercury Hourglass","Blood Vial","Pen Nib","White Beast Statue","War Paint","Black Star","Ice Cream","Vajra","Damaru","Eternal Feather","StoneCalendar","Ornamental Fan","Centennial Puzzle"],"acts_visited":["Exordium","TheCity","TheBeyond","TheEnding"],"potions_floor_usage":[16,20,30,35,38,38,44,45,54,55,55,55,55,55],"damage_taken":[{"damage":0,"enemies":"Cultist","floor":1,"turns":1},{"damage":0,"enemies":"Jaw Worm","floor":2,"turns":1},{"damage":2,"enemies":"Small Slimes","floor":5,"turns":3},{"damage":53,"enemies":"Gremlin Nob","floor":6,"turns":4},{"damage":4,"enemies":"3 Louse","floor":8,"turns":3},{"damage":1,"enemies":"Blue Slaver","floor":11,"turns":6},{"damage":10,"enemies":"3 Sentries","floor":13,"turns":5},{"damage":0,"enemies":"Looter","floor":14,"turns":4},{"damage":0,"enemies":"Slime Boss","floor":16,"turns":5},{"damage":0,"enemies":"Chosen","floor":18,"turns":4},{"damage":4,"enemies":"Shell Parasite","floor":19,"turns":5},{"damage":6,"enemies":"3 Cultists","floor":20,"turns":4},{"damage":12,"enemies":"Book of Stabbing","floor":23,"turns":4},{"damage":0,"enemies":"Gremlin Leader","floor":28,"turns":5},{"damage":0,"enemies":"Snecko","floor":30,"turns":2},{"damage":12,"enemies":"Shelled Parasite and Fungi","floor":31,"turns":3},{"damage":21,"enemies":"Champ","floor":33,"turns":10},{"damage":0,"enemies":"3 Darklings","floor":35,"turns":3},{"damage":0,"enemies":"Orb Walker","floor":37,"turns":5},{"damage":0,"enemies":"2 Orb Walkers","floor":38,"turns":5},{"damage":0,"enemies":"Maw","floor":40,"turns":7},{"damage":4,"enemies":"Spire Growth","floor":42,"turns":4},{"damage":0,"enemies":"Transient","floor":44,"turns":5},{"damage":19,"enemies":"Reptomancer","floor":45,"turns":8},{"damage":0,"enemies":"Jaw Worm Horde","floor":46,"turns":6},{"damage":0,"enemies":"4 Shapes","floor":47,"turns":3},{"damage":6,"enemies":"Spire Growth","floor":48,"turns":3},{"damage":15,"enemies":"Time Eater","floor":50,"turns":6},{"damage":49,"enemies":"Shield and Spear","floor":54,"turns":7},{"damage":36,"enemies":"The Heart","floor":55,"turns":5}],"seed_played":"4658608753969085675","potions_obtained":[{"floor":6,"key":"Swift Potion"},{"floor":14,"key":"Fire Potion"},{"floor":16,"key":"Explosive Potion"},{"floor":18,"key":"Swift Potion"},{"floor":28,"key":"AttackPotion"},{"floor":30,"key":"Fire Potion"},{"floor":35,"key":"StancePotion"},{"floor":38,"key":"GamblersBrew"},{"floor":40,"key":"LiquidMemories"},{"floor":44,"key":"Energy Potion"},{"floor":45,"key":"PowerPotion"},{"floor":48,"key":"EntropicBrew"},{"floor":54,"key":"DistilledChaos"}],"is_trial":false,"path_per_floor":["M","M","$","?","M","E","T","M","T","R","M","R","E","M","R","B",null,"M","M","M","?","?","E","?","$","T","$","E","R","M","M","R","B",null,"M","?","M","?","$","M","?","M","T","M","E","M","M","M","R","B",null,"R","$","E","B"],"character_chosen":"WATCHER","items_purchased":["LessonLearned","SashWhip","Pen Nib","CutThroughFate","Consecrate","Adaptation","TalkToTheHand","Vajra","Vault"],"campfire_rested":2,"item_purchase_floors":[3,3,25,25,25,39,39,39,53],"current_hp_per_floor":[72,72,72,65,63,10,10,6,6,6,5,26,16,16,37,37,72,72,68,62,62,62,50,50,50,50,50,52,52,54,44,44,25,72,72,82,82,82,82,82,77,75,75,77,60,62,64,60,81,67,82,82,82,33,0,0],"gold":63,"neow_bonus":"THREE_ENEMY_KILL","is_daily":false,"chose_seed":false,"campfire_upgraded":4,"win_rate":0.0,"timestamp":1614038489,"path_taken":["M","M","?","?","M","E","?","M","T","R","?","R","E","M","R","BOSS","M","M","M","?","?","E","?","?","T","?","E","R","M","M","R","BOSS","M","?","?","?","?","M","?","M","T","M","E","M","M","M","R","BOSS","R","$","E","BOSS"],"items_purchased_type":["Card","Card","Relic","Card","Card","Card","Card","Relic","Card"],"build_version":"2020-12-22","purchased_purges":0,"victory":false,"max_hp_per_floor":[72,72,72,72,72,72,72,72,72,72,72,72,72,72,72,72,72,72,72,72,72,72,72,72,72,72,72,72,72,72,72,72,72,72,72,82,82,82,82,82,82,82,82,82,82,82,82,82,82,82,82,82,82,82,82,82],"relic_stats":{"counters":[30,136],"Eternal Feather":21,"StoneCalendar":[24],"Pen Nib":[21],"War Paint":["Defend_P","InnerPeace"],"Mercury Hourglass":[270],"Blood Vial":23,"Centennial Puzzle":[3],"Sundial":[14],"Shuriken":[56],"Ornamental Fan":[4],"Black Star":2,"obtain_stats":[{"Ice Cream":38,"NeowsBlessing":0,"Vajra":39,"Damaru":43,"Eternal Feather":45,"StoneCalendar":45,"Pen Nib":25,"War Paint":28,"White Beast Statue":26,"Mercury Hourglass":23,"Blood Vial":24,"Centennial Puzzle":54,"Sundial":6,"Shuriken":7,"Ornamental Fan":54,"HolyWater":17,"Black Star":34,"PureWater":0},{"Ice Cream":20,"NeowsBlessing":0,"Vajra":20,"Damaru":22,"Eternal Feather":24,"StoneCalendar":24,"Pen Nib":13,"War Paint":14,"White Beast Statue":13,"Mercury Hourglass":13,"Blood Vial":13,"Centennial Puzzle":29,"Sundial":4,"Shuriken":4,"Ornamental Fan":29,"HolyWater":9,"Black Star":17,"PureWater":0},{"Ice Cream":82,"NeowsBlessing":0,"Vajra":82,"Damaru":93,"Eternal Feather":106,"StoneCalendar":106,"Pen Nib":49,"War Paint":54,"White Beast Statue":49,"Mercury Hourglass":49,"Blood Vial":49,"Centennial Puzzle":131,"Sundial":9,"Shuriken":9,"Ornamental Fan":131,"HolyWater":32,"Black Star":69,"PureWater":0}]},"card_choices":[{"not_picked":["FlurryOfBlows","Weave"],"picked":"Wallop","floor":1},{"not_picked":["JustLucky","FollowUp"],"picked":"SandsOfTime","floor":2},{"not_picked":["Halt","ThirdEye"],"picked":"Vengeance","floor":5},{"not_picked":["Nirvana","BattleHymn"],"picked":"Evaluate","floor":6},{"not_picked":["Fasting2","BowlingBash"],"picked":"TalkToTheHand","floor":8},{"not_picked":["Halt","Weave"],"picked":"InnerPeace","floor":11},{"not_picked":["Indignation","FollowUp"],"picked":"Consecrate","floor":13},{"not_picked":["JustLucky","Consecrate"],"picked":"FollowUp","floor":14},{"not_picked":["LessonLearned","Ragnarok"],"picked":"Vault","floor":16},{"not_picked":["Weave+1","Protect"],"picked":"CrushJoints","floor":18},{"not_picked":["Nirvana","ClearTheMind"],"picked":"CutThroughFate","floor":19},{"not_picked":["Pray","EmptyBody"],"picked":"EmptyMind","floor":20},{"not_picked":["Swivel","Study"],"picked":"WheelKick+1","floor":23},{"not_picked":["FollowUp","ClearTheMind"],"picked":"Collect","floor":28},{"not_picked":["FollowUp","Crescendo"],"picked":"EmptyFist+1","floor":30},{"not_picked":["BattleHymn+1","FlyingSleeves+1"],"picked":"Protect","floor":31},{"not_picked":["Brilliance","MasterReality"],"picked":"Establishment","floor":33},{"not_picked":["Crescendo+1","EmptyBody+1"],"picked":"TalkToTheHand","floor":35},{"not_picked":["Consecrate","CrushJoints+1"],"picked":"CutThroughFate+1","floor":37},{"not_picked":["Conclude","ClearTheMind+1"],"picked":"JustLucky+1","floor":40},{"not_picked":["Bandage Up","Jack Of All Trades"],"picked":"Trip","floor":41},{"not_picked":["BowlingBash","Perseverance+1"],"picked":"Halt+1","floor":42},{"not_picked":["FollowUp","JustLucky","EmptyBody+1"],"picked":"SKIP","floor":44},{"not_picked":["WheelKick+1","Swivel+1","EmptyMind"],"picked":"SKIP","floor":45},{"not_picked":["CrushJoints","Adaptation"],"picked":"FearNoEvil+1","floor":46},{"not_picked":["SashWhip+1","WheelKick"],"picked":"InnerPeace+1","floor":47},{"not_picked":["WheelKick+1","ClearTheMind+1"],"picked":"Nirvana+1","floor":48},{"not_picked":["SandsOfTime","Swivel"],"picked":"CutThroughFate+1","floor":54}],"player_experience":2190003,"relics_obtained":[{"floor":6,"key":"Sundial"},{"floor":7,"key":"Shuriken"},{"floor":23,"key":"Mercury Hourglass"},{"floor":26,"key":"White Beast Statue"},{"floor":28,"key":"War Paint"},{"floor":38,"key":"Ice Cream"},{"floor":43,"key":"Damaru"},{"floor":45,"key":"Eternal Feather"},{"floor":45,"key":"StoneCalendar"},{"floor":54,"key":"Ornamental Fan"},{"floor":54,"key":"Centennial Puzzle"}],"event_choices":[{"cards_removed":["Strike_P"],"damage_healed":0,"gold_gain":0,"player_choice":"Card Removal","damage_taken":7,"max_hp_gain":0,"max_hp_loss":0,"event_name":"Golden Wing","floor":4,"gold_loss":0},{"cards_removed":["Strike_P"],"damage_healed":0,"gold_gain":0,"player_choice":"Gave Gold","damage_taken":0,"max_hp_gain":0,"max_hp_loss":0,"event_name":"Beggar","floor":21,"gold_loss":75},{"damage_healed":0,"gold_gain":99,"player_choice":"Stole From Cult","damage_taken":0,"max_hp_gain":0,"max_hp_loss":0,"event_name":"Nest","floor":22,"gold_loss":0},{"damage_healed":0,"gold_gain":0,"player_choice":"Obtained Relic","damage_taken":0,"relics_obtained":["Blood Vial"],"max_hp_gain":0,"max_hp_loss":0,"event_name":"Addict","floor":24,"gold_loss":85},{"cards_removed":["Establishment"],"damage_healed":0,"gold_gain":0,"player_choice":"Offered Rare","damage_taken":0,"max_hp_gain":10,"max_hp_loss":0,"event_name":"Bonfire Elementals","floor":36,"gold_loss":0},{"damage_healed":0,"gold_gain":0,"player_choice":"Fight","damage_taken":0,"max_hp_gain":0,"max_hp_loss":0,"event_name":"Mysterious Sphere","floor":38,"gold_loss":0},{"damage_healed":0,"gold_gain":0,"player_choice":"Memory 2","damage_taken":5,"max_hp_gain":0,"max_hp_loss":0,"event_name":"SensoryStone","floor":41,"gold_loss":0}],"is_beta":false,"boss_relics":[{"not_picked":["Busted Crown","Philosopher\u0027s Stone"],"picked":"HolyWater"},{"not_picked":["Snecko Eye","Tiny House"],"picked":"Black Star"}],"items_purged_floors":[],"is_endless":false,"potions_floor_spawned":[6,14,16,18,28,30,31,33,35,37,38,40,42,44,45,46,47,48,54],"killed_by":"The Heart","ascension_level":0}}