{"host":"dkr0dog13pegamnp","time":1614063225,"event":{"mods":["AchievementEnabler","BaseMod","Minty Spire (QoL Compilation)","Rare Cards Sparkle","StSLib","SuperFastMode","everything is the same but u backflip on backflip"],"gold_per_floor":[117,131,131,147,159,159,175,175,198,210,210,230,230,262,262,363,363,377,162,162,175,188,188,213,213,239,269,269,283,2,19,19,115,115,131,131,150,169,169,198,198,231,231,249,267,302,302,71,71,71,71,71,32,61,61,61],"floor_reached":55,"language":"KOR","playtime":1996,"items_purged":["Strike_G","Storm of Steel"],"score":1398,"play_id":"e44ac918-4ba2-4011-ba52-e207fd00845c","local_time":"20210223155345","is_ascension_mode":true,"campfire_choices":[{"data":"Bouncing Flask","floor":6.0,"key":"SMITH"},{"data":"Catalyst","floor":8.0,"key":"SMITH"},{"data":"Blur","floor":11.0,"key":"SMITH"},{"data":"Malaise","floor":15.0,"key":"SMITH"},{"data":"Adrenaline","floor":23,"key":"SMITH"},{"data":"Noxious Fumes","floor":25,"key":"SMITH"},{"data":"Footwork","floor":32,"key":"SMITH"},{"data":"Master of Strategy","floor":41,"key":"SMITH"},{"data":"Backflip","floor":47,"key":"SMITH"},{"floor":49,"key":"RECALL"},{"data":"PiercingWail","floor":52,"key":"SMITH"}],"circlet_count":0,"master_deck":["AscendersBane","Defend_G","Defend_G","Defend_G","Survivor","Neutralize+1","Bouncing Flask+1","Poisoned Stab+1","Blur+1","Catalyst+1","Malaise+1","Backflip","Backflip","Adrenaline+1","Noxious Fumes+1","Footwork+1","Master of Strategy+1","Corpse Explosion","PiercingWail+1","Backflip+1","Crippling Poison+1","Caltrops"],"relics":["Ring of the Snake","Strawberry","Omamori","Empty Cage","Lantern","Centennial Puzzle","Question Card","Busted Crown","Thread and Needle","Whetstone","The Courier","FossilizedHelix","Incense Burner"],"acts_visited":["Exordium","TheCity","TheBeyond","TheEnding"],"potions_floor_usage":[21,24,27,27,27,27,33,33,44,50,50],"damage_taken":[{"damage":2.0,"enemies":"Jaw Worm","floor":1.0,"turns":4.0},{"damage":0.0,"enemies":"Cultist","floor":2.0,"turns":3.0},{"damage":6.0,"enemies":"Small Slimes","floor":4.0,"turns":4.0},{"damage":16.0,"enemies":"Red Slaver","floor":5.0,"turns":5.0},{"damage":5.0,"enemies":"2 Fungi Beasts","floor":7.0,"turns":5.0},{"damage":5.0,"enemies":"Large Slime","floor":10.0,"turns":7.0},{"damage":2.0,"enemies":"Gremlin Gang","floor":12.0,"turns":7.0},{"damage":0.0,"enemies":"Lagavulin","floor":14.0,"turns":6.0},{"damage":21.0,"enemies":"Slime Boss","floor":16.0,"turns":7.0},{"damage":8,"enemies":"Shell Parasite","floor":18,"turns":4},{"damage":10,"enemies":"3 Byrds","floor":21,"turns":7},{"damage":4,"enemies":"Snake Plant","floor":22,"turns":5},{"damage":1,"enemies":"Book of Stabbing","floor":24,"turns":10},{"damage":24,"enemies":"Slavers","floor":27,"turns":6},{"damage":0,"enemies":"Centurion and Healer","floor":29,"turns":7},{"damage":2,"enemies":"Sentry and Sphere","floor":31,"turns":5},{"damage":12,"enemies":"Champ","floor":33,"turns":8},{"damage":8,"enemies":"3 Darklings","floor":35,"turns":4},{"damage":1,"enemies":"Orb Walker","floor":37,"turns":4},{"damage":0,"enemies":"Jaw Worm Horde","floor":38,"turns":2},{"damage":8,"enemies":"Nemesis","floor":40,"turns":7},{"damage":3,"enemies":"Giant Head","floor":42,"turns":9},{"damage":0,"enemies":"Transient","floor":44,"turns":5},{"damage":0,"enemies":"Spire Growth","floor":45,"turns":6},{"damage":0,"enemies":"Nemesis","floor":46,"turns":7},{"damage":0,"enemies":"Donu and Deca","floor":50,"turns":8},{"damage":14,"enemies":"Shield and Spear","floor":54,"turns":5},{"damage":59,"enemies":"The Heart","floor":55,"turns":9}],"seed_played":"3507213584676524839","potions_obtained":[{"floor":5.0,"key":"DuplicationPotion"},{"floor":7.0,"key":"DistilledChaos"},{"floor":12.0,"key":"Fire Potion"},{"floor":14.0,"key":"SpeedPotion"},{"floor":20,"key":"Regen Potion"},{"floor":20,"key":"EntropicBrew"},{"floor":21,"key":"SkillPotion"},{"floor":24,"key":"Regen Potion"},{"floor":27,"key":"Poison Potion"},{"floor":31,"key":"Strength Potion"},{"floor":38,"key":"Poison Potion"},{"floor":42,"key":"GamblersBrew"},{"floor":44,"key":"Fire Potion"},{"floor":46,"key":"AttackPotion"}],"is_trial":false,"path_per_floor":["M","M","?","M","M","R","M","R","T","M","R","M","?","E","R","B",null,"M","$","?","M","M","R","E","R","T","E","?","M","$","M","R","B",null,"M","?","M","M","?","E","R","E","T","M","M","E","R","$","R","B",null,"R","$","E","B"],"character_chosen":"THE_SILENT","items_purchased":["Adrenaline","Noxious Fumes","Master of Strategy","FossilizedHelix","Weak Potion"],"campfire_rested":0,"item_purchase_floors":[19,19,30,48,53],"current_hp_per_floor":[61,61,61,55,39,39,34,34,41,36,36,34,34,34,34,13,61,53,53,53,58,54,54,53,53,53,44,44,44,44,42,42,30,65,57,57,56,56,56,48,48,45,45,45,45,45,45,45,45,45,69,69,69,55,0,0],"gold":61,"neow_bonus":"THREE_CARDS","is_daily":false,"chose_seed":false,"campfire_upgraded":10,"win_rate":0.0,"timestamp":1614063225,"path_taken":["M","M","?","M","M","R","M","R","T","M","R","?","?","E","R","BOSS","M","$","?","?","M","R","E","R","T","E","?","M","$","M","R","BOSS","M","?","?","M","?","E","R","E","T","M","M","E","R","$","R","BOSS","R","$","E","BOSS"],"items_purchased_type":["Card","Card","Card","Relic","Potion"],"build_version":"2020-12-22","purchased_purges":2,"victory":false,"max_hp_per_floor":[70,70,70,70,70,70,70,70,77,77,77,77,77,77,77,77,77,77,77,77,77,77,77,77,77,77,77,77,77,77,77,77,77,77,77,77,77,77,77,77,77,77,77,77,77,77,77,77,77,77,77,77,77,77,77,77],"card_choices":[{"not_picked":["Flying Knee","Poisoned Stab"],"picked":"Bouncing Flask","floor":0.0},{"not_picked":["Slice","Dagger Throw"],"picked":"Poisoned Stab","floor":1.0},{"not_picked":["Backflip","Blade Dance"],"picked":"Blur","floor":2.0},{"not_picked":["Flechettes","Heel Hook","Blade Dance"],"picked":"SKIP","floor":4.0},{"not_picked":["Poisoned Stab","Eviscerate","Distraction"],"picked":"SKIP","floor":5.0},{"not_picked":["Bouncing Flask","Flying Knee"],"picked":"Catalyst","floor":7.0},{"not_picked":["Setup","Underhanded Strike","Masterful Stab"],"picked":"SKIP","floor":10.0},{"not_picked":["Dodge and Roll","Bane"],"picked":"Malaise","floor":12.0},{"not_picked":["Slice","Dodge and Roll"],"picked":"Backflip","floor":14.0},{"not_picked":["PiercingWail","Dagger Spray"],"picked":"Backflip","floor":18},{"not_picked":["Distraction+1","Underhanded Strike+1","Unload"],"picked":"SKIP","floor":21},{"not_picked":["Blade Dance","Prepared","Terror"],"picked":"SKIP","floor":22},{"not_picked":["Sucker Punch","Distraction","Prepared"],"picked":"SKIP","floor":24},{"not_picked":["Flying Knee","Deflect+1","Eviscerate"],"picked":"SKIP","floor":27},{"not_picked":["Underhanded Strike","Poisoned Stab+1","Sucker Punch+1","Dagger Spray"],"picked":"SKIP","floor":29},{"not_picked":["Underhanded Strike","Poisoned Stab+1","Sucker Punch+1","Dagger Spray"],"picked":"SKIP","floor":29},{"not_picked":["Sucker Punch","Cloak And Dagger","Quick Slash","Dagger Throw"],"picked":"SKIP","floor":31},{"not_picked":["Tools of the Trade","Storm of Steel","Grand Finale"],"picked":"Corpse Explosion","floor":33},{"not_picked":["Flechettes"],"picked":"PiercingWail","floor":35},{"not_picked":["Quick Slash"],"picked":"Crippling Poison+1","floor":37},{"not_picked":["Dagger Throw","Deadly Poison"],"picked":"SKIP","floor":38},{"not_picked":["Skewer","Prepared"],"picked":"SKIP","floor":40},{"not_picked":["A Thousand Cuts","Dagger Spray"],"picked":"SKIP","floor":42},{"not_picked":["Sucker Punch","Crippling Poison"],"picked":"SKIP","floor":44},{"not_picked":["Deflect","Acrobatics"],"picked":"SKIP","floor":45},{"not_picked":["Eviscerate","Flechettes"],"picked":"SKIP","floor":46},{"not_picked":["Unload"],"picked":"Caltrops","floor":54}],"player_experience":91992,"relics_obtained":[{"floor":9.0,"key":"Strawberry"},{"floor":14.0,"key":"Omamori"},{"floor":24,"key":"Lantern"},{"floor":26,"key":"Centennial Puzzle"},{"floor":27,"key":"Question Card"},{"floor":40,"key":"Thread and Needle"},{"floor":42,"key":"Whetstone"},{"floor":46,"key":"The Courier"},{"floor":54,"key":"Incense Burner"}],"event_choices":[{"cards_removed":["Strike_G"],"damage_healed":0.0,"max_hp_gain":0.0,"max_hp_loss":0.0,"gold_gain":0.0,"event_name":"Bonfire Elementals","player_choice":"Offered Basic","floor":3.0,"gold_loss":0.0,"damage_taken":0.0},{"damage_healed":0.0,"max_hp_gain":0.0,"max_hp_loss":0.0,"gold_gain":0.0,"event_name":"Liars Game","player_choice":"Ignored","floor":13.0,"gold_loss":0.0,"damage_taken":0.0},{"damage_healed":0,"gold_gain":0,"player_choice":"Got Potions","damage_taken":0,"max_hp_gain":0,"max_hp_loss":0,"event_name":"Lab","floor":20,"gold_loss":0},{"damage_healed":0,"gold_gain":0,"cards_transformed":["Strike_G","Defend_G"],"player_choice":"Became Test Subject","damage_taken":0,"max_hp_gain":0,"max_hp_loss":0,"event_name":"Drug Dealer","floor":28,"gold_loss":0,"cards_obtained":["Storm of Steel","Footwork"]},{"damage_healed":0,"gold_gain":0,"cards_transformed":["Defend_G"],"player_choice":"Transformed","damage_taken":0,"max_hp_gain":0,"max_hp_loss":0,"event_name":"Transmorgrifier","floor":36,"gold_loss":0,"cards_obtained":["Backflip"]},{"damage_healed":0,"gold_gain":0,"player_choice":"Ignored","damage_taken":0,"max_hp_gain":0,"max_hp_loss":0,"event_name":"Tomb of Lord Red Mask","floor":39,"gold_loss":0}],"is_beta":false,"boss_relics":[{"not_picked":["Astrolabe","HoveringKite"],"picked":"Empty Cage"},{"not_picked":["Tiny House","SacredBark"],"picked":"Busted Crown"}],"items_purged_floors":[19,30],"is_endless":false,"potions_floor_spawned":[5,7,12,14,21,24,27,31,38,42,44,46],"killed_by":"The Heart","ascension_level":12}}