{"host":"euxksmtrtvfcjuzd","time":1614076508,"event":{"mods":["ATMod(°¢èªMod)","Aspiration","BaseMod","Jedi Mod","Minty Spire (QoL Compilation)","Reliquary","Replay The Spire","Shop Mod","StSLib","TestMod","UnlockEverythingMod","Waifu the Spire","¡¾ÒÅÎï¿¨ÅÆ¡¿REMEMod"],"gold_per_floor":[158,158,10,10,49,60,70,119,119,159,4,4,4,31,31,136,136,156,156,170,170,170,170],"floor_reached":22,"language":"ZHS","playtime":920,"items_purged":["Strike_R"],"score":193,"play_id":"bac89310-2cf6-4703-af31-3bb81041c5a4","local_time":"20210223183508","is_ascension_mode":true,"campfire_choices":[{"floor":12,"key":"REST"},{"floor":15,"key":"REST"}],"circlet_count":0,"master_deck":["Strike_R+1","Defend_R+1","Defend_R","Defend_R","Defend_R","Bash","HandOfGreed","AT_ChampionStep","Replay:Undeath\u0027s Touch","Dark Embrace","ReplayTheSpireMod:Muscle Training","Pommel Strike","Shrug It Off","Brutality","Anger","jedi:fear","Battle Trance","Burning Pact+1","Juggernaut+1","Berserk+1","Replay:Undeath\u0027s Touch","Fire Breathing","Bash","Finesse","jedi:MakeshiftSword","AT_WindFlip","Heel Hook","Endless Agony"],"relics":["Burning Blood","testmod-TestBox","AT_ATBox","REME_ComplimentaryCards","testmod-Nyarlathotep","Golden Egg","Shuriken","reliquary:PartyBalloon","reliquary:Ember"],"acts_visited":["Exordium","TheCity"],"potions_floor_usage":[],"damage_taken":[{"damage":12,"enemies":"Small Slimes","floor":1,"turns":4},{"damage":2,"enemies":"2 Louse","floor":5,"turns":2},{"damage":1,"enemies":"Jaw Worm","floor":6,"turns":3},{"damage":1,"enemies":"Looter","floor":7,"turns":3},{"damage":19,"enemies":"2 Fungi Beasts","floor":10,"turns":3},{"damage":15,"enemies":"Lagavulin","floor":14,"turns":3},{"damage":34,"enemies":"Hexaghost","floor":16,"turns":4},{"damage":34,"enemies":"2 Thieves","floor":18,"turns":3},{"damage":32,"enemies":"3 Byrds","floor":20,"turns":4},{"damage":39,"enemies":"Snake Plant","floor":22,"turns":2}],"seed_played":"1876295296110801524","potions_obtained":[{"floor":5,"key":"BlessingOfTheForge"},{"floor":14,"key":"SteroidPotion"}],"is_trial":false,"path_per_floor":["M","?","$","?","M","M","M","?","T","M","$","R","?","E","R","B",null,"M","?","M","?","M"],"character_chosen":"IRONCLAD","items_purchased":["Dark Embrace","ReplayTheSpireMod:Muscle Training","Burning Pact"],"campfire_rested":2,"item_purchase_floors":[3,3,11],"current_hp_per_floor":[82,74,74,56,60,65,70,35,35,22,22,48,48,39,65,37,88,60,60,34,34,0,0],"gold":170,"neow_bonus":"TEN_PERCENT_HP_BONUS","is_daily":false,"chose_seed":false,"campfire_upgraded":0,"win_rate":0.0,"timestamp":1614076508,"path_taken":["M","?","$","?","M","M","M","?","T","M","?","R","?","E","R","BOSS","M","?","?","?","M"],"items_purchased_type":["Card","Card","Card"],"build_version":"2020-12-22","purchased_purges":1,"victory":false,"max_hp_per_floor":[88,88,88,88,88,88,88,88,88,88,88,88,88,88,88,88,88,88,88,88,88,88,88],"card_choices":[{"not_picked":["ReplayTheSpireMod:Strike From Hell","AT_BodySlamDance"],"picked":"Replay:Undeath\u0027s Touch","floor":1},{"not_picked":["Wild Strike","Abandon"],"picked":"Pommel Strike","floor":5},{"not_picked":["Iron Wave","AT_BodySlamDance"],"picked":"Shrug It Off","floor":6},{"not_picked":["Massacre","Clash"],"picked":"Brutality","floor":7},{"not_picked":["Body Slam","Cleave"],"picked":"Anger","floor":8},{"not_picked":["Wild Strike","Shrug It Off"],"picked":"jedi:fear","floor":8},{"not_picked":["Perfected Strike","AT_IchimonjiDouble"],"picked":"Battle Trance","floor":10},{"not_picked":["AT_IchimonjiDouble","Defy Death"],"picked":"Juggernaut","floor":14},{"not_picked":["REME_TheLastStrike","Limit Break"],"picked":"Berserk","floor":16},{"not_picked":["jedi:fear","True Grit"],"picked":"Replay:Undeath\u0027s Touch","floor":18},{"not_picked":["Seeing Red+1","jedi:collectorstrike"],"picked":"jedi:MakeshiftSword","floor":20}],"player_experience":37607,"relics_obtained":[{"floor":8,"key":"Golden Egg"},{"floor":9,"key":"Shuriken"},{"floor":14,"key":"reliquary:PartyBalloon"}],"event_choices":[{"damage_healed":0,"gold_gain":0,"player_choice":"Ignored","damage_taken":8,"max_hp_gain":0,"max_hp_loss":0,"event_name":"¶÷ÂåË¹µÄÅÌ×Ó","floor":2,"gold_loss":0},{"damage_healed":0,"gold_gain":0,"player_choice":"Entered Light","damage_taken":18,"max_hp_gain":0,"max_hp_loss":0,"event_name":"Shining Light","floor":4,"gold_loss":0,"cards_upgraded":["Defend_R","Strike_R"]},{"damage_healed":0,"gold_gain":0,"player_choice":"Ignored","damage_taken":0,"max_hp_gain":0,"max_hp_loss":0,"event_name":"Liars Game","floor":13,"gold_loss":0},{"damage_healed":0,"gold_gain":0,"player_choice":"3 cards matched","damage_taken":0,"max_hp_gain":0,"max_hp_loss":0,"event_name":"Match and Keep!","floor":19,"gold_loss":0,"cards_obtained":["Fire Breathing","Bash","Finesse"]}],"is_beta":false,"boss_relics":[{"not_picked":["aspiration:PoetsPen_weak","Busted Crown"],"picked":"reliquary:Ember"}],"items_purged_floors":[11],"is_endless":false,"potions_floor_spawned":[5,14],"killed_by":"Snake Plant","ascension_level":1}}