{"host":"jegehu1t82aiec5j","time":1614111873,"event":{"mods":["BaseMod","Colored Map","Minty Spire (QoL Compilation)","Relic Stats","StSLib"],"gold_per_floor":[111,27,102,102,120,120,151,151,151,151,189,189,3,39,39,129,129,145,195,216,216,216,216,247,247,247,280,280,126,142,157,157,157,157],"floor_reached":33,"language":"ENG","playtime":1073,"items_purged":["Strike_B+1"],"score":520,"play_id":"20b55853-2b9f-4a33-b07a-ca413292ff8a","local_time":"20210223152433","is_ascension_mode":true,"campfire_choices":[{"floor":6,"key":"REST"},{"floor":8,"key":"REST"},{"data":"Streamline","floor":12,"key":"SMITH"},{"data":"Ball Lightning","floor":15,"key":"SMITH"},{"data":"Biased Cognition","floor":23,"key":"SMITH"},{"data":"Capacitor","floor":25,"key":"SMITH"},{"data":"Strike_B+1","floor":28,"key":"PURGE"},{"data":"Defragment","floor":32,"key":"SMITH"}],"circlet_count":0,"master_deck":["AscendersBane","Strike_B+1","Defend_B+1","Defend_B+1","Defend_B+1","Defend_B+1","Zap","Dualcast","Streamline+1","Self Repair","Ball Lightning+1","Turbo","Hologram+1","Go for the Eyes","Leap+1","Recycle+1","Biased Cognition+1","Capacitor+1","Defragment+1","Discovery+1","Chill+1","Ball Lightning","Conserve Battery+1"],"relics":["Cracked Core","Peace Pipe","WarpedTongs","Centennial Puzzle","Toxic Egg 2","Bottled Flame","Golden Idol","Nunchaku","Membership Card","Bottled Tornado","Busted Crown","Sundial","TungstenRod","Gremlin Horn"],"acts_visited":["Exordium","TheCity"],"potions_floor_usage":[11,24,27],"damage_taken":[{"damage":0,"enemies":"2 Louse","floor":1,"turns":2},{"damage":2,"enemies":"Jaw Worm","floor":5,"turns":3},{"damage":29,"enemies":"3 Sentries","floor":7,"turns":7},{"damage":17,"enemies":"Lagavulin","floor":11,"turns":4},{"damage":10,"enemies":"3 Sentries","floor":14,"turns":8},{"damage":3,"enemies":"Hexaghost","floor":16,"turns":10},{"damage":3,"enemies":"Spheric Guardian","floor":18,"turns":3},{"damage":7,"enemies":"Shell Parasite","floor":20,"turns":5},{"damage":21,"enemies":"Gremlin Leader","floor":24,"turns":9},{"damage":17,"enemies":"Book of Stabbing","floor":27,"turns":5},{"damage":6,"enemies":"Centurion and Healer","floor":30,"turns":8},{"damage":12,"enemies":"Snake Plant","floor":31,"turns":3},{"damage":47,"enemies":"Automaton","floor":33,"turns":10}],"seed_played":"4379433442488398014","potions_obtained":[{"floor":1,"key":"DuplicationPotion"},{"floor":7,"key":"Weak Potion"},{"floor":11,"key":"PotionOfCapacity"},{"floor":18,"key":"FocusPotion"},{"floor":27,"key":"FearPotion"},{"floor":31,"key":"SteroidPotion"}],"is_trial":false,"path_per_floor":["M","$","?","?","M","R","E","R","T","?","E","R","$","E","R","B",null,"M","?","M","?","?","R","E","R","T","E","R","$","M","M","R","B"],"character_chosen":"DEFECT","items_purchased":["Self Repair","Ball Lightning","Membership Card","Go for the Eyes","Leap+1","Defragment","Discovery+1","Chill+1"],"campfire_rested":2,"item_purchase_floors":[2,2,13,13,13,29,29,29],"current_hp_per_floor":[46,46,35,17,22,43,24,45,45,45,28,28,28,28,28,35,57,61,61,64,64,64,64,53,53,53,46,46,46,50,45,45,0,0],"gold":157,"neow_bonus":"ONE_RARE_RELIC","is_daily":false,"chose_seed":false,"campfire_upgraded":5,"win_rate":0.0,"timestamp":1614111873,"path_taken":["M","$","?","?","M","R","E","R","T","?","E","R","$","E","R","BOSS","M","?","?","?","?","R","E","R","T","E","R","$","M","M","R","BOSS"],"items_purchased_type":["Card","Card","Relic","Card","Card","Card","Card","Card"],"build_version":"2020-12-22","purchased_purges":1,"victory":false,"max_hp_per_floor":[71,71,71,71,71,71,71,71,71,64,64,64,64,64,64,64,64,64,64,64,64,64,64,64,64,64,64,64,64,64,64,64,64,64],"relic_stats":{"Peace Pipe":1,"Centennial Puzzle":[36],"Nunchaku":[9],"Busted Crown":12,"Gremlin Horn":[3,3],"counters":[13,77],"Golden Idol":59,"Sundial":[4],"obtain_stats":[{"Gremlin Horn":27,"Golden Idol":10,"Bottled Tornado":14,"WarpedTongs":1,"Peace Pipe":0,"Centennial Puzzle":4,"Bottled Flame":9,"Nunchaku":11,"Busted Crown":17,"Sundial":24,"Membership Card":13,"Toxic Egg 2":7,"Cracked Core":0,"TungstenRod":26},{"Gremlin Horn":10,"Golden Idol":3,"Bottled Tornado":5,"WarpedTongs":1,"Peace Pipe":0,"Centennial Puzzle":1,"Bottled Flame":3,"Nunchaku":4,"Busted Crown":6,"Sundial":9,"Membership Card":4,"Toxic Egg 2":3,"Cracked Core":0,"TungstenRod":9},{"Gremlin Horn":56,"Golden Idol":12,"Bottled Tornado":24,"WarpedTongs":1,"Peace Pipe":0,"Centennial Puzzle":2,"Bottled Flame":12,"Nunchaku":16,"Busted Crown":34,"Sundial":51,"Membership Card":16,"Toxic Egg 2":12,"Cracked Core":0,"TungstenRod":51}],"TungstenRod":13,"WarpedTongs":[67]},"card_choices":[{"not_picked":["Aggregate","Gash"],"picked":"Streamline","floor":1},{"not_picked":["Stack","Force Field"],"picked":"Turbo","floor":5},{"not_picked":["Fusion+1","Double Energy+1","Steam Power+1"],"picked":"SKIP","floor":7},{"not_picked":["Go for the Eyes","Streamline"],"picked":"Hologram+1","floor":11},{"not_picked":["Rip and Tear","Conserve Battery+1"],"picked":"Recycle+1","floor":14},{"not_picked":["Multi-Cast+1","Rainbow+1"],"picked":"Biased Cognition","floor":16},{"not_picked":["Rebound"],"picked":"SKIP","floor":18},{"not_picked":["Stack+1"],"picked":"SKIP","floor":20},{"not_picked":[],"picked":"Capacitor","floor":24},{"not_picked":["Rebound+1"],"picked":"SKIP","floor":27},{"not_picked":[],"picked":"Ball Lightning","floor":30},{"not_picked":[],"picked":"Conserve Battery+1","floor":31}],"player_experience":2641365,"relics_obtained":[{"floor":7,"key":"Toxic Egg 2"},{"floor":9,"key":"Bottled Flame"},{"floor":11,"key":"Nunchaku"},{"floor":14,"key":"Bottled Tornado"},{"floor":24,"key":"Sundial"},{"floor":26,"key":"TungstenRod"},{"floor":27,"key":"Gremlin Horn"}],"event_choices":[{"damage_healed":0,"gold_gain":75,"player_choice":"Gather Gold","damage_taken":11,"max_hp_gain":0,"max_hp_loss":0,"event_name":"World of Goop","floor":3,"gold_loss":0},{"damage_healed":0,"gold_gain":0,"player_choice":"Success","damage_taken":18,"relics_obtained":["Centennial Puzzle"],"max_hp_gain":0,"max_hp_loss":0,"event_name":"Scrap Ooze","floor":4,"gold_loss":0},{"damage_healed":0,"gold_gain":0,"player_choice":"Lose Max HP","damage_taken":0,"relics_obtained":["Golden Idol"],"max_hp_gain":0,"max_hp_loss":7,"event_name":"Golden Idol","floor":10,"gold_loss":0},{"damage_healed":0,"gold_gain":50,"player_choice":"Pray","damage_taken":0,"max_hp_gain":0,"max_hp_loss":0,"event_name":"Golden Shrine","floor":19,"gold_loss":0},{"damage_healed":0,"gold_gain":0,"player_choice":"Simplicity","damage_taken":0,"max_hp_gain":0,"max_hp_loss":0,"event_name":"Back to Basics","floor":21,"gold_loss":0,"cards_upgraded":["Strike_B","Strike_B","Strike_B","Strike_B","Defend_B","Defend_B","Defend_B","Defend_B"]},{"cards_removed":["Strike_B"],"damage_healed":0,"gold_gain":0,"player_choice":"Purged","damage_taken":0,"max_hp_gain":0,"max_hp_loss":0,"event_name":"Purifier","floor":22,"gold_loss":0}],"is_beta":false,"boss_relics":[{"not_picked":["Velvet Choker","Tiny House"],"picked":"Busted Crown"}],"items_purged_floors":[29],"is_endless":false,"potions_floor_spawned":[1,7,11,14,18,27,31],"killed_by":"Automaton","ascension_level":15}}