{"host":"63beink0jfv5ch5g","time":1614047752,"event":{"mods":["ATMod(°¢èªMod)","AchievementEnabler","Act Like it!","Aspiration","BaseMod","CapriCore","Conspire","Gensokyo","GungeonMod","Hallownest","Marisa£¨ìFÓê¡¡Ä§ÀíÉ³£©","Minty Spire (QoL Compilation)","MostiFishMod","Pale of the Ancients","Quick Restart","Reimu£¨²©ÀöÁéÃÎ£©","Replay The Spire","SOS£¨Ë¹°Í´ïÖ®×Ó£©","Shop Mod","StSLib","The Bug Knight","Waifu the Spire","óô»ðÖ¸ÄÏ"],"gold_per_floor":[116,129,129,149,163,163,180,180,180,190,190,224,238,250,250,354,354,374,334,334,334,0,33,47,47,47,73,85,85,95,114,114,217,217,236,250,265,275,275,275,301,301,301,321,169,181,181,181,181,381,491,710,710,635,635,753,753,753,753,853],"floor_reached":61,"language":"ZHS","playtime":5024,"items_purged":["Strike_Lin:ReiMu","Defend_Lin:ReiMu","Strike_Lin:ReiMu","Defend_Lin:ReiMu","Defend_Lin:ReiMu"],"score":1749,"play_id":"52e66465-b432-4c13-b512-48c2b1d9310e","local_time":"20210223103552","daily_mods":["Specialized","Green Cards","Night Terrors"],"is_ascension_mode":false,"campfire_choices":[{"data":"UniversalSpiritual:ReiMu","floor":6.0,"key":"SMITH"},{"data":"LovePray:ReiMu","floor":15.0,"key":"SMITH"},{"data":"CollectionFlower2:ReiMu","floor":25.0,"key":"SMITH"},{"data":"Night Terror","floor":25.0,"key":"SMITH"},{"data":"CeremonyResonance:ReiMu","floor":32.0,"key":"SMITH"},{"data":"Meditation:ReiMu","floor":32.0,"key":"SMITH"},{"data":"Gathering:ReiMu","floor":40.0,"key":"SMITH"},{"data":"Replay:Bootleg Shield Generator","floor":40.0,"key":"SMITH"},{"floor":42.0,"key":"RECALL"},{"data":"MostiFishMod:TheLastGuard","floor":49.0,"key":"SMITH"},{"data":"Free:ReiMu","floor":49.0,"key":"SMITH"},{"data":"Master of Strategy","floor":55,"key":"SMITH"},{"data":"Determination:ReiMu","floor":55,"key":"SMITH"},{"data":"FantasyBorder:ReiMu","floor":57,"key":"SMITH"},{"data":"CeremonyResonance:ReiMu","floor":57,"key":"SMITH"}],"circlet_count":0,"master_deck":["Defend_Lin:ReiMu","NB:ReiMu","Stagnation:ReiMu","AT_FamilyPortrait","Revelation:ReiMu","Revelation:ReiMu","Revelation:ReiMu+1","Revelation:ReiMu","Revelation:ReiMu","SpreadBorder2:ReiMu","RainPray2:ReiMu","SpiritualOutbreak2:ReiMu+1","Replay:Bootleg Shield Generator+1","Meditation:ReiMu+1","UniversalSpiritual:ReiMu+1","Free:ReiMu+1","Gathering:ReiMu+1","CollectionFlower2:ReiMu+1","Amulet:ReiMu","Meditation:ReiMu+1","LovePray:ReiMu+1","Revelation:ReiMu","RainPray2:ReiMu","SubcavityFantasy:ReiMu+1","OctopathBindingBorder2:ReiMu+1","Amulet:ReiMu+1","CareerPray:ReiMu+1","Night Terror+1","SafetyPray:ReiMu+1","WonderfulDomain:ReiMu+1","RainPray2:ReiMu","InherentArray:ReiMu+1","RainPray2:ReiMu","CeremonyResonance:ReiMu+1","RainPray2:ReiMu","RainPray2:ReiMu+1","CeremonyResonance:ReiMu+1","RainPray2:ReiMu","SpreadBorder2:ReiMu+1","ManaGlint:ReiMu+1","FantasyBorder:ReiMu+1","Amulet:ReiMu+1","RainPray2:ReiMu","Meditation:ReiMu+1","MostiFishMod:TheLastGuard+1","RainPray2:ReiMu","MountainWay:ReiMu+1","PassingAway:ReiMu+1","RainPray2:ReiMu","InherentArray:ReiMu+1","Determination:ReiMu+1","Master of Strategy+1","FantasyBorder:ReiMu+1"],"relics":["FlyPower:ReiMu","DaveBox","AT_ATBox","DiscerningMonocle","Prayer Wheel","SynthV:TestCard","MerchantsRug","Prayer Wheel","AT_BladeRuinedKing","aspiration:FetidBarrel","BirthdayGift-Icosahedron","Bottled Tornado","Boot","HereWithMe","Ornamental Fan","DemoMod:GlassGuonStoneRelic","Replay:Arrowhead","DemoMod:VorpalBullet","Blue Doll","RhineSuit","aspiration:HatOfInfinitePower","Onion Ring","ReplayTheSpireMod:ShopPack","SkyOrb:ReiMu","AT_TheCollector","paleoftheancients:Timepiece","paleoftheancients:KeyRelic","Letter Opener","paleoftheancients:SoulOfTheGuardian","Mummified Hand","conspire:DecoderRing","Membership Card","CombinedTypeHook","Civilization"],"acts_visited":["Exordium","Exordium","Gensokyo:Gensokyoer","Gensokyo:Gensokyoest"],"potions_floor_usage":[],"damage_taken":[{"damage":34.0,"enemies":"2 Louse","floor":1.0,"turns":6.0},{"damage":0.0,"enemies":"Cultist","floor":2.0,"turns":4.0},{"damage":6.0,"enemies":"Small Slimes","floor":4.0,"turns":6.0},{"damage":1.0,"enemies":"2 Fungi Beasts","floor":5.0,"turns":6.0},{"damage":0.0,"enemies":"conspire:2 RoseBushes","floor":7.0,"turns":5.0},{"damage":0.0,"enemies":"Exordium Thugs","floor":10.0,"turns":3.0},{"damage":0.0,"enemies":"Lagavulin","floor":12.0,"turns":3.0},{"damage":0.0,"enemies":"Gremlin Gang","floor":13.0,"turns":1.0},{"damage":0.0,"enemies":"Lots of Slimes","floor":14.0,"turns":1.0},{"damage":0.0,"enemies":"Slime Boss","floor":16.0,"turns":4.0},{"damage":0.0,"enemies":"Gensokyo:Chomper","floor":18.0,"turns":2.0},{"damage":3.0,"enemies":"Gensokyo:Koishi","floor":23.0,"turns":4.0},{"damage":0.0,"enemies":"Gensokyo:2_Gloops","floor":24.0,"turns":3.0},{"damage":0.0,"enemies":"Gensokyo:Reisen","floor":27.0,"turns":3.0},{"damage":0.0,"enemies":"Gensokyo:Wraith","floor":28.0,"turns":2.0},{"damage":0.0,"enemies":"Gensokyo:Chomper_and_Gloop","floor":30.0,"turns":2.0},{"damage":0.0,"enemies":"Gensokyo:Monolith_and_Dog","floor":31.0,"turns":2.0},{"damage":0.0,"enemies":"Gensokyo:Kaguya","floor":33.0,"turns":6.0},{"damage":0.0,"enemies":"Gensokyo:3_Bats","floor":35.0,"turns":1.0},{"damage":0.0,"enemies":"Gensokyo:3_Boulders","floor":36.0,"turns":3.0},{"damage":0.0,"enemies":"Gensokyo:Rafflesia","floor":37.0,"turns":3.0},{"damage":0.0,"enemies":"Gensokyo:Sharpion","floor":38.0,"turns":2.0},{"damage":0.0,"enemies":"Gensokyo:Marisa","floor":41.0,"turns":2.0},{"damage":0.0,"enemies":"Gensokyo:Dusk_and_Dawn","floor":44.0,"turns":3.0},{"damage":0.0,"enemies":"Gensokyo:Rafflesia","floor":46.0,"turns":2.0},{"damage":0.0,"enemies":"Gensokyo:Shinki","floor":50.0,"turns":5.0},{"damage":0.0,"enemies":"Gensokyo:Shinki","floor":51.0,"turns":2.0},{"damage":0.0,"enemies":"Gensokyo:Shinki","floor":52.0,"turns":2.0},{"damage":0,"enemies":"Gensokyo:Shinki","floor":56,"turns":3},{"damage":0,"enemies":"paleoftheancients:N","floor":60,"turns":3}],"seed_played":"3996457598869964073","potions_obtained":[{"floor":1.0,"key":"Milkshake"},{"floor":2.0,"key":"SneckoOil"},{"floor":7.0,"key":"ZuzhouPotion:ReiMu"},{"floor":27.0,"key":"Fruit Juice"},{"floor":30.0,"key":"ColorlessPotion"},{"floor":46.0,"key":"Adrenaline Potion"}],"is_trial":true,"path_per_floor":["M","M","$","M","M","R","M","$","T","M","?","E","M","M","R","B",null,"M","?","?","T","?","E","M","R","T","E","M","?","M","M","R","B",null,"M","M","M","M","?","R","E","R","T","M","COS","M","?","$","R","B","M","M","?","$","R","M","R","$","?","B",null],"character_chosen":"REIMU","items_purchased":["Replay:Bootleg Shield Generator","Elixir","MerchantsRug","AT_BladeRuinedKing","aspiration:FetidBarrel","BirthdayGift-Icosahedron","SkyOrb:ReiMu","AT_TheCollector","Mummified Hand","conspire:DecoderRing","Membership Card","Master of Strategy","CombinedTypeHook","Civilization"],"campfire_rested":0,"item_purchase_floors":[3,3,3,8,8,8,48,48,54,54,54,54,58,58],"current_hp_per_floor":[31,31,31,25,24,24,24,24,24,25,25,33,34,35,35,36,65,65,65,59,59,59,57,58,58,58,64,65,70,70,70,70,70,70,70,70,70,70,42,42,43,43,43,44,44,45,45,45,45,70,70,70,70,70,70,70,70,70,70,71],"gold":853,"neow_bonus":"","is_daily":false,"chose_seed":false,"campfire_upgraded":14,"win_rate":0.0,"timestamp":1614047752,"path_taken":["M","M","$","M","M","R","M","$","T","M","?","E","M","M","R","BOSS","M","?","?","?","?","E","M","R","T","E","?","?","M","?","R","BOSS","M","?","?","M","?","R","E","R","T","M","COS","M","?","?","R","BOSS","M","M","?","$","R","M","R","$","?","BOSS"],"items_purchased_type":["Card","Potion","Relic","Relic","Relic","Relic","Relic","Relic","Relic","Relic","Relic","Card","Relic","Relic"],"build_version":"2020-12-22","purchased_purges":5,"victory":true,"max_hp_per_floor":[65,65,65,65,65,65,65,65,65,65,65,65,65,65,65,65,65,65,65,65,65,65,65,65,65,65,70,70,70,70,70,70,70,70,70,70,70,70,70,70,70,70,70,70,70,70,70,70,70,70,70,70,70,70,70,70,70,70,70,71],"card_choices":[{"not_picked":["NineCharacters:ReiMu","MikOfLucky:ReiMu"],"picked":"SpreadBorder2:ReiMu","floor":1.0},{"not_picked":["MountainWay:ReiMu","WonderfulDomain:ReiMu"],"picked":"RainPray2:ReiMu","floor":1.0},{"not_picked":["Enchanting:ReiMu","AirStrike:ReiMu","SubAcupoint:ReiMu","AlertArray:ReiMu"],"picked":"SpiritualOutbreak2:ReiMu","floor":2.0},{"not_picked":["FantasyBorder:ReiMu","SafetyPray:ReiMu","MountainWay:ReiMu","Intuition:ReiMu","TightArray:ReiMu"],"picked":"SKIP","floor":2.0},{"not_picked":["Intuition:ReiMu","Amulet:ReiMu","SafetyPray:ReiMu","PhosphorusFlame:ReiMu"],"picked":"Meditation:ReiMu","floor":4.0},{"not_picked":["Intuition:ReiMu","TakeOff:ReiMu","RainPray2:ReiMu","WonderfulDomain:ReiMu"],"picked":"UniversalSpiritual:ReiMu","floor":4.0},{"not_picked":["WonderfulDomain:ReiMu","SpringWay:ReiMu","KamiSacrifice:ReiMu","AlertArray:ReiMu"],"picked":"Free:ReiMu","floor":5.0},{"not_picked":["RainPray2:ReiMu","SpreadBorder2:ReiMu","PrepareRite:ReiMu","WonderfulDomain:ReiMu"],"picked":"Gathering:ReiMu","floor":5.0},{"not_picked":["MikOfLucky:ReiMu","CareerPray:ReiMu","AirStrike:ReiMu","SealNeedle:ReiMu"],"picked":"CollectionFlower2:ReiMu","floor":7.0},{"not_picked":["NineCharacters:ReiMu","AlertArray:ReiMu","RunawayExorcism:ReiMu","KamiSacrifice:ReiMu"],"picked":"Amulet:ReiMu","floor":7.0},{"not_picked":["CareerPray:ReiMu","FoulBorder2:ReiMu","ForcedLanding:ReiMu","OrbThrow:ReiMu","SealNeedle:ReiMu"],"picked":"SKIP","floor":7.0},{"not_picked":["FineLineFantasy:ReiMu","Shading:ReiMu","AirStrike:ReiMu","SubcavityInstant:ReiMu"],"picked":"Meditation:ReiMu","floor":10.0},{"not_picked":["Conquer:ReiMu","SpringWay:ReiMu","PhosphorusFlame:ReiMu","TakeOff:ReiMu"],"picked":"LovePray:ReiMu","floor":10.0},{"not_picked":["EmergencyTakeOff:ReiMu","NineCharacters:ReiMu","Conquer:ReiMu","SubAcupoint:ReiMu","AlertArray:ReiMu"],"picked":"SKIP","floor":10.0},{"not_picked":["OctopathSalyBorderN:ReiMu","MountainWay:ReiMu","FoulBorder2:ReiMu","EmergencyTakeOff:ReiMu"],"picked":"Revelation:ReiMu","floor":12.0},{"not_picked":["AirStrike:ReiMu","Enchanting:ReiMu","Meditation:ReiMu","SubcavityInstant:ReiMu","CareerPray:ReiMu"],"picked":"SKIP","floor":13.0},{"not_picked":["Intuition:ReiMu","OrbThrow:ReiMu","SpiritualOutbreak2:ReiMu","SpringWay:ReiMu","Conquer:ReiMu"],"picked":"SKIP","floor":13.0},{"not_picked":["SubAcupoint:ReiMu","AirManeuver:ReiMu","Conquer:ReiMu","OrbThrow:ReiMu","BarrageOfMoneybags:ReiMu"],"picked":"SKIP","floor":13.0},{"not_picked":["Mountainwind:ReiMu","Crusade:ReiMu","TightArray:ReiMu","YinYangSign:ReiMu"],"picked":"RainPray2:ReiMu","floor":14.0},{"not_picked":["TightArray:ReiMu","SubcavityInstant:ReiMu","PrepareRite:ReiMu","Dreaming:ReiMu","FoulBorder2:ReiMu"],"picked":"SKIP","floor":14.0},{"not_picked":["Mountainwind:ReiMu","KamiSacrifice:ReiMu","CareerPray:ReiMu","EmergencyTakeOff:ReiMu","InherentArray:ReiMu"],"picked":"SKIP","floor":14.0},{"not_picked":["Free:ReiMu","BlastKick2:ReiMu","Shading:ReiMu","DependentForm:ReiMu"],"picked":"SubcavityFantasy:ReiMu","floor":16.0},{"not_picked":["FantasyBorder:ReiMu+1","DoubleButterfly:ReiMu","Conquer:ReiMu","RainPray2:ReiMu"],"picked":"OctopathBindingBorder2:ReiMu+1","floor":18.0},{"not_picked":["CareerPray:ReiMu","PhosphorusFlame:ReiMu","SafetyPray:ReiMu+1","SpreadBorder2:ReiMu"],"picked":"Amulet:ReiMu","floor":18.0},{"not_picked":["SubAcupoint:ReiMu","EmergencyTakeOff:ReiMu","DoubleButterfly:ReiMu","SubcavityInstant:ReiMu"],"picked":"CareerPray:ReiMu+1","floor":18.0},{"not_picked":["FantasyMoon:ReiMu+1","Intuition:ReiMu","Dreaming2:ReiMu","AirStrike:ReiMu","EmergencyTakeOff:ReiMu+1"],"picked":"SKIP","floor":23.0},{"not_picked":["TakeOff:ReiMu","Enchanting:ReiMu","LovePray:ReiMu","Conquer:ReiMu"],"picked":"SafetyPray:ReiMu+1","floor":24.0},{"not_picked":["InherentArray:ReiMu","EmergencyTakeOff:ReiMu","Amulet:ReiMu","PayForSelf:ReiMu"],"picked":"WonderfulDomain:ReiMu+1","floor":24.0},{"not_picked":["AlertArray:ReiMu","SubcavityFantasy:ReiMu","PhosphorusFlame:ReiMu+1","SafetyPray:ReiMu","SealNeedle:ReiMu+1"],"picked":"SKIP","floor":24.0},{"not_picked":["PrepareRite:ReiMu","FantasyMoon:ReiMu","OctopathSalyBorderN:ReiMu","MikOfLucky:ReiMu"],"picked":"RainPray2:ReiMu","floor":27.0},{"not_picked":["Amulet:ReiMu","Intuition:ReiMu","KamiSacrifice:ReiMu","WonderfulDomain:ReiMu+1"],"picked":"InherentArray:ReiMu+1","floor":28.0},{"not_picked":["AlertArray:ReiMu","Conquer:ReiMu+1","SpreadBorder2:ReiMu+1","OrbThrow:ReiMu"],"picked":"RainPray2:ReiMu","floor":28.0},{"not_picked":["PassingAway:ReiMu","SpreadBorder2:ReiMu+1","SafetyPray:ReiMu+1","KamiSacrifice:ReiMu"],"picked":"CeremonyResonance:ReiMu","floor":28.0},{"not_picked":["Amulet:ReiMu","SafetyPray:ReiMu","SubcavityFantasy:ReiMu","UpKicking:ReiMu"],"picked":"RainPray2:ReiMu","floor":30.0},{"not_picked":["AirManeuver:ReiMu","WonderfulDomain:ReiMu","SubAcupoint:ReiMu+1","FineLineFantasy:ReiMu","SpreadBorder2:ReiMu"],"picked":"SKIP","floor":30.0},{"not_picked":["OrbThrow:ReiMu","Crusade:ReiMu","PayForSelf:ReiMu","AlertArray:ReiMu","EmergencyTakeOff:ReiMu"],"picked":"SKIP","floor":30.0},{"not_picked":["SpringWay:ReiMu","CollectionFlower2:ReiMu+1","Meditation:ReiMu","Enchanting:ReiMu"],"picked":"RainPray2:ReiMu+1","floor":31.0},{"not_picked":["AirStrike:ReiMu","SubcavityInstant:ReiMu","SubAcupoint:ReiMu","LearningPray:ReiMu","PassingAway:ReiMu"],"picked":"SKIP","floor":31.0},{"not_picked":["UpKicking:ReiMu","DependentForm:ReiMu","ForcedLanding:ReiMu","SpreadBorder2:ReiMu","ShadowOfCrow2:ReiMu"],"picked":"SKIP","floor":31.0},{"not_picked":["CardOfSanctity:ReiMu","KyokaiOfKami:ReiMu","RunawayExorcism:ReiMu","SubcavityFantasy:ReiMu"],"picked":"CeremonyResonance:ReiMu","floor":33.0},{"not_picked":["SealNeedle:ReiMu+1","SafetyPray:ReiMu+1","SubcavityInstant:ReiMu","Meditation:ReiMu+1"],"picked":"RainPray2:ReiMu","floor":35.0},{"not_picked":["SpreadBorder2:ReiMu","Enchanting:ReiMu+1","AirManeuver:ReiMu","CollectionFlower2:ReiMu+1","UniversalSpiritual:ReiMu+1"],"picked":"SKIP","floor":35.0},{"not_picked":["OctopathBindingBorder2:ReiMu+1","ForcedLanding:ReiMu","BarrageOfMoneybags:ReiMu","SpringWay:ReiMu+1","NineCharacters:ReiMu+1"],"picked":"SKIP","floor":35.0},{"not_picked":["PrepareRite:ReiMu+1","AlertArray:ReiMu","MikOfLucky:ReiMu","NineCharacters:ReiMu"],"picked":"SpreadBorder2:ReiMu+1","floor":36.0},{"not_picked":["SubAcupoint:ReiMu+1","Dreaming2:ReiMu+1","EmergencyTakeOff:ReiMu+1","AlertArray:ReiMu+1","SealNeedle:ReiMu+1"],"picked":"SKIP","floor":36.0},{"not_picked":["SpreadBorder2:ReiMu","PayForSelf:ReiMu+1","DoubleButterfly:ReiMu+1","SubcavityFantasy:ReiMu","SealNeedle:ReiMu"],"picked":"SKIP","floor":36.0},{"not_picked":["Enchanting:ReiMu","OrbThrow:ReiMu+1","Mountainwind:ReiMu+1","CollectionFlower2:ReiMu"],"picked":"ManaGlint:ReiMu+1","floor":37.0},{"not_picked":["SubAcupoint:ReiMu+1","UniversalSpiritual:ReiMu+1","SpreadBorder2:ReiMu+1","SafetyPray:ReiMu"],"picked":"FantasyBorder:ReiMu+1","floor":37.0},{"not_picked":["WonderfulDomain:ReiMu+1","Enchanting:ReiMu","PrepareRite:ReiMu+1","NineCharacters:ReiMu","Intuition:ReiMu+1"],"picked":"SKIP","floor":37.0},{"not_picked":["WonderfulDomain:ReiMu+1","Enchanting:ReiMu","PrepareRite:ReiMu+1","NineCharacters:ReiMu","Intuition:ReiMu+1"],"picked":"SKIP","floor":37.0},{"not_picked":["LovePray:ReiMu+1","Revelation:ReiMu+1","SpreadBorder2:ReiMu+1","ManaGlint:ReiMu+1"],"picked":"Amulet:ReiMu+1","floor":38.0},{"not_picked":["SubcavityFantasy:ReiMu","Enchanting:ReiMu+1","Intuition:ReiMu+1","FantasyMoon:ReiMu"],"picked":"RainPray2:ReiMu","floor":38.0},{"not_picked":["Meditation:ReiMu","SpringWay:ReiMu+1","AirStrike:ReiMu","UniversalSpiritual:ReiMu","TightArray:ReiMu+1"],"picked":"SKIP","floor":38.0},{"not_picked":["AlertArray:ReiMu","AirStrike:ReiMu","SubAcupoint:ReiMu+1","Gathering:ReiMu+1","EmergencyTakeOff:ReiMu+1"],"picked":"SKIP","floor":41.0},{"not_picked":["SubcavityInstant:ReiMu+1","OrbThrow:ReiMu+1","AirStrike:ReiMu+1","KyokaiOfKami:ReiMu"],"picked":"Meditation:ReiMu+1","floor":44.0},{"not_picked":["TightArray:ReiMu","TakeOff:ReiMu+1","Enchanting:ReiMu+1","SpreadBorder2:ReiMu","SubcavityInstant:ReiMu"],"picked":"SKIP","floor":44.0},{"not_picked":["Enchanting:ReiMu","AlertArray:ReiMu","TightArray:ReiMu+1","OrbThrow:ReiMu+1","Meditation:ReiMu"],"picked":"SKIP","floor":44.0},{"not_picked":["MostiFishMod:KingOfFree","Mayhem","Madness","Survey Options"],"picked":"MostiFishMod:TheLastGuard","floor":45.0},{"not_picked":["MostiFishMod:BrokenBlackCloak","Secret Weapon","Metamorphosis","AT_EmpoweredMortalDraw"],"picked":"Poisoned Strike","floor":45.0},{"not_picked":["SealNeedle:ReiMu","Conquer:ReiMu","YinYangSign:ReiMu","TightArray:ReiMu+1"],"picked":"RainPray2:ReiMu","floor":46.0},{"not_picked":["Revelation:ReiMu+1","SafetyPray:ReiMu","AirStrike:ReiMu+1","LovePray:ReiMu+1"],"picked":"MountainWay:ReiMu+1","floor":46.0},{"not_picked":["PayForSelf:ReiMu+1","CareerPray:ReiMu+1","Conquer:ReiMu+1","FineLineFantasy:ReiMu"],"picked":"PassingAway:ReiMu+1","floor":46.0},{"not_picked":["CareerPray:ReiMu+1","SubAcupoint:ReiMu","TightArray:ReiMu+1","SubcavityInstant:ReiMu"],"picked":"RainPray2:ReiMu","floor":51.0},{"not_picked":["OrbThrow:ReiMu","Meditation:ReiMu","ShadowOfCrow2:ReiMu","DoubleButterfly:ReiMu","SubcavityFantasy:ReiMu"],"picked":"SKIP","floor":51.0},{"not_picked":["Meditation:ReiMu","NineCharacters:ReiMu","WonderfulDomain:ReiMu","PhosphorusFlame:ReiMu+1","SubcavityInstant:ReiMu+1"],"picked":"SKIP","floor":51.0},{"not_picked":["SpreadBorder2:ReiMu","Meditation:ReiMu","YinYangSign:ReiMu","UpKicking:ReiMu"],"picked":"InherentArray:ReiMu+1","floor":52.0},{"not_picked":["MountainWay:ReiMu","LovePray:ReiMu","OctopathSalyBorderN:ReiMu","AlertArray:ReiMu+1","SafetyPray:ReiMu+1"],"picked":"SKIP","floor":52.0},{"not_picked":["AirManeuver:ReiMu+1","Amulet:ReiMu","SpreadBorder2:ReiMu","CareerPray:ReiMu","TightArray:ReiMu"],"picked":"SKIP","floor":52.0},{"not_picked":["AlertArray:ReiMu","AirStrike:ReiMu","BarrageOfMoneybags:ReiMu+1","OctopathSalyBorderN:ReiMu"],"picked":"FantasyBorder:ReiMu","floor":56},{"not_picked":["CareerPray:ReiMu","BarrageOfMoneybags:ReiMu","AirStrike:ReiMu+1","PrepareRite:ReiMu","SpringWay:ReiMu+1"],"picked":"SKIP","floor":56},{"not_picked":["OctopathBindingBorder2:ReiMu+1","Conquer:ReiMu","SafetyPray:ReiMu","PrepareRite:ReiMu+1","CareerPray:ReiMu+1"],"picked":"SKIP","floor":56}],"player_experience":185169,"relics_obtained":[{"floor":1.0,"key":"SynthV:TestCard"},{"floor":9.0,"key":"Bottled Tornado"},{"floor":12.0,"key":"Boot"},{"floor":21.0,"key":"Ornamental Fan"},{"floor":23.0,"key":"Replay:Arrowhead"},{"floor":26.0,"key":"DemoMod:VorpalBullet"},{"floor":27.0,"key":"Blue Doll"},{"floor":41.0,"key":"Onion Ring"},{"floor":52.0,"key":"paleoftheancients:SoulOfTheGuardian"}],"event_choices":[{"damage_healed":0.0,"max_hp_gain":0.0,"max_hp_loss":0.0,"gold_gain":0.0,"cards_transformed":["Strike_Lin:ReiMu"],"event_name":"Transmorgrifier","player_choice":"Transformed","floor":53.0,"gold_loss":0.0,"damage_taken":0.0,"cards_obtained":["Determination:ReiMu"]}],"is_beta":false,"boss_relics":[{"not_picked":["SacredBark","aspiration:FutureDiary"],"picked":"HereWithMe"},{"not_picked":["FixedStarFall","GuanYuAspect"],"picked":"RhineSuit"}],"items_purged_floors":[3,8,48,54,58],"is_endless":false,"potions_floor_spawned":[1,2,7,13,18,27,30,35,37,38,46,56],"ascension_level":0}}