{"host":"dj20jyxj5yo6mk8a","time":1614113045,"event":{"mods":["AchievementEnabler","BaseMod","BetterRewards","Card Forge","Infinite Spire","Minty Spire (QoL Compilation)","Replay The Spire","StSLib"],"gold_per_floor":[111,130,144,154,69,69,69,89,89,117,117,142,142,157,157,258,258,270,280,280,295,312,345,345,359,386,212,212,242,257,307,307,307,307,412,412,435,291,308,310,430,458,503,535,547,559,571,583,625,637,4,4,4,107,107,123,123,135,212,223,240,240,269,341,362,362,362,372,386,386,414,414,422,438,440,292,310,339,339,254,305,305,404,434,445,59,59,148,148,160,172,205,218,70,89,89,117,171,193,193,193,195,214,214,275,275,275,275,281,280,279,279,196,196],"floor_reached":113,"language":"ENG","playtime":4558,"items_purged":[],"score":3265,"play_id":"a2fba919-60c0-43bb-ba02-a8beb5d3f723","local_time":"20210223174405","is_ascension_mode":true,"campfire_choices":[{"floor":7.0,"key":"RECALL"},{"floor":11.0,"key":"REST"},{"data":"Halt","floor":15.0,"key":"SMITH"},{"floor":24.0,"key":"REST"},{"floor":34.0,"key":"REST"},{"floor":46,"key":"REST"},{"floor":50,"key":"REST"},{"floor":53,"key":"DIG"},{"floor":62,"key":"DIG"},{"floor":67,"key":"DIG"},{"floor":70,"key":"DIG"},{"floor":79,"key":"DIG"},{"floor":82,"key":"DIG"},{"floor":87,"key":"DIG"},{"floor":96,"key":"DIG"},{"floor":101,"key":"DIG"},{"floor":104,"key":"DIG"},{"floor":112,"key":"DIG"}],"circlet_count":0,"master_deck":["Strike_P","Strike_P","Strike_P","Defend_P","Defend_P","Defend_P","Eruption+1","Vigilance+1","RitualDagger+1","Sadistic Nature+1","Panache+1","LiveForever+1","Good Instincts+1","Flash of Steel+1","Dramatic Entrance+1","Discovery+1","Dark Echo+1","Blind+1","BecomeAlmighty+1","LiveForever+1","BecomeAlmighty+1","CrushJoints+1","Prostrate+1","Replay:DivineShield+1","JustLucky+1","Discovery+1","Consecrate+1","Worship+1","Halt+1","Wish+1","Weave+1","JustLucky+1","Nirvana+1","Dark Shackles+1","WreathOfFlame+1","ReplayTheSpireMod:Private Reserves+1","infinitespire:Execution+1","Finesse+1","Specialist+1","Swift Strike+1","Alpha+1","Trip+1","Mayhem+1","ReplayTheSpireMod:Faulty Equipment+1","CommonCold","Amnesia","Overencumbered","Hallucinations","Delirium","LiveForever+1","Languid","Pot Of Greed+1","Pot Of Greed+1","Pot Of Greed+1","Pot Of Greed+1","Pot Of Greed+1","infinitespire:Execution+1","CurseOfTheBell","ReplayTheSpireMod:??????????????????????"],"relics":["Hammer of Thor","Seething Fire","Anvil of the Gods","Runic Pyramid","Nunchaku","HornCleat","Blood Vial","Replay:Ancient Bell","Pet Ghost","infinitespire:Midas Blood","Replay:Kaleidoscope","Matryoshka","Oddly Smooth Stone","Akabeko","infinitespire:PuzzleCube","Replay:Wax Seal","Matryoshka","Bottled Flame","Ring of Greed","MealTicket","Ring of Misfortune","Golden Egg","Busted Crown","Orichalcum","Shovel","Du-Vu Doll","Turnip","MawBank","PreservedInsect","Simple Rune","Mirror","Anchor","infinitespire:Joker Card","ReplayTheSpireMod:ShopPack","Potion Belt","infinitespire:CheckeredPen","Regal Pillow","infinitespire:Lychee Nut","ReplayTheSpireMod:Ninjato","Replay:Bottled Snecko","Sundial","Whetstone","Yang","Gremlin Food","Astrolabe","ClockworkSouvenir","Boot","TungstenRod","ReplayTheSpireMod:TigerMarble","Pen Nib","Replay:Baseball","Art of War","Happy Flower","Pear","Chameleon Ring","Replay:Bronze Core","Replay:Towering Pillar of Hats","DollysMirror","Damaru","Lizard Tail","Darkstone Periapt","ReplayFunnel","infinitespire:Satchel","Grinning Jar","Snack Pack","Bag of Preparation","Calling Bell","Juzu Bracelet","Shuriken","Mango","InkBottle"],"acts_visited":["Exordium","TheCity","TheBeyond","Exordium","TheCity","TheBeyond","Exordium"],"potions_floor_usage":[88,88],"damage_taken":[{"damage":0.0,"enemies":"Small Slimes","floor":1.0,"turns":1.0},{"damage":0.0,"enemies":"2 Louse","floor":2.0,"turns":1.0},{"damage":0.0,"enemies":"Jaw Worm","floor":3.0,"turns":1.0},{"damage":13.0,"enemies":"Blue Slaver","floor":4.0,"turns":2.0},{"damage":0.0,"enemies":"3 Sentries","floor":6.0,"turns":4.0},{"damage":0.0,"enemies":"Exordium Wildlife","floor":8.0,"turns":1.0},{"damage":0.0,"enemies":"Gremlin Nob","floor":10.0,"turns":4.0},{"damage":0.0,"enemies":"3 Sentries","floor":12.0,"turns":3.0},{"damage":0.0,"enemies":"Looter","floor":14.0,"turns":3.0},{"damage":7.0,"enemies":"Hexaghost","floor":16.0,"turns":6.0},{"damage":0.0,"enemies":"Spheric Guardian","floor":18.0,"turns":2.0},{"damage":0.0,"enemies":"Chosen","floor":19.0,"turns":1.0},{"damage":2.0,"enemies":"Snecko","floor":21.0,"turns":4.0},{"damage":0.0,"enemies":"Snake Plant","floor":22.0,"turns":1.0},{"damage":0.0,"enemies":"Book of Stabbing","floor":23.0,"turns":2.0},{"damage":0.0,"enemies":"Centurion and Healer","floor":25.0,"turns":3.0},{"damage":0.0,"enemies":"Nightmare","floor":29.0,"turns":5.0},{"damage":0.0,"enemies":"Cultist and Chosen","floor":30.0,"turns":3.0},{"damage":6.0,"enemies":"Automaton","floor":35.0,"turns":3.0},{"damage":8.0,"enemies":"3 Shapes","floor":37.0,"turns":3.0},{"damage":0.0,"enemies":"3 Darklings","floor":39.0,"turns":2.0},{"damage":4.0,"enemies":"infinitespire:Three Voidlings","floor":41.0,"turns":3.0},{"damage":50.0,"enemies":"Nightmare_Alpha","floor":41.0,"turns":9.0},{"damage":0,"enemies":"R_Hoarder","floor":42,"turns":6},{"damage":0,"enemies":"2 Orb Walkers","floor":43,"turns":4},{"damage":0,"enemies":"Reptomancer","floor":44,"turns":2},{"damage":0,"enemies":"Giant Head","floor":49,"turns":5},{"damage":0,"enemies":"Time Eater","floor":54,"turns":5},{"damage":0,"enemies":"Cultist","floor":56,"turns":1},{"damage":0,"enemies":"Jaw Worm","floor":58,"turns":1},{"damage":0,"enemies":"2 Louse","floor":60,"turns":1},{"damage":0,"enemies":"3 Sentries","floor":61,"turns":2},{"damage":0,"enemies":"Gremlin Nob","floor":63,"turns":1},{"damage":0,"enemies":"3 Sentries","floor":65,"turns":1},{"damage":0,"enemies":"Gremlin Gang","floor":68,"turns":1},{"damage":0,"enemies":"2 Fungi Beasts","floor":69,"turns":1},{"damage":0,"enemies":"Fading Forest","floor":71,"turns":11},{"damage":0,"enemies":"Shell Parasite","floor":73,"turns":1},{"damage":0,"enemies":"Chosen","floor":74,"turns":1},{"damage":0,"enemies":"Snake Plant","floor":77,"turns":1},{"damage":0,"enemies":"Slavers","floor":78,"turns":1},{"damage":0,"enemies":"Book of Stabbing","floor":84,"turns":1},{"damage":0,"enemies":"Snecko","floor":85,"turns":1},{"damage":0,"enemies":"Champ","floor":88,"turns":2},{"damage":0,"enemies":"Orb Walker","floor":90,"turns":1},{"damage":1,"enemies":"3 Shapes","floor":91,"turns":1},{"damage":0,"enemies":"2 Orb Walkers","floor":92,"turns":2},{"damage":0,"enemies":"Spire Growth","floor":93,"turns":1},{"damage":0,"enemies":"R_Hoarder","floor":95,"turns":1},{"damage":0,"enemies":"Reptomancer","floor":97,"turns":1},{"damage":0,"enemies":"Nemesis","floor":99,"turns":1},{"damage":0,"enemies":"Nightmare","floor":103,"turns":1},{"damage":0,"enemies":"Donu and Deca","floor":105,"turns":3},{"damage":4,"enemies":"Small Slimes","floor":107,"turns":5},{"damage":0,"enemies":"2 Louse","floor":110,"turns":1},{"damage":0,"enemies":"Cultist","floor":111,"turns":1},{"damage":157,"enemies":"Nightmare_Alpha","floor":113,"turns":5}],"seed_played":"-2360789472249382418","potions_obtained":[{"floor":52,"key":"Venom Potion"},{"floor":52,"key":"Block Potion"},{"floor":52,"key":"PowerPotion"},{"floor":97,"key":"Toxic Potion"}],"is_trial":false,"path_per_floor":["M","M","M","M","$","E","R","M","T","E","R","E","?","M","R","B",null,"M","M","AVR","M","M","E","R","M","T","$","?","NM","M","?","PTL","PTL","R","B",null,"M","$","M","?","?","E","?","E","T","R","PTL","PTL","E","R","$","?","R","B",null,"M","$","M","?","M","E","R","E","T","E","?","R","M","M","R","B",null,"M","M","?","$","M","E","R","?","T","R","?","E","M","$","R","B",null,"M","M","?","M","$","E","R","E","T","E","?","R","?","NM","R","B",null,"M","AVR","?","M","M","R","NM"],"character_chosen":"WATCHER","items_purchased":["Discovery","Replay:Wax Seal","Dark Shackles","Orichalcum","infinitespire:Joker Card","ReplayTheSpireMod:ShopPack","Potion Belt","Trip","ClockworkSouvenir","Happy Flower","Pear","DollysMirror"],"campfire_rested":5,"item_purchase_floors":[5,27,27,38,51,51,51,51,76,86,86,94],"current_hp_per_floor":[72,72,72,59,59,59,59,59,59,59,72,72,72,72,72,65,69,69,69,69,67,69,69,69,69,69,69,69,69,69,69,69,69,69,63,69,61,69,69,59,3,5,7,9,9,29,29,29,31,51,66,66,66,68,69,69,69,69,58,60,62,51,51,51,51,51,51,51,51,51,51,51,51,51,46,51,51,51,51,51,51,51,51,51,51,61,61,61,61,61,60,61,61,61,61,61,61,67,67,67,67,52,54,54,67,87,83,83,74,76,78,78,0,0],"gold":196,"neow_bonus":"BOSS_RELIC","is_daily":false,"chose_seed":false,"campfire_upgraded":1,"win_rate":0.0,"timestamp":1614113045,"path_taken":["M","M","M","M","$","E","R","M","T","E","R","E","?","M","R","BOSS","M","M","AVR","M","M","E","R","M","T","$","?","NM","M","?","PTL","PTL","R","BOSS","M","$","M","?","?","E","?","E","T","R","PTL","PTL","E","R","$","?","R","BOSS","M","?","M","?","M","E","R","E","T","E","?","R","M","?","R","BOSS","M","M","?","$","?","E","R","?","T","R","?","E","M","?","R","BOSS","M","M","?","M","$","E","R","E","T","E","?","R","?","NM","R","BOSS","M","AVR","?","M","M","R","NM"],"items_purchased_type":["Card","Relic","Card","Relic","Relic","Relic","Relic","Card","Relic","Relic","Relic","Relic"],"build_version":"2020-12-22","purchased_purges":0,"victory":false,"max_hp_per_floor":[72,72,72,72,72,72,72,72,72,72,72,72,72,72,72,72,69,69,69,69,69,69,69,69,69,69,69,69,69,69,69,69,69,69,69,69,69,69,69,69,69,69,69,69,69,69,69,69,69,69,69,69,69,69,69,69,69,69,69,69,69,51,51,51,51,51,51,51,51,51,51,51,51,51,51,51,51,51,51,51,51,51,51,51,51,61,61,61,61,61,61,61,61,61,61,61,61,67,67,67,67,67,67,67,67,87,87,87,87,87,87,87,87,87],"card_choices":[{"not_picked":["Tantrum","Replay:Battleflow"],"picked":"CrushJoints","floor":1.0},{"not_picked":["FlurryOfBlows","Protect"],"picked":"Prostrate","floor":2.0},{"not_picked":["SashWhip","EmptyBody"],"picked":"Replay:DivineShield","floor":3.0},{"not_picked":["Sanctity","InnerPeace"],"picked":"JustLucky","floor":4.0},{"not_picked":["FollowUp","Replay:BluntJabs"],"picked":"Consecrate","floor":6.0},{"not_picked":["FollowUp","SashWhip","Protect"],"picked":"SKIP","floor":8.0},{"not_picked":["WindmillStrike","ClearTheMind","SignatureMove"],"picked":"SKIP","floor":10.0},{"not_picked":["Wallop","DeusExMachina","Evaluate"],"picked":"SKIP","floor":12.0},{"not_picked":["FollowUp","EmptyBody"],"picked":"Halt","floor":14.0},{"not_picked":["SpiritShield","LessonLearned"],"picked":"Wish","floor":16.0},{"not_picked":["Overencumbered","Regret"],"picked":"ReplayTheSpireMod:Doomed","floor":17.0},{"not_picked":["Voices","Looming Evil"],"picked":"Parasite","floor":17.0},{"not_picked":["CurseOfTheBell","infinitespire:Pacifist"],"picked":"Decay","floor":17.0},{"not_picked":["EmptyBody","Halt"],"picked":"Weave","floor":18.0},{"not_picked":["Replay:ManipulateFuture","Adaptation"],"picked":"JustLucky","floor":19.0},{"not_picked":["FlyingSleeves","ThirdEye+1","PathToVictory"],"picked":"SKIP","floor":21.0},{"not_picked":["CrushJoints","Halt","SashWhip"],"picked":"SKIP","floor":22.0},{"not_picked":["Halt","Prostrate","Replay:Battleflow"],"picked":"SKIP","floor":23.0},{"not_picked":["Fasting2","FollowUp"],"picked":"Nirvana","floor":25.0},{"not_picked":["Fasting2","JustLucky","ThirdEye"],"picked":"SKIP","floor":29.0},{"not_picked":["EmptyFist","CutThroughFate","WheelKick+1"],"picked":"SKIP","floor":30.0},{"not_picked":[],"picked":"WreathOfFlame","floor":37.0},{"not_picked":["EmptyBody+1"],"picked":"SKIP","floor":39.0},{"not_picked":[],"picked":"ReplayTheSpireMod:Private Reserves","floor":40.0},{"not_picked":["infinitespire:FutureSight","ReplayTheSpireMod:Black Plague"],"picked":"infinitespire:Execution","floor":41},{"not_picked":[],"picked":"Finesse","floor":41},{"not_picked":[],"picked":"Specialist","floor":41},{"not_picked":[],"picked":"Swift Strike","floor":41},{"not_picked":["Evaluate"],"picked":"SKIP","floor":42},{"not_picked":[],"picked":"Alpha","floor":44},{"not_picked":["Meditate"],"picked":"SKIP","floor":49},{"not_picked":["Meditate"],"picked":"SKIP","floor":49},{"not_picked":[],"picked":"Mayhem","floor":51},{"not_picked":["Tantrum"],"picked":"SKIP","floor":56},{"not_picked":["PathToVictory"],"picked":"SKIP","floor":58},{"not_picked":["Pray"],"picked":"SKIP","floor":60},{"not_picked":["Replay:AtTheReady"],"picked":"SKIP","floor":61},{"not_picked":["Evaluate"],"picked":"SKIP","floor":63},{"not_picked":["Protect"],"picked":"SKIP","floor":65},{"not_picked":["PathToVictory"],"picked":"SKIP","floor":68},{"not_picked":["CarveReality"],"picked":"SKIP","floor":69},{"not_picked":["Crescendo"],"picked":"SKIP","floor":73},{"not_picked":["FollowUp"],"picked":"SKIP","floor":74},{"not_picked":["TalkToTheHand+1"],"picked":"SKIP","floor":77},{"not_picked":["Judgement"],"picked":"SKIP","floor":78},{"not_picked":["Wireheading"],"picked":"SKIP","floor":84},{"not_picked":["Crescendo"],"picked":"SKIP","floor":85},{"not_picked":["Replay:BluntJabs"],"picked":"SKIP","floor":90},{"not_picked":["WreathOfFlame"],"picked":"SKIP","floor":91},{"not_picked":["InnerPeace"],"picked":"SKIP","floor":93},{"not_picked":["Crescendo"],"picked":"SKIP","floor":95},{"not_picked":["DeceiveReality"],"picked":"SKIP","floor":97},{"not_picked":["Replay:ManipulateFuture"],"picked":"SKIP","floor":99},{"not_picked":["infinitespire:Collect","ReplayTheSpireMod:Echoes of Time"],"picked":"infinitespire:Execution","floor":102},{"not_picked":["Protect"],"picked":"SKIP","floor":103},{"not_picked":["SashWhip"],"picked":"SKIP","floor":107},{"not_picked":["SashWhip"],"picked":"SKIP","floor":107},{"not_picked":["InnerPeace"],"picked":"SKIP","floor":110},{"not_picked":["Crescendo"],"picked":"SKIP","floor":111}],"player_experience":101853,"relics_obtained":[{"floor":6.0,"key":"Nunchaku"},{"floor":10.0,"key":"HornCleat"},{"floor":12.0,"key":"Blood Vial"},{"floor":23.0,"key":"Oddly Smooth Stone"},{"floor":26.0,"key":"Akabeko"},{"floor":26.0,"key":"infinitespire:PuzzleCube"},{"floor":29.0,"key":"Bottled Flame"},{"floor":31.0,"key":"Ring of Greed"},{"floor":31.0,"key":"MealTicket"},{"floor":31.0,"key":"Ring of Misfortune"},{"floor":31.0,"key":"Golden Egg"},{"floor":41,"key":"Shovel"},{"floor":42,"key":"Du-Vu Doll"},{"floor":43,"key":"Turnip"},{"floor":44,"key":"MawBank"},{"floor":45,"key":"PreservedInsect"},{"floor":45,"key":"Simple Rune"},{"floor":45,"key":"Mirror"},{"floor":49,"key":"Anchor"},{"floor":53,"key":"infinitespire:CheckeredPen"},{"floor":61,"key":"Regal Pillow"},{"floor":62,"key":"infinitespire:Lychee Nut"},{"floor":63,"key":"ReplayTheSpireMod:Ninjato"},{"floor":64,"key":"Replay:Bottled Snecko"},{"floor":64,"key":"Sundial"},{"floor":65,"key":"Whetstone"},{"floor":67,"key":"Yang"},{"floor":70,"key":"Gremlin Food"},{"floor":78,"key":"Boot"},{"floor":79,"key":"TungstenRod"},{"floor":81,"key":"Pen Nib"},{"floor":82,"key":"Replay:Baseball"},{"floor":84,"key":"Art of War"},{"floor":87,"key":"Chameleon Ring"},{"floor":92,"key":"Replay:Towering Pillar of Hats"},{"floor":95,"key":"Damaru"},{"floor":96,"key":"Lizard Tail"},{"floor":97,"key":"Darkstone Periapt"},{"floor":98,"key":"ReplayFunnel"},{"floor":99,"key":"infinitespire:Satchel"},{"floor":101,"key":"Grinning Jar"},{"floor":103,"key":"Snack Pack"},{"floor":104,"key":"Bag of Preparation"},{"floor":106,"key":"Juzu Bracelet"},{"floor":106,"key":"Shuriken"},{"floor":106,"key":"Mango"}],"event_choices":[{"damage_healed":0.0,"max_hp_gain":0.0,"max_hp_loss":0.0,"gold_gain":0.0,"cards_transformed":["Strike_P"],"event_name":"Living Wall","player_choice":"Change","floor":13.0,"gold_loss":0.0,"damage_taken":0.0,"cards_obtained":["Worship"]},{"damage_healed":0.0,"max_hp_gain":0.0,"max_hp_loss":0.0,"gold_gain":0.0,"event_name":"SensoryStone","player_choice":"Memory 3","floor":40.0,"gold_loss":0.0,"damage_taken":10.0},{"damage_healed":0,"gold_gain":0,"player_choice":"Memory 3","damage_taken":10,"max_hp_gain":0,"max_hp_loss":0,"event_name":"SensoryStone","floor":41,"gold_loss":0},{"damage_healed":0,"gold_gain":0,"player_choice":"Fight","damage_taken":0,"max_hp_gain":0,"max_hp_loss":0,"event_name":"Mysterious Sphere","floor":43,"gold_loss":0},{"damage_healed":0,"gold_gain":0,"player_choice":"Got Potions","damage_taken":0,"max_hp_gain":0,"max_hp_loss":0,"event_name":"Lab","floor":52,"gold_loss":0},{"damage_healed":0,"gold_gain":75,"player_choice":"Gather Gold","damage_taken":11,"max_hp_gain":0,"max_hp_loss":0,"event_name":"World of Goop","floor":59,"gold_loss":0},{"damage_healed":0,"gold_gain":0,"player_choice":"Upgraded","damage_taken":0,"max_hp_gain":0,"max_hp_loss":0,"event_name":"Upgrade Shrine","floor":66,"gold_loss":0,"cards_upgraded":["Defend_P"]},{"damage_healed":0,"gold_gain":0,"player_choice":"Damaged","damage_taken":5,"max_hp_gain":0,"max_hp_loss":0,"event_name":"Wheel of Change","floor":75,"gold_loss":0},{"damage_healed":0,"gold_gain":0,"player_choice":"Obtained Relic","damage_taken":0,"relics_obtained":["ReplayTheSpireMod:TigerMarble"],"max_hp_gain":0,"max_hp_loss":0,"event_name":"Addict","floor":80,"gold_loss":85},{"damage_healed":0,"gold_gain":99,"player_choice":"Stole From Cult","damage_taken":0,"max_hp_gain":0,"max_hp_loss":0,"event_name":"Nest","floor":83,"gold_loss":0},{"damage_healed":0,"gold_gain":0,"player_choice":"Fight","damage_taken":0,"max_hp_gain":0,"max_hp_loss":0,"event_name":"Mysterious Sphere","floor":92,"gold_loss":0},{"cards_removed":["Defend_P"],"damage_healed":0,"gold_gain":0,"player_choice":"Removed Skill","damage_taken":0,"max_hp_gain":0,"max_hp_loss":0,"event_name":"Falling","floor":100,"gold_loss":0},{"damage_healed":0,"gold_gain":0,"player_choice":"Success","damage_taken":12,"relics_obtained":["InkBottle"],"max_hp_gain":0,"max_hp_loss":0,"event_name":"Scrap Ooze","floor":109,"gold_loss":0}],"is_beta":false,"boss_relics":[{"not_picked":["Calling Bell","Replay:Bronze Core"],"picked":"Replay:Ancient Bell"},{"not_picked":["Regal Pillow","Omamori"],"picked":"Pet Ghost"},{"not_picked":["ReplayTheSpireMod:Ninjato","Gremlin Horn"],"picked":"infinitespire:Midas Blood"},{"not_picked":["Durian","Replay:Arrowhead"],"picked":"Replay:Kaleidoscope"},{"not_picked":["Astrolabe","SlaversCollar"],"picked":"Busted Crown"},{"not_picked":["Kintsugi","Velvet Choker","infinitespire:Cupcake"]},{"not_picked":["Kintsugi","Philosopher\u0027s Stone"],"picked":"Astrolabe"},{"not_picked":["Sozu","Replay:Wanted Poster"],"picked":"Replay:Bronze Core"},{"not_picked":["Empty Cage","ChewingGum"],"picked":"Calling Bell"}],"items_purged_floors":[],"is_endless":true,"potions_floor_spawned":[4,8,10,14,19,21,22,30,35,37,41,42,49,58,60,68,69,71,73,74,77,84,92,93,97,103,110],"killed_by":"Nightmare_Alpha","ascension_level":2}}