{"host":"d2gh6suihlstufn7","time":1614056267,"event":{"mods":["AchievementEnabler","BaseMod","Colored Map","Colored Powertips","Minty Spire (QoL Compilation)","Permanent Neow","Quick Restart"],"gold_per_floor":[112,112,125,47,59,59,59,59,59,78,95,95,113,125,125,220,270,288,21,35,35,53,53,69,69,114,114,39,50,50,61,61,157,157,172,172,172,185,196,196,196],"floor_reached":40,"language":"KOR","playtime":1277,"items_purged":[],"score":382,"play_id":"17d66dae-7893-4ec9-8b50-c8e7aaa861d2","local_time":"20210223135747","is_ascension_mode":false,"campfire_choices":[{"data":"Immolate","floor":6.0,"key":"SMITH"},{"data":"Fiend Fire","floor":8.0,"key":"SMITH"},{"data":"Infernal Blade","floor":12.0,"key":"SMITH"},{"data":"Flame Barrier","floor":15.0,"key":"SMITH"},{"data":"Fire Breathing","floor":23,"key":"SMITH"},{"data":"Evolve","floor":27,"key":"SMITH"},{"data":"Feel No Pain","floor":32,"key":"SMITH"}],"circlet_count":0,"master_deck":["Strike_R","Strike_R","Strike_R","Strike_R","Defend_R","Defend_R","Defend_R","Bash","Immolate+1","Shrug It Off","Fiend Fire+1","Sentinel+1","Infernal Blade+1","Flame Barrier+1","Second Wind+1","Evolve+1","Feel No Pain+1","Fire Breathing+1","Wild Strike","Fiend Fire","Fire Breathing+1","Shame","Impervious","Doubt"],"relics":["Burning Blood","Meat on the Bone","Tiny House","Orrery","Juzu Bracelet","Question Card","Snecko Eye"],"acts_visited":["Exordium","TheCity","TheBeyond"],"potions_floor_usage":[18,18,18,18,24,29,33,33,33,39],"damage_taken":[{"damage":7.0,"enemies":"Small Slimes","floor":1.0,"turns":2.0},{"damage":5.0,"enemies":"Jaw Worm","floor":3.0,"turns":4.0},{"damage":0.0,"enemies":"Cultist","floor":5.0,"turns":3.0},{"damage":14.0,"enemies":"Exordium Thugs","floor":10.0,"turns":5.0},{"damage":0.0,"enemies":"Blue Slaver","floor":11.0,"turns":2.0},{"damage":15.0,"enemies":"3 Louse","floor":13.0,"turns":2.0},{"damage":0.0,"enemies":"Lots of Slimes","floor":14.0,"turns":1.0},{"damage":66,"enemies":"The Guardian","floor":16,"turns":9},{"damage":0,"enemies":"Shell Parasite","floor":18,"turns":1},{"damage":5,"enemies":"Chosen","floor":20,"turns":5},{"damage":0,"enemies":"Snecko","floor":22,"turns":4},{"damage":13,"enemies":"Cultist and Chosen","floor":24,"turns":5},{"damage":13,"enemies":"Snake Plant","floor":29,"turns":4},{"damage":11,"enemies":"Snecko","floor":31,"turns":6},{"damage":53,"enemies":"Collector","floor":33,"turns":9},{"damage":5,"enemies":"3 Shapes","floor":35,"turns":4},{"damage":26,"enemies":"3 Darklings","floor":38,"turns":4},{"damage":9,"enemies":"Sphere and 2 Shapes","floor":39,"turns":4},{"damage":64,"enemies":"Giant Head","floor":40,"turns":8}],"seed_played":"7807744448954941643","potions_obtained":[{"floor":5.0,"key":"Explosive Potion"},{"floor":10.0,"key":"Energy Potion"},{"floor":13.0,"key":"EntropicBrew"},{"floor":16,"key":"Fire Potion"},{"floor":22,"key":"SkillPotion"},{"floor":24,"key":"Explosive Potion"},{"floor":31,"key":"Block Potion"},{"floor":38,"key":"Regen Potion"}],"is_trial":false,"path_per_floor":["M","?","M","$","M","R","?","R","T","M","M","R","M","M","R","B",null,"M","$","M","$","M","R","M","$","T","R","?","M","?","M","R","B",null,"M","?","?","M","M","E"],"character_chosen":"IRONCLAD","items_purchased":["Fiend Fire","Evolve","Orrery","Wild Strike"],"campfire_rested":0,"item_purchase_floors":[4,19,19,19],"current_hp_per_floor":[55,80,80,80,80,80,80,80,80,72,78,78,69,75,75,27,85,85,85,85,85,85,85,78,78,78,78,78,71,71,66,66,31,85,85,85,85,65,74,10,10],"gold":196,"neow_bonus":"THREE_RARE_CARDS","is_daily":false,"chose_seed":false,"campfire_upgraded":7,"win_rate":0.0,"timestamp":1614056267,"path_taken":["M","?","M","$","M","R","?","R","T","M","M","R","?","M","R","BOSS","M","$","M","$","M","R","M","$","T","R","?","M","?","M","R","BOSS","M","?","?","M","M","E"],"items_purchased_type":["Card","Card","Relic","Card"],"build_version":"2020-12-22","purchased_purges":0,"victory":false,"max_hp_per_floor":[80,80,80,80,80,80,80,80,80,80,80,80,80,80,80,80,85,85,85,85,85,85,85,85,85,85,85,85,85,85,85,85,85,85,85,85,85,85,85,85,85],"card_choices":[{"not_picked":["Feed","Double Tap"],"picked":"Immolate","floor":0.0},{"not_picked":["Pommel Strike","Clothesline"],"picked":"Shrug It Off","floor":1.0},{"not_picked":["True Grit","Heavy Blade","Second Wind"],"picked":"SKIP","floor":3.0},{"not_picked":["Flex","Warcry"],"picked":"Sentinel","floor":5.0},{"not_picked":["Uppercut","Armaments","Iron Wave"],"picked":"SKIP","floor":10.0},{"not_picked":["Shrug It Off","Heavy Blade"],"picked":"Flame Barrier","floor":11.0},{"not_picked":["Anger","Havoc","Reaper"],"picked":"SKIP","floor":13.0},{"not_picked":["Headbutt","Thunderclap","Body Slam"],"picked":"SKIP","floor":14.0},{"not_picked":["Sentinel","Sword Boomerang"],"picked":"Second Wind","floor":17},{"not_picked":["True Grit","Combust","Havoc"],"picked":"SKIP","floor":18},{"not_picked":["Clash","Searing Blow"],"picked":"Feel No Pain","floor":19},{"not_picked":["Clothesline","Cleave"],"picked":"Fire Breathing","floor":19},{"not_picked":["Anger","Cleave"],"picked":"Evolve","floor":19},{"not_picked":["True Grit+1","Perfected Strike"],"picked":"Fiend Fire","floor":20},{"not_picked":["Havoc","Shrug It Off","Clash"],"picked":"SKIP","floor":22},{"not_picked":["Perfected Strike+1","Exhume"],"picked":"Fire Breathing+1","floor":24},{"not_picked":["Feel No Pain","Havoc","Clash"],"picked":"SKIP","floor":29},{"not_picked":["Twin Strike","Heavy Blade","Feel No Pain","Anger"],"picked":"SKIP","floor":31},{"not_picked":["Double Tap","Demon Form","Reaper"],"picked":"Impervious","floor":33},{"not_picked":["Anger","Iron Wave+1","Combust+1","Sword Boomerang+1"],"picked":"SKIP","floor":35},{"not_picked":["Clash","Carnage","Burning Pact+1","Searing Blow"],"picked":"SKIP","floor":38},{"not_picked":["Pummel+1","Anger","Dropkick","Clothesline"],"picked":"SKIP","floor":39}],"player_experience":190994,"relics_obtained":[{"floor":9.0,"key":"Meat on the Bone"},{"floor":26,"key":"Juzu Bracelet"}],"event_choices":[{"damage_healed":26.0,"max_hp_gain":0.0,"max_hp_loss":0.0,"gold_gain":0.0,"event_name":"Big Fish","player_choice":"Banana","floor":2.0,"gold_loss":0.0,"damage_taken":0.0},{"damage_healed":0.0,"max_hp_gain":0.0,"max_hp_loss":0.0,"gold_gain":0.0,"cards_transformed":["Defend_R"],"event_name":"Transmorgrifier","player_choice":"Transformed","floor":7.0,"gold_loss":0.0,"damage_taken":0.0,"cards_obtained":["Infernal Blade"]},{"cards_removed":["Strike_R"],"damage_healed":0,"gold_gain":0,"player_choice":"Gave Gold","damage_taken":0,"max_hp_gain":0,"max_hp_loss":0,"event_name":"Beggar","floor":28,"gold_loss":75},{"damage_healed":0,"gold_gain":0,"player_choice":"Stole Relic","damage_taken":0,"relics_obtained":["Question Card"],"max_hp_gain":0,"max_hp_loss":0,"event_name":"Addict","floor":30,"gold_loss":0,"cards_obtained":["Shame"]},{"cards_removed":["Evolve"],"damage_healed":0,"gold_gain":0,"player_choice":"Took Card","damage_taken":0,"max_hp_gain":0,"max_hp_loss":0,"event_name":"NoteForYourself","floor":36,"gold_loss":0,"cards_obtained":["Doubt"]},{"damage_healed":0,"gold_gain":0,"player_choice":"Upgraded","damage_taken":0,"max_hp_gain":0,"max_hp_loss":0,"event_name":"Upgrade Shrine","floor":37,"gold_loss":0,"cards_upgraded":["Second Wind"]}],"is_beta":false,"boss_relics":[{"not_picked":["Busted Crown","Sozu"],"picked":"Tiny House"},{"not_picked":["Coffee Dripper","Black Star"],"picked":"Snecko Eye"}],"items_purged_floors":[],"is_endless":false,"potions_floor_spawned":[5,10,13,16,22,24,31,38],"killed_by":"Giant Head","ascension_level":0}}