{"host":"newqdrzxfhh2im9e","time":1614041681,"event":{"mods":["AchievementEnabler","BaseMod","Block Reminder","Colored Map","Minty Spire (QoL Compilation)","Rare Cards Sparkle","Shop Mod","StSLib"],"gold_per_floor":[113,78,78,98,8,8,43,43,68,86,86,116,116,133,133,230,230,248,263,281,59,59,59,59,59,59,93,110,110,133,144,144,244,244,261,62,78,0,50,50,50,50,75,5,21,40,40,60,60,60,60,60,25,57,57,57],"floor_reached":55,"language":"ENG","playtime":2304,"items_purged":[],"score":678,"play_id":"65746355-0e8d-48e5-bb84-2a9656266355","local_time":"20210222165441","is_ascension_mode":false,"campfire_choices":[{"data":"Infinite Blades","floor":6,"key":"SMITH"},{"floor":8,"key":"RECALL"},{"floor":11,"key":"REST"},{"data":"Dash","floor":13,"key":"SMITH"},{"data":"All Out Attack","floor":15,"key":"SMITH"},{"data":"Calculated Gamble","floor":24,"key":"SMITH"},{"data":"A Thousand Cuts","floor":29,"key":"SMITH"},{"floor":32,"key":"REST"},{"data":"After Image","floor":40,"key":"SMITH"},{"data":"Die Die Die","floor":42,"key":"SMITH"},{"data":"Caltrops","floor":49,"key":"SMITH"},{"data":"Heel Hook","floor":52,"key":"SMITH"}],"circlet_count":0,"master_deck":["Strike_G","Strike_G","Strike_G","Defend_G","Defend_G","Defend_G","Defend_G","Survivor","Neutralize","Acrobatics","Grand Finale","Crippling Poison+1","Infinite Blades+1","Panacea","Dash+1","Caltrops+1","All Out Attack+1","Adrenaline","Heel Hook+1","Deflect","Calculated Gamble+1","Venomology","A Thousand Cuts+1","After Image+1","Backstab","Die Die Die+1","CurseOfTheBell","Well Laid Plans","Distraction+1","Deflect","Adrenaline","Slice+1","Caltrops","Expertise+1","Adrenaline","Crippling Poison","Dash+1","Crippling Poison+1","Noxious Fumes","Deflect+1"],"relics":["Ring of the Snake","Akabeko","Centennial Puzzle","HoveringKite","Torii","Art of War","Anchor","Calling Bell","Oddly Smooth Stone","Eternal Feather","Prayer Wheel","Blood Vial","Red Mask","Dead Branch","Bag of Marbles","Nunchaku"],"acts_visited":["Exordium","TheCity","TheBeyond","TheEnding"],"potions_floor_usage":[7,7,16,20,20,23,27,28,28,31,33,33,33,33,33,35,37,46,48],"damage_taken":[{"damage":0,"enemies":"Cultist","floor":1,"turns":3},{"damage":3,"enemies":"Jaw Worm","floor":4,"turns":5},{"damage":35,"enemies":"Gremlin Nob","floor":7,"turns":6},{"damage":2,"enemies":"Small Slimes","floor":10,"turns":2},{"damage":9,"enemies":"Exordium Thugs","floor":14,"turns":4},{"damage":36,"enemies":"Slime Boss","floor":16,"turns":12},{"damage":14,"enemies":"2 Thieves","floor":18,"turns":3},{"damage":3,"enemies":"Shell Parasite","floor":19,"turns":4},{"damage":9,"enemies":"3 Cultists","floor":20,"turns":3},{"damage":0,"enemies":"Book of Stabbing","floor":23,"turns":2},{"damage":14,"enemies":"Gremlin Leader","floor":27,"turns":4},{"damage":7,"enemies":"Shelled Parasite and Fungi","floor":28,"turns":5},{"damage":1,"enemies":"Snake Plant","floor":31,"turns":3},{"damage":1,"enemies":"Champ","floor":33,"turns":9},{"damage":20,"enemies":"3 Darklings","floor":35,"turns":4},{"damage":0,"enemies":"3 Shapes","floor":37,"turns":3},{"damage":13,"enemies":"Mind Bloom Boss Battle","floor":39,"turns":7},{"damage":0,"enemies":"Sphere and 2 Shapes","floor":45,"turns":3},{"damage":0,"enemies":"4 Shapes","floor":46,"turns":1},{"damage":6,"enemies":"Maw","floor":48,"turns":8},{"damage":145,"enemies":"Awakened One","floor":50,"turns":15},{"damage":33,"enemies":"Shield and Spear","floor":54,"turns":5},{"damage":57,"enemies":"The Heart","floor":55,"turns":3}],"seed_played":"-2350010017118643444","potions_obtained":[{"floor":1,"key":"Regen Potion"},{"floor":4,"key":"DuplicationPotion"},{"floor":14,"key":"Fire Potion"},{"floor":18,"key":"LiquidMemories"},{"floor":19,"key":"LiquidBronze"},{"floor":31,"key":"EntropicBrew"},{"floor":39,"key":"AttackPotion"}],"is_trial":false,"path_per_floor":["M","?","?","M","$","R","E","R","T","M","R","?","R","M","R","B",null,"M","M","M","$","?","E","R","?","T","E","M","R","T","M","R","B",null,"M","$","M","?","?","R","?","R","T","$","M","M","?","M","R","B",null,"R","$","E","B"],"character_chosen":"THE_SILENT","items_purchased":["Panacea","Venomology","A Thousand Cuts","Blood Vial","Deflect","Caltrops","Noxious Fumes"],"campfire_rested":2,"item_purchase_floors":[5,21,21,36,36,44,53],"current_hp_per_floor":[49,66,66,63,63,63,40,40,40,38,59,59,59,50,50,14,70,56,53,44,44,67,67,67,67,67,53,46,46,46,45,66,65,70,50,50,61,61,50,68,68,70,70,70,70,70,66,60,66,4,66,66,66,33,0,0],"gold":57,"neow_bonus":"TRANSFORM_TWO_CARDS","is_daily":false,"chose_seed":false,"campfire_upgraded":9,"win_rate":0.0,"timestamp":1614041681,"path_taken":["M","?","?","M","$","R","E","R","T","M","R","?","R","?","R","BOSS","M","M","M","$","?","E","R","?","T","E","M","R","?","M","R","BOSS","M","$","M","?","?","R","?","R","T","$","M","M","?","?","R","BOSS","R","$","E","BOSS"],"items_purchased_type":["Card","Card","Card","Relic","Card","Card","Card"],"build_version":"2020-12-22","purchased_purges":0,"victory":false,"max_hp_per_floor":[70,70,70,70,70,70,70,70,70,70,70,70,70,70,70,70,70,70,70,70,70,70,70,70,70,70,70,70,70,70,70,70,70,70,70,70,70,70,70,70,70,70,70,70,70,70,66,66,66,66,66,66,66,66,66,66],"card_choices":[{"not_picked":["Eviscerate","Terror"],"picked":"Crippling Poison","floor":1},{"not_picked":["Slice","Flying Knee"],"picked":"Infinite Blades","floor":4},{"not_picked":["Concentrate","Dagger Throw"],"picked":"Dash","floor":7},{"not_picked":["Infinite Blades","Dagger Spray"],"picked":"Caltrops","floor":10},{"not_picked":["Underhanded Strike","Backflip"],"picked":"All Out Attack","floor":14},{"not_picked":["Tools of the Trade","After Image"],"picked":"Adrenaline","floor":16},{"not_picked":["Quick Slash","Blade Dance"],"picked":"Heel Hook","floor":18},{"not_picked":["Infinite Blades","Poisoned Stab"],"picked":"Deflect","floor":19},{"not_picked":["Masterful Stab","Concentrate"],"picked":"Calculated Gamble","floor":20},{"not_picked":["Concentrate","Prepared"],"picked":"After Image","floor":27},{"not_picked":["Blade Dance+1","Concentrate","Deadly Poison"],"picked":"SKIP","floor":28},{"not_picked":["Sucker Punch","Infinite Blades"],"picked":"Backstab","floor":31},{"not_picked":["Wraith Form v2","Doppelganger"],"picked":"Die Die Die","floor":33},{"not_picked":["Dodge and Roll","Quick Slash+1"],"picked":"Well Laid Plans","floor":35},{"not_picked":["Deadly Poison","Bane"],"picked":"Distraction+1","floor":35},{"not_picked":["Dagger Spray","Deadly Poison+1"],"picked":"Adrenaline","floor":37},{"not_picked":["Expertise+1","PiercingWail"],"picked":"Slice+1","floor":37},{"not_picked":["Blade Dance","Flying Knee"],"picked":"Expertise+1","floor":45},{"not_picked":["Deadly Poison+1","Slice+1"],"picked":"Adrenaline","floor":45},{"not_picked":["Blade Dance","Bouncing Flask"],"picked":"Crippling Poison","floor":46},{"not_picked":["Cloak And Dagger+1","Quick Slash"],"picked":"Dash+1","floor":46},{"not_picked":["Flechettes","Flying Knee"],"picked":"Crippling Poison+1","floor":48},{"not_picked":["Prepared+1","Quick Slash+1","Outmaneuver+1"],"picked":"SKIP","floor":48},{"not_picked":["Expertise","Dodge and Roll"],"picked":"Deflect+1","floor":54}],"player_experience":785934,"relics_obtained":[{"floor":7,"key":"Akabeko"},{"floor":26,"key":"Torii"},{"floor":27,"key":"Art of War"},{"floor":30,"key":"Anchor"},{"floor":34,"key":"Oddly Smooth Stone"},{"floor":34,"key":"Eternal Feather"},{"floor":34,"key":"Prayer Wheel"},{"floor":39,"key":"Dead Branch"},{"floor":43,"key":"Bag of Marbles"},{"floor":54,"key":"Nunchaku"}],"event_choices":[{"damage_healed":17,"gold_gain":0,"player_choice":"Healed","damage_taken":0,"max_hp_gain":0,"max_hp_loss":0,"event_name":"The Cleric","floor":2,"gold_loss":35},{"damage_healed":0,"gold_gain":0,"player_choice":"Grow","damage_taken":0,"max_hp_gain":0,"max_hp_loss":0,"event_name":"Living Wall","floor":3,"gold_loss":0,"cards_upgraded":["Crippling Poison"]},{"damage_healed":0,"gold_gain":30,"player_choice":"Searched \u00273\u0027 times","damage_taken":0,"relics_obtained":["Centennial Puzzle"],"max_hp_gain":0,"max_hp_loss":0,"event_name":"Dead Adventurer","floor":12,"gold_loss":0},{"damage_healed":23,"gold_gain":0,"player_choice":"Heal","damage_taken":0,"max_hp_gain":0,"max_hp_loss":0,"event_name":"The Library","floor":22,"gold_loss":0},{"damage_healed":0,"gold_gain":0,"player_choice":"Paid","damage_taken":0,"relics_obtained":["Red Mask"],"max_hp_gain":0,"max_hp_loss":0,"event_name":"Tomb of Lord Red Mask","floor":38,"gold_loss":78},{"damage_healed":0,"gold_gain":0,"player_choice":"Fight","damage_taken":0,"max_hp_gain":0,"max_hp_loss":0,"event_name":"MindBloom","floor":39,"gold_loss":0},{"cards_removed":["Strike_G"],"damage_healed":0,"gold_gain":0,"player_choice":"Removed Attack","damage_taken":0,"max_hp_gain":0,"max_hp_loss":0,"event_name":"Falling","floor":41,"gold_loss":0},{"damage_healed":0,"gold_gain":0,"player_choice":"Max HP","damage_taken":0,"max_hp_gain":0,"max_hp_loss":4,"event_name":"Winding Halls","floor":47,"gold_loss":0}],"is_beta":false,"boss_relics":[{"not_picked":["Sozu","Philosopher\u0027s Stone"],"picked":"HoveringKite"},{"not_picked":["SlaversCollar","Coffee Dripper"],"picked":"Calling Bell"}],"items_purged_floors":[],"is_endless":false,"potions_floor_spawned":[1,4,14,18,19,31,39,45],"killed_by":"The Heart","ascension_level":0}}