{"host":"qrfkyfrpo74atslb","time":1614078061,"event":{"mods":["Astrologer","Bartender","BaseMod","Beaked The Cultist","Better Note","Better Third Choice","CapriCore","Colored Map","Colored Powertips","Conspire","DeckTracker","Downfall","GungeonMod","Hermit","Hero for Fun","Hubris","Koishi","LagranYue(???·?)","Mad Scientist","Marisa????????","Minty Spire (QoL Compilation)","Prisma Mod","Reimu??????","Remilia??????","StSLib","The Administrix","The Alterego","The Bladedancer","The Cursed","The Gatherer","The Immortal","The Mystic","The Necromancer","The Runesmith","The Servant 0.9.4","The Wild Card","TheSwordswoman","WarShipGirlsR/????R mod","Yakumo Yukari mod","Yuyuko"],"gold_per_floor":[112,131,16,16,30,30,62,62,86,98,125,125,188,200,200,200,200],"floor_reached":16,"language":"ENG","playtime":469,"items_purged":[],"score":110,"play_id":"060f2cd2-af22-4c84-9eb8-35bf3ed430fb","local_time":"20210224000101","is_ascension_mode":false,"campfire_choices":[{"data":"MadScienceMod:Sprocket","floor":6,"key":"SMITH"},{"data":"MadScienceMod:Reconstitute","floor":8,"key":"SMITH"},{"data":"MadScienceMod:Refuel","floor":12,"key":"SMITH"},{"floor":15,"key":"REST"}],"circlet_count":0,"master_deck":["MadScienceMod:Strike_MadScience","MadScienceMod:Strike_MadScience","MadScienceMod:Strike_MadScience","MadScienceMod:Strike_MadScience","MadScienceMod:Defend_MadScience","MadScienceMod:Defend_MadScience","MadScienceMod:Defend_MadScience","MadScienceMod:Defend_MadScience","MadScienceMod:PoweredStrike","MadScienceMod:HideBehindJunk","MadScienceMod:FragmentationGrenade+1","MadScienceMod:Sprocket+1","MadScienceMod:Strafe","MadScienceMod:Reconstitute+1","MadScienceMod:GattlingGun","MadScienceMod:Refuel+1","MadScienceMod:OmniHammer"],"relics":["MadScienceMod:FuelTank","LagranYue:RandomDrawCardRelic","NeowsBlessing","DemoMod:GnawedKey","Anchor","PreservedInsect","Ginger"],"acts_visited":["Exordium"],"potions_floor_usage":[7,11,16],"damage_taken":[{"damage":0,"enemies":"Jaw Worm","floor":1,"turns":1},{"damage":0,"enemies":"Cultist","floor":2,"turns":1},{"damage":0,"enemies":"2 Louse","floor":5,"turns":1},{"damage":20,"enemies":"Gremlin Nob","floor":7,"turns":4},{"damage":0,"enemies":"Exordium Thugs","floor":10,"turns":5},{"damage":17,"enemies":"Lagavulin","floor":11,"turns":5},{"damage":9,"enemies":"Looter","floor":14,"turns":3},{"damage":62,"enemies":"Slime Boss","floor":16,"turns":11}],"seed_played":"502125885900599189","potions_obtained":[{"floor":5,"key":"SteroidPotion"},{"floor":10,"key":"Fire Potion"},{"floor":14,"key":"FearPotion"}],"is_trial":false,"path_per_floor":["M","M","$","?","M","R","E","R","T","M","E","R","?","M","R","B"],"character_chosen":"MAD_SCIENTIST","items_purchased":["DemoMod:GnawedKey"],"campfire_rested":1,"item_purchase_floors":[3],"current_hp_per_floor":[75,75,75,75,75,75,55,55,55,55,38,38,38,29,51,0,0],"gold":200,"neow_bonus":"THREE_ENEMY_KILL","is_daily":false,"chose_seed":false,"campfire_upgraded":3,"win_rate":0.0,"timestamp":1614078061,"path_taken":["M","M","$","?","?","R","E","R","T","?","E","R","?","M","R","BOSS"],"items_purchased_type":["Relic"],"build_version":"2020-12-22","purchased_purges":0,"victory":false,"max_hp_per_floor":[75,75,75,75,75,75,75,75,75,75,75,75,75,75,75,75,75],"card_choices":[{"not_picked":["MadScienceMod:Sprocket","MadScienceMod:Detonate"],"picked":"MadScienceMod:FragmentationGrenade","floor":1},{"not_picked":["MadScienceMod:ShrinkRay","MadScienceMod:ImposingConstruct"],"picked":"MadScienceMod:Sprocket","floor":2},{"not_picked":["MadScienceMod:FlameThrower","MadScienceMod:ParticleBeam"],"picked":"MadScienceMod:Strafe","floor":5},{"not_picked":["MadScienceMod:EnergyBarrier","MadScienceMod:RadioactiveSword"],"picked":"MadScienceMod:Reconstitute","floor":7},{"not_picked":["MadScienceMod:Sprocket","MadScienceMod:Poke"],"picked":"MadScienceMod:GattlingGun","floor":10},{"not_picked":["MadScienceMod:AntimatterBomb","MadScienceMod:FragmentationGrenade"],"picked":"MadScienceMod:Refuel","floor":11},{"not_picked":["MadScienceMod:ShrinkRay","MadScienceMod:FumeHood"],"picked":"MadScienceMod:OmniHammer","floor":14}],"player_experience":131355,"relics_obtained":[{"floor":7,"key":"Anchor"},{"floor":9,"key":"PreservedInsect"},{"floor":11,"key":"Ginger"}],"event_choices":[{"damage_healed":0,"gold_gain":0,"player_choice":"Forge","damage_taken":0,"max_hp_gain":0,"max_hp_loss":0,"event_name":"Accursed Blacksmith","floor":4,"gold_loss":0,"cards_upgraded":["MadScienceMod:FragmentationGrenade"]},{"damage_healed":0,"gold_gain":63,"player_choice":"Gained Gold","damage_taken":0,"max_hp_gain":0,"max_hp_loss":0,"event_name":"Golden Wing","floor":13,"gold_loss":0}],"is_beta":false,"boss_relics":[],"items_purged_floors":[],"is_endless":false,"potions_floor_spawned":[5,10,14],"killed_by":"Slime Boss","ascension_level":0}}