{"host":"f8toxsj3bk02pkeu","time":1614097276,"event":{"mods":["BaseMod","Minty Spire (QoL Compilation)","Permanent Neow","Quick Restart","StSLib","SuperFastMode"],"gold_per_floor":[116,116,116,391,404,437,0,35,35,35,35],"floor_reached":10,"language":"ENG","playtime":157,"items_purged":["Regret"],"score":198,"play_id":"bad77eaf-dc60-4954-bd81-25c3c5c7a04a","local_time":"20210223092116","is_ascension_mode":true,"campfire_choices":[],"circlet_count":0,"master_deck":["AscendersBane","Strike_G","Strike_G","Strike_G","Strike_G","Defend_G","Defend_G","Defend_G","Defend_G","Survivor","Neutralize","Acrobatics","Slice","Blade Dance","Caltrops","Well Laid Plans"],"relics":["Ring of the Snake","NeowsBlessing","Omamori","Blood Vial","Toy Ornithopter","Happy Flower","Mummified Hand"],"acts_visited":["Exordium"],"potions_floor_usage":[8],"damage_taken":[{"damage":0,"enemies":"Small Slimes","floor":1,"turns":1},{"damage":0,"enemies":"2 Louse","floor":5,"turns":1},{"damage":0,"enemies":"3 Sentries","floor":6,"turns":1},{"damage":32,"enemies":"Gremlin Nob","floor":8,"turns":4},{"damage":26,"enemies":"Lagavulin","floor":10,"turns":8}],"seed_played":"-6610224648518339975","potions_obtained":[{"floor":1,"key":"DistilledChaos"},{"floor":6,"key":"SmokeBomb"}],"is_trial":false,"path_per_floor":["M","?","?","?","M","E","$","E","T","E"],"character_chosen":"THE_SILENT","items_purchased":["Blood Vial","Toy Ornithopter","Caltrops"],"campfire_rested":0,"item_purchase_floors":[7,7,7],"current_hp_per_floor":[59,52,52,52,52,52,52,27,27,3,3],"gold":35,"neow_bonus":"THREE_ENEMY_KILL","is_daily":false,"chose_seed":false,"campfire_upgraded":0,"win_rate":0.0,"timestamp":1614097276,"path_taken":["M","?","?","?","M","E","$","E","T","E"],"items_purchased_type":["Relic","Relic","Card"],"build_version":"2020-12-22","purchased_purges":1,"victory":false,"max_hp_per_floor":[66,66,66,66,66,66,66,66,66,66,66],"card_choices":[{"not_picked":["Concentrate","Outmaneuver"],"picked":"Acrobatics","floor":1},{"not_picked":["Flying Knee","Flechettes"],"picked":"Slice","floor":5},{"not_picked":["Terror","Finisher"],"picked":"Blade Dance","floor":6},{"not_picked":["Crippling Poison","Distraction"],"picked":"Well Laid Plans","floor":8}],"player_experience":699978,"relics_obtained":[{"floor":6,"key":"Omamori"},{"floor":8,"key":"Happy Flower"},{"floor":9,"key":"Mummified Hand"}],"event_choices":[{"cards_removed":["Strike_G"],"damage_healed":0,"gold_gain":0,"player_choice":"Card Removal","damage_taken":7,"max_hp_gain":0,"max_hp_loss":0,"event_name":"Golden Wing","floor":2,"gold_loss":0},{"cards_removed":["Defend_G"],"damage_healed":0,"gold_gain":0,"player_choice":"Forget","damage_taken":0,"max_hp_gain":0,"max_hp_loss":0,"event_name":"Living Wall","floor":3,"gold_loss":0},{"damage_healed":0,"gold_gain":275,"player_choice":"Desecrate","damage_taken":0,"max_hp_gain":0,"max_hp_loss":0,"event_name":"Golden Shrine","floor":4,"gold_loss":0,"cards_obtained":["Regret"]}],"is_beta":false,"boss_relics":[],"items_purged_floors":[7],"is_endless":false,"potions_floor_spawned":[1,6],"killed_by":"Lagavulin","ascension_level":20}}