{"host":"rb2p2z6v6vieend5","time":1614104400,"event":{"mods":["BaseMod","Block Reminder","Colored Map","DeckTracker","Highlight Path","Minty Spire (QoL Compilation)","Random Character Button","Relic Stats"],"gold_per_floor":[144,189,149,194,144,234,246,348,360,462,564,651,663,675,687,999,1011,1068,1080,1002,1059,1071,1173,1185,1287,1299,1411,648,738,783,873,873,1173,1173,1218,1668,1668,1668,1275,1365,1455,1455,1480,1480,1480,1525,1615,1705,1705,1705],"floor_reached":51,"language":"ENG","playtime":2858,"items_purged":["Pain"],"score":1086,"play_id":"9d6975d6-711c-4487-8dc7-403c429e531c","local_time":"20210223192000","daily_mods":["Draft","Flight","Midas"],"is_ascension_mode":false,"campfire_choices":[{"floor":15,"key":"REST"},{"floor":24,"key":"REST"},{"floor":32,"key":"REST"},{"data":"1","floor":42,"key":"LIFT"},{"data":"2","floor":44,"key":"LIFT"},{"data":"3","floor":45,"key":"LIFT"},{"floor":49,"key":"REST"}],"circlet_count":0,"master_deck":["Spot Weakness","Battle Trance","Flame Barrier","Shockwave+1","True Grit","Cleave","Anger","Iron Wave","Uppercut","True Grit+1","Armaments+1","Fiend Fire","Shrug It Off","Offering+1","Shrug It Off+1","Rampage+1","Warcry+1","Ghostly Armor","Reaper+1","Panacea+1","Burning Pact+1","Pommel Strike+1","Whirlwind+1","Master of Strategy+1","Offering+1"],"relics":["Burning Blood","MawBank","InkBottle","Centennial Puzzle","Molten Egg 2","Calipers","Astrolabe","Enchiridion","Akabeko","Bird Faced Urn","Toxic Egg 2","Paper Frog","Ancient Tea Set","ClockworkSouvenir","Dream Catcher","War Paint","Black Star","Old Coin","WarpedTongs","Singing Bowl","Red Skull","Girya","Anchor","Orichalcum","Gremlin Horn","Eternal Feather","Art of War","HornCleat"],"acts_visited":["Exordium","TheCity","TheBeyond"],"potions_floor_usage":[25,31,50,50,50],"damage_taken":[{"damage":0,"enemies":"Jaw Worm","floor":1,"turns":3},{"damage":0,"enemies":"Cultist","floor":2,"turns":2},{"damage":1,"enemies":"2 Louse","floor":4,"turns":2},{"damage":8,"enemies":"Gremlin Nob","floor":6,"turns":3},{"damage":8,"enemies":"3 Sentries","floor":8,"turns":5},{"damage":6,"enemies":"Lagavulin","floor":10,"turns":6},{"damage":5,"enemies":"Gremlin Nob","floor":11,"turns":4},{"damage":24,"enemies":"Hexaghost","floor":16,"turns":6},{"damage":20,"enemies":"Chosen","floor":18,"turns":5},{"damage":9,"enemies":"Shell Parasite","floor":21,"turns":2},{"damage":6,"enemies":"Gremlin Leader","floor":23,"turns":6},{"damage":2,"enemies":"Slavers","floor":25,"turns":4},{"damage":6,"enemies":"Book of Stabbing","floor":29,"turns":4},{"damage":6,"enemies":"Centurion and Healer","floor":30,"turns":6},{"damage":9,"enemies":"Slavers","floor":31,"turns":6},{"damage":73,"enemies":"Collector","floor":33,"turns":11},{"damage":11,"enemies":"Orb Walker","floor":35,"turns":3},{"damage":7,"enemies":"Mind Bloom Boss Battle","floor":36,"turns":3},{"damage":6,"enemies":"Reptomancer","floor":40,"turns":3},{"damage":7,"enemies":"Nemesis","floor":41,"turns":3},{"damage":6,"enemies":"3 Darklings","floor":46,"turns":3},{"damage":15,"enemies":"Giant Head","floor":47,"turns":5},{"damage":6,"enemies":"Nemesis","floor":48,"turns":1},{"damage":48,"enemies":"Awakened One","floor":50,"turns":8}],"seed_played":"-7386017133472573341","potions_obtained":[{"floor":1,"key":"DistilledChaos"},{"floor":2,"key":"Dexterity Potion"},{"floor":3,"key":"PowerPotion"},{"floor":30,"key":"Energy Potion"},{"floor":33,"key":"DuplicationPotion"}],"is_trial":false,"path_per_floor":["M","M","?","M","?","E","?","E","T","E","E","?","$","?","R","B",null,"M","?","?","M","?","E","R","E","T","?","$","E","M","E","R","B",null,"M","?","?","?","$","E","E","R","T","R","R","M","E","E","R","B",null],"character_chosen":"IRONCLAD","items_purchased":["Paper Frog","Ancient Tea Set","ClockworkSouvenir","Panacea+1","Burning Pact+1","Pommel Strike+1","Master of Strategy+1","Offering+1"],"campfire_rested":4,"item_purchase_floors":[28,28,28,28,28,28,39,39],"current_hp_per_floor":[80,80,80,80,80,78,78,76,76,76,77,66,66,59,80,62,80,66,66,66,63,47,47,71,75,75,75,75,77,79,80,80,25,80,75,76,76,76,76,80,83,83,83,83,83,86,79,83,92,52],"gold":1705,"neow_bonus":"","is_daily":true,"chose_seed":false,"campfire_upgraded":0,"win_rate":0.0,"timestamp":1614104400,"path_taken":["M","M","?","?","?","E","?","E","T","E","E","?","?","?","R","BOSS","M","?","?","?","?","E","R","E","T","?","$","E","?","E","R","BOSS","M","?","?","?","$","E","E","R","T","R","R","?","E","E","R","BOSS"],"items_purchased_type":["Relic","Relic","Relic","Card","Card","Card","Card","Card"],"build_version":"2020-12-22","purchased_purges":1,"victory":true,"max_hp_per_floor":[80,80,80,80,80,80,80,80,80,80,80,80,80,80,80,80,80,80,80,80,80,80,80,80,80,80,80,80,80,80,80,80,80,80,80,80,80,80,80,82,84,84,84,84,84,86,88,90,92,92],"relic_stats":{"Singing Bowl":12,"Gremlin Horn":[2,3],"counters":[24,104],"Astrolabe":["Shrug It Off","Rampage","Warcry"],"Eternal Feather":7,"War Paint":["Offering","Shockwave"],"Orichalcum":[18],"MawBank":264,"Burning Blood":126,"WarpedTongs":[20],"Centennial Puzzle":[57],"Dream Catcher":2,"Bird Faced Urn":[15],"Black Star":4,"Art of War":[0],"obtain_stats":[{"Calipers":11,"Singing Bowl":40,"Gremlin Horn":47,"Enchiridion":22,"Ancient Tea Set":28,"Burning Blood":0,"ClockworkSouvenir":28,"Old Coin":36,"Centennial Puzzle":9,"Dream Catcher":29,"HornCleat":48,"Toxic Egg 2":26,"InkBottle":8,"Red Skull":40,"Paper Frog":28,"Girya":41,"Astrolabe":17,"Eternal Feather":47,"War Paint":31,"Orichalcum":43,"MawBank":6,"Akabeko":23,"WarpedTongs":38,"Anchor":41,"Bird Faced Urn":25,"Molten Egg 2":10,"Black Star":34,"Art of War":48},{"Calipers":7,"Singing Bowl":19,"Gremlin Horn":22,"Enchiridion":10,"Ancient Tea Set":12,"Burning Blood":0,"ClockworkSouvenir":12,"Old Coin":18,"Centennial Puzzle":5,"Dream Catcher":13,"HornCleat":23,"Toxic Egg 2":12,"InkBottle":5,"Red Skull":19,"Paper Frog":12,"Girya":20,"Astrolabe":8,"Eternal Feather":22,"War Paint":15,"Orichalcum":20,"MawBank":4,"Akabeko":11,"WarpedTongs":18,"Anchor":20,"Bird Faced Urn":12,"Molten Egg 2":6,"Black Star":16,"Art of War":23},{"Calipers":25,"Singing Bowl":84,"Gremlin Horn":95,"Enchiridion":38,"Ancient Tea Set":48,"Burning Blood":0,"ClockworkSouvenir":48,"Old Coin":81,"Centennial Puzzle":15,"Dream Catcher":52,"HornCleat":96,"Toxic Egg 2":48,"InkBottle":15,"Red Skull":84,"Paper Frog":48,"Girya":87,"Astrolabe":31,"Eternal Feather":95,"War Paint":64,"Orichalcum":87,"MawBank":10,"Akabeko":44,"WarpedTongs":81,"Anchor":87,"Bird Faced Urn":48,"Molten Egg 2":21,"Black Star":75,"Art of War":96}],"InkBottle":[23]},"card_choices":[{"not_picked":["Entrench","Thunderclap"],"picked":"Spot Weakness","floor":0},{"not_picked":["True Grit","Evolve"],"picked":"Battle Trance","floor":0},{"not_picked":["Body Slam","Armaments"],"picked":"Iron Wave","floor":0},{"not_picked":["Searing Blow","Shrug It Off"],"picked":"Flame Barrier","floor":0},{"not_picked":["Flex","Heavy Blade"],"picked":"Shockwave","floor":0},{"not_picked":["Clash","Heavy Blade"],"picked":"Wild Strike","floor":0},{"not_picked":["Flex","Thunderclap"],"picked":"Infernal Blade","floor":0},{"not_picked":["Heavy Blade","Body Slam"],"picked":"Iron Wave","floor":0},{"not_picked":["Pommel Strike","Rampage"],"picked":"True Grit","floor":0},{"not_picked":["Pummel","Reckless Charge"],"picked":"Headbutt","floor":0},{"not_picked":["Flex","Body Slam"],"picked":"Cleave","floor":0},{"not_picked":["Perfected Strike","Heavy Blade"],"picked":"Anger","floor":0},{"not_picked":["Heavy Blade","Warcry"],"picked":"Iron Wave","floor":0},{"not_picked":["Pommel Strike","Battle Trance"],"picked":"Uppercut","floor":0},{"not_picked":["Perfected Strike","Headbutt"],"picked":"True Grit","floor":0},{"not_picked":["Heavy Blade","Anger","Sword Boomerang"],"picked":"SKIP","floor":1},{"not_picked":["Entrench","Shrug It Off"],"picked":"Armaments","floor":2},{"not_picked":["Rage","Reckless Charge","Flex"],"picked":"SKIP","floor":4},{"not_picked":["Iron Wave","Body Slam"],"picked":"Fiend Fire","floor":6},{"not_picked":["Heavy Blade","Iron Wave"],"picked":"Shrug It Off","floor":8},{"not_picked":["Headbutt+1","Bloodletting"],"picked":"Intimidate","floor":10},{"not_picked":["Perfected Strike+1","Combust","Fire Breathing"],"picked":"SKIP","floor":11},{"not_picked":["Exhume","Berserk"],"picked":"Offering","floor":16},{"not_picked":["Thunderclap+1","Heavy Blade+1","Dropkick+1"],"picked":"SKIP","floor":18},{"not_picked":["Shrug It Off","Blood for Blood+1","Hemokinesis+1"],"picked":"SKIP","floor":21},{"not_picked":["Clothesline+1","Body Slam+1","Cleave+1"],"picked":"SKIP","floor":23},{"not_picked":["Flex","Anger+1"],"picked":"Reaper+1","floor":25},{"not_picked":["Clothesline+1","Inflame+1","Havoc+1"],"picked":"SKIP","floor":29},{"not_picked":["Second Wind+1","Headbutt+1","Heavy Blade+1"],"picked":"SKIP","floor":30},{"not_picked":["Cleave+1","Clash+1","Iron Wave+1"],"picked":"SKIP","floor":31},{"not_picked":["Brutality","Intimidate+1"],"picked":"Whirlwind+1","floor":32},{"not_picked":["Power Through+1","Thunderclap+1","True Grit+1"],"picked":"SKIP","floor":35},{"not_picked":["Flame Barrier+1","Anger+1","Barricade"],"picked":"Singing Bowl","floor":40},{"not_picked":["Thunderclap+1","Blood for Blood+1","Shrug It Off+1"],"picked":"Singing Bowl","floor":41},{"not_picked":["Headbutt+1","Pommel Strike+1","Infernal Blade+1"],"picked":"Singing Bowl","floor":46},{"not_picked":["Iron Wave+1","Sword Boomerang+1","Hemokinesis+1"],"picked":"Singing Bowl","floor":47},{"not_picked":["Inflame","Sword Boomerang+1","Body Slam+1"],"picked":"Singing Bowl","floor":48},{"not_picked":["Battle Trance+1","Body Slam+1","Hemokinesis+1"],"picked":"Singing Bowl","floor":49}],"player_experience":814716,"relics_obtained":[{"floor":6,"key":"MawBank"},{"floor":8,"key":"InkBottle"},{"floor":9,"key":"Centennial Puzzle"},{"floor":10,"key":"Molten Egg 2"},{"floor":11,"key":"Calipers"},{"floor":22,"key":"Enchiridion"},{"floor":23,"key":"Akabeko"},{"floor":25,"key":"Bird Faced Urn"},{"floor":26,"key":"Toxic Egg 2"},{"floor":29,"key":"Dream Catcher"},{"floor":31,"key":"War Paint"},{"floor":36,"key":"Old Coin"},{"floor":40,"key":"Singing Bowl"},{"floor":40,"key":"Red Skull"},{"floor":41,"key":"Girya"},{"floor":41,"key":"Anchor"},{"floor":43,"key":"Orichalcum"},{"floor":47,"key":"Gremlin Horn"},{"floor":47,"key":"Eternal Feather"},{"floor":48,"key":"Art of War"},{"floor":48,"key":"HornCleat"}],"event_choices":[{"damage_healed":0,"gold_gain":0,"player_choice":"Bought 3 Potions","damage_taken":0,"max_hp_gain":0,"max_hp_loss":0,"event_name":"The Woman in Blue","floor":3,"gold_loss":0},{"cards_removed":["Iron Wave"],"damage_healed":0,"gold_gain":0,"player_choice":"Card Removal","damage_taken":0,"max_hp_gain":0,"max_hp_loss":0,"event_name":"The Cleric","floor":5,"gold_loss":50},{"damage_healed":0,"gold_gain":0,"player_choice":"Grow","damage_taken":0,"max_hp_gain":0,"max_hp_loss":0,"event_name":"Living Wall","floor":7,"gold_loss":0,"cards_upgraded":["Armaments"]},{"damage_healed":0,"gold_gain":75,"player_choice":"Gather Gold","damage_taken":11,"max_hp_gain":0,"max_hp_loss":0,"event_name":"World of Goop","floor":12,"gold_loss":0},{"cards_removed":["Wild Strike"],"damage_healed":0,"gold_gain":0,"player_choice":"Card Removal","damage_taken":7,"max_hp_gain":0,"max_hp_loss":0,"event_name":"Golden Wing","floor":14,"gold_loss":0},{"damage_healed":0,"gold_gain":0,"player_choice":"Read","damage_taken":0,"max_hp_gain":0,"max_hp_loss":0,"event_name":"The Library","floor":19,"gold_loss":0,"cards_obtained":["Ghostly Armor"]},{"cards_removed":["Intimidate"],"damage_healed":0,"gold_gain":0,"player_choice":"Upgrade and Remove","damage_taken":0,"max_hp_gain":0,"max_hp_loss":0,"event_name":"Designer","floor":20,"gold_loss":90,"cards_upgraded":["True Grit"]},{"damage_healed":0,"gold_gain":0,"player_choice":"Obtained Book","damage_taken":16,"max_hp_gain":0,"max_hp_loss":0,"event_name":"Cursed Tome","floor":22,"gold_loss":0},{"damage_healed":0,"gold_gain":100,"player_choice":"Pray","damage_taken":0,"max_hp_gain":0,"max_hp_loss":0,"event_name":"Golden Shrine","floor":27,"gold_loss":0},{"damage_healed":0,"gold_gain":0,"player_choice":"Fight","damage_taken":0,"max_hp_gain":0,"max_hp_loss":0,"event_name":"MindBloom","floor":36,"gold_loss":0},{"damage_healed":0,"gold_gain":0,"player_choice":"Ignored","damage_taken":0,"max_hp_gain":0,"max_hp_loss":0,"event_name":"Tomb of Lord Red Mask","floor":37,"gold_loss":0},{"damage_healed":0,"gold_gain":0,"player_choice":"Rummage","damage_taken":0,"relics_obtained":["WarpedTongs"],"max_hp_gain":0,"max_hp_loss":0,"event_name":"Accursed Blacksmith","floor":38,"gold_loss":0,"cards_obtained":["Pain"]}],"is_beta":false,"boss_relics":[{"not_picked":["Sozu","Snecko Eye"],"picked":"Astrolabe"},{"not_picked":["SlaversCollar","Tiny House"],"picked":"Black Star"}],"items_purged_floors":[39],"is_endless":false,"potions_floor_spawned":[1,2,6,21,23,30,33,36,40],"ascension_level":0}}