{"host":"y7z6m8uelzd30zu3","time":1614066168,"event":{"mods":["AchievementEnabler","BaseMod","Minty Spire (QoL Compilation)","Permanent Neow","StSLib","SuperFastMode"],"gold_per_floor":[117,133,150,161,181,206,219,247,270,299,299,299,312,329,329,424,424,437,447,166,166,176,203,203,238,263,278,103,135,149,159,159,259,309,329,344,364,364,382,382,434,434,484,484,518,568,61,81,81,81],"floor_reached":51,"language":"KOR","playtime":1633,"items_purged":["Strike_R","Strike_R","Strike_R"],"score":991,"play_id":"0ad913b3-0748-418c-908b-064b40dfddc4","local_time":"20210223164248","is_ascension_mode":true,"campfire_choices":[{"data":"Sword Boomerang","floor":11.0,"key":"SMITH"},{"data":"Sword Boomerang","floor":15.0,"key":"SMITH"},{"floor":24,"key":"REST"},{"data":"Inflame","floor":32,"key":"SMITH"},{"data":"Evolve","floor":40,"key":"SMITH"},{"floor":42,"key":"REST"},{"floor":49,"key":"REST"}],"circlet_count":0,"master_deck":["Strike_R+1","Strike_R+1","Defend_R+1","Defend_R","Defend_R","Defend_R","Bash","Carnage","Carnage","Hemokinesis","Sword Boomerang+1","Sword Boomerang+1","Reaper","Bloodletting+1","Evolve+1","True Grit+1","Sword Boomerang+1","Limit Break+1","Inflame+1","Reaper","Second Wind+1","Shrug It Off+1","Intimidate+1","Impervious+1","Power Through+1","Sword Boomerang+1","Dark Embrace+1","Secret Weapon+1","Trip+1","Secret Technique+1","Flash of Steel","Flex+1","Warcry+1"],"relics":["Burning Blood","Red Skull","Toxic Egg 2","Mercury Hourglass","Whetstone","Velvet Choker","Potion Belt","Nloth\u0027s Gift","Happy Flower","Toy Ornithopter","Bronze Scales","Mummified Hand","Tiny House","CaptainsWheel","Bag of Preparation","Du-Vu Doll","Ginger"],"acts_visited":["Exordium","TheCity","TheBeyond"],"potions_floor_usage":[23,23,29,29,37,41,50,50,50],"damage_taken":[{"damage":10.0,"enemies":"2 Louse","floor":1.0,"turns":3.0},{"damage":5.0,"enemies":"Small Slimes","floor":2.0,"turns":3.0},{"damage":1.0,"enemies":"Cultist","floor":3.0,"turns":3.0},{"damage":22.0,"enemies":"Gremlin Gang","floor":4.0,"turns":5.0},{"damage":8.0,"enemies":"Looter","floor":5.0,"turns":2.0},{"damage":31.0,"enemies":"Gremlin Nob","floor":6.0,"turns":4.0},{"damage":7.0,"enemies":"3 Louse","floor":7.0,"turns":2.0},{"damage":15.0,"enemies":"Lagavulin","floor":8.0,"turns":5.0},{"damage":8.0,"enemies":"Gremlin Nob","floor":10.0,"turns":3.0},{"damage":3.0,"enemies":"2 Fungi Beasts","floor":13.0,"turns":2.0},{"damage":0.0,"enemies":"Blue Slaver","floor":14.0,"turns":1.0},{"damage":10.0,"enemies":"Slime Boss","floor":16.0,"turns":7.0},{"damage":2.0,"enemies":"3 Byrds","floor":18.0,"turns":3.0},{"damage":14.0,"enemies":"2 Thieves","floor":19.0,"turns":4.0},{"damage":29,"enemies":"Centurion and Healer","floor":22,"turns":5},{"damage":28,"enemies":"Slavers","floor":23,"turns":4},{"damage":11,"enemies":"Gremlin Leader","floor":25,"turns":3},{"damage":0,"enemies":"Snake Plant","floor":27,"turns":2},{"damage":58,"enemies":"Slavers","floor":29,"turns":5},{"damage":17,"enemies":"Snecko","floor":30,"turns":4},{"damage":0,"enemies":"3 Cultists","floor":31,"turns":2},{"damage":67,"enemies":"Collector","floor":33,"turns":9},{"damage":17,"enemies":"Orb Walker","floor":35,"turns":3},{"damage":55,"enemies":"3 Darklings","floor":36,"turns":5},{"damage":37,"enemies":"Maw","floor":37,"turns":5},{"damage":62,"enemies":"Writhing Mass","floor":39,"turns":5},{"damage":26,"enemies":"2 Orb Walkers","floor":41,"turns":4},{"damage":13,"enemies":"Reptomancer","floor":45,"turns":6},{"damage":0,"enemies":"Mind Bloom Boss Battle","floor":46,"turns":4},{"damage":8,"enemies":"Spire Growth","floor":48,"turns":4},{"damage":59,"enemies":"Donu and Deca","floor":50,"turns":7}],"seed_played":"2985640938974900142","potions_obtained":[{"floor":3.0,"key":"Weak Potion"},{"floor":6.0,"key":"BloodPotion"},{"floor":8.0,"key":"Block Potion"},{"floor":13.0,"key":"Weak Potion"},{"floor":16.0,"key":"FearPotion"},{"floor":22,"key":"SkillPotion"},{"floor":29,"key":"HeartOfIron"},{"floor":31,"key":"ColorlessPotion"},{"floor":33,"key":"Weak Potion"},{"floor":34,"key":"SneckoOil"},{"floor":37,"key":"HeartOfIron"},{"floor":39,"key":"Strength Potion"},{"floor":45,"key":"Energy Potion"},{"floor":46,"key":"Dexterity Potion"}],"is_trial":false,"path_per_floor":["M","M","M","M","M","E","M","E","T","E","R","?","M","M","R","B",null,"M","M","$","?","M","E","R","E","T","M","$","E","M","M","R","B",null,"M","M","M","?","M","R","?","R","T","?","E","?","$","M","R","B",null],"character_chosen":"IRONCLAD","items_purchased":["Potion Belt","SteroidPotion","Second Wind+1","Secret Technique+1","Flash of Steel","Flex+1","Warcry+1"],"campfire_rested":3,"item_purchase_floors":[20,20,28,47,47,47,47],"current_hp_per_floor":[76,77,80,64,62,37,36,27,27,25,25,25,28,34,34,30,68,72,64,64,64,41,19,43,38,38,44,44,44,37,43,43,68,82,75,30,20,74,34,34,24,46,46,36,29,60,60,58,74,50],"gold":81,"neow_bonus":"RANDOM_COMMON_RELIC","is_daily":false,"chose_seed":false,"campfire_upgraded":4,"win_rate":0.0,"timestamp":1614066168,"path_taken":["M","M","M","M","M","E","M","E","T","E","R","?","M","M","R","BOSS","M","M","$","?","M","E","R","E","T","M","$","E","?","M","R","BOSS","M","M","?","?","M","R","?","R","T","?","E","?","$","M","R","BOSS"],"items_purchased_type":["Relic","Potion","Card","Card","Card","Card","Card"],"build_version":"2020-12-22","purchased_purges":3,"victory":true,"max_hp_per_floor":[80,80,80,80,80,80,80,80,80,80,80,80,80,80,80,80,80,80,80,80,80,80,80,80,80,80,80,80,80,80,80,80,80,85,85,85,85,74,74,74,74,74,74,74,74,74,74,74,74,74],"card_choices":[{"not_picked":["Twin Strike","Cleave"],"picked":"Carnage","floor":1.0},{"not_picked":["Sever Soul","Perfected Strike","Dark Embrace"],"picked":"SKIP","floor":2.0},{"not_picked":["Dual Wield","Armaments"],"picked":"Carnage","floor":3.0},{"not_picked":["Cleave","Dark Embrace"],"picked":"Hemokinesis","floor":4.0},{"not_picked":["Twin Strike","Clothesline"],"picked":"Sword Boomerang","floor":5.0},{"not_picked":["Clash","Anger"],"picked":"Sword Boomerang","floor":6.0},{"not_picked":["Clothesline","Perfected Strike"],"picked":"Reaper","floor":7.0},{"not_picked":["Wild Strike","Dropkick"],"picked":"Bloodletting+1","floor":8.0},{"not_picked":["Reaper","Thunderclap"],"picked":"Evolve","floor":10.0},{"not_picked":["Wild Strike","Dark Embrace"],"picked":"True Grit+1","floor":13.0},{"not_picked":["Body Slam","Armaments+1"],"picked":"Sword Boomerang","floor":14.0},{"not_picked":["Brutality","Juggernaut"],"picked":"Limit Break+1","floor":16.0},{"not_picked":["Thunderclap","True Grit+1"],"picked":"Inflame","floor":18.0},{"not_picked":["Carnage+1","Cleave+1","Warcry+1"],"picked":"SKIP","floor":19},{"not_picked":["Sword Boomerang","Ghostly Armor+1","Whirlwind"],"picked":"SKIP","floor":22},{"not_picked":["Thunderclap+1","Clothesline"],"picked":"Reaper","floor":23},{"not_picked":["Iron Wave","Feed","Berserk"],"picked":"SKIP","floor":25},{"not_picked":["Searing Blow","Combust+1","True Grit+1"],"picked":"SKIP","floor":27},{"not_picked":["Impervious+1","Rupture"],"picked":"Shrug It Off+1","floor":29},{"not_picked":["Cleave","Headbutt"],"picked":"Intimidate+1","floor":30},{"not_picked":["Sword Boomerang","Clothesline","Reaper"],"picked":"SKIP","floor":31},{"not_picked":["Brutality","Feed"],"picked":"Impervious+1","floor":33},{"not_picked":["Ghostly Armor+1","Clash"],"picked":"Power Through+1","floor":35},{"not_picked":["Pummel","Warcry+1"],"picked":"Sword Boomerang+1","floor":36},{"not_picked":["True Grit+1","Rupture+1","Clash+1"],"picked":"SKIP","floor":37},{"not_picked":["Infernal Blade+1","True Grit+1","Clothesline"],"picked":"SKIP","floor":39},{"not_picked":["Seeing Red+1","Thunderclap"],"picked":"Dark Embrace+1","floor":41},{"not_picked":["PanicButton+1","Jack Of All Trades+1"],"picked":"Secret Weapon+1","floor":44},{"not_picked":["Mind Blast","Jack Of All Trades+1"],"picked":"Trip+1","floor":44},{"not_picked":["Power Through+1","Bludgeon","Infernal Blade+1"],"picked":"SKIP","floor":45},{"not_picked":["Pommel Strike","Warcry+1","Thunderclap"],"picked":"SKIP","floor":48}],"player_experience":45445,"relics_obtained":[{"floor":6.0,"key":"Toxic Egg 2"},{"floor":8.0,"key":"Mercury Hourglass"},{"floor":9.0,"key":"Whetstone"},{"floor":10.0,"key":"Orichalcum"},{"floor":23,"key":"Happy Flower"},{"floor":25,"key":"Toy Ornithopter"},{"floor":26,"key":"Bronze Scales"},{"floor":29,"key":"Mummified Hand"},{"floor":41,"key":"CaptainsWheel"},{"floor":43,"key":"Bag of Preparation"},{"floor":45,"key":"Du-Vu Doll"},{"floor":46,"key":"Ginger"}],"event_choices":[{"damage_healed":0.0,"max_hp_gain":0.0,"max_hp_loss":0.0,"gold_gain":0.0,"event_name":"Living Wall","player_choice":"Grow","floor":12.0,"gold_loss":0.0,"damage_taken":0.0,"cards_upgraded":["Sword Boomerang"]},{"damage_healed":0,"gold_gain":0,"player_choice":"Traded Relic","damage_taken":0,"relics_obtained":["Nloth\u0027s Gift"],"max_hp_gain":0,"max_hp_loss":0,"event_name":"N\u0027loth","floor":21,"relics_lost":["Orichalcum"],"gold_loss":0},{"damage_healed":74,"gold_gain":0,"player_choice":"Heal","damage_taken":0,"max_hp_gain":0,"max_hp_loss":11,"event_name":"The Moai Head","floor":38,"gold_loss":0},{"damage_healed":0,"gold_gain":0,"player_choice":"Fight","damage_taken":0,"max_hp_gain":0,"max_hp_loss":0,"event_name":"Mysterious Sphere","floor":41,"gold_loss":0},{"damage_healed":0,"gold_gain":0,"player_choice":"Memory 3","damage_taken":10,"max_hp_gain":0,"max_hp_loss":0,"event_name":"SensoryStone","floor":44,"gold_loss":0},{"damage_healed":0,"gold_gain":0,"player_choice":"Fight","damage_taken":0,"max_hp_gain":0,"max_hp_loss":0,"event_name":"MindBloom","floor":46,"gold_loss":0}],"is_beta":false,"boss_relics":[{"not_picked":["Snecko Eye","Sozu"],"picked":"Velvet Choker"},{"not_picked":["Astrolabe","Mark of Pain"],"picked":"Tiny House"}],"items_purged_floors":[20,28,47],"is_endless":false,"potions_floor_spawned":[3,6,8,13,14,16,22,29,31,33,37,39,45,46],"ascension_level":5}}