{"host":"gm50ke85n5jz306u","time":1614121861,"event":{"mods":["AchievementEnabler","AlwaysNeverKeys","Aspiration","BaseMod","Beaked The Cultist","Bestiary","Better Altar","Better Match","Better Note","Better Sensory Stone","Better Skull","Better Third Choice","Better Vampires","Better-Laid Plans","BetterRewards","Colored Powertips","Curses Come First","DNKmod","Defuse TimeMaze Blight","Disable Question Mark Monsters","Displayed Cursed Tome","Downfall","Emptier Cage","Extra Virgin Snecko Oil","Filter the Spire","Friendly Minions","Gremlin Skip","Hermit","Hubris","Hyrulean Relics","Ironclad Rager","Koishi","Lobotomy","Marisa????????","Marked Mod","Minty Spire (QoL Compilation)","Permanent Neow","Poor People Problems","Quick Restart","Reimu??????","Relic Filter Mod","Relic Sorter","Remove Card Discount Mod","Reorder Act Four","Replay The Spire","Shop Mod","StSLib","Synergy Search","Td1madao Mod","The Administrix","The Animator","The Blue Laboratory","The Bug Knight","The Construct","The Cursed","The Disciple","The Hierophant","The Necromancer","The Runesmith","The Senshi","The Servant 0.9.4","Thieving Mod","Transform Curses","WarShipGirlsR/????R mod"],"gold_per_floor":[10018,10018,10032,10044,10044,9652,9652,9667,9692,8907,8919,8952,8952,8990,8990,9097,9147,9178,9203,8736,8736,8767,8806,8827,8827,8850,8850,8900,8930,8952,9030,9030,9133,9133,9170,9220,9241,9291,8996,8996,9024,9024,9070,9097,8427,8465,8516,8552,8552,8576],"floor_reached":51,"language":"ENG","playtime":3462,"items_purged":["Bash","Strike_R","Strike_R","Strike_R","Strike_R","Strike_R+1","hubris:EnhanceAbility"],"score":856,"play_id":"5963e89d-dcf6-4fbf-8244-9234e5d24322","local_time":"20210224001101","is_ascension_mode":true,"campfire_choices":[{"data":"Blind","floor":7.0,"key":"SMITH"},{"data":"ReplayTheSpireMod:Muscle Training","floor":13.0,"key":"SMITH"},{"data":"Cleave","floor":15.0,"key":"SMITH"},{"data":"Limit Break","floor":25.0,"key":"SMITH"},{"data":"Berserk","floor":27.0,"key":"SMITH"},{"data":"Inflame","floor":32.0,"key":"SMITH"},{"data":"Pommel Strike","floor":40.0,"key":"SMITH"},{"data":"Pommel Strike","floor":42.0,"key":"SMITH"},{"floor":49.0,"key":"DIG"}],"circlet_count":0,"master_deck":["Defend_R","Defend_R","Defend_R","Defend_R","Pommel Strike+1","Cleave+1","Blind+1","Pommel Strike+1","Shrug It Off","Berserk+1","Thunderclap+1","Pommel Strike+1","Limit Break+1","Run Through","Shrug It Off","Inflame+1","Cleave","Cleave"],"relics":["Black Blood","hubris:Icosahedron","aspiration:DSix","Replay:Bandana","Nunchaku","Another Sword","Anchor","HornCleat","theSenshi:SailorFukuRelic","Meat on the Bone","HandDrill","Odd Mushroom","hubris:ChampionShield","Bronze Scales","RuthlessExorcism:ReiMu","PreservedInsect","MerchantsRug","Dream Catcher","Tiny House","Strawberry","SsserpentHead","Whetstone","Cauldron","ReplayTheSpireMod:Lightbulb"],"acts_visited":["Exordium","TheCity","TheBeyond"],"potions_floor_usage":[50,50,50],"damage_taken":[{"damage":7.0,"enemies":"Small Slimes","floor":1.0,"turns":3.0},{"damage":3.0,"enemies":"2 Louse","floor":3.0,"turns":4.0},{"damage":1.0,"enemies":"Cultist","floor":4.0,"turns":3.0},{"damage":6.0,"enemies":"Looter","floor":8.0,"turns":4.0},{"damage":8.0,"enemies":"Exordium Thugs","floor":11.0,"turns":5.0},{"damage":13.0,"enemies":"Gremlin Nob","floor":12.0,"turns":4.0},{"damage":21.0,"enemies":"The Mushroom Lair","floor":14.0,"turns":3.0},{"damage":25.0,"enemies":"Fading Forest","floor":16.0,"turns":11.0},{"damage":13.0,"enemies":"Chosen","floor":18.0,"turns":4.0},{"damage":44.0,"enemies":"Spheric Guardian","floor":19.0,"turns":6.0},{"damage":15.0,"enemies":"Centurion and Healer","floor":22.0,"turns":8.0},{"damage":25.0,"enemies":"HollowMod:Nosk","floor":23.0,"turns":8.0},{"damage":14.0,"enemies":"Snake Plant","floor":24.0,"turns":4.0},{"damage":10.0,"enemies":"Sentry and Sphere","floor":29.0,"turns":5.0},{"damage":7.0,"enemies":"Snecko","floor":30.0,"turns":6.0},{"damage":28.0,"enemies":"Shelled Parasite and Fungi","floor":31.0,"turns":5.0},{"damage":36.0,"enemies":"hubris:MusketHawk","floor":33.0,"turns":6.0},{"damage":25.0,"enemies":"3 Darklings","floor":35.0,"turns":4.0},{"damage":13.0,"enemies":"3 Shapes","floor":37.0,"turns":7.0},{"damage":35.0,"enemies":"Nemesis","floor":41.0,"turns":9.0},{"damage":8.0,"enemies":"Jaw Worm Horde","floor":44.0,"turns":4.0},{"damage":0.0,"enemies":"4 Shapes","floor":46.0,"turns":3.0},{"damage":9.0,"enemies":"Reptomancer","floor":47.0,"turns":3.0},{"damage":17.0,"enemies":"Maw","floor":48.0,"turns":6.0},{"damage":56,"enemies":"Donu and Deca","floor":50,"turns":7}],"seed_played":"-8018281889524053218","potions_obtained":[{"floor":4.0,"key":"FairyPotion"},{"floor":11.0,"key":"blueLaboratory:EmptyBottle"},{"floor":12.0,"key":"champ:CounterPotion"},{"floor":16.0,"key":"EssenceOfSteel"},{"floor":19.0,"key":"champ:CounterPotion"},{"floor":23.0,"key":"Energy Potion"},{"floor":28.0,"key":"SmokeBomb"},{"floor":28.0,"key":"Elixir"},{"floor":30.0,"key":"Block Potion"},{"floor":37.0,"key":"Fruit Juice"},{"floor":41.0,"key":"BloodPotion"},{"floor":45.0,"key":"LifebloodPotion"}],"is_trial":false,"path_per_floor":["M","?","M","M","?","$","R","M","T","$","M","E","R","?","R","B",null,"M","M","$","?","M","E","M","R","T","R","?","M","M","M","R","B",null,"M","?","M","?","$","R","E","R","T","M","$","M","E","M","R","B",null],"character_chosen":"IRONCLAD","items_purchased":["Dream Catcher","MerchantsRug","Blind","HornCleat","aspiration:DSix","Shrug It Off","hubris:EnhanceAbility","Strawberry","Bronze Scales","Limit Break","HandDrill","RuthlessExorcism:ReiMu","Cleave","Another Sword","hubris:ChampionShield","Cauldron","EssenceOfSteel"],"campfire_rested":0,"item_purchase_floors":[6,6,6,10,10,10,10,20,20,20,39,39,45,45,45,45,45],"current_hp_per_floor":[79,79,80,80,80,80,80,80,80,80,78,71,71,56,56,37,85,78,40,47,47,38,92,84,84,84,84,84,80,79,57,57,27,92,79,79,78,78,78,78,60,60,60,64,64,76,79,74,74,61],"gold":8576,"neow_bonus":"THREE_CARDS","is_daily":false,"chose_seed":false,"campfire_upgraded":8,"win_rate":0.0,"timestamp":1614121861,"path_taken":["M","?","M","M","?","$","R","M","T","$","?","E","R","?","R","BOSS","M","M","$","?","M","E","M","R","T","R","?","M","M","?","R","BOSS","M","?","M","?","$","R","E","R","T","M","$","M","E","M","R","BOSS"],"items_purchased_type":["Relic","Relic","Card","Relic","Relic","Card","Card","Relic","Relic","Card","Relic","Relic","Card","Relic","Relic","Relic","Potion"],"build_version":"2020-12-22","purchased_purges":7,"victory":true,"max_hp_per_floor":[80,80,80,80,80,80,80,80,80,80,80,80,80,80,80,80,85,85,85,92,92,92,92,92,92,92,92,92,92,92,92,92,92,92,92,92,92,92,92,92,97,97,97,97,97,97,97,97,97,97],"card_choices":[{"not_picked":["Perfected Strike","Burning Pact"],"picked":"Pommel Strike","floor":0.0},{"not_picked":["Iron Wave","ReplayTheSpireMod:Strike From Hell"],"picked":"ReplayTheSpireMod:LeadingStrike","floor":1.0},{"not_picked":["Uppercut","Intimidate","Perfected Strike"],"picked":"SKIP","floor":3.0},{"not_picked":["Anger","Shockwave"],"picked":"Cleave","floor":4.0},{"not_picked":["Searing Blow","Iron Wave"],"picked":"Pommel Strike","floor":8.0},{"not_picked":["Second Wind","Carnage"],"picked":"ReplayTheSpireMod:Muscle Training","floor":11.0},{"not_picked":["Clash","Bludgeon","Life Link"],"picked":"SKIP","floor":12.0},{"not_picked":["Clash","Bludgeon","Life Link"],"picked":"SKIP","floor":12.0},{"not_picked":["Replay:Many Hands","Barricade"],"picked":"Berserk","floor":16.0},{"not_picked":["Warcry","ReplayTheSpireMod:Stacked"],"picked":"Thunderclap","floor":17.0},{"not_picked":["Feel No Pain+1","Armaments","Flex+1"],"picked":"SKIP","floor":18.0},{"not_picked":["Clothesline","Havoc"],"picked":"Pommel Strike","floor":19.0},{"not_picked":["Armaments","Body Slam+1","Havoc+1"],"picked":"SKIP","floor":22.0},{"not_picked":["Armaments","Body Slam+1","Havoc+1"],"picked":"SKIP","floor":22.0},{"not_picked":["Infernal Blade","Havoc"],"picked":"Run Through","floor":23.0},{"not_picked":["ReplayTheSpireMod:Strike From Hell+1","Sword Boomerang"],"picked":"Shrug It Off","floor":24.0},{"not_picked":["Flex","Carnage","Dropkick+1"],"picked":"SKIP","floor":29.0},{"not_picked":["ReplayReversal+1","Sword Boomerang"],"picked":"Inflame","floor":30.0},{"not_picked":["Twin Strike","Limit Break","Second Wind"],"picked":"SKIP","floor":31.0},{"not_picked":["Headbutt","Metallicize","Havoc"],"picked":"SKIP","floor":35.0},{"not_picked":["Wild Strike","Power Through+1","Intimidate"],"picked":"SKIP","floor":37.0},{"not_picked":["Flex","Dropkick+1","Clothesline"],"picked":"SKIP","floor":41.0},{"not_picked":["Whirlwind","Replay:Undeath\u0027s Touch+1"],"picked":"Cleave","floor":44.0},{"not_picked":["Seeing Red+1","Clash+1","Infernal Blade"],"picked":"SKIP","floor":46.0},{"not_picked":["Power Through+1","Bloodletting+1","Impervious"],"picked":"SKIP","floor":47.0},{"not_picked":["Iron Wave+1","Shockwave","Headbutt+1"],"picked":"SKIP","floor":48.0}],"player_experience":439330,"relics_obtained":[{"floor":9.0,"key":"Nunchaku"},{"floor":12.0,"key":"Replay:Bandana"},{"floor":14.0,"key":"Odd Mushroom"},{"floor":23.0,"key":"Whetstone"},{"floor":26.0,"key":"theSenshi:SailorFukuRelic"},{"floor":41.0,"key":"PreservedInsect"},{"floor":43.0,"key":"Anchor"},{"floor":47.0,"key":"Meat on the Bone"},{"floor":49.0,"key":"ReplayTheSpireMod:Lightbulb"}],"event_choices":[{"cards_removed":["ReplayTheSpireMod:LeadingStrike"],"damage_healed":0.0,"max_hp_gain":0.0,"max_hp_loss":0.0,"gold_gain":0.0,"event_name":"Bonfire Elementals","player_choice":"Offered Uncommon","floor":5.0,"gold_loss":0.0,"damage_taken":0.0},{"damage_healed":0.0,"max_hp_gain":0.0,"max_hp_loss":0.0,"gold_gain":0.0,"event_name":"Mushrooms","player_choice":"Fought Mushrooms","floor":14.0,"gold_loss":0.0,"damage_taken":0.0},{"damage_healed":0.0,"max_hp_gain":0.0,"max_hp_loss":0.0,"gold_gain":0.0,"event_name":"FaceTrader","player_choice":"Trade","floor":21.0,"gold_loss":0.0,"damage_taken":0.0,"relics_obtained":["SsserpentHead"]},{"damage_healed":0.0,"max_hp_gain":0.0,"max_hp_loss":0.0,"gold_gain":0.0,"event_name":"Lab","player_choice":"Got Potions","floor":28.0,"gold_loss":0.0,"damage_taken":0.0},{"cards_removed":["ReplayTheSpireMod:Muscle Training"],"damage_healed":0.0,"max_hp_gain":0.0,"max_hp_loss":0.0,"gold_gain":0.0,"event_name":"Falling","player_choice":"Removed Skill","floor":38.0,"gold_loss":0.0,"damage_taken":0.0}],"is_beta":false,"boss_relics":[{"not_picked":["hubris:HollowSoul","Calling Bell"],"picked":"Tiny House"},{"not_picked":["Kintsugi","bronze:MakeshiftBattery"],"picked":"Black Blood"}],"items_purged_floors":[6,6,6,10,20,20,20],"is_endless":false,"potions_floor_spawned":[4,11,12,14,16,18,19,23,30,31,35,37,41,48],"ascension_level":3}}