{"host":"skqrv63k0gjilndt","time":1614069354,"event":{"mods":["AchievementEnabler","BaseMod","Bestiary","Colored Powertips","Highlight Path","Minty Spire (QoL Compilation)","Quick Restart"],"gold_per_floor":[218,233,233,233,250,250,261,271,296,328,328,340,340,359,359,455,455,466,478,478,488,501,501,533,553,577,577,595,595,612,55,55,151,151,161,176,193,212,212,212,222,222,222,136,151,151,161,174,174,174],"floor_reached":51,"language":"ENG","playtime":3483,"items_purged":["Strike_P"],"score":877,"play_id":"91d5521c-75d5-4a1b-8cb7-c92d1ab25a2f","local_time":"20210223003554","is_ascension_mode":true,"campfire_choices":[{"data":"Adaptation","floor":6.0,"key":"SMITH"},{"data":"LikeWater","floor":11.0,"key":"SMITH"},{"data":"CrushJoints","floor":13.0,"key":"SMITH"},{"data":"FlurryOfBlows","floor":15.0,"key":"SMITH"},{"data":"RitualDagger","floor":23.0,"key":"SMITH"},{"data":"Vault","floor":27.0,"key":"SMITH"},{"floor":32.0,"key":"REST"},{"floor":40.0,"key":"RECALL"},{"data":"LikeWater","floor":42.0,"key":"SMITH"},{"data":"Finesse","floor":46.0,"key":"SMITH"}],"circlet_count":0,"master_deck":["Strike_P+1","Strike_P+1","Strike_P+1","Defend_P+1","Defend_P+1","Defend_P+1","Defend_P+1","Eruption+1","Vigilance+1","ClearTheMind+1","LikeWater+1","Adaptation+1","FollowUp+1","EmptyBody+1","FearNoEvil+1","CrushJoints+1","FlurryOfBlows+1","Vault+1","Protect+1","EmptyFist+1","RitualDagger+1","FlurryOfBlows+1","Indignation+1","EmptyBody+1","WindmillStrike+1","Perseverance+1","MentalFortress+1","WindmillStrike+1","DevaForm+1","ThirdEye+1","FlurryOfBlows+1","Parasite","DeceiveReality+1","FlurryOfBlows+1","LikeWater+1","Finesse+1","ThirdEye+1","EmptyFist+1","CarveReality+1"],"relics":["PureWater","Bronze Scales","SlaversCollar","Dream Catcher","Nloth\u0027s Gift","War Paint","Strange Spoon","Blood Vial","Coffee Dripper","Mark of the Bloom","Question Card"],"acts_visited":["Exordium","TheCity","TheBeyond"],"potions_floor_usage":[48],"damage_taken":[{"damage":0.0,"enemies":"2 Louse","floor":1.0,"turns":1.0},{"damage":2.0,"enemies":"Jaw Worm","floor":2.0,"turns":3.0},{"damage":2.0,"enemies":"Small Slimes","floor":5.0,"turns":3.0},{"damage":0.0,"enemies":"Blue Slaver","floor":7.0,"turns":4.0},{"damage":0.0,"enemies":"Gremlin Gang","floor":8.0,"turns":4.0},{"damage":0.0,"enemies":"Gremlin Nob","floor":10.0,"turns":3.0},{"damage":5.0,"enemies":"Lots of Slimes","floor":12.0,"turns":2.0},{"damage":0.0,"enemies":"Large Slime","floor":14.0,"turns":3.0},{"damage":31.0,"enemies":"Slime Boss","floor":16.0,"turns":5.0},{"damage":0.0,"enemies":"Chosen","floor":18.0,"turns":5.0},{"damage":0.0,"enemies":"3 Byrds","floor":19.0,"turns":4.0},{"damage":0.0,"enemies":"Sentry and Sphere","floor":21.0,"turns":5.0},{"damage":11.0,"enemies":"Centurion and Healer","floor":22.0,"turns":7.0},{"damage":6.0,"enemies":"Slavers","floor":24.0,"turns":6.0},{"damage":5.0,"enemies":"Chosen and Byrds","floor":25.0,"turns":4.0},{"damage":20.0,"enemies":"Snake Plant","floor":28.0,"turns":3.0},{"damage":3.0,"enemies":"Sentry and Sphere","floor":30.0,"turns":4.0},{"damage":0.0,"enemies":"Automaton","floor":33.0,"turns":9.0},{"damage":22.0,"enemies":"3 Shapes","floor":35.0,"turns":3.0},{"damage":1.0,"enemies":"Orb Walker","floor":36.0,"turns":5.0},{"damage":8.0,"enemies":"Writhing Mass","floor":37.0,"turns":6.0},{"damage":10.0,"enemies":"Jaw Worm Horde","floor":38.0,"turns":5.0},{"damage":0.0,"enemies":"4 Shapes","floor":41.0,"turns":5.0},{"damage":0.0,"enemies":"Spire Growth","floor":45.0,"turns":3.0},{"damage":0.0,"enemies":"Jaw Worm Horde","floor":47.0,"turns":6.0},{"damage":0,"enemies":"Writhing Mass","floor":48,"turns":3},{"damage":20,"enemies":"Donu and Deca","floor":50,"turns":9}],"seed_played":"-5101856155013752176","potions_obtained":[{"floor":2.0,"key":"AttackPotion"},{"floor":7.0,"key":"Fire Potion"},{"floor":10.0,"key":"SkillPotion"},{"floor":12.0,"key":"LiquidBronze"},{"floor":18.0,"key":"Fire Potion"},{"floor":19.0,"key":"Swift Potion"},{"floor":24.0,"key":"FearPotion"},{"floor":30.0,"key":"EntropicBrew"},{"floor":33.0,"key":"Energy Potion"},{"floor":36.0,"key":"Regen Potion"},{"floor":38.0,"key":"SpeedPotion"},{"floor":41.0,"key":"StancePotion"}],"is_trial":false,"path_per_floor":["M","M","?","?","M","R","M","M","T","E","R","M","R","M","R","B",null,"M","M","?","M","M","R","E","M","T","R","M","?","M","$","R","B",null,"M","M","M","M","?","R","M","R","T","$","M","R","M","M","R","B",null],"character_chosen":"WATCHER","items_purchased":["War Paint","Strange Spoon","Blood Vial","MentalFortress","Finesse"],"campfire_rested":1,"item_purchase_floors":[31,31,31,31,44],"current_hp_per_floor":[72,70,56,56,54,54,54,54,54,54,54,49,49,49,49,18,72,72,72,66,66,55,55,49,44,44,44,24,24,21,21,42,44,72,50,51,60,52,52,52,52,52,52,52,52,52,52,52,52,32],"gold":174,"neow_bonus":"HUNDRED_GOLD","is_daily":false,"chose_seed":false,"campfire_upgraded":8,"win_rate":0.0,"timestamp":1614069354,"path_taken":["M","M","?","?","M","R","M","M","T","E","R","M","R","M","R","BOSS","M","M","?","M","M","R","E","M","T","R","M","?","?","$","R","BOSS","M","M","M","?","?","R","M","R","T","$","M","R","M","M","R","BOSS"],"items_purchased_type":["Relic","Relic","Relic","Card","Card"],"build_version":"2020-12-22","purchased_purges":1,"victory":true,"max_hp_per_floor":[72,72,72,72,72,72,72,72,72,72,72,72,72,72,72,72,72,72,72,72,72,72,72,72,72,72,72,72,72,72,72,72,72,72,72,72,72,72,72,72,72,72,72,72,72,72,72,72,72,72],"card_choices":[{"not_picked":["Crescendo","FlyingSleeves"],"picked":"ClearTheMind","floor":1.0},{"not_picked":["ClearTheMind","Nirvana"],"picked":"LikeWater","floor":2.0},{"not_picked":["TalkToTheHand","WheelKick"],"picked":"Adaptation","floor":5.0},{"not_picked":["Swivel","CutThroughFate"],"picked":"FollowUp","floor":7.0},{"not_picked":["CutThroughFate","ThirdEye"],"picked":"EmptyBody","floor":8.0},{"not_picked":["Blasphemy","Crescendo"],"picked":"FearNoEvil","floor":10.0},{"not_picked":["Study","ClearTheMind"],"picked":"CrushJoints","floor":12.0},{"not_picked":["ForeignInfluence","FlyingSleeves"],"picked":"FlurryOfBlows","floor":14.0},{"not_picked":["Ragnarok","Judgement"],"picked":"Vault","floor":16.0},{"not_picked":["Wallop+1","CutThroughFate"],"picked":"Protect+1","floor":18.0},{"not_picked":["JustLucky","CutThroughFate"],"picked":"EmptyFist","floor":19.0},{"not_picked":["FollowUp","Prostrate+1"],"picked":"FlurryOfBlows+1","floor":21.0},{"not_picked":["PathToVictory","CrushJoints"],"picked":"Indignation+1","floor":22.0},{"not_picked":["Nirvana","CutThroughFate"],"picked":"EmptyBody+1","floor":24.0},{"not_picked":["FlyingSleeves","CutThroughFate","MasterReality"],"picked":"SKIP","floor":25.0},{"not_picked":["SashWhip","Conclude"],"picked":"WindmillStrike+1","floor":28.0},{"not_picked":["PathToVictory","InnerPeace+1"],"picked":"Perseverance","floor":30.0},{"not_picked":["SashWhip","Protect"],"picked":"WindmillStrike+1","floor":32.0},{"not_picked":["MasterReality","Ragnarok"],"picked":"DevaForm","floor":33.0},{"not_picked":["JustLucky","Fasting2+1"],"picked":"ThirdEye","floor":35.0},{"not_picked":["EmptyBody","FearNoEvil+1"],"picked":"FlurryOfBlows+1","floor":36.0},{"not_picked":["PathToVictory","Protect+1"],"picked":"DeceiveReality+1","floor":37.0},{"not_picked":["Collect","Protect"],"picked":"FlurryOfBlows+1","floor":38.0},{"not_picked":["ClearTheMind+1","SashWhip"],"picked":"LikeWater","floor":41.0},{"not_picked":["Indignation","Conclude+1","BowlingBash"],"picked":"ThirdEye+1","floor":45.0},{"not_picked":["InnerPeace+1","ThirdEye","Blasphemy"],"picked":"EmptyFist+1","floor":47.0},{"not_picked":["Consecrate","Prostrate+1","Adaptation"],"picked":"CarveReality+1","floor":48}],"player_experience":89834,"relics_obtained":[{"floor":10.0,"key":"Bronze Scales"},{"floor":24.0,"key":"Dream Catcher"},{"floor":26.0,"key":"Oddly Smooth Stone"},{"floor":43.0,"key":"Question Card"}],"event_choices":[{"damage_healed":0.0,"max_hp_gain":0.0,"max_hp_loss":0.0,"gold_gain":0.0,"event_name":"Shining Light","player_choice":"Entered Light","floor":3.0,"gold_loss":0.0,"damage_taken":14.0,"cards_upgraded":["Strike_P","Eruption"]},{"damage_healed":0.0,"max_hp_gain":0.0,"max_hp_loss":0.0,"gold_gain":0.0,"event_name":"Living Wall","player_choice":"Grow","floor":4.0,"gold_loss":0.0,"damage_taken":0.0,"cards_upgraded":["ClearTheMind"]},{"damage_healed":0.0,"max_hp_gain":0.0,"max_hp_loss":0.0,"gold_gain":0.0,"event_name":"Nest","player_choice":"Joined the Cult","floor":20.0,"gold_loss":0.0,"damage_taken":6.0,"cards_obtained":["RitualDagger"]},{"damage_healed":0.0,"max_hp_gain":0.0,"max_hp_loss":0.0,"gold_gain":0.0,"event_name":"N\u0027loth","player_choice":"Traded Relic","floor":29.0,"relics_lost":["Oddly Smooth Stone"],"gold_loss":0.0,"damage_taken":0.0,"relics_obtained":["Nloth\u0027s Gift"]},{"damage_healed":0.0,"max_hp_gain":0.0,"max_hp_loss":0.0,"gold_gain":0.0,"event_name":"MindBloom","player_choice":"Upgrade","floor":39.0,"gold_loss":0.0,"damage_taken":0.0,"cards_upgraded":["Strike_P","Strike_P","Defend_P","Defend_P","Defend_P","FollowUp","EmptyBody","FearNoEvil","EmptyFist","Perseverance","MentalFortress","DevaForm","ThirdEye"],"relics_obtained":["Mark of the Bloom"]}],"is_beta":false,"boss_relics":[{"not_picked":["Busted Crown","SacredBark"],"picked":"SlaversCollar"},{"not_picked":["Black Star","Runic Dome"],"picked":"Coffee Dripper"}],"items_purged_floors":[31],"is_endless":false,"potions_floor_spawned":[2,7,10,12,18,19,24,30,33,36,38,41],"ascension_level":2}}