{"host":"9zznonz1olisd4fd","time":1614055375,"event":{"mods":["BaseMod","Keyboard Shortcuts","Minty Spire (QoL Compilation)","StSLib","SuperFastMode"],"gold_per_floor":[111,186,111,130,280,308,85,85,85,96,96,107,107,107,107,181,181,193,93,93,103,117,117,131,146,146,163,183,183,183,183,183],"floor_reached":31,"language":"KOR","playtime":992,"items_purged":["Doubt","Strike_B"],"score":459,"play_id":"08332157-e2fa-421e-83db-ced2e17108c6","local_time":"20210223134255","is_ascension_mode":true,"campfire_choices":[{"data":"Dualcast","floor":8.0,"key":"SMITH"},{"data":"Zap","floor":11.0,"key":"SMITH"},{"data":"Darkness","floor":13.0,"key":"SMITH"},{"data":"Glacier","floor":15.0,"key":"SMITH"},{"data":"Core Surge","floor":23,"key":"SMITH"},{"floor":30,"key":"REST"}],"circlet_count":0,"master_deck":["AscendersBane","Strike_B","Defend_B","Defend_B","Defend_B","Defend_B","Zap+1","Dualcast+1","Ball Lightning","Glacier+1","Darkness+1","Core Surge+1","Reinforced Body","Skim","Hologram","Darkness+1"],"relics":["FrozenCore","NeowsBlessing","Potion Belt","Bag of Preparation","Singing Bowl","Mummified Hand"],"acts_visited":["Exordium","TheCity"],"potions_floor_usage":[22,28],"damage_taken":[{"damage":0.0,"enemies":"Jaw Worm","floor":1.0,"turns":1.0},{"damage":0.0,"enemies":"2 Louse","floor":4.0,"turns":1.0},{"damage":0.0,"enemies":"3 Sentries","floor":6.0,"turns":1.0},{"damage":0.0,"enemies":"Small Slimes","floor":10.0,"turns":3.0},{"damage":0.0,"enemies":"Gremlin Gang","floor":12.0,"turns":4.0},{"damage":50.0,"enemies":"Slime Boss","floor":16.0,"turns":11.0},{"damage":8.0,"enemies":"3 Byrds","floor":18.0,"turns":5.0},{"damage":0,"enemies":"Chosen","floor":21,"turns":6},{"damage":19,"enemies":"Centurion and Healer","floor":22,"turns":7},{"damage":9,"enemies":"Shelled Parasite and Fungi","floor":24,"turns":8},{"damage":22,"enemies":"Cultist and Chosen","floor":25,"turns":7},{"damage":2,"enemies":"Chosen and Byrds","floor":27,"turns":6},{"damage":14,"enemies":"Snake Plant","floor":28,"turns":4},{"damage":33,"enemies":"Centurion and Healer","floor":31,"turns":7}],"seed_played":"-2207681823252409770","potions_obtained":[{"floor":4.0,"key":"SneckoOil"},{"floor":10.0,"key":"Fire Potion"},{"floor":12.0,"key":"Dexterity Potion"},{"floor":21,"key":"Regen Potion"},{"floor":22,"key":"Ancient Potion"},{"floor":25,"key":"PotionOfCapacity"},{"floor":28,"key":"SteroidPotion"}],"is_trial":false,"path_per_floor":["M","?","?","M","?","E","$","R","T","M","R","M","R","?","R","B",null,"M","$","?","M","M","R","M","M","T","M","M","?","R","M"],"character_chosen":"DEFECT","items_purchased":["Bag of Preparation"],"campfire_rested":1,"item_purchase_floors":[7],"current_hp_per_floor":[64,53,53,53,53,53,53,53,53,55,55,55,55,55,55,5,56,50,50,50,52,49,49,40,18,18,16,4,4,28,0,0],"gold":183,"neow_bonus":"THREE_ENEMY_KILL","is_daily":false,"chose_seed":false,"campfire_upgraded":5,"win_rate":0.0,"timestamp":1614055375,"path_taken":["M","?","?","M","?","E","$","R","T","M","R","M","R","?","R","BOSS","M","$","?","M","M","R","M","M","T","M","M","?","R","?"],"items_purchased_type":["Relic"],"build_version":"2020-12-22","purchased_purges":2,"victory":false,"max_hp_per_floor":[71,71,71,71,71,71,71,71,71,73,73,73,73,73,73,73,73,75,75,75,77,79,79,79,79,79,79,81,81,81,81,81],"card_choices":[{"not_picked":["Compile Driver","Cold Snap"],"picked":"Ball Lightning","floor":1.0},{"not_picked":["Chill","Conserve Battery","Beam Cell"],"picked":"SKIP","floor":4.0},{"not_picked":["Gash","Reboot"],"picked":"Glacier","floor":6.0},{"not_picked":["Cold Snap","Turbo","Chill"],"picked":"Singing Bowl","floor":10.0},{"not_picked":["Compile Driver","Reinforced Body"],"picked":"Darkness","floor":12.0},{"not_picked":["Echo Form","Meteor Strike"],"picked":"Core Surge","floor":16.0},{"not_picked":["Melter","Fusion","Sweeping Beam"],"picked":"Singing Bowl","floor":18.0},{"not_picked":["Ball Lightning","Scrape","Doom and Gloom"],"picked":"Singing Bowl","floor":21},{"not_picked":["Scrape","Hologram","Stack+1"],"picked":"Singing Bowl","floor":22},{"not_picked":["Turbo","Gash"],"picked":"Reinforced Body","floor":24},{"not_picked":["Compile Driver","Go for the Eyes"],"picked":"Skim","floor":25},{"not_picked":["Genetic Algorithm","Go for the Eyes"],"picked":"Hologram","floor":27},{"not_picked":["Go for the Eyes","Steam","Ball Lightning"],"picked":"Singing Bowl","floor":28}],"player_experience":565418,"relics_obtained":[{"floor":6.0,"key":"Potion Belt"},{"floor":9.0,"key":"Singing Bowl"},{"floor":26,"key":"Mummified Hand"}],"event_choices":[{"damage_healed":0.0,"max_hp_gain":0.0,"max_hp_loss":0.0,"gold_gain":75.0,"event_name":"World of Goop","player_choice":"Gather Gold","floor":2.0,"gold_loss":0.0,"damage_taken":11.0},{"cards_removed":["Strike_B"],"damage_healed":0.0,"max_hp_gain":0.0,"max_hp_loss":0.0,"gold_gain":0.0,"event_name":"The Cleric","player_choice":"Card Removal","floor":3.0,"gold_loss":75.0,"damage_taken":0.0},{"damage_healed":0.0,"max_hp_gain":0.0,"max_hp_loss":0.0,"gold_gain":150.0,"event_name":"Liars Game","player_choice":"AGREE","floor":5.0,"gold_loss":0.0,"damage_taken":0.0,"cards_obtained":["Doubt"]},{"cards_removed":["Strike_B"],"damage_healed":0.0,"max_hp_gain":0.0,"max_hp_loss":0.0,"gold_gain":0.0,"event_name":"Living Wall","player_choice":"Forget","floor":14.0,"gold_loss":0.0,"damage_taken":0.0},{"damage_healed":0,"gold_gain":0,"player_choice":"Ignored","damage_taken":0,"max_hp_gain":0,"max_hp_loss":0,"event_name":"Vampires","floor":20,"gold_loss":0},{"damage_healed":0,"gold_gain":0,"player_choice":"Copied","damage_taken":0,"max_hp_gain":0,"max_hp_loss":0,"event_name":"Duplicator","floor":29,"gold_loss":0,"cards_obtained":["Darkness"]}],"is_beta":false,"boss_relics":[{"not_picked":["Astrolabe","Runic Dome"],"picked":"FrozenCore"}],"items_purged_floors":[7,19],"is_endless":false,"potions_floor_spawned":[4,10,12,21,22,25,28],"killed_by":"Centurion and Healer","ascension_level":15}}