{"host":"mnpd8gh7cwxsn5kh","time":1614105156,"event":{"mods":["BaseMod","Bestiary","Block Reminder","Colored Map","Colored Powertips","Highlight Path","Minty Spire (QoL Compilation)","Relic Sorter","Relic Stats"],"gold_per_floor":[113,126,126,140,164,164,207,207,207,61,88,132,50,83,83,157,166,181,207,157,185,185,219,219,260,260,276,276,292,81,108,108,108,108],"floor_reached":33,"language":"ENG","playtime":2050,"items_purged":["Strike_R","Strike_R"],"score":635,"play_id":"9244ab3f-cd33-430a-847a-41d7b6043086","local_time":"20210223193236","is_ascension_mode":true,"campfire_choices":[{"data":"Uppercut","floor":6,"key":"SMITH"},{"floor":8,"key":"REST"},{"data":"Iron Wave","floor":15,"key":"SMITH"},{"floor":24,"key":"REST"},{"floor":28,"key":"REST"},{"floor":32,"key":"REST"}],"circlet_count":0,"master_deck":["AscendersBane","Strike_R+1","Strike_R+1","Strike_R+1","Defend_R+1","Defend_R+1","Defend_R+1","Defend_R+1","Bash","Wild Strike","Wild Strike","Uppercut+1","Second Wind","Fire Breathing","Iron Wave+1","Iron Wave","Ghostly Armor","CurseOfTheBell","Shrug It Off","Battle Trance+1","True Grit","Shockwave"],"relics":["Runic Cube","CeramicFish","Blue Candle","HornCleat","Smiling Mask","StrikeDummy","Calling Bell","Bronze Scales","Pear","Ginger","Bottled Flame","Paper Frog","Matryoshka","Anchor"],"acts_visited":["Exordium","TheCity"],"potions_floor_usage":[7,12,14,14,21,23,23,31,33,33],"damage_taken":[{"damage":4,"enemies":"Jaw Worm","floor":1,"turns":6},{"damage":4,"enemies":"Small Slimes","floor":2,"turns":3},{"damage":0,"enemies":"Cultist","floor":4,"turns":2},{"damage":25,"enemies":"Lagavulin","floor":7,"turns":5},{"damage":8,"enemies":"Blue Slaver","floor":11,"turns":3},{"damage":18,"enemies":"Gremlin Nob","floor":12,"turns":4},{"damage":10,"enemies":"Lagavulin","floor":14,"turns":7},{"damage":12,"enemies":"Hexaghost","floor":16,"turns":9},{"damage":12,"enemies":"Shell Parasite","floor":18,"turns":5},{"damage":12,"enemies":"Spheric Guardian","floor":19,"turns":5},{"damage":25,"enemies":"Shelled Parasite and Fungi","floor":21,"turns":8},{"damage":11,"enemies":"Slavers","floor":23,"turns":6},{"damage":18,"enemies":"Book of Stabbing","floor":25,"turns":5},{"damage":11,"enemies":"3 Cultists","floor":27,"turns":4},{"damage":2,"enemies":"Centurion and Healer","floor":29,"turns":6},{"damage":0,"enemies":"Snake Plant","floor":31,"turns":4},{"damage":90,"enemies":"Automaton","floor":33,"turns":10}],"seed_played":"-8188326999673217065","potions_obtained":[{"floor":2,"key":"Fire Potion"},{"floor":7,"key":"SteroidPotion"},{"floor":11,"key":"Strength Potion"},{"floor":12,"key":"Fruit Juice"},{"floor":14,"key":"GamblersBrew"},{"floor":18,"key":"Energy Potion"},{"floor":21,"key":"SkillPotion"},{"floor":29,"key":"Fruit Juice"},{"floor":31,"key":"AttackPotion"}],"is_trial":false,"path_per_floor":["M","M","?","M","T","R","E","R","T","$","M","E","$","E","R","B",null,"M","M","?","M","?","E","R","E","T","M","R","M","$","M","R","B"],"character_chosen":"IRONCLAD","items_purchased":["Fire Breathing","Ghostly Armor","Anchor","Block Potion"],"campfire_rested":4,"item_purchase_floors":[10,13,30,30],"current_hp_per_floor":[64,60,65,65,65,65,40,64,64,64,56,38,38,33,33,21,79,67,55,55,30,30,19,47,29,29,18,46,44,44,49,79,0,0],"gold":108,"neow_bonus":"BOSS_RELIC","is_daily":false,"chose_seed":false,"campfire_upgraded":2,"win_rate":0.0,"timestamp":1614105156,"path_taken":["M","M","?","M","?","R","E","R","T","$","M","E","$","E","R","BOSS","M","M","?","?","?","E","R","E","T","M","R","M","?","M","R","BOSS"],"items_purchased_type":["Card","Card","Relic","Potion"],"build_version":"2020-12-22","purchased_purges":2,"victory":false,"max_hp_per_floor":[75,75,80,80,80,80,80,80,80,80,80,80,80,85,85,85,95,95,95,95,95,95,95,95,95,95,95,95,95,95,100,100,100,100],"relic_stats":{"counters":[17,92],"CeramicFish":90,"Blue Candle":[1],"Bronze Scales":[170],"Ginger":[4],"Smiling Mask":50,"obtain_stats":[{"Pear":17,"CeramicFish":5,"Blue Candle":7,"Ginger":17,"Smiling Mask":12,"Burning Blood":0,"Calling Bell":17,"Bottled Flame":23,"Anchor":30,"HornCleat":9,"Matryoshka":26,"Bronze Scales":17,"StrikeDummy":14,"Runic Cube":0,"Paper Frog":25},{"Pear":8,"CeramicFish":3,"Blue Candle":4,"Ginger":8,"Smiling Mask":6,"Burning Blood":0,"Calling Bell":8,"Bottled Flame":12,"Anchor":15,"HornCleat":4,"Matryoshka":13,"Bronze Scales":8,"StrikeDummy":7,"Runic Cube":0,"Paper Frog":13},{"Pear":39,"CeramicFish":11,"Blue Candle":16,"Ginger":39,"Smiling Mask":23,"Burning Blood":0,"Calling Bell":39,"Bottled Flame":63,"Anchor":78,"HornCleat":16,"Matryoshka":68,"Bronze Scales":39,"StrikeDummy":30,"Runic Cube":0,"Paper Frog":68}],"Runic Cube":[34]},"card_choices":[{"not_picked":["Flex","Heavy Blade"],"picked":"Wild Strike","floor":1},{"not_picked":["Thunderclap","Iron Wave"],"picked":"Wild Strike","floor":2},{"not_picked":["Warcry","Power Through"],"picked":"Uppercut","floor":4},{"not_picked":["Heavy Blade","Intimidate"],"picked":"Second Wind","floor":7},{"not_picked":["Cleave","Heavy Blade"],"picked":"Iron Wave","floor":11},{"not_picked":["Juggernaut","Armaments"],"picked":"Iron Wave","floor":12},{"not_picked":["Havoc","Entrench","Anger"],"picked":"SKIP","floor":14},{"not_picked":["Inflame","Heavy Blade","Anger"],"picked":"SKIP","floor":18},{"not_picked":["Rampage","Clothesline"],"picked":"Shrug It Off","floor":19},{"not_picked":["Wild Strike","Armaments+1"],"picked":"Battle Trance+1","floor":21},{"not_picked":["Hemokinesis","Armaments","Clothesline"],"picked":"SKIP","floor":23},{"not_picked":["Perfected Strike","Rage"],"picked":"True Grit","floor":25},{"not_picked":["Whirlwind","Pummel+1","Perfected Strike"],"picked":"SKIP","floor":27},{"not_picked":["Perfected Strike","Clothesline","Uppercut"],"picked":"SKIP","floor":29},{"not_picked":["Havoc","Shrug It Off"],"picked":"Shockwave","floor":31}],"player_experience":695009,"relics_obtained":[{"floor":5,"key":"CeramicFish"},{"floor":7,"key":"Blue Candle"},{"floor":9,"key":"HornCleat"},{"floor":12,"key":"Smiling Mask"},{"floor":14,"key":"StrikeDummy"},{"floor":17,"key":"Bronze Scales"},{"floor":17,"key":"Pear"},{"floor":17,"key":"Ginger"},{"floor":23,"key":"Bottled Flame"},{"floor":25,"key":"Paper Frog"},{"floor":26,"key":"Matryoshka"}],"event_choices":[{"damage_healed":0,"gold_gain":0,"player_choice":"Donut","damage_taken":0,"max_hp_gain":5,"max_hp_loss":0,"event_name":"Big Fish","floor":3,"gold_loss":0},{"damage_healed":0,"gold_gain":0,"player_choice":"Upgraded Two","damage_taken":0,"max_hp_gain":0,"max_hp_loss":0,"event_name":"Designer","floor":20,"gold_loss":50,"cards_upgraded":["Defend_R","Defend_R"]},{"damage_healed":0,"gold_gain":0,"player_choice":"Simplicity","damage_taken":0,"max_hp_gain":0,"max_hp_loss":0,"event_name":"Back to Basics","floor":22,"gold_loss":0,"cards_upgraded":["Strike_R","Strike_R","Strike_R","Defend_R","Defend_R"]}],"is_beta":false,"boss_relics":[{"not_picked":["SacredBark","Ectoplasm"],"picked":"Calling Bell"}],"items_purged_floors":[10,13],"is_endless":false,"potions_floor_spawned":[2,7,11,12,14,18,21,29,31],"killed_by":"Automaton","ascension_level":20}}