{"host":"r4yhuzs0e1z69tr3","time":1614053891,"event":{"mods":["BaseMod","Minty Spire (QoL Compilation)","Rare Cards Sparkle"],"gold_per_floor":[118,118,139,164,164,164,200,200,200,216,241,241,280,280,280,392,392,421,286,310,336,336,336,372,372,421,761,811,811,811],"floor_reached":29,"language":"ENG","playtime":1315,"items_purged":[],"score":285,"play_id":"a27ff71d-7d1c-4ba3-8c7f-012cf3bd7aba","local_time":"20210222231811","is_ascension_mode":true,"campfire_choices":[{"data":"Redo","floor":6,"key":"SMITH"},{"data":"Hologram","floor":8,"key":"SMITH"},{"data":"Streamline","floor":12,"key":"SMITH"},{"floor":15,"key":"REST"},{"data":"Hologram","floor":23,"key":"SMITH"},{"data":"Zap","floor":25,"key":"SMITH"}],"circlet_count":0,"master_deck":["Strike_B","Strike_B+1","Strike_B","Strike_B","Defend_B","Defend_B","Defend_B+1","Zap+1","Dualcast","Redo+1","Gash","Streamline+1","Hologram+1","Sweeping Beam","Gash","All For One","Ball Lightning","FTL","Defragment","Hologram+1","Ball Lightning+1","Beam Cell+1","Rebound"],"relics":["Cracked Core","CeramicFish","Mercury Hourglass","Bottled Flame","Happy Flower","Orichalcum","Pen Nib","Old Coin"],"acts_visited":["Exordium","TheCity"],"potions_floor_usage":[10,13,21,29],"damage_taken":[{"damage":2,"enemies":"Small Slimes","floor":1,"turns":3},{"damage":0,"enemies":"Cultist","floor":3,"turns":3},{"damage":7,"enemies":"2 Louse","floor":4,"turns":2},{"damage":13,"enemies":"Lagavulin","floor":7,"turns":5},{"damage":0,"enemies":"Large Slime","floor":10,"turns":3},{"damage":7,"enemies":"Blue Slaver","floor":11,"turns":3},{"damage":7,"enemies":"Gremlin Nob","floor":13,"turns":3},{"damage":24,"enemies":"Hexaghost","floor":16,"turns":7},{"damage":0,"enemies":"Chosen","floor":18,"turns":3},{"damage":0,"enemies":"Spheric Guardian","floor":20,"turns":3},{"damage":36,"enemies":"Shelled Parasite and Fungi","floor":21,"turns":4},{"damage":17,"enemies":"Gremlin Leader","floor":24,"turns":5},{"damage":38,"enemies":"Book of Stabbing","floor":27,"turns":5},{"damage":10,"enemies":"Centurion and Healer","floor":29,"turns":3}],"seed_played":"-6938728666842377835","potions_obtained":[{"floor":3,"key":"FearPotion"},{"floor":7,"key":"Weak Potion"},{"floor":13,"key":"DistilledChaos"},{"floor":16,"key":"LiquidBronze"},{"floor":18,"key":"PotionOfCapacity"},{"floor":24,"key":"SpeedPotion"}],"is_trial":false,"path_per_floor":["M","?","M","M","?","R","E","R","T","M","M","R","E","?","R","B",null,"M","$","M","M","?","R","E","R","T","E","?","M"],"character_chosen":"DEFECT","items_purchased":["FTL","Defragment"],"campfire_rested":1,"item_purchase_floors":[19,19],"current_hp_per_floor":[73,73,73,66,51,51,38,38,38,38,31,31,24,24,46,22,75,75,75,75,39,64,64,47,47,47,9,9,0,0],"gold":811,"neow_bonus":"RANDOM_COMMON_RELIC","is_daily":false,"chose_seed":false,"campfire_upgraded":5,"win_rate":0.0,"timestamp":1614053891,"path_taken":["M","?","M","?","?","R","E","R","T","M","M","R","E","?","R","BOSS","M","$","M","M","?","R","E","R","T","E","?","M"],"items_purchased_type":["Card","Card"],"build_version":"2020-12-22","purchased_purges":0,"victory":false,"max_hp_per_floor":[75,75,75,75,75,75,75,75,75,75,75,75,75,75,75,75,75,75,75,75,75,75,75,75,75,75,75,75,75,75],"card_choices":[{"not_picked":["Hologram","Darkness"],"picked":"Redo","floor":1},{"not_picked":["Double Energy","Cold Snap"],"picked":"Gash","floor":3},{"not_picked":["Sweeping Beam","Stack"],"picked":"Streamline","floor":4},{"not_picked":["Coolheaded","Multi-Cast"],"picked":"Hologram","floor":7},{"not_picked":["Hologram","Cold Snap","Streamline"],"picked":"SKIP","floor":10},{"not_picked":["Stack","Compile Driver"],"picked":"Sweeping Beam","floor":11},{"not_picked":["Steam Power","Leap"],"picked":"Gash","floor":13},{"not_picked":["Reboot","Buffer"],"picked":"All For One","floor":16},{"not_picked":["Redo+1","Scrape"],"picked":"Ball Lightning","floor":18},{"not_picked":["Compile Driver","Leap"],"picked":"Hologram","floor":20},{"not_picked":["Force Field","Cold Snap"],"picked":"Ball Lightning+1","floor":21},{"not_picked":["Ball Lightning+1","Rip and Tear"],"picked":"Beam Cell+1","floor":24},{"not_picked":["Beam Cell","Fusion+1"],"picked":"Rebound","floor":27}],"player_experience":170421,"relics_obtained":[{"floor":7,"key":"Mercury Hourglass"},{"floor":9,"key":"Bottled Flame"},{"floor":13,"key":"Happy Flower"},{"floor":24,"key":"Orichalcum"},{"floor":26,"key":"Pen Nib"},{"floor":27,"key":"Old Coin"}],"event_choices":[{"cards_removed":["Defend_B"],"damage_healed":0,"gold_gain":0,"player_choice":"Offered Basic","damage_taken":0,"max_hp_gain":0,"max_hp_loss":0,"event_name":"Bonfire Elementals","floor":2,"gold_loss":0},{"damage_healed":0,"gold_gain":0,"player_choice":"Entered Light","damage_taken":15,"max_hp_gain":0,"max_hp_loss":0,"event_name":"Shining Light","floor":5,"gold_loss":0,"cards_upgraded":["Defend_B","Strike_B"]},{"damage_healed":0,"gold_gain":0,"player_choice":"Ignored","damage_taken":0,"max_hp_gain":0,"max_hp_loss":0,"event_name":"Golden Idol","floor":14,"gold_loss":0},{"damage_healed":25,"gold_gain":0,"player_choice":"Heal","damage_taken":0,"max_hp_gain":0,"max_hp_loss":0,"event_name":"The Library","floor":22,"gold_loss":0},{"damage_healed":0,"gold_gain":100,"player_choice":"Bet on Murderer","damage_taken":0,"max_hp_gain":0,"max_hp_loss":0,"event_name":"The Joust","floor":28,"gold_loss":50}],"is_beta":false,"boss_relics":[{"not_picked":["Snecko Eye","Velvet Choker","Pandora\u0027s Box"]}],"items_purged_floors":[],"is_endless":false,"potions_floor_spawned":[3,7,13,16,18,24,27],"killed_by":"Centurion and Healer","ascension_level":1}}