{"host":"miczq86z2i77lhk7","time":1614103824,"event":{"mods":["AchievementEnabler","BaseMod","Colored Map","Colored Powertips","Downfall","Highlight Path","Minty Spire (QoL Compilation)","StSLib"],"gold_per_floor":[99,118,128,139,150,150,227,247,4,31,31,16,116,135,151,253,253,153,166,166,166,6,37,37,37,137,137,137,153,184,198,208,308,308,308,326,80,80,80,106,151,151,162,174,174,174,185,202,216,216],"floor_reached":51,"language":"ENG","playtime":7484,"items_purged":["Guardian:Strike_Guardian","Guardian:Strike_Guardian","Guardian:Strike_Guardian"],"score":819,"play_id":"dbb5ae1f-d3e7-4fdf-b7b7-ee3fc498391e","local_time":"20210223191024","is_ascension_mode":false,"campfire_choices":[{"data":"Guardian:CurlUp","floor":1.0,"key":"SMITH"},{"data":"Guardian:DecasProtection","floor":6.0,"key":"SMITH"},{"data":"Guardian:SentryBeam","floor":11.0,"key":"SMITH"},{"data":"Guardian:ShieldSpikes","floor":18.0,"key":"SMITH"},{"data":"Guardian:EvasiveProtocol","floor":28.0,"key":"SMITH"},{"data":"Guardian:PiercingHide","floor":35,"key":"SMITH"},{"data":"Guardian:PrismaticBarrier","floor":42,"key":"SMITH"},{"data":"Guardian:PiercingHide","floor":46,"key":"SMITH"}],"circlet_count":0,"master_deck":["Guardian:Defend_Guardian","Guardian:Defend_Guardian+1","Guardian:CurlUp+1","Guardian:TwinSlam","Guardian:DecasProtection+1","Guardian:SentryBeam+1","Guardian:ShieldSpikes+1","Guardian:BaubleBeam+1","Guardian:BronzeOrb+1","Guardian:PrismaticBeam+1","Guardian:SentryBeam+1","Guardian:ChargeCore+1","Guardian:CrystalBeam+1","Guardian:EvasiveProtocol+1","Guardian:PiercingHide+1","Guardian:PiercingHide+1","Guardian:SentryBeam+1","Guardian:TemporalShield+1","Guardian:PrismaticBarrier+1","Guardian:Incinerate+1","Guardian:PrimingBeam+1","Guardian:CrystalBeam+1"],"relics":["Guardian:ModeShifter","Molten Egg 2","Toy Ornithopter","Empty Cage","downfall:HeartBlessingGreen","Pear","Pantograph","Guardian:SackOfGems","Meat on the Bone","Eternal Feather","SlaversCollar","War Paint","Bronze Scales"],"acts_visited":["Exordium","TheCity","TheBeyond"],"potions_floor_usage":[40,50,50,50],"damage_taken":[{"damage":1.0,"enemies":"Cultist","floor":2.0,"turns":4.0},{"damage":9.0,"enemies":"2 Louse","floor":3.0,"turns":4.0},{"damage":2.0,"enemies":"Small Slimes","floor":4.0,"turns":5.0},{"damage":9.0,"enemies":"Blue Slaver","floor":5.0,"turns":5.0},{"damage":13.0,"enemies":"Large Slime","floor":8.0,"turns":5.0},{"damage":0.0,"enemies":"downfall:FleeingMerchant","floor":9.0,"turns":4.0},{"damage":13.0,"enemies":"3 Sentries","floor":10.0,"turns":14.0},{"damage":7.0,"enemies":"downfall:FleeingMerchant","floor":12.0,"turns":4.0},{"damage":0.0,"enemies":"Gremlin Gang","floor":14.0,"turns":5.0},{"damage":0.0,"enemies":"2 Fungi Beasts","floor":15.0,"turns":3.0},{"damage":20.0,"enemies":"DF_ARCHETYPE_STREAMLINE","floor":16.0,"turns":12.0},{"damage":12.0,"enemies":"Chosen","floor":19.0,"turns":7.0},{"damage":0.0,"enemies":"downfall:FleeingMerchant","floor":22.0,"turns":4.0},{"damage":0.0,"enemies":"Slavers","floor":23.0,"turns":6.0},{"damage":10.0,"enemies":"Colosseum Nobs","floor":26.0,"turns":6.0},{"damage":0.0,"enemies":"Shell Parasite","floor":29.0,"turns":3.0},{"damage":16.0,"enemies":"Gremlin Leader","floor":30.0,"turns":9.0},{"damage":9.0,"enemies":"Snake Plant","floor":31.0,"turns":3.0},{"damage":0.0,"enemies":"Cultist and Chosen","floor":32.0,"turns":5.0},{"damage":0.0,"enemies":"IC_MUSHROOM_ARCHETYPE","floor":33.0,"turns":7.0},{"damage":4,"enemies":"3 Shapes","floor":36,"turns":5},{"damage":0,"enemies":"downfall:FleeingMerchant","floor":37,"turns":4},{"damage":1,"enemies":"Giant Head","floor":40,"turns":8},{"damage":0,"enemies":"Orb Walker","floor":43,"turns":3},{"damage":0,"enemies":"Maw","floor":44,"turns":7},{"damage":7,"enemies":"Spire Growth","floor":47,"turns":5},{"damage":0,"enemies":"3 Darklings","floor":48,"turns":4},{"damage":0,"enemies":"Transient","floor":49,"turns":5},{"damage":7,"enemies":"SI_POISON_ARCHETYPE","floor":50,"turns":10}],"seed_played":"5715423055957554595","potions_obtained":[{"floor":2.0,"key":"SmokeBomb"},{"floor":8.0,"key":"PowerPotion"},{"floor":14.0,"key":"Energy Potion"},{"floor":15.0,"key":"LiquidBronze"},{"floor":16.0,"key":"DuplicationPotion"},{"floor":31.0,"key":"DuplicationPotion"},{"floor":32.0,"key":"DistilledChaos"},{"floor":33.0,"key":"Strength Potion"},{"floor":40,"key":"Block Potion"},{"floor":43,"key":"Fire Potion"},{"floor":48,"key":"DuplicationPotion"},{"floor":49,"key":"PowerPotion"}],"is_trial":false,"path_per_floor":["R","M","M","M","M","R","T","M","$","E","R","$","?","M","M","B",null,"R","M","?","?","$","E","T","?","?","?","R","M","E","M","M","B",null,"R","M","$","?","?","E","T","R","M","M","?","R","M","M","M","B",null],"character_chosen":"GUARDIAN","items_purchased":["Guardian:BaubleBeam+1","Guardian:Gem_Blue","Guardian:CrystalBeam+1","Guardian:Gem_Blue","Guardian:EvasiveProtocol"],"campfire_rested":0,"item_purchase_floors":[9,9,22,37,37],"current_hp_per_floor":[88,87,78,76,67,67,67,54,54,41,41,34,34,34,34,14,88,88,76,76,76,76,98,98,98,88,88,88,88,72,63,63,93,98,98,94,94,94,94,98,98,98,98,98,98,98,91,91,91,91],"gold":216,"neow_bonus":"TEN_PERCENT_HP_BONUS","is_daily":false,"chose_seed":false,"campfire_upgraded":8,"win_rate":0.0,"timestamp":1614103824,"path_taken":["R","M","M","M","M","R","T","M","$","E","R","?","?","?","M","BOSS","R","M","?","?","$","E","T","?","?","?","R","M","E","M","M","BOSS","R","M","$","?","?","E","T","R","M","?","?","R","M","M","M","BOSS"],"items_purchased_type":["Card","Card","Card","Card","Card"],"build_version":"2020-12-22","purchased_purges":3,"victory":true,"max_hp_per_floor":[88,88,88,88,88,88,88,88,88,88,88,88,88,88,88,88,88,88,88,88,88,88,98,98,98,98,98,98,98,98,98,98,98,98,98,98,98,98,98,98,98,98,98,98,98,98,98,98,98,98],"card_choices":[{"not_picked":["Guardian:RollAttack","Guardian:ChargeCore"],"picked":"Guardian:DecasProtection","floor":2.0},{"not_picked":["Guardian:ChargeCore","Guardian:VentSteam"],"picked":"Guardian:Gem_Cyan","floor":3.0},{"not_picked":["Guardian:SpikerProtocol","Guardian:Recover"],"picked":"Guardian:SentryBeam","floor":4.0},{"not_picked":["Guardian:VentSteam","Guardian:PrismaticBeam"],"picked":"Guardian:Gem_Crimson","floor":5.0},{"not_picked":["Guardian:AncientConstruct","Guardian:Gem_Green"],"picked":"Guardian:ShieldSpikes","floor":8.0},{"not_picked":["Guardian:Gem_Red","Guardian:VentSteam","Guardian:ShieldCharger"],"picked":"SKIP","floor":9.0},{"not_picked":["Guardian:Recover","Guardian:Repulse"],"picked":"Guardian:BronzeOrb+1","floor":10.0},{"not_picked":["Guardian:Gem_Purple","Guardian:Gem_Green"],"picked":"Guardian:PrismaticBeam+1","floor":12.0},{"not_picked":["Guardian:Repulse","Guardian:FastForward"],"picked":"Guardian:Gem_Yellow","floor":14.0},{"not_picked":["Guardian:TimeBomb","Guardian:ChargeCore+1"],"picked":"Guardian:SentryBeam+1","floor":15.0},{"not_picked":["Guardian:ConstructionForm","Guardian:AncientConstruct"],"picked":"Guardian:Gem_Synthetic","floor":16.0},{"not_picked":["Guardian:GuardianWhirl+1","Guardian:TimeBomb"],"picked":"Guardian:ChargeCore+1","floor":19.0},{"not_picked":["Guardian:DonusPower+1","Guardian:RollAttack+1","Guardian:ShieldCharger"],"picked":"SKIP","floor":22.0},{"not_picked":["Guardian:Gem_Purple","Guardian:ChargeCore+1"],"picked":"Guardian:EvasiveProtocol","floor":23.0},{"not_picked":["Guardian:Suspension","Guardian:Gem_Blue","Guardian:PrimingBeam+1"],"picked":"SKIP","floor":29.0},{"not_picked":["Guardian:Gem_Yellow","Guardian:ChargeCore+1"],"picked":"Guardian:PiercingHide","floor":30.0},{"not_picked":["Guardian:RevengeProtocol","Guardian:BodySlam+1"],"picked":"Guardian:Gem_Red","floor":31.0},{"not_picked":["Guardian:Gem_Blue","Guardian:TemporalStrike+1"],"picked":"Guardian:SentryBeam+1","floor":32.0},{"not_picked":["Guardian:Reroute+1","Guardian:ShieldCharger"],"picked":"Guardian:TemporalShield","floor":36},{"not_picked":["Guardian:Planning","Guardian:PrimingBeam+1"],"picked":"Guardian:PrismaticBarrier","floor":37},{"not_picked":["Guardian:Recover+1","Guardian:BronzeOrb+1"],"picked":"Guardian:Incinerate+1","floor":40},{"not_picked":["Guardian:RollAttack+1","Guardian:Harden+1"],"picked":"Guardian:Gem_Yellow","floor":43},{"not_picked":["Guardian:BronzeOrb+1","Guardian:ShieldCharger"],"picked":"Guardian:PrimingBeam+1","floor":44},{"not_picked":["Guardian:Gem_Green","Guardian:GuardianWhirl+1","Guardian:TemporalShield"],"picked":"SKIP","floor":47},{"not_picked":["Guardian:TemporalShield+1","Guardian:WalkerClaw+1"],"picked":"Guardian:CrystalBeam+1","floor":48},{"not_picked":["Guardian:TemporalShield+1","Guardian:VentSteam+1","Guardian:BodySlam+1"],"picked":"SKIP","floor":49}],"player_experience":63345,"relics_obtained":[{"floor":7.0,"key":"Molten Egg 2"},{"floor":10.0,"key":"Toy Ornithopter"},{"floor":23.0,"key":"Pear"},{"floor":24.0,"key":"Pantograph"},{"floor":26.0,"key":"Guardian:SackOfGems"},{"floor":26.0,"key":"Meat on the Bone"},{"floor":30.0,"key":"Eternal Feather"},{"floor":40,"key":"War Paint"},{"floor":41,"key":"Bronze Scales"}],"event_choices":[{"damage_healed":0.0,"max_hp_gain":0.0,"max_hp_loss":0.0,"gold_gain":0.0,"event_name":"Ghosts","player_choice":"Ignored","floor":21.0,"gold_loss":0.0,"damage_taken":0.0},{"damage_healed":0.0,"max_hp_gain":0.0,"max_hp_loss":0.0,"gold_gain":0.0,"event_name":"The Library","player_choice":"Read","floor":27.0,"gold_loss":0.0,"damage_taken":0.0,"cards_obtained":["Guardian:PiercingHide"]},{"cards_removed":["Guardian:EvasiveProtocol"],"damage_healed":0,"gold_gain":0,"player_choice":"Removed Power","damage_taken":0,"max_hp_gain":0,"max_hp_loss":0,"event_name":"Falling","floor":38,"gold_loss":0},{"damage_healed":0,"gold_gain":0,"player_choice":"Ignored","damage_taken":0,"max_hp_gain":0,"max_hp_loss":0,"event_name":"Mysterious Sphere","floor":45,"gold_loss":0}],"is_beta":false,"boss_relics":[{"not_picked":["Cursed Key","Runic Pyramid"],"picked":"Empty Cage"},{"not_picked":["SacredBark","Calling Bell"],"picked":"SlaversCollar"}],"items_purged_floors":[9,22,37],"is_endless":false,"potions_floor_spawned":[2,8,14,15,16,31,32,33,40,43,48,49],"ascension_level":0}}