{"host":"og21o26alpnbwmz8","time":1614101475,"event":{"mods":["2.2 Compatiblity","Act Like it!","Aspiration","BaseMod","Conspire","Downfall","Gensokyo","Halation","Hermit","Hubris","Jedi Mod","Mimic Mod","Minty Spire (QoL Compilation)","Pale of the Ancients","Reliquary","Replay The Spire","Shop Mod","Spikes Relics","StSLib","The Alterego","The Animator","The Blue Laboratory","The Bug Knight","Waifu the Spire","Yuri Mod"],"gold_per_floor":[117,131,131,131,385,385,406,406,406,388,388,423,153,153,153,292,292,291,346,445,445,462,462,490,490,490,510,549,549,608,626,626,754,754,787,244,262,262,297,297,297,297],"floor_reached":41,"language":"ENG","playtime":2129,"items_purged":["animator:Strike","animator:Strike+1"],"score":502,"play_id":"73b38641-e5d9-40e9-8659-47d7aa2eb0a7","local_time":"20210223123115","is_ascension_mode":false,"campfire_choices":[{"data":"animator:DwarfShaman","floor":6,"key":"SMITH"},{"data":"animator:Witch","floor":11,"key":"SMITH"},{"data":"animator:GoblinSlayer","floor":15,"key":"SMITH"},{"data":"animator:Strike_GoblinSlayer","floor":23,"key":"SMITH"},{"floor":32,"key":"RECALL"},{"data":"animator:DwarfShaman","floor":40,"key":"SMITH"}],"circlet_count":0,"master_deck":["animator:Strike_GoblinSlayer+1","animator:Defend_GoblinSlayer+1","animator:Defend+1","animator:Defend+1","animator:Defend+1","animator:LizardPriest+1","animator:DwarfShaman+1","animator:GuildGirl+1","animator:Witch+1","animator:GoblinSlayer+1","animator:Priestess","animator:Spearman","animator:SwordMaiden","animator:Priestess","animator:SwordMaiden","animator:CowGirl+1"],"relics":["animator:LivingPicture","animator:TheMissingPiece","Golden Idol","reliquary:PartyBalloon","reliquary:RoseTintedGlasses","conspire:SeveredTorchhead","Red Mask","hubris:Icosahedron","HollowMod:QueensCombRelic","aspiration:HiddenCompartment","animator:ShionDessert","halation:SmartPhone","MiniBlackHole","RollingBoulder","Toolbox"],"acts_visited":["Exordium","TheCity","TheBeyond"],"potions_floor_usage":[18,19],"damage_taken":[{"damage":0,"enemies":"2 Louse","floor":1,"turns":3},{"damage":0,"enemies":"Small Slimes","floor":2,"turns":5},{"damage":0,"enemies":"Cultist","floor":7,"turns":4},{"damage":0,"enemies":"Looter","floor":10,"turns":4},{"damage":12,"enemies":"Lagavulin","floor":12,"turns":10},{"damage":18,"enemies":"Slime Boss","floor":16,"turns":9},{"damage":0,"enemies":"2 Thieves","floor":18,"turns":4},{"damage":13,"enemies":"Masked Bandits","floor":19,"turns":5},{"damage":6,"enemies":"Chosen","floor":22,"turns":5},{"damage":6,"enemies":"Shelled Parasite and Fungi","floor":24,"turns":7},{"damage":4,"enemies":"Snecko","floor":27,"turns":5},{"damage":0,"enemies":"Replay:Snechameleon","floor":28,"turns":4},{"damage":0,"enemies":"Book of Stabbing","floor":30,"turns":5},{"damage":0,"enemies":"Snake Plant","floor":31,"turns":3},{"damage":11,"enemies":"Champ","floor":33,"turns":10},{"damage":0,"enemies":"3 Shapes","floor":35,"turns":4},{"damage":0,"enemies":"Orb Walker","floor":37,"turns":4},{"damage":0,"enemies":"3 Darklings","floor":39,"turns":5},{"damage":0,"enemies":"Giant Head","floor":41,"turns":3}],"seed_played":"6605838456447016980","potions_obtained":[{"floor":2,"key":"SkillPotion"},{"floor":18,"key":"blueLaboratory:FruitPunch"},{"floor":22,"key":"blueLaboratory:NullPotion"},{"floor":24,"key":"Energy Potion"}],"is_trial":false,"path_per_floor":["M","M","?","?","?","R","M","?","T","M","R","E","$","?","R","B",null,"M","?","?","?","M","R","M","?","T","M","E","?","E","M","R","B",null,"M","$","M","?","M","R","E"],"character_chosen":"THE_ANIMATOR","items_purchased":["reliquary:RoseTintedGlasses","blueLaboratory:FruitPunch","MiniBlackHole","RollingBoulder","Toolbox"],"campfire_rested":0,"item_purchase_floors":[13,13,36,36,36],"current_hp_per_floor":[66,66,66,61,61,61,61,61,61,61,61,50,50,50,50,32,62,64,53,53,53,47,47,42,42,42,40,44,44,44,44,44,33,44,40,40,44,44,46,46,46,46],"gold":297,"neow_bonus":"REMOVE_CARD","is_daily":false,"chose_seed":false,"campfire_upgraded":5,"win_rate":0.0,"timestamp":1614101475,"path_taken":["M","M","?","?","?","R","?","?","T","M","R","E","$","?","R","BOSS","M","?","?","?","M","R","?","?","T","M","E","?","E","M","R","BOSS","M","$","M","?","?","R","E"],"items_purchased_type":["Relic","Potion","Relic","Relic","Relic"],"build_version":"2020-12-22","purchased_purges":2,"victory":false,"max_hp_per_floor":[66,66,66,61,61,61,61,61,61,61,61,62,62,62,62,62,62,64,66,66,66,66,66,67,67,44,44,44,44,44,44,44,44,44,44,44,44,44,46,46,46,46],"card_choices":[{"not_picked":["animator:Jibril","animator:HiiragiShinya","animator:Shigure"],"picked":"SKIP","floor":1},{"not_picked":["animator:MumenRider","animator:LeleiLaLalena","animator:SuzuneAmano"],"picked":"SKIP","floor":2},{"not_picked":["animator:YachiyoNanami","animator:Lancer"],"picked":"animator:DwarfShaman","floor":5},{"not_picked":["animator:Mitsuba","animator:SuzuneAmano","animator:MamiTomoe"],"picked":"SKIP","floor":7},{"not_picked":["animator:DwarfShaman","animator:LizardPriest"],"picked":"animator:Witch","floor":10},{"not_picked":["animator:HighElfArcher","animator:CowGirl"],"picked":"animator:GoblinSlayer","floor":12},{"not_picked":["animator:DolaSchwi+1","animator:Rider+1","animator:Jibril"],"picked":"SKIP","floor":18},{"not_picked":["animator:TukaLunaMarceau","animator:LeleiLaLalena"],"picked":"animator:Priestess","floor":19},{"not_picked":["animator:KyokoSakura","animator:Assassin","animator:DolaRiku"],"picked":"SKIP","floor":22},{"not_picked":["animator:DwarfShaman","animator:LizardPriest"],"picked":"animator:Spearman","floor":24},{"not_picked":["animator:DolaRiku","animator:DolaCouronne","animator:Witch"],"picked":"SKIP","floor":27},{"not_picked":["animator:Saber","animator:Berserker","animator:Lancer"],"picked":"SKIP","floor":28},{"not_picked":["animator:MetalKnight+1","animator:Mitsuba"],"picked":"animator:SwordMaiden","floor":30},{"not_picked":["animator:LizardPriest","animator:GuildGirl"],"picked":"animator:Priestess","floor":31},{"not_picked":["animator:Sora","animator:MadokaKaname"],"picked":"animator:SwordMaiden","floor":33},{"not_picked":["animator:Berserker+1","animator:YuiTsuruno+1","animator:ShinjiMatou+1"],"picked":"SKIP","floor":35},{"not_picked":["animator:MamiTomoe+1","animator:TukaLunaMarceau","animator:GuildGirl+1"],"picked":"SKIP","floor":37},{"not_picked":["animator:MumenRider+1","animator:YachiyoNanami"],"picked":"animator:CowGirl+1","floor":39}],"player_experience":421123,"relics_obtained":[{"floor":9,"key":"reliquary:PartyBalloon"},{"floor":12,"key":"Blue Doll"},{"floor":19,"key":"Red Mask"},{"floor":26,"key":"HollowMod:QueensCombRelic"},{"floor":28,"key":"aspiration:HiddenCompartment"},{"floor":30,"key":"animator:ShionDessert"}],"event_choices":[{"damage_healed":0,"gold_gain":0,"player_choice":"Lose Max HP","damage_taken":0,"relics_obtained":["Golden Idol"],"max_hp_gain":0,"max_hp_loss":5,"event_name":"Golden Idol","floor":4,"gold_loss":0},{"damage_healed":0,"gold_gain":0,"player_choice":"Fought Bandits","damage_taken":0,"max_hp_gain":0,"max_hp_loss":0,"event_name":"Masked Bandits","floor":19,"gold_loss":0},{"damage_healed":0,"gold_gain":99,"player_choice":"Stole From Cult","damage_taken":0,"max_hp_gain":0,"max_hp_loss":0,"event_name":"Nest","floor":20,"gold_loss":0},{"damage_healed":0,"gold_gain":0,"player_choice":"Simplicity","damage_taken":0,"max_hp_gain":0,"max_hp_loss":0,"event_name":"Back to Basics","floor":29,"gold_loss":0,"cards_upgraded":["animator:Strike"]},{"damage_healed":0,"gold_gain":0,"player_choice":"Bought 0 Potions","damage_taken":0,"max_hp_gain":0,"max_hp_loss":0,"event_name":"The Woman in Blue","floor":38,"gold_loss":0}],"is_beta":false,"boss_relics":[{"not_picked":["halation:PinkAlligatorPlush","aspiration:SecretTechniqueScroll"],"picked":"conspire:SeveredTorchhead"},{"not_picked":["aspiration:RunicSpoon","ReplayTheSpireMod:DimensionalGlitch"],"picked":"halation:SmartPhone"}],"items_purged_floors":[13,36],"is_endless":false,"potions_floor_spawned":[2,16,18,22,24,27],"killed_by":"Giant Head","ascension_level":0}}