{"host":"yq9izw6r1wt570l5","time":1614051623,"event":{"mods":["AchievementEnabler","BaseMod","BetterRewards","Colored Powertips","Downfall","Hermit","Infinite Spire","Jorbs\u0027s Wanderer Trilogy","Minty Spire (QoL Compilation)","Replay The Spire","StSLib","The Bladedancer","The Cursed","The Runesmith"],"gold_per_floor":[110,28,43,54,54,54,65,96,123,123,185,185,185,218,218,218,218],"floor_reached":16,"language":"ENG","playtime":802,"items_purged":[],"score":166,"play_id":"218def78-5928-4dd7-adaf-9e9bf1c1a714","local_time":"20210223004023","is_ascension_mode":true,"campfire_choices":[{"data":"Infinite Blades","floor":6,"key":"SMITH"},{"data":"Survivor","floor":13,"key":"SMITH"},{"floor":15,"key":"REST"}],"circlet_count":0,"master_deck":["Strike_G","Strike_G","Strike_G","Strike_G","Strike_G","Defend_G","Defend_G","Defend_G","Defend_G","Defend_G","Survivor+1","Neutralize+1","ReplayTheSpireMod:Scrap Shanks","Infinite Blades+1","Underhanded Strike+1","Pot Of Greed","Pot Of Greed","A Thousand Cuts"],"relics":["Ring of the Snake","Centennial Puzzle","Quantum Egg","Replay:Wax Seal","Grinning Jar"],"acts_visited":["Exordium"],"potions_floor_usage":[14,16],"damage_taken":[{"damage":4,"enemies":"Cultist","floor":1,"turns":5},{"damage":3,"enemies":"Jaw Worm","floor":3,"turns":4},{"damage":7,"enemies":"2 Louse","floor":4,"turns":3},{"damage":7,"enemies":"2 Fungi Beasts","floor":7,"turns":4},{"damage":24,"enemies":"Replay:BlueRogue","floor":8,"turns":10},{"damage":14,"enemies":"Lagavulin","floor":14,"turns":7},{"damage":28,"enemies":"Hexaghost","floor":16,"turns":7}],"seed_played":"7400326638091284265","potions_obtained":[{"floor":4,"key":"LiquidMemories"},{"floor":14,"key":"Slimebound:ThreeZeroPotion"}],"is_trial":false,"path_per_floor":["M","$","M","M","$","R","M","E","T","?","?","?","R","E","R","B"],"character_chosen":"THE_SILENT","items_purchased":["Infinite Blades"],"campfire_rested":1,"item_purchase_floors":[2],"current_hp_per_floor":[59,59,56,49,49,49,42,18,18,18,18,18,18,4,25,0,0],"gold":218,"neow_bonus":"","is_daily":false,"chose_seed":false,"campfire_upgraded":2,"win_rate":0.0,"timestamp":1614051623,"path_taken":["M","$","?","M","?","R","?","E","T","?","?","?","R","E","R","BOSS"],"items_purchased_type":["Card"],"build_version":"2020-12-22","purchased_purges":0,"victory":false,"max_hp_per_floor":[70,70,70,70,70,70,70,70,70,70,70,70,70,70,70,70,70],"card_choices":[{"not_picked":["Quick Slash","Expertise","Backflip"],"picked":"SKIP","floor":1},{"not_picked":["Underhanded Strike","Blur","Dagger Spray"],"picked":"SKIP","floor":3},{"not_picked":["Dagger Throw","PiercingWail","Dagger Spray"],"picked":"SKIP","floor":4},{"not_picked":["Deadly Poison","Cloak And Dagger","Calculated Gamble"],"picked":"SKIP","floor":7},{"not_picked":["Cloak And Dagger","ReplayTheSpireMod:Exploit Weakness"],"picked":"Underhanded Strike","floor":8},{"not_picked":["Backflip","Predator"],"picked":"A Thousand Cuts","floor":14}],"player_experience":91622,"relics_obtained":[{"floor":8,"key":"Quantum Egg"},{"floor":9,"key":"Replay:Wax Seal"},{"floor":14,"key":"Grinning Jar"}],"event_choices":[{"damage_healed":0,"gold_gain":62,"player_choice":"Gained Gold","damage_taken":0,"max_hp_gain":0,"max_hp_loss":0,"event_name":"Golden Wing","floor":11,"gold_loss":0}],"is_beta":false,"boss_relics":[],"items_purged_floors":[],"is_endless":false,"potions_floor_spawned":[4,14],"killed_by":"Hexaghost","ascension_level":1}}