{"host":"7tu5soimuip3tfkb","time":1614112808,"event":{"mods":["BaseMod","Minty Spire (QoL Compilation)"],"gold_per_floor":[109,284,384,396,413,447,447,474,541,553,577,589,601,24,24,129,129,146,162,261,277,14,14,14],"floor_reached":23,"language":"ENG","playtime":794,"items_purged":["Doubt"],"score":269,"play_id":"b47dab33-dcbc-4f22-be72-41b9fca9fa96","local_time":"20210223174008","is_ascension_mode":true,"campfire_choices":[{"floor":7,"key":"REST"},{"floor":10,"key":"REST"},{"data":"Carnage","floor":12,"key":"SMITH"},{"data":"Berserk","floor":15,"key":"SMITH"}],"circlet_count":0,"master_deck":["Strike_R","Strike_R","Defend_R","Defend_R","Defend_R","Defend_R","Bash","Carnage+1","Berserk+1","Spot Weakness","Shrug It Off","True Grit","Cleave","Pommel Strike","Headbutt","Evolve","Sword Boomerang","Barricade","Clothesline","Second Wind+1","Anger+1","Apotheosis","Entrench"],"relics":["Burning Blood","Ornamental Fan","MawBank","Oddly Smooth Stone","ClockworkSouvenir","Happy Flower","Sozu"],"acts_visited":["Exordium","TheCity"],"potions_floor_usage":[8,8,11,23,23],"damage_taken":[{"damage":28,"enemies":"Jaw Worm","floor":1,"turns":6},{"damage":6,"enemies":"Cultist","floor":4,"turns":3},{"damage":2,"enemies":"2 Louse","floor":5,"turns":4},{"damage":32,"enemies":"Gremlin Nob","floor":6,"turns":4},{"damage":23,"enemies":"Lagavulin","floor":8,"turns":6},{"damage":0,"enemies":"Gremlin Gang","floor":11,"turns":5},{"damage":15,"enemies":"The Guardian","floor":16,"turns":11},{"damage":13,"enemies":"Spheric Guardian","floor":18,"turns":4},{"damage":3,"enemies":"Chosen","floor":19,"turns":5},{"damage":33,"enemies":"Snake Plant","floor":21,"turns":6},{"damage":38,"enemies":"Slavers","floor":23,"turns":4}],"seed_played":"1012561171498179746","potions_obtained":[{"floor":1,"key":"SkillPotion"},{"floor":6,"key":"Explosive Potion"},{"floor":8,"key":"SkillPotion"},{"floor":16,"key":"Fire Potion"}],"is_trial":false,"path_per_floor":["M","?","?","M","M","E","R","E","T","R","M","R","?","$","R","B",null,"M","M","?","M","$","E"],"character_chosen":"IRONCLAD","items_purchased":["ClockworkSouvenir","Happy Flower","Evolve","SkillPotion","LiquidMemories","Sword Boomerang","Apotheosis","Entrench"],"campfire_rested":2,"item_purchase_floors":[14,14,14,14,14,14,22,22],"current_hp_per_floor":[29,29,29,29,33,7,31,14,14,38,44,44,44,44,44,35,69,62,65,65,38,38,0,0],"gold":14,"neow_bonus":"TRANSFORM_TWO_CARDS","is_daily":false,"chose_seed":false,"campfire_upgraded":2,"win_rate":0.0,"timestamp":1614112808,"path_taken":["M","?","?","M","M","E","R","E","T","R","?","R","?","$","R","BOSS","M","?","?","M","?","E"],"items_purchased_type":["Relic","Relic","Card","Potion","Potion","Card","Card","Card"],"build_version":"2020-12-22","purchased_purges":1,"victory":false,"max_hp_per_floor":[80,80,80,80,80,80,80,80,80,80,80,80,80,80,80,80,80,80,80,80,80,80,80,80],"card_choices":[{"not_picked":["Havoc","Battle Trance"],"picked":"Spot Weakness","floor":1},{"not_picked":["Dropkick","Anger"],"picked":"Shrug It Off","floor":4},{"not_picked":["Thunderclap","Searing Blow"],"picked":"True Grit","floor":5},{"not_picked":["Anger","Twin Strike"],"picked":"Cleave","floor":6},{"not_picked":["Reckless Charge","Second Wind"],"picked":"Pommel Strike","floor":8},{"not_picked":["Perfected Strike","Havoc","Berserk"],"picked":"SKIP","floor":11},{"not_picked":["Demon Form","Double Tap"],"picked":"Barricade","floor":16},{"not_picked":["Headbutt","Twin Strike"],"picked":"Clothesline","floor":18},{"not_picked":["Warcry","Sword Boomerang"],"picked":"Second Wind+1","floor":19},{"not_picked":["Heavy Blade+1","Reckless Charge"],"picked":"Anger+1","floor":21}],"player_experience":99199,"relics_obtained":[{"floor":6,"key":"Ornamental Fan"},{"floor":8,"key":"MawBank"},{"floor":9,"key":"Oddly Smooth Stone"}],"event_choices":[{"damage_healed":0,"gold_gain":175,"player_choice":"AGREE","damage_taken":0,"max_hp_gain":0,"max_hp_loss":0,"event_name":"Liars Game","floor":2,"gold_loss":0,"cards_obtained":["Doubt"]},{"damage_healed":0,"gold_gain":100,"player_choice":"Pray","damage_taken":0,"max_hp_gain":0,"max_hp_loss":0,"event_name":"Golden Shrine","floor":3,"gold_loss":0},{"damage_healed":0,"gold_gain":0,"cards_transformed":["Strike_R"],"player_choice":"Transformed","damage_taken":0,"max_hp_gain":0,"max_hp_loss":0,"event_name":"Transmorgrifier","floor":13,"gold_loss":0,"cards_obtained":["Headbutt"]},{"damage_healed":0,"gold_gain":99,"player_choice":"Stole From Cult","damage_taken":0,"max_hp_gain":0,"max_hp_loss":0,"event_name":"Nest","floor":20,"gold_loss":0}],"is_beta":false,"boss_relics":[{"not_picked":["SacredBark","Pandora\u0027s Box"],"picked":"Sozu"}],"items_purged_floors":[14],"is_endless":false,"potions_floor_spawned":[1,6,8,16,19],"killed_by":"Slavers","ascension_level":7}}