{"host":"puhn14s7bdwcyqz6","time":1614121098,"event":{"mods":["BaseMod","CapriCore","Koishi","Marisa（霧雨　魔理沙）","Minty Spire (QoL Compilation)","Reimu（博丽灵梦）","Remilia（蕾米莉亚）","StSLib","The Administrix","The Immortal","The Senshi","The Servant 0.9.4"],"gold_per_floor":[115,128,128,143,44,78,7,42,42,42,56,56,67,86,86,190,190,201,219,219,219,219],"floor_reached":20,"language":"ENG","playtime":5346,"items_purged":[],"score":186,"play_id":"7ede200f-a176-4e93-9a0a-ca7f7e422c66","local_time":"20210223175818","is_ascension_mode":false,"campfire_choices":[{"floor":10.0,"key":"REST"},{"floor":12.0,"key":"REST"},{"floor":15.0,"key":"REST"}],"circlet_count":0,"master_deck":["MokouMod:Strike","MokouMod:Strike","MokouMod:Strike","MokouMod:Strike","MokouMod:Defend","MokouMod:Defend","MokouMod:Defend","MokouMod:Defend","MokouMod:HeatSpark","MokouMod:IndiscriminateIgnition","MokouMod:Refresh","MokouMod:InfernalWave","MokouMod:RisingSunBarrier","MokouMod:Sear","MokouMod:Overheat","MokouMod:ResonanceReactor","MokouMod:Fireball","MokouMod:IgneousBlow","MokouMod:ExplosiveFlame","MokouMod:GuidingSmoke","MokouMod:Rebirth","MokouMod:HeatFactory","MokouMod:FlickeringFlame+1"],"relics":["MokouMod:PhoenixFeather","Darkstone Periapt","Incense Burner","Ice Cream","SlaversCollar"],"acts_visited":["Exordium","TheCity"],"potions_floor_usage":[],"damage_taken":[{"damage":10.0,"enemies":"2 Louse","floor":1.0,"turns":3.0},{"damage":6.0,"enemies":"Cultist","floor":2.0,"turns":3.0},{"damage":13.0,"enemies":"Jaw Worm","floor":4.0,"turns":3.0},{"damage":27.0,"enemies":"Gremlin Nob","floor":6.0,"turns":4.0},{"damage":30.0,"enemies":"Lagavulin","floor":8.0,"turns":6.0},{"damage":18.0,"enemies":"Blue Slaver","floor":11.0,"turns":4.0},{"damage":10.0,"enemies":"Looter","floor":13.0,"turns":2.0},{"damage":13.0,"enemies":"Lots of Slimes","floor":14.0,"turns":2.0},{"damage":67.0,"enemies":"Hexaghost","floor":16.0,"turns":10.0},{"damage":34.0,"enemies":"Spheric Guardian","floor":18.0,"turns":7.0},{"damage":48.0,"enemies":"2 Thieves","floor":19.0,"turns":5.0},{"damage":31,"enemies":"Snake Plant","floor":20,"turns":3}],"seed_played":"-2837464796090482659","potions_obtained":[{"floor":1.0,"key":"AttackPotion"},{"floor":2.0,"key":"SkillPotion"},{"floor":8.0,"key":"LiquidMemories"},{"floor":11.0,"key":"Fruit Juice"},{"floor":18.0,"key":"Swift Potion"}],"is_trial":false,"path_per_floor":["M","M","?","M","$","E","$","E","T","R","M","R","M","M","R","B",null,"M","M","M"],"character_chosen":"MKU","items_purchased":["MokouMod:RisingSunBarrier","MokouMod:Sear","MokouMod:ResonanceReactor"],"campfire_rested":3,"item_purchase_floors":[5,5,7],"current_hp_per_floor":[72,66,66,53,53,26,26,20,20,44,31,57,47,34,60,17,87,53,5,0,0,0],"gold":219,"neow_bonus":"TEN_PERCENT_HP_BONUS","is_daily":false,"chose_seed":false,"campfire_upgraded":0,"win_rate":0.0,"timestamp":1614121098,"path_taken":["M","M","?","M","$","E","?","E","T","R","M","R","M","M","R","BOSS","M","M","M"],"items_purchased_type":["Card","Card","Card"],"build_version":"2020-12-22","purchased_purges":0,"victory":false,"max_hp_per_floor":[82,82,82,82,82,82,82,82,82,82,87,87,87,87,87,87,87,87,87,87,87,87],"card_choices":[{"not_picked":["MokouMod:CrimsonArmoury","MokouMod:HeatTransfer"],"picked":"MokouMod:IndiscriminateIgnition","floor":1.0},{"not_picked":["MokouMod:Singe","MokouMod:CrimsonFlare"],"picked":"MokouMod:Refresh","floor":2.0},{"not_picked":["MokouMod:EternalBurstReactor","MokouMod:BurningDraft"],"picked":"MokouMod:InfernalWave","floor":4.0},{"not_picked":["MokouMod:Singe","MokouMod:InfernalWave"],"picked":"MokouMod:Overheat","floor":6.0},{"not_picked":["MokouMod:FlareStarter","MokouMod:ScorchingColumn"],"picked":"MokouMod:Fireball","floor":8.0},{"not_picked":["MokouMod:Burn","MokouMod:InfernalWave"],"picked":"MokouMod:IgneousBlow","floor":11.0},{"not_picked":["MokouMod:IgneousBlow","MokouMod:AdaptivePyromancy"],"picked":"MokouMod:ExplosiveFlame","floor":13.0},{"not_picked":["MokouMod:ShiftIgnition","MokouMod:Firecracker"],"picked":"MokouMod:GuidingSmoke","floor":14.0},{"not_picked":["MokouMod:SacredFire","MokouMod:RadiantBlade"],"picked":"MokouMod:Rebirth","floor":16.0},{"not_picked":["MokouMod:EternalBurstReactor","MokouMod:Combust"],"picked":"MokouMod:HeatFactory","floor":18.0},{"not_picked":["MokouMod:SearingShot","MokouMod:Stoke"],"picked":"MokouMod:FlickeringFlame+1","floor":19}],"player_experience":60203,"relics_obtained":[{"floor":6.0,"key":"Darkstone Periapt"},{"floor":8.0,"key":"Incense Burner"},{"floor":9.0,"key":"Ice Cream"}],"event_choices":[{"cards_removed":["MokouMod:Strike"],"damage_healed":0.0,"max_hp_gain":0.0,"max_hp_loss":0.0,"gold_gain":0.0,"event_name":"Bonfire Elementals","player_choice":"Offered Basic","floor":3.0,"gold_loss":0.0,"damage_taken":0.0}],"is_beta":false,"boss_relics":[{"not_picked":["Coffee Dripper","Runic Pyramid"],"picked":"SlaversCollar"}],"items_purged_floors":[],"is_endless":false,"potions_floor_spawned":[1,2,8,11,18],"killed_by":"Snake Plant","ascension_level":0}}