{"host":"6406jj8da6015sxr","time":1614101222,"event":{"mods":["AchievementEnabler","BaseMod","Colored Map","DeckTracker","Keyboard Shortcuts","Minty Spire (QoL Compilation)","Permanent Neow","Relic Stats","SuperFastMode","everything is the same but u backflip on backflip"],"gold_per_floor":[211,227,227,242,74,74,104,104,104,104,145,166,189,223,223,314,314,337,337,350,7,7,7,41,59,59,95,0,0,0],"floor_reached":29,"language":"KOR","playtime":1018,"items_purged":["Strike_G"],"score":758,"play_id":"7f46fbf9-5836-4584-a4f3-82d8a3bcc50b","local_time":"20210224022702","is_ascension_mode":true,"campfire_choices":[{"data":"Bouncing Flask","floor":6.0,"key":"SMITH"},{"floor":10.0,"key":"REST"},{"floor":15.0,"key":"REST"},{"floor":23.0,"key":"REST"}],"circlet_count":0,"master_deck":["AscendersBane","Strike_G","Strike_G","Defend_G","Defend_G","Defend_G","Defend_G","Defend_G","Survivor","Neutralize","Infinite Blades","Flying Knee","Accuracy","Burst","Bouncing Flask+1","Endless Agony","A Thousand Cuts","Blade Dance","Tactician","Phantasmal Killer","Cloak And Dagger","Acrobatics","Backstab","Dagger Spray","Apotheosis","Cloak And Dagger","Accuracy","PiercingWail","Cloak And Dagger","Deflect+1"],"relics":["Ring of the Snake","Gremlin Horn","Shuriken","Golden Idol","Juzu Bracelet","Centennial Puzzle","Omamori","Tiny Chest","SlaversCollar","Membership Card","Art of War","Matryoshka","Oddly Smooth Stone"],"acts_visited":["Exordium","TheCity"],"potions_floor_usage":[],"damage_taken":[{"damage":2.0,"enemies":"Cultist","floor":1.0,"turns":6.0},{"damage":1.0,"enemies":"Small Slimes","floor":2.0,"turns":3.0},{"damage":11.0,"enemies":"Jaw Worm","floor":4.0,"turns":5.0},{"damage":31.0,"enemies":"Gremlin Nob","floor":7.0,"turns":4.0},{"damage":15.0,"enemies":"3 Sentries","floor":11.0,"turns":7.0},{"damage":12.0,"enemies":"3 Louse","floor":12.0,"turns":4.0},{"damage":0.0,"enemies":"Gremlin Nob","floor":14.0,"turns":2.0},{"damage":0.0,"enemies":"Slime Boss","floor":16.0,"turns":6.0},{"damage":30.0,"enemies":"Spheric Guardian","floor":18.0,"turns":5.0},{"damage":11.0,"enemies":"3 Byrds","floor":20.0,"turns":7.0},{"damage":0.0,"enemies":"Gremlin Leader","floor":24.0,"turns":3.0},{"damage":0.0,"enemies":"Cultist and Chosen","floor":25.0,"turns":5.0},{"damage":29.0,"enemies":"Slavers","floor":27.0,"turns":4.0},{"damage":0,"enemies":"Centurion and Healer","floor":29,"turns":1}],"seed_played":"-7160302332085862301","potions_obtained":[{"floor":1.0,"key":"Regen Potion"},{"floor":4.0,"key":"Explosive Potion"},{"floor":11.0,"key":"ColorlessPotion"},{"floor":12.0,"key":"CunningPotion"},{"floor":14.0,"key":"Strength Potion"},{"floor":16.0,"key":"EssenceOfSteel"},{"floor":18.0,"key":"Swift Potion"},{"floor":25.0,"key":"Poison Potion"}],"is_trial":false,"path_per_floor":["M","M","?","M","$","R","E","?","T","R","E","M","T","E","R","B",null,"M","?","M","$","?","R","E","M","T","E","?","M"],"character_chosen":"THE_SILENT","items_purchased":["Burst","Bouncing Flask","Membership Card","Apotheosis","Cloak And Dagger","Accuracy"],"campfire_rested":3,"item_purchase_floors":[5,5,21,21,21,21],"current_hp_per_floor":[57,56,51,40,40,40,23,23,23,41,26,14,14,14,32,32,53,23,23,12,12,12,30,30,30,30,1,1,1,1],"gold":0,"neow_bonus":"HUNDRED_GOLD","is_daily":false,"chose_seed":false,"campfire_upgraded":1,"win_rate":0.0,"timestamp":1614101222,"path_taken":["M","M","?","M","$","R","E","?","T","R","E","M","?","E","R","BOSS","M","?","M","$","?","R","E","M","T","E","?","M"],"items_purchased_type":["Card","Card","Relic","Card","Card","Card"],"build_version":"2020-12-22","purchased_purges":1,"victory":false,"max_hp_per_floor":[66,66,66,66,66,66,66,60,60,60,60,60,60,60,60,60,60,60,60,60,60,60,60,60,60,60,60,60,60,60],"relic_stats":{"Centennial Puzzle":[12],"Gremlin Horn":[15,15],"counters":[14,62],"Shuriken":[27],"Golden Idol":63,"Tiny Chest":0,"Juzu Bracelet":1,"Art of War":[2],"obtain_stats":[{"Gremlin Horn":3,"Golden Idol":8,"Oddly Smooth Stone":27,"Juzu Bracelet":9,"Omamori":13,"SlaversCollar":17,"Centennial Puzzle":11,"Matryoshka":26,"Shuriken":7,"Tiny Chest":14,"Art of War":24,"Membership Card":21,"Ring of the Snake":0},{"Gremlin Horn":2,"Golden Idol":4,"Oddly Smooth Stone":13,"Juzu Bracelet":4,"Omamori":6,"SlaversCollar":8,"Centennial Puzzle":5,"Matryoshka":12,"Shuriken":4,"Tiny Chest":7,"Art of War":11,"Membership Card":10,"Ring of the Snake":0},{"Gremlin Horn":9,"Golden Idol":18,"Oddly Smooth Stone":61,"Juzu Bracelet":18,"Omamori":29,"SlaversCollar":37,"Centennial Puzzle":25,"Matryoshka":57,"Shuriken":18,"Tiny Chest":31,"Art of War":52,"Membership Card":49,"Ring of the Snake":0}],"Ring of the Snake":[29]},"card_choices":[{"not_picked":["Accuracy","Terror"],"picked":"Infinite Blades","floor":1.0},{"not_picked":["Slice","Underhanded Strike"],"picked":"Flying Knee","floor":2.0},{"not_picked":["PiercingWail","Well Laid Plans"],"picked":"Accuracy","floor":4.0},{"not_picked":["Dodge and Roll","Flechettes"],"picked":"Endless Agony","floor":7.0},{"not_picked":["Burst","PiercingWail"],"picked":"A Thousand Cuts","floor":11.0},{"not_picked":["Infinite Blades","Slice"],"picked":"Blade Dance","floor":12.0},{"not_picked":["Dagger Throw","Underhanded Strike"],"picked":"Tactician","floor":14.0},{"not_picked":["Envenom","Venomology"],"picked":"Phantasmal Killer","floor":16.0},{"not_picked":["Dagger Spray","Quick Slash"],"picked":"Cloak And Dagger","floor":18.0},{"not_picked":["Prepared","Bane"],"picked":"Dagger Spray","floor":20.0},{"not_picked":["Phantasmal Killer","Poisoned Stab"],"picked":"PiercingWail","floor":24.0},{"not_picked":["Backflip","Endless Agony+1"],"picked":"Cloak And Dagger","floor":25.0},{"not_picked":["Masterful Stab","Leg Sweep"],"picked":"Deflect+1","floor":27.0}],"player_experience":92162,"relics_obtained":[{"floor":7.0,"key":"Shuriken"},{"floor":9.0,"key":"Juzu Bracelet"},{"floor":11.0,"key":"Centennial Puzzle"},{"floor":13.0,"key":"Omamori"},{"floor":14.0,"key":"Tiny Chest"},{"floor":24.0,"key":"Art of War"},{"floor":26.0,"key":"Matryoshka"},{"floor":27.0,"key":"Oddly Smooth Stone"}],"event_choices":[{"damage_healed":0.0,"max_hp_gain":0.0,"max_hp_loss":0.0,"gold_gain":0.0,"event_name":"Scrap Ooze","player_choice":"Success","floor":3.0,"gold_loss":0.0,"damage_taken":5.0,"relics_obtained":["Gremlin Horn"]},{"damage_healed":0.0,"max_hp_gain":0.0,"max_hp_loss":6.0,"gold_gain":0.0,"event_name":"Golden Idol","player_choice":"Lose Max HP","floor":8.0,"gold_loss":0.0,"damage_taken":0.0,"relics_obtained":["Golden Idol"]},{"damage_healed":0.0,"max_hp_gain":0.0,"max_hp_loss":0.0,"gold_gain":0.0,"cards_transformed":["Strike_G","Strike_G"],"event_name":"Drug Dealer","player_choice":"Became Test Subject","floor":19.0,"gold_loss":0.0,"damage_taken":0.0,"cards_obtained":["Acrobatics","Backstab"]},{"damage_healed":0.0,"max_hp_gain":0.0,"max_hp_loss":0.0,"gold_gain":0.0,"event_name":"Wheel of Change","player_choice":"Cursed","floor":22.0,"gold_loss":0.0,"damage_taken":0.0,"cards_obtained":["Decay"]},{"damage_healed":0,"gold_gain":0,"player_choice":"Paid Fearfully","damage_taken":0,"max_hp_gain":0,"max_hp_loss":0,"event_name":"Masked Bandits","floor":28,"gold_loss":95}],"is_beta":false,"boss_relics":[{"not_picked":["Snecko Eye","Busted Crown"],"picked":"SlaversCollar"}],"items_purged_floors":[21],"is_endless":false,"potions_floor_spawned":[1,4,11,12,14,16,18,25],"killed_by":"Centurion and Healer","ascension_level":20}}