{"host":"uu5atvg0x4du4ixw","time":1614063693,"event":{"mods":["Act Like it!","BaseMod","Koishi","Minty Spire (QoL Compilation)","StSLib","The Servant 0.9.4"],"gold_per_floor":[117,128,128,128,78,78,106,120,146,166,166,166,166],"floor_reached":12,"language":"ZHS","playtime":376,"items_purged":[],"score":103,"play_id":"db893d67-f421-4145-a47f-22059f75ebfb","local_time":"20210223150133","is_ascension_mode":false,"campfire_choices":[{"floor":6,"key":"REST"},{"data":"DoubleEdge","floor":11,"key":"SMITH"}],"circlet_count":0,"master_deck":["Strike_S","Strike_S","Strike_S","Defend_S","Defend_S","Defend_S","Defend_S","KidneyShot","Exchange","DoubleEdge+1","BottledTime","Ricochet","ReturningBlade+1"],"relics":["Uniform","NeowsBlessing","Dream Catcher","Molten Egg 2","Bag of Marbles"],"acts_visited":["Exordium"],"potions_floor_usage":[],"damage_taken":[{"damage":0,"enemies":"2 Louse","floor":1,"turns":1},{"damage":0,"enemies":"Jaw Worm","floor":2,"turns":1},{"damage":0,"enemies":"Lagavulin","floor":7,"turns":1},{"damage":0,"enemies":"Cultist","floor":8,"turns":3},{"damage":12,"enemies":"Exordium Thugs","floor":10,"turns":5},{"damage":31,"enemies":"Gremlin Nob","floor":12,"turns":3}],"seed_played":"-8420872420893685414","potions_obtained":[{"floor":1,"key":"Dexterity Potion"},{"floor":8,"key":"SpeedPotion"},{"floor":10,"key":"SmokeBomb"}],"is_trial":false,"path_per_floor":["M","M","$","?","?","R","E","M","T","M","R","E"],"character_chosen":"THE_SERVANT","items_purchased":[],"campfire_rested":1,"item_purchase_floors":[],"current_hp_per_floor":[65,65,65,23,23,42,42,42,42,30,30,0,0],"gold":166,"neow_bonus":"THREE_ENEMY_KILL","is_daily":false,"chose_seed":false,"campfire_upgraded":1,"win_rate":0.0,"timestamp":1614063693,"path_taken":["M","M","$","?","?","R","E","M","T","M","R","E"],"items_purchased_type":[],"build_version":"2020-12-22","purchased_purges":0,"victory":false,"max_hp_per_floor":[65,65,65,65,65,65,65,65,65,65,65,65,65],"card_choices":[{"not_picked":["DualDimension","Sabotage"],"picked":"DoubleEdge","floor":1},{"not_picked":["Rewind","ShiftingGears"],"picked":"BottledTime","floor":2},{"not_picked":["Contraction","DoubleEdge"],"picked":"Ricochet","floor":6},{"not_picked":["Unruled+1","GearUp"],"picked":"ReturningBlade+1","floor":7},{"not_picked":["Alleviate","Potential+1","ShiftingGears"],"picked":"SKIP","floor":8},{"not_picked":["Rearm","SilverBlades","BottledTime"],"picked":"SKIP","floor":10}],"player_experience":54213,"relics_obtained":[{"floor":7,"key":"Molten Egg 2"},{"floor":9,"key":"Bag of Marbles"}],"event_choices":[{"damage_healed":0,"gold_gain":0,"player_choice":"Success","damage_taken":42,"relics_obtained":["Dream Catcher"],"max_hp_gain":0,"max_hp_loss":0,"event_name":"Scrap Ooze","floor":4,"gold_loss":0},{"cards_removed":["Strike_S"],"damage_healed":0,"gold_gain":0,"player_choice":"Card Removal","damage_taken":0,"max_hp_gain":0,"max_hp_loss":0,"event_name":"The Cleric","floor":5,"gold_loss":50}],"is_beta":false,"boss_relics":[],"items_purged_floors":[],"is_endless":false,"potions_floor_spawned":[1,8,10],"killed_by":"Gremlin Nob","ascension_level":0}}