{"host":"7t8rqoeeopyy0nh0","time":1614079550,"event":{"mods":["AchievementEnabler","Aspiration","BaseMod","Better Third Choice","BetterRewards","Colored Map","Colored Powertips","Conspire","Downfall","Hubris","Minty Spire (QoL Compilation)","Permanent Neow","Quick Restart","Random Character Button","Rare Cards Sparkle","Reliquary","Replay The Spire","StSLib"],"gold_per_floor":[112,127,127,145,218,218,253,253,276,292,318,335,335,435,435,514,514,531,481,491,173,187,212,212,230,230,249,249,282,61,72,72,144,144,161,161,161,188,199,229,229,258,285,303,303,20,20,20],"floor_reached":47,"language":"ENG","playtime":2015,"items_purged":["Masterful Stab","Looming Evil"],"score":1205,"play_id":"cfee4d64-2d9c-47ff-8ebf-32c0f0e75dbe","local_time":"20210223062550","is_ascension_mode":true,"campfire_choices":[{"floor":6,"key":"REST"},{"data":"Apotheosis","floor":8,"key":"SMITH"},{"floor":15,"key":"REST"},{"data":"A Thousand Cuts","floor":24,"key":"SMITH"},{"floor":32,"key":"REST"}],"circlet_count":0,"master_deck":["AscendersBane","Survivor","Neutralize+1","Footwork","All Out Attack","Apotheosis+1","Quick Slash","Blade Dance","Poisoned Stab","Dash","Backflip","Venomology","Dagger Spray","A Thousand Cuts+1","Hidden Blade","ReplayTheSpireMod:Shiv Toss","Accuracy","Leg Sweep","Concentrate","Malaise","Sucker Punch","Deadly Poison","Unload","Prepared","Acrobatics","Blade Dance","Well Laid Plans","Pot Of Greed","Pot Of Greed","Pot Of Greed","PiercingWail","Replay:Bag of Tricks","Infinite Blades","Finisher","Blade Dance+1","Deflect+1","Wraith Form v2","Wraith Form v2","Pot Of Greed"],"relics":["Chemical X","hubris:AstralHammer","Blue Candle","reliquary:Sod","Blue Doll","Sizzling Blood","Pandora\u0027s Box","Bag of Preparation","reliquary:RoseTintedGlasses","aspiration:ArtOfWarUpgrade","Centennial Puzzle","reliquary:Aerogel","Grinning Jar","Replay:Bronze Core","ReplayTheSpireMod:Ring of Challenge","ReplayTheSpireMod:Ring of Addiction","SacredBark","White Beast Statue","hubris:TenFootPole","The Courier","Replay:Baseball","TwistedFunnel"],"acts_visited":["Exordium","TheCity","TheBeyond"],"potions_floor_usage":[2,7,7,12,16,22,22,23,25,27,29,29,33,38,38,39,39,40,42,42,44,47,47],"damage_taken":[{"damage":0,"enemies":"2 Louse","floor":1,"turns":2},{"damage":0,"enemies":"Small Slimes","floor":2,"turns":1},{"damage":0,"enemies":"Cultist","floor":4,"turns":3},{"damage":0,"enemies":"Lagavulin","floor":7,"turns":5},{"damage":13,"enemies":"Lots of Slimes","floor":10,"turns":2},{"damage":20,"enemies":"Gremlin Nob","floor":11,"turns":4},{"damage":6,"enemies":"Blue Slaver","floor":12,"turns":3},{"damage":0,"enemies":"Slime Boss","floor":16,"turns":8},{"damage":8,"enemies":"Chosen","floor":18,"turns":5},{"damage":0,"enemies":"3 Byrds","floor":20,"turns":4},{"damage":8,"enemies":"conspire:HollyBat","floor":22,"turns":9},{"damage":12,"enemies":"Gremlin Leader","floor":23,"turns":8},{"damage":15,"enemies":"Snake Plant","floor":25,"turns":5},{"damage":0,"enemies":"Centurion and Healer","floor":27,"turns":4},{"damage":24,"enemies":"Slavers","floor":29,"turns":3},{"damage":1,"enemies":"conspire:HollyBat","floor":31,"turns":5},{"damage":40,"enemies":"Collector","floor":33,"turns":9},{"damage":2,"enemies":"3 Darklings","floor":35,"turns":3},{"damage":8,"enemies":"Orb Walker","floor":38,"turns":3},{"damage":15,"enemies":"Jaw Worm Horde","floor":39,"turns":4},{"damage":1,"enemies":"Nemesis","floor":40,"turns":5},{"damage":7,"enemies":"Giant Head","floor":42,"turns":5},{"damage":26,"enemies":"Spire Growth","floor":44,"turns":6},{"damage":20,"enemies":"Nemesis","floor":47,"turns":4}],"seed_played":"-2970485307726792630","potions_obtained":[{"floor":2,"key":"Swift Potion"},{"floor":4,"key":"Strength Potion"},{"floor":10,"key":"GamblersBrew"},{"floor":16,"key":"SteroidPotion"},{"floor":20,"key":"Poison Potion"},{"floor":23,"key":"EssenceOfSteel"},{"floor":25,"key":"Dexterity Potion"},{"floor":37,"key":"DistilledChaos"},{"floor":37,"key":"Weak Potion"},{"floor":38,"key":"Guardian:BlockOnCardUsePotion"},{"floor":39,"key":"Energy Potion"},{"floor":42,"key":"Flashbang"},{"floor":44,"key":"Energy Potion"}],"is_trial":false,"path_per_floor":["M","M","?","M","?","R","E","R","T","M","E","M","?","?","R","B",null,"M","?","M","$","M","E","R","M","T","M","R","E","$","M","R","B",null,"M","?","?","M","M","E","R","E","T","M","?","$","E"],"character_chosen":"THE_SILENT","items_purchased":["Chemical X","Footwork","All Out Attack","Apotheosis","Quick Slash","Fire Potion","Bag of Preparation","Blade Dance","reliquary:RoseTintedGlasses","Grinning Jar","TwistedFunnel","Wraith Form v2"],"campfire_rested":3,"item_purchase_floors":[0,0,0,0,0,0,21,21,21,30,46,46],"current_hp_per_floor":[28,28,23,23,23,42,42,42,42,29,9,3,7,7,28,32,61,57,57,61,61,57,49,49,38,38,42,42,22,22,25,46,10,55,57,57,57,53,42,45,45,42,42,20,20,20,0,0],"gold":20,"neow_bonus":"","is_daily":false,"chose_seed":false,"campfire_upgraded":2,"win_rate":0.0,"timestamp":1614079550,"path_taken":["M","M","?","M","?","R","E","R","T","M","E","M","?","?","R","BOSS","M","?","M","$","?","E","R","M","T","M","R","E","$","?","R","BOSS","M","?","?","M","M","E","R","E","T","M","?","$","E"],"items_purchased_type":["Relic","Card","Card","Card","Card","Potion","Relic","Card","Relic","Relic","Relic","Card"],"build_version":"2020-12-22","purchased_purges":2,"victory":false,"max_hp_per_floor":[66,66,66,66,66,66,66,66,66,66,66,66,70,70,70,70,70,70,70,70,70,70,70,70,70,70,70,70,70,70,70,70,70,70,70,70,70,70,70,70,70,70,70,70,70,70,70,70],"card_choices":[{"not_picked":["PiercingWail","Well Laid Plans"],"picked":"Blade Dance","floor":1},{"not_picked":["Slice","Choke"],"picked":"Poisoned Stab","floor":2},{"not_picked":["Hidden Blade","hubris:Sniper"],"picked":"Dash","floor":4},{"not_picked":["Dagger Throw","Fluid Movement"],"picked":"Backflip","floor":7},{"not_picked":["PiercingWail","Replay:Poison Smokescreen"],"picked":"Venomology","floor":10},{"not_picked":["Replay:Poison Smokescreen","Dagger Throw","Draining Mist"],"picked":"SKIP","floor":11},{"not_picked":["hubris:Sniper","All Out Attack"],"picked":"Dagger Spray","floor":12},{"not_picked":["ReplayTheSpireMod:Necrosis","Glass Knife"],"picked":"A Thousand Cuts","floor":16},{"not_picked":["Backstab","Backflip"],"picked":"Prepared","floor":18},{"not_picked":["ReplayTheSpireMod:Tripwire","Prepared"],"picked":"Acrobatics","floor":20},{"not_picked":["Prepared","Dagger Spray","ReplayTheSpireMod:Tripwire"],"picked":"SKIP","floor":22},{"not_picked":["Quick Slash","hubris:SlightOfHand","Replay:Poison Smokescreen"],"picked":"SKIP","floor":23},{"not_picked":["Quick Slash","Backflip"],"picked":"Well Laid Plans","floor":25},{"not_picked":["hubris:Sniper","Choke","Prepared"],"picked":"SKIP","floor":27},{"not_picked":["hubris:Sniper","Deadly Poison","Poisoned Stab"],"picked":"SKIP","floor":29},{"not_picked":["ReplayTheSpireMod:Speed Training","Leg Sweep"],"picked":"PiercingWail","floor":31},{"not_picked":["Die Die Die","Grand Finale"],"picked":"Replay:Bag of Tricks","floor":33},{"not_picked":["Backflip+1","Slice"],"picked":"Infinite Blades","floor":35},{"not_picked":["Deflect","Dagger Throw"],"picked":"Blade Dance+1","floor":38},{"not_picked":["Blur","Poisoned Stab+1","Infinite Blades+1"],"picked":"SKIP","floor":39},{"not_picked":["Poisoned Stab","hubris:SlightOfHand"],"picked":"Deflect+1","floor":40},{"not_picked":["ReplayTheSpireMod:Scrap Shanks","Outmaneuver","Dodge and Roll"],"picked":"SKIP","floor":42},{"not_picked":["Backflip","Deflect","hubris:SlightOfHand+1"],"picked":"SKIP","floor":44}],"player_experience":451141,"relics_obtained":[{"floor":7,"key":"reliquary:Sod"},{"floor":9,"key":"Blue Doll"},{"floor":23,"key":"Art of War"},{"floor":26,"key":"Centennial Puzzle"},{"floor":29,"key":"reliquary:Aerogel"},{"floor":37,"key":"ReplayTheSpireMod:Ring of Challenge"},{"floor":37,"key":"ReplayTheSpireMod:Ring of Addiction"},{"floor":37,"key":"SacredBark"},{"floor":37,"key":"White Beast Statue"},{"floor":40,"key":"hubris:TenFootPole"},{"floor":42,"key":"The Courier"},{"floor":43,"key":"Replay:Baseball"}],"event_choices":[{"damage_healed":0,"gold_gain":73,"player_choice":"Gained Gold","damage_taken":0,"max_hp_gain":0,"max_hp_loss":0,"event_name":"Golden Wing","floor":5,"gold_loss":0},{"damage_healed":0,"gold_gain":100,"player_choice":"Gold","damage_taken":0,"max_hp_gain":0,"max_hp_loss":0,"event_name":"Wheel of Change","floor":14,"gold_loss":0},{"damage_healed":0,"gold_gain":0,"player_choice":"Upgrade","damage_taken":0,"max_hp_gain":0,"max_hp_loss":0,"event_name":"Designer","floor":19,"gold_loss":50,"cards_upgraded":["Neutralize"]},{"damage_healed":0,"gold_gain":0,"player_choice":"Ignored","damage_taken":0,"max_hp_gain":0,"max_hp_loss":0,"event_name":"Mysterious Sphere","floor":45,"gold_loss":0}],"is_beta":false,"boss_relics":[{"not_picked":["Snecko Eye","conspire:SlowCooker"],"picked":"Pandora\u0027s Box"},{"not_picked":["hubris:BlackHole","Velvet Choker"],"picked":"Replay:Bronze Core"}],"items_purged_floors":[30,46],"is_endless":false,"potions_floor_spawned":[2,4,10,16,20,23,25,27,38,39,40,42,44],"killed_by":"Nemesis","ascension_level":15}}