{"host":"ix2a18c4ohfsrslv","time":1614093814,"event":{"mods":["Act Like it!","BaseMod","Downfall","Hubris","Minty Spire (QoL Compilation)","Relic Stats","Reliquary","Ruina","StSLib"],"gold_per_floor":[118,118,393,16,32,32,76,76,76,76,28,103,3,3,3,126,126,144,144,164,180,196,196,240,259,259,209,223,223,223,247,247,247,247],"floor_reached":33,"language":"ENG","playtime":1482,"items_purged":["Regret","Defend_R"],"score":287,"play_id":"18e489a9-0955-4851-af31-37affe84bd8e","local_time":"20210223072334","is_ascension_mode":true,"campfire_choices":[{"data":"Bash","floor":6.0,"key":"SMITH"},{"floor":15.0,"key":"REST"},{"data":"Uppercut","floor":23.0,"key":"SMITH"},{"floor":29,"key":"REST"},{"data":"Feed","floor":32,"key":"SMITH"}],"circlet_count":0,"master_deck":["Strike_R+1","Strike_R","Strike_R","Strike_R","Strike_R","Defend_R","Defend_R","Defend_R","Bash+1","Clash","Clash","Intimidate+1","Carnage","Armaments","Thunderclap","Double Tap","Shockwave+1","Dual Wield+1","Clash","Uppercut+1","Demon Form","Flex+1","Power Through+1","Pummel+1","Clumsy","Feed+1"],"relics":["Burning Blood","Golden Idol","DollysMirror","Dream Catcher","hubris:64BitClover","FossilizedHelix","Blue Candle","Champion Belt","hubris:BlackHole","Prayer Wheel","reliquary:GummyVitamins","ruina:FalsePresent","reliquary:Boomerang","hubris:Icosahedron"],"acts_visited":["Exordium","Exordium"],"potions_floor_usage":[24,24,31,33,33,33],"damage_taken":[{"damage":5.0,"enemies":"Small Slimes","floor":1.0,"turns":3.0},{"damage":0.0,"enemies":"Jaw Worm","floor":5.0,"turns":1.0},{"damage":21.0,"enemies":"Lagavulin","floor":7.0,"turns":5.0},{"damage":44.0,"enemies":"The Guardian","floor":16.0,"turns":9.0},{"damage":9.0,"enemies":"ruina:3_Bats","floor":18.0,"turns":3.0},{"damage":0.0,"enemies":"ruina:2_Scarecrows","floor":20.0,"turns":3.0},{"damage":0.0,"enemies":"ruina:KingOfGreed","floor":21.0,"turns":2.0},{"damage":5.0,"enemies":"ruina:KnightOfDespair","floor":22.0,"turns":3.0},{"damage":8,"enemies":"ruina:Mountain","floor":24,"turns":5},{"damage":49,"enemies":"ruina:Woodsman","floor":25,"turns":4},{"damage":0,"enemies":"ruina:QueenOfHate","floor":28,"turns":3},{"damage":0,"enemies":"ruina:Nos_and_Bat","floor":31,"turns":3},{"damage":98,"enemies":"ruina:Red_and_Wolf","floor":33,"turns":7}],"seed_played":"-2732430792415941449","potions_obtained":[{"floor":5.0,"key":"ElixirPotion"},{"floor":18.0,"key":"bronze:BurnAndBuffPotion"},{"floor":21.0,"key":"SteroidPotion"},{"floor":27,"key":"Fire Potion"},{"floor":28,"key":"Regen Potion"},{"floor":31,"key":"champ:CounterPotion"}],"is_trial":false,"path_per_floor":["M","?","?","$","M","R","E","?","T","?","$","?","$","T","R","B",null,"M","?","M","M","M","R","E","M","T","?","M","R","?","M","R","B"],"character_chosen":"IRONCLAD","items_purchased":["DollysMirror","Dream Catcher","Armaments"],"campfire_rested":2,"item_purchase_floors":[4,4,11],"current_hp_per_floor":[88,66,66,66,72,72,57,39,39,34,34,23,23,23,49,11,88,85,85,88,88,88,88,86,43,43,39,45,69,69,75,75,0,0],"gold":247,"neow_bonus":"TEN_PERCENT_HP_BONUS","is_daily":false,"chose_seed":false,"campfire_upgraded":3,"win_rate":0.0,"timestamp":1614093814,"path_taken":["M","?","?","$","?","R","E","?","T","?","?","?","$","?","R","BOSS","M","?","M","M","?","R","E","M","T","?","M","R","?","M","R","BOSS"],"items_purchased_type":["Relic","Relic","Card"],"build_version":"2020-12-22","purchased_purges":2,"victory":false,"max_hp_per_floor":[88,88,88,88,88,88,88,88,88,88,88,88,88,88,88,88,88,88,88,88,88,88,88,88,88,88,83,83,83,83,83,83,83,83],"relic_stats":{"Dream Catcher":2,"counters":[13,51],"Golden Idol":72,"Blue Candle":[5],"Prayer Wheel":6,"Champion Belt":[38],"obtain_stats":[{"ruina:FalsePresent":27,"reliquary:Boomerang":28,"Golden Idol":2,"hubris:64BitClover":7,"Blue Candle":10,"Burning Blood":0,"hubris:BlackHole":17,"Frozen Eye":20,"Dream Catcher":4,"hubris:Icosahedron":30,"DollysMirror":4,"Prayer Wheel":19,"reliquary:GummyVitamins":24,"Champion Belt":14,"FossilizedHelix":9},{"ruina:FalsePresent":10,"reliquary:Boomerang":11,"Golden Idol":1,"hubris:64BitClover":3,"Blue Candle":3,"Burning Blood":0,"hubris:BlackHole":4,"Frozen Eye":5,"Dream Catcher":1,"hubris:Icosahedron":11,"DollysMirror":1,"Prayer Wheel":5,"reliquary:GummyVitamins":9,"Champion Belt":3,"FossilizedHelix":3},{"ruina:FalsePresent":38,"reliquary:Boomerang":41,"Golden Idol":3,"hubris:64BitClover":9,"Blue Candle":9,"Burning Blood":0,"hubris:BlackHole":18,"Frozen Eye":21,"Dream Catcher":3,"hubris:Icosahedron":41,"DollysMirror":3,"Prayer Wheel":21,"reliquary:GummyVitamins":34,"Champion Belt":9,"FossilizedHelix":9}],"Burning Blood":61},"card_choices":[{"not_picked":["Clothesline","Rage"],"picked":"Clash","floor":1.0},{"not_picked":["Twin Strike","Havoc"],"picked":"Intimidate","floor":5.0},{"not_picked":["Perfected Strike","Sword Boomerang"],"picked":"Carnage","floor":7.0},{"not_picked":["True Grit","Perfected Strike"],"picked":"Thunderclap","floor":15.0},{"not_picked":["Brutality","Demon Form"],"picked":"Double Tap","floor":16.0},{"not_picked":["Disarm","Pommel Strike"],"picked":"Shockwave+1","floor":18.0},{"not_picked":["Hemokinesis","Feel No Pain"],"picked":"Dual Wield+1","floor":20.0},{"not_picked":["Sever Soul+1","Perfected Strike"],"picked":"Clash","floor":20.0},{"not_picked":["Inflame+1","Twin Strike"],"picked":"Uppercut","floor":21.0},{"not_picked":["Wild Strike","Pummel","Twin Strike"],"picked":"SKIP","floor":21.0},{"not_picked":["Thunderclap+1","Havoc+1"],"picked":"Demon Form","floor":22.0},{"not_picked":["True Grit","Twin Strike","Bloodletting"],"picked":"SKIP","floor":22.0},{"not_picked":["Offering","Dropkick"],"picked":"Flex+1","floor":24},{"not_picked":["Body Slam","Pommel Strike"],"picked":"Power Through+1","floor":25},{"not_picked":["Sword Boomerang","Cleave+1"],"picked":"Pummel+1","floor":25},{"not_picked":["Flex","Second Wind","Dual Wield"],"picked":"SKIP","floor":28},{"not_picked":["Anger","Twin Strike","Flex"],"picked":"SKIP","floor":28},{"not_picked":["Metallicize","Rage"],"picked":"Feed","floor":31},{"not_picked":["Infernal Blade","Combust","Cleave"],"picked":"SKIP","floor":31}],"player_experience":186998,"relics_obtained":[{"floor":7.0,"key":"hubris:64BitClover"},{"floor":9.0,"key":"FossilizedHelix"},{"floor":14.0,"key":"Champion Belt"},{"floor":24,"key":"reliquary:GummyVitamins"},{"floor":28,"key":"reliquary:Boomerang"}],"event_choices":[{"damage_healed":0.0,"max_hp_gain":0.0,"max_hp_loss":0.0,"gold_gain":0.0,"event_name":"Golden Idol","player_choice":"Take Damage","floor":2.0,"gold_loss":0.0,"damage_taken":22.0,"relics_obtained":["Golden Idol"]},{"damage_healed":0.0,"max_hp_gain":0.0,"max_hp_loss":0.0,"gold_gain":275.0,"event_name":"Golden Shrine","player_choice":"Desecrate","floor":3.0,"gold_loss":0.0,"damage_taken":0.0,"cards_obtained":["Regret"]},{"damage_healed":0.0,"max_hp_gain":0.0,"max_hp_loss":0.0,"gold_gain":0.0,"event_name":"Shining Light","player_choice":"Entered Light","floor":8.0,"gold_loss":0.0,"damage_taken":18.0,"cards_upgraded":["Strike_R","Intimidate"]},{"damage_healed":0.0,"max_hp_gain":0.0,"max_hp_loss":0.0,"gold_gain":75.0,"event_name":"World of Goop","player_choice":"Gather Gold","floor":12.0,"gold_loss":0.0,"damage_taken":11.0}],"is_beta":false,"boss_relics":[{"not_picked":["hubris:Stopwatch","hubris:GrandSneckoEye"],"picked":"hubris:BlackHole"}],"items_purged_floors":[4,13],"is_endless":false,"potions_floor_spawned":[5,18,21,28,31],"killed_by":"ruina:Red_and_Wolf","ascension_level":2}}