{"host":"dz5pb68w9r4hdro8","time":1614079789,"event":{"mods":["AchievementEnabler","BaseMod","Better Skull","Better Third Choice","Challenge The Spire","Colored Map","Colored Powertips","DeckTracker","Googly Eyes","Highlight Path","Minty Spire (QoL Compilation)","Permanent Neow","Quick Restart","StSLib","SuperFastMode"],"gold_per_floor":[13,13,13,28,40,65,65,96,150,71,104,151,151,151],"floor_reached":13,"language":"ENG","playtime":366,"items_purged":[],"score":106,"play_id":"e51f16ef-945d-4b8f-9f99-f7a31704b75c","local_time":"20210223032949","is_ascension_mode":true,"campfire_choices":[{"data":"Strike_B","floor":7,"key":"SMITH"}],"circlet_count":0,"master_deck":["Strike_B+1","Strike_B","Strike_B","Strike_B","Defend_B","Defend_B","Defend_B","Defend_B","Zap","Dualcast+1","Redo","Ball Lightning","Redo","Blizzard","Self Repair","Defragment"],"relics":["Cracked Core","Peace Pipe","White Beast Statue","Potion Belt","Bronze Scales","Omamori","Juzu Bracelet"],"acts_visited":["Exordium"],"potions_floor_usage":[11,13,13,13,13],"damage_taken":[{"damage":8,"enemies":"Small Slimes","floor":1,"turns":2},{"damage":1,"enemies":"Cultist","floor":4,"turns":3},{"damage":1,"enemies":"Jaw Worm","floor":5,"turns":2},{"damage":26,"enemies":"3 Sentries","floor":6,"turns":6},{"damage":16,"enemies":"Lagavulin","floor":8,"turns":5},{"damage":18,"enemies":"Gremlin Nob","floor":11,"turns":3},{"damage":6,"enemies":"Lagavulin","floor":13,"turns":3}],"seed_played":"-8548588436244159734","potions_obtained":[{"floor":4,"key":"LiquidMemories"},{"floor":5,"key":"AttackPotion"},{"floor":6,"key":"FocusPotion"},{"floor":8,"key":"ColorlessPotion"},{"floor":11,"key":"GamblersBrew"}],"is_trial":false,"path_per_floor":["M","?","?","M","M","E","R","E","T","$","E","T","E"],"character_chosen":"DEFECT","items_purchased":["Self Repair"],"campfire_rested":0,"item_purchase_floors":[10],"current_hp_per_floor":[67,67,67,66,65,39,39,23,23,23,5,5,0,0],"gold":151,"neow_bonus":"ONE_RARE_RELIC","is_daily":false,"chose_seed":false,"campfire_upgraded":1,"win_rate":0.0,"timestamp":1614079789,"path_taken":["M","?","?","M","?","E","R","E","T","$","E","?","E"],"items_purchased_type":["Card"],"build_version":"2020-12-22","purchased_purges":0,"victory":false,"max_hp_per_floor":[75,75,75,75,75,75,75,75,75,75,75,75,75,75],"card_choices":[{"not_picked":["Go for the Eyes","Streamline"],"picked":"Redo","floor":1},{"not_picked":["Stack","Steam"],"picked":"Ball Lightning","floor":4},{"not_picked":["Fusion","Skim","Stack"],"picked":"SKIP","floor":5},{"not_picked":["Skim","Stack"],"picked":"Redo","floor":6},{"not_picked":["Hologram","Fusion"],"picked":"Blizzard","floor":8},{"not_picked":["Streamline","Seek"],"picked":"Defragment","floor":11}],"player_experience":459012,"relics_obtained":[{"floor":6,"key":"White Beast Statue"},{"floor":8,"key":"Potion Belt"},{"floor":9,"key":"Bronze Scales"},{"floor":11,"key":"Omamori"},{"floor":12,"key":"Juzu Bracelet"}],"event_choices":[{"damage_healed":0,"gold_gain":0,"player_choice":"Grow","damage_taken":0,"max_hp_gain":0,"max_hp_loss":0,"event_name":"Living Wall","floor":2,"gold_loss":0,"cards_upgraded":["Dualcast"]},{"damage_healed":0,"gold_gain":0,"player_choice":"Ignored","damage_taken":0,"max_hp_gain":0,"max_hp_loss":0,"event_name":"NoteForYourself","floor":3,"gold_loss":0}],"is_beta":false,"boss_relics":[],"items_purged_floors":[],"is_endless":false,"potions_floor_spawned":[4,5,6,8,11],"killed_by":"Lagavulin","ascension_level":1}}