{"host":"5on5jp4vj4dvuydb","time":1614059725,"event":{"mods":["2.2 Compatiblity","Act Like it!","BaseMod","Clockwork Mod","Colored Map","Colored Powertips","Dio Mod","Fox Events","GungeonMod","Halation","Highlight Path","Infinite Spire","Jedi Mod","Melee Mod","Minty Spire (QoL Compilation)","Morshu Shopkeeper","Relic Stats","Robot Space Explorer","Small Relic Pack","Spire Arcade","StSLib","everything is the same but u backflip on backflip"],"gold_per_floor":[115,131,150,150,64,64,80,80,135,151,183,30,56,71,71,170,170,184,198,218,218,69,69,81,81,81,94,124,124,124,171,183,297,309,335,366,390,78,93,93,103,103,155,190,190,203,216,248,248,344,344,355,355,365,372,372,372,380,380,432,444,444,457,473,17,17,97,97,100,110,116,116,121,89,89],"floor_reached":74,"language":"ENG","playtime":9257,"items_purged":["meleeMod_Shield"],"score":1321,"play_id":"4655db71-effb-4b2d-b45c-b343fe0d7f43","local_time":"20210223005525","is_ascension_mode":true,"campfire_choices":[{"data":"meleeMod_FireFlower","floor":6.0,"key":"SMITH"},{"floor":8.0,"key":"REST"},{"data":"meleeMod_WaveLand","floor":15.0,"key":"SMITH"},{"floor":23.0,"key":"RECALL"},{"data":"meleeMod_Jab","floor":25.0,"key":"PURGE"},{"floor":29.0,"key":"REST"},{"data":"meleeMod_FalconKick","floor":32.0,"key":"SMITH"},{"data":"meleeMod_DashDance","floor":40.0,"key":"SMITH"},{"data":"meleeMod_UpAir","floor":42.0,"key":"SMITH"},{"data":"meleeMod_ForwardSmash","floor":45.0,"key":"SMITH"},{"floor":49.0,"key":"REST"},{"data":"meleeMod_Randall","floor":57,"key":"SMITH"},{"data":"meleeMod_BMoveSpecialist","floor":62,"key":"SMITH"},{"data":"meleeMod_Shield","floor":66,"key":"PURGE"}],"circlet_count":0,"master_deck":["meleeMod_NeutralAir","meleeMod_BackAir","meleeMod_DownTilt+1","meleeMod_WallJump","meleeMod_FalconKick+1","meleeMod_FireFlower+1","meleeMod_WaveLand+1","meleeMod_TeamAttackOn","meleeMod_SoftKnee","meleeMod_VCancel","meleeMod_CommandGrab","meleeMod_NeutralAir","meleeMod_EdgeCancel","meleeMod_DownSmash+1","meleeMod_WeTechThose","meleeMod_SuperMushroom","meleeMod_DropZone+1","meleeMod_PowerShield","meleeMod_Knee+1","meleeMod_AmsahTech+1","meleeMod_ShieldDrop+1","meleeMod_MindReader","meleeMod_SoftKnee","meleeMod_DownTilt+1","meleeMod_SweetSpot+1","meleeMod_DashDance+1","meleeMod_ForwardSmash+1","meleeMod_Gentleman+1","meleeMod_UpAir+1","meleeMod_NoDI+1","meleeMod_ShieldPoke+1","meleeMod_DropZone","meleeMod_FalconPunch+1","meleeMod_EdgeGuard+1","meleeMod_Randall+1","meleeMod_NeutralAir+1","meleeMod_BMoveSpecialist+1","meleeMod_FalconDive+1","meleeMod_WallJump","meleeMod_CrouchCancel+1"],"relics":["meleeMod_LosersMang0","meleeMod_PowerClipper","DemoMod:ClearGuonStone","Peace Pipe","Black Star","meleeMod_PeoplesChamp","meleeMod_AutoLCanceling","Potion Belt","Red Mask","OrangePellets","MawBank","Busted Crown","halation:Sosunser","Pen Nib","Bottled Lightning","DemoMod:WhiteGuonStone","Happy Flower","DemoMod:MonsterBlood","meleeMod_YearsOfResearch","Oddly Smooth Stone","halation:AfternoonTea","infinitespire:Lucky Rock","meleeMod_JohnnyStock","meleeMod_FourStock","Ice Cream","Ancient Tea Set","Centennial Puzzle","halation:LettersToHer","halation:Thesaurus","halation:LoveArrow","meleeMod_Marthritis","Empty Cage"],"acts_visited":["Exordium","TheCity","TheBeyond","Exordium"],"potions_floor_usage":[],"damage_taken":[{"damage":6.0,"enemies":"Jaw Worm","floor":1.0,"turns":3.0},{"damage":0.0,"enemies":"Cultist","floor":2.0,"turns":3.0},{"damage":0.0,"enemies":"Small Slimes","floor":3.0,"turns":2.0},{"damage":0.0,"enemies":"Blue Slaver","floor":7.0,"turns":3.0},{"damage":0.0,"enemies":"Large Slime","floor":10.0,"turns":6.0},{"damage":17.0,"enemies":"Lagavulin","floor":11.0,"turns":4.0},{"damage":2.0,"enemies":"3 Sentries","floor":13.0,"turns":6.0},{"damage":0.0,"enemies":"Exordium Thugs","floor":14.0,"turns":3.0},{"damage":0.0,"enemies":"Slime Boss","floor":16.0,"turns":5.0},{"damage":0.0,"enemies":"Chosen","floor":18.0,"turns":5.0},{"damage":0.0,"enemies":"2 Thieves","floor":19.0,"turns":3.0},{"damage":17.0,"enemies":"Snake Plant","floor":20.0,"turns":3.0},{"damage":24.0,"enemies":"Snecko","floor":24.0,"turns":5.0},{"damage":17.0,"enemies":"Chosen and Byrds","floor":27.0,"turns":7.0},{"damage":4.0,"enemies":"Masked Bandits","floor":28.0,"turns":4.0},{"damage":31.0,"enemies":"Champ","floor":33.0,"turns":11.0},{"damage":2.0,"enemies":"3 Darklings","floor":35.0,"turns":4.0},{"damage":6.0,"enemies":"3 Shapes","floor":36.0,"turns":4.0},{"damage":0.0,"enemies":"Transient","floor":37.0,"turns":5.0},{"damage":0.0,"enemies":"Jaw Worm Horde","floor":39.0,"turns":3.0},{"damage":0.0,"enemies":"Maw","floor":41.0,"turns":6.0},{"damage":14.0,"enemies":"Nightmare","floor":44.0,"turns":7.0},{"damage":14.0,"enemies":"3 Darklings","floor":46.0,"turns":4.0},{"damage":11.0,"enemies":"Spire Growth","floor":47.0,"turns":3.0},{"damage":3.0,"enemies":"Reptomancer","floor":48.0,"turns":3.0},{"damage":55.0,"enemies":"Time Eater","floor":50.0,"turns":11.0},{"damage":0,"enemies":"Jaw Worm","floor":52,"turns":2},{"damage":0,"enemies":"Cultist","floor":54,"turns":1},{"damage":2,"enemies":"2 Louse","floor":55,"turns":2},{"damage":7,"enemies":"3 Sentries","floor":58,"turns":3},{"damage":0,"enemies":"Lagavulin","floor":61,"turns":2},{"damage":7,"enemies":"3 Sentries","floor":63,"turns":3},{"damage":32,"enemies":"Lagavulin","floor":64,"turns":4},{"damage":16,"enemies":"The Guardian","floor":67,"turns":4},{"damage":9,"enemies":"Jaw Worm","floor":69,"turns":2},{"damage":0,"enemies":"Cultist","floor":70,"turns":2},{"damage":0,"enemies":"Small Slimes","floor":71,"turns":2},{"damage":0,"enemies":"Exordium Thugs","floor":73,"turns":2},{"damage":86,"enemies":"Nightmare","floor":74,"turns":5}],"seed_played":"1813358537896777455","potions_obtained":[{"floor":2.0,"key":"DuplicationPotion"},{"floor":7.0,"key":"Block Potion"},{"floor":11.0,"key":"LiquidBronze"},{"floor":27.0,"key":"Block Potion"},{"floor":28.0,"key":"Ancient Potion"},{"floor":35.0,"key":"SpeedPotion"},{"floor":36.0,"key":"BlessingOfTheForge"},{"floor":41.0,"key":"Strength Potion"},{"floor":48.0,"key":"Swift Potion"},{"floor":50.0,"key":"ColorlessPotion"},{"floor":61,"key":"jedi:tentaclejuice"},{"floor":71,"key":"GamblersBrew"}],"is_trial":false,"path_per_floor":["M","M","M","?","$","R","M","R","T","M","E","$","E","M","R","B",null,"M","M","M","?","$","R","M","R","T","M","?","R","AVR","T","R","B",null,"M","M","M","$","M","R","M","R","T","NM","R","M","M","E","R","B",null,"M","?","M","M","AVR","R","E","?","T","E","R","E","E","$","R","B",null,"M","M","M","?","M","NM"],"character_chosen":"FALCON","items_purchased":["meleeMod_FireFlower","meleeMod_WaveLand","DemoMod:ClearGuonStone","meleeMod_AutoLCanceling","meleeMod_DashDance","halation:Sosunser","meleeMod_ForwardSmash","jedi:wingpotion","halation:Thesaurus","meleeMod_Marthritis"],"campfire_rested":3,"item_purchase_floors":[5,5,12,22,38,38,38,38,65,65],"current_hp_per_floor":[71,71,71,64,64,64,64,94,94,94,77,77,75,75,75,75,101,101,101,84,84,84,84,60,60,60,43,39,69,69,69,69,38,101,99,93,93,93,93,93,93,93,93,79,79,65,54,58,90,35,108,108,108,108,106,106,106,99,118,118,118,118,111,79,79,79,63,118,109,109,109,85,85,0,0],"gold":89,"neow_bonus":"TWENTY_PERCENT_HP_BONUS","is_daily":false,"chose_seed":false,"campfire_upgraded":8,"win_rate":0.0,"timestamp":1614059725,"path_taken":["M","M","M","?","$","R","M","R","T","M","E","$","E","M","R","BOSS","M","M","M","?","$","R","?","R","T","M","?","R","AVR","?","R","BOSS","M","M","M","$","M","R","M","R","T","NM","R","M","M","E","R","BOSS","M","?","M","M","AVR","R","E","?","T","E","R","E","E","$","R","BOSS","M","M","M","?","M","NM"],"items_purchased_type":["Card","Card","Relic","Relic","Card","Relic","Card","Potion","Relic","Relic"],"build_version":"2020-12-22","purchased_purges":1,"victory":false,"max_hp_per_floor":[101,101,101,101,101,101,101,101,101,101,101,101,101,101,101,101,101,101,101,101,101,101,101,101,101,101,101,101,101,101,101,101,101,101,101,101,101,101,101,101,101,101,101,101,101,101,101,108,108,108,108,108,108,108,108,108,108,108,118,118,118,118,118,118,118,118,118,118,118,118,118,118,118,118,118],"relic_stats":{"Peace Pipe":3,"OrangePellets":[28],"Centennial Puzzle":[9],"Busted Crown":74,"Happy Flower":[15],"counters":[39,157],"Pen Nib":[15],"Black Star":6,"MawBank":84,"obtain_stats":[{"meleeMod_PeoplesChamp":21,"Ice Cream":63,"halation:Sosunser":38,"DemoMod:GlassGuonStoneRelic":3,"meleeMod_PowerClipper":11,"DemoMod:WhiteGuonStone":44,"Ancient Tea Set":63,"Empty Cage":68,"meleeMod_AutoLCanceling":22,"Centennial Puzzle":64,"meleeMod_TeamBeerMang0":0,"DemoMod:MonsterBlood":48,"Red Mask":28,"DemoMod:ClearGuonStone":12,"meleeMod_JohnnyStock":61,"halation:LettersToHer":64,"meleeMod_LosersMang0":74,"Potion Belt":26,"Happy Flower":48,"Astrolabe":30,"Oddly Smooth Stone":58,"Pen Nib":43,"infinitespire:Lucky Rock":60,"halation:Thesaurus":65,"MawBank":31,"meleeMod_YearsOfResearch":56,"Peace Pipe":13,"halation:LoveArrow":65,"OrangePellets":30,"meleeMod_Marthritis":65,"Busted Crown":34,"Black Star":17,"meleeMod_FourStock":61,"Bottled Lightning":44,"halation:AfternoonTea":58},{"meleeMod_PeoplesChamp":12,"Ice Cream":32,"halation:Sosunser":19,"DemoMod:GlassGuonStoneRelic":3,"meleeMod_PowerClipper":6,"DemoMod:WhiteGuonStone":22,"Ancient Tea Set":32,"Empty Cage":34,"meleeMod_AutoLCanceling":12,"Centennial Puzzle":33,"meleeMod_TeamBeerMang0":0,"DemoMod:MonsterBlood":25,"Red Mask":15,"DemoMod:ClearGuonStone":6,"meleeMod_JohnnyStock":31,"halation:LettersToHer":33,"meleeMod_LosersMang0":39,"Potion Belt":13,"Happy Flower":25,"Astrolabe":15,"Oddly Smooth Stone":30,"Pen Nib":21,"infinitespire:Lucky Rock":30,"halation:Thesaurus":33,"MawBank":15,"meleeMod_YearsOfResearch":29,"Peace Pipe":7,"halation:LoveArrow":33,"OrangePellets":15,"meleeMod_Marthritis":33,"Busted Crown":16,"Black Star":9,"meleeMod_FourStock":31,"Bottled Lightning":22,"halation:AfternoonTea":30},{"meleeMod_PeoplesChamp":46,"Ice Cream":136,"halation:Sosunser":86,"DemoMod:GlassGuonStoneRelic":8,"meleeMod_PowerClipper":21,"DemoMod:WhiteGuonStone":102,"Ancient Tea Set":136,"Empty Cage":144,"meleeMod_AutoLCanceling":46,"Centennial Puzzle":140,"meleeMod_TeamBeerMang0":0,"DemoMod:MonsterBlood":112,"Red Mask":62,"DemoMod:ClearGuonStone":21,"meleeMod_JohnnyStock":133,"halation:LettersToHer":140,"meleeMod_LosersMang0":157,"Potion Belt":51,"Happy Flower":112,"Astrolabe":62,"Oddly Smooth Stone":131,"Pen Nib":95,"infinitespire:Lucky Rock":131,"halation:Thesaurus":140,"MawBank":62,"meleeMod_YearsOfResearch":128,"Peace Pipe":27,"halation:LoveArrow":140,"OrangePellets":62,"meleeMod_Marthritis":140,"Busted Crown":73,"Black Star":35,"meleeMod_FourStock":133,"Bottled Lightning":102,"halation:AfternoonTea":131}]},"card_choices":[{"not_picked":["meleeMod_DIMixUp","meleeMod_Fishing"],"picked":"meleeMod_DownTilt","floor":1.0},{"not_picked":["meleeMod_SweetSpot","meleeMod_HaxDash"],"picked":"meleeMod_WallJump","floor":2.0},{"not_picked":["meleeMod_DashDance","meleeMod_Grab"],"picked":"meleeMod_FalconKick","floor":3.0},{"not_picked":["meleeMod_BabActivated","meleeMod_Gentleman"],"picked":"meleeMod_TeamAttackOn","floor":7.0},{"not_picked":["meleeMod_ShieldPoke","meleeMod_RapidJabs"],"picked":"meleeMod_SoftKnee","floor":10.0},{"not_picked":["meleeMod_NippleSpike","meleeMod_RockCrock"],"picked":"meleeMod_VCancel","floor":11.0},{"not_picked":["meleeMod_BackAir","meleeMod_Moonwalking"],"picked":"meleeMod_CommandGrab","floor":13.0},{"not_picked":["meleeMod_RockCrock","meleeMod_BabActivated"],"picked":"meleeMod_NeutralAir","floor":14.0},{"not_picked":["meleeMod_LoseStock","meleeMod_IKilledMufasa"],"picked":"meleeMod_EdgeCancel","floor":16.0},{"not_picked":["meleeMod_Moonwalking","meleeMod_CrouchCancel"],"picked":"meleeMod_DownSmash+1","floor":18.0},{"not_picked":["meleeMod_DownAir","meleeMod_FireFlower"],"picked":"meleeMod_WeTechThose","floor":19.0},{"not_picked":["meleeMod_Gentleman","meleeMod_DashDance"],"picked":"meleeMod_Fishing+1","floor":20.0},{"not_picked":["meleeMod_Taunt","meleeMod_UpSmash"],"picked":"meleeMod_SuperMushroom","floor":24.0},{"not_picked":["meleeMod_RaptorBoost","meleeMod_L_Cancel"],"picked":"meleeMod_DropZone+1","floor":27.0},{"not_picked":["meleeMod_BackAir","meleeMod_RapidJabs"],"picked":"meleeMod_PowerShield","floor":28.0},{"not_picked":["meleeMod_UCF","meleeMod_PhantomHit"],"picked":"meleeMod_MindReader","floor":33.0},{"not_picked":[],"picked":"meleeMod_SoftKnee","floor":35.0},{"not_picked":[],"picked":"meleeMod_DownTilt+1","floor":36.0},{"not_picked":[],"picked":"meleeMod_SweetSpot+1","floor":37.0},{"not_picked":[],"picked":"meleeMod_Gentleman+1","floor":39.0},{"not_picked":[],"picked":"meleeMod_UpAir","floor":41.0},{"not_picked":[],"picked":"meleeMod_NoDI+1","floor":44.0},{"not_picked":[],"picked":"meleeMod_ShieldPoke+1","floor":46.0},{"not_picked":[],"picked":"meleeMod_DropZone","floor":47.0},{"not_picked":[],"picked":"meleeMod_FalconPunch","floor":48.0},{"not_picked":[],"picked":"meleeMod_EdgeGuard","floor":50.0},{"not_picked":[],"picked":"meleeMod_Randall","floor":52},{"not_picked":[],"picked":"meleeMod_NeutralAir","floor":54},{"not_picked":[],"picked":"meleeMod_BMoveSpecialist","floor":55},{"not_picked":[],"picked":"meleeMod_WeTechThose","floor":58},{"not_picked":["meleeMod_Taunt"],"picked":"SKIP","floor":61},{"not_picked":[],"picked":"meleeMod_FalconDive","floor":63},{"not_picked":[],"picked":"meleeMod_WallJump","floor":64},{"not_picked":["meleeMod_DownSmash"],"picked":"SKIP","floor":69},{"not_picked":["meleeMod_SweetSpot"],"picked":"SKIP","floor":70},{"not_picked":[],"picked":"meleeMod_CrouchCancel","floor":71},{"not_picked":["meleeMod_Taunt"],"picked":"SKIP","floor":73},{"not_picked":["meleeMod_Taunt"],"picked":"SKIP","floor":73}],"player_experience":42798,"relics_obtained":[{"floor":11.0,"key":"meleeMod_PowerClipper"},{"floor":13.0,"key":"Peace Pipe"},{"floor":26.0,"key":"Potion Belt"},{"floor":28.0,"key":"Red Mask"},{"floor":31.0,"key":"MawBank"},{"floor":43.0,"key":"Pen Nib"},{"floor":44.0,"key":"Bottled Lightning"},{"floor":44.0,"key":"DemoMod:WhiteGuonStone"},{"floor":48.0,"key":"Happy Flower"},{"floor":48.0,"key":"DemoMod:MonsterBlood"},{"floor":58,"key":"Oddly Smooth Stone"},{"floor":58,"key":"halation:AfternoonTea"},{"floor":60,"key":"infinitespire:Lucky Rock"},{"floor":61,"key":"meleeMod_JohnnyStock"},{"floor":61,"key":"meleeMod_FourStock"},{"floor":63,"key":"Ice Cream"},{"floor":63,"key":"Ancient Tea Set"},{"floor":64,"key":"Centennial Puzzle"},{"floor":64,"key":"halation:LettersToHer"}],"event_choices":[{"cards_removed":["meleeMod_Jab"],"damage_healed":0.0,"max_hp_gain":0.0,"max_hp_loss":0.0,"gold_gain":0.0,"event_name":"Golden Wing","player_choice":"Card Removal","floor":4.0,"gold_loss":0.0,"damage_taken":7.0},{"damage_healed":0.0,"max_hp_gain":0.0,"max_hp_loss":0.0,"gold_gain":0.0,"event_name":"WeMeetAgain","player_choice":"Gave Potion","floor":21.0,"gold_loss":0.0,"damage_taken":0.0,"relics_obtained":["meleeMod_PeoplesChamp"]},{"damage_healed":0.0,"max_hp_gain":0.0,"max_hp_loss":0.0,"gold_gain":0.0,"event_name":"Masked Bandits","player_choice":"Fought Bandits","floor":28.0,"gold_loss":0.0,"damage_taken":0.0},{"cards_removed":["meleeMod_WeTechThose"],"damage_healed":9,"gold_gain":0,"player_choice":"Offered Rare","damage_taken":0,"max_hp_gain":10,"max_hp_loss":0,"event_name":"Bonfire Elementals","floor":59,"gold_loss":0},{"damage_healed":0,"gold_gain":0,"player_choice":"Entered Light","damage_taken":24,"max_hp_gain":0,"max_hp_loss":0,"event_name":"Shining Light","floor":72,"gold_loss":0,"cards_upgraded":["meleeMod_DownTilt","meleeMod_NeutralAir"]}],"is_beta":false,"boss_relics":[{"not_picked":["Empty Cage","jedi:battlestandard"],"picked":"Black Star"},{"not_picked":["relicPack:StarArrow","Runic Dome"],"picked":"Busted Crown"},{"not_picked":["halation:MonkeysPaw","jedi:paperlyon","halation:PlatinumPhoenix"]},{"not_picked":["halation:PlatinumPhoenix","Runic Dome"],"picked":"Empty Cage"}],"items_purged_floors":[65],"is_endless":true,"potions_floor_spawned":[2,7,11,14,18,27,28,35,36,41,48,50,54,55,61,71,73],"killed_by":"Nightmare","ascension_level":1}}