{"host":"oa1po1d7a3sote6p","time":1614117755,"event":{"mods":["AchievementEnabler","BaseMod","BetterRewards","Colored Map","Colored Powertips","Hubris","Infinite Spire","Minty Spire (QoL Compilation)","Quick Restart","Rare Cards Sparkle","StSLib"],"gold_per_floor":[119,130,203,378,396,396,426,426,451,33,33,33,77,95,95,220,220,243,243,243,257,257,257,172,186,186,0,0,13,13,13,13,142,142,163,228,78,98,461,461,484,484,484,507,507,507,507,545,545,545],"floor_reached":51,"language":"ENG","playtime":1253,"items_purged":["Doubt"],"score":779,"play_id":"d9319972-8f8b-4620-bb42-9645f233f8be","local_time":"20210223160235","daily_mods":["SealedDeck","Heirloom"],"is_ascension_mode":false,"campfire_choices":[{"data":"Dark Embrace","floor":6,"key":"SMITH"},{"floor":8,"key":"REST"},{"data":"Infernal Blade","floor":12,"key":"SMITH"},{"floor":15,"key":"REST"},{"data":"Spot Weakness","floor":23,"key":"SMITH"},{"floor":28,"key":"REST"},{"data":"Limit Break","floor":32,"key":"SMITH"},{"data":"Shockwave","floor":40,"key":"SMITH"},{"floor":42,"key":"REST"},{"data":"Rupture","floor":46,"key":"SMITH"},{"data":"Bloodletting","floor":49,"key":"SMITH"}],"circlet_count":0,"master_deck":["Dark Embrace+1","Rupture+1","Clash","Anger","Clash","Twin Strike","Bloodletting+1","Wild Strike+1","Pommel Strike+1","Spot Weakness+1","Wild Strike","Iron Wave","Pommel Strike","Infernal Blade+1","Searing Blow","Combust","Pommel Strike","Limit Break+1","Whirlwind+1","Shockwave+1","Dark Shackles","Wild Strike+1","Limit Break+1","Impervious","Clash","Bloodletting+1","Feed","Heavy Blade+1","Combust+1","Bludgeon","Dropkick+1","Headbutt","Pommel Strike+1"],"relics":["Burning Blood","Mango","Bottled Lightning","Juzu Bracelet","hubris:CuriousFeather","Golden Idol","Bag of Preparation","hubris:VirtuousBlindfold","hubris:Towel","SlaversCollar","infinitespire:Lychee Nut","infinitespire:Eraser","Whetstone","Philosopher\u0027s Stone","Peace Pipe","Old Coin","Kunai","Smiling Mask"],"acts_visited":["Exordium","TheCity","TheBeyond"],"potions_floor_usage":[7,13,35,36,44],"damage_taken":[{"damage":14,"enemies":"Jaw Worm","floor":1,"turns":2},{"damage":0,"enemies":"2 Louse","floor":2,"turns":1},{"damage":9,"enemies":"Cultist","floor":5,"turns":3},{"damage":49,"enemies":"Lagavulin","floor":7,"turns":6},{"damage":31,"enemies":"3 Sentries","floor":13,"turns":5},{"damage":11,"enemies":"Looter","floor":14,"turns":2},{"damage":8,"enemies":"Slime Boss","floor":16,"turns":6},{"damage":10,"enemies":"2 Thieves","floor":18,"turns":2},{"damage":6,"enemies":"3 Byrds","floor":21,"turns":2},{"damage":19,"enemies":"Centurion and Healer","floor":25,"turns":2},{"damage":0,"enemies":"Snake Plant","floor":29,"turns":2},{"damage":35,"enemies":"hubris:MusketHawk","floor":33,"turns":4},{"damage":11,"enemies":"Orb Walker","floor":35,"turns":2},{"damage":15,"enemies":"2 Orb Walkers","floor":36,"turns":4},{"damage":16,"enemies":"3 Shapes","floor":38,"turns":4},{"damage":0,"enemies":"Mind Bloom Boss Battle","floor":39,"turns":4},{"damage":28,"enemies":"Jaw Worm Horde","floor":41,"turns":3},{"damage":4,"enemies":"Writhing Mass","floor":44,"turns":2},{"damage":17,"enemies":"Giant Head","floor":48,"turns":4},{"damage":34,"enemies":"Donu and Deca","floor":50,"turns":4}],"seed_played":"6593136255399371452","potions_obtained":[{"floor":2,"key":"SteroidPotion"},{"floor":5,"key":"Swift Potion"},{"floor":14,"key":"Dexterity Potion"},{"floor":18,"key":"Dexterity Potion"},{"floor":21,"key":"SteroidPotion"},{"floor":33,"key":"Block Potion"},{"floor":35,"key":"SpeedPotion"},{"floor":41,"key":"SkillPotion"}],"is_trial":true,"path_per_floor":["M","M","?","?","M","R","E","R","T","$","?","R","E","M","R","B",null,"M","?","AVR","M","?","R","?","M","T","?","R","M","?","$","R","B",null,"M","?","$","M","?","R","M","R","T","M","?","R","?","E","R","B",null],"character_chosen":"IRONCLAD","items_purchased":["hubris:CuriousFeather","Infernal Blade","Searing Blow","Feed"],"campfire_rested":4,"item_purchase_floors":[10,10,10,37],"current_hp_per_floor":[86,92,92,92,89,89,46,74,74,74,51,51,26,21,49,47,94,90,90,70,70,58,58,58,48,48,48,69,70,70,70,70,47,70,65,62,62,61,73,73,59,76,76,76,76,76,76,66,66,44],"gold":545,"neow_bonus":"","is_daily":false,"chose_seed":false,"campfire_upgraded":7,"win_rate":0.0,"timestamp":1614117755,"path_taken":["M","M","?","?","M","R","E","R","T","$","?","R","E","M","R","BOSS","M","?","AVR","M","?","R","?","M","T","?","R","M","?","?","R","BOSS","M","?","$","M","?","R","M","R","T","M","?","R","?","E","R","BOSS"],"items_purchased_type":["Relic","Card","Card","Card"],"build_version":"2020-12-22","purchased_purges":1,"victory":true,"max_hp_per_floor":[94,94,94,94,94,94,94,94,94,94,94,94,94,94,94,94,94,94,94,70,70,70,70,70,70,70,70,70,70,70,70,70,70,70,70,70,70,73,73,73,76,76,76,76,76,76,76,76,76,76],"card_choices":[{"not_picked":["Havoc","Armaments"],"picked":"Wild Strike","floor":1},{"not_picked":["Rupture","Sword Boomerang"],"picked":"Clash","floor":2},{"not_picked":["Rampage","hubris:ReadiedAction"],"picked":"Iron Wave","floor":5},{"not_picked":["Thunderclap","Body Slam"],"picked":"Pommel Strike","floor":7},{"not_picked":["Rupture","Feel No Pain"],"picked":"Combust","floor":13},{"not_picked":["Hemokinesis","Metallicize"],"picked":"Pommel Strike","floor":14},{"not_picked":["Brutality","Double Tap"],"picked":"Limit Break","floor":16},{"not_picked":["Second Wind","Entrench"],"picked":"Whirlwind+1","floor":18},{"not_picked":["Headbutt","hubris:ReadiedAction"],"picked":"Shockwave","floor":21},{"not_picked":["Pommel Strike","Perfected Strike"],"picked":"Wild Strike+1","floor":25},{"not_picked":["Anger","Headbutt"],"picked":"Limit Break","floor":29},{"not_picked":["hubris:StunningStrike","Corruption"],"picked":"Impervious","floor":33},{"not_picked":["True Grit+1","infinitespire:OneForAll+1"],"picked":"Clash","floor":35},{"not_picked":["Impervious","Ghostly Armor+1"],"picked":"Bloodletting+1","floor":36},{"not_picked":["Thunderclap","Headbutt"],"picked":"Heavy Blade+1","floor":38},{"not_picked":["Cleave+1","Warcry"],"picked":"Combust+1","floor":39},{"not_picked":["hubris:ReadiedAction+1","Disarm"],"picked":"Bludgeon","floor":41},{"not_picked":["Iron Wave","Warcry+1"],"picked":"Dropkick+1","floor":44},{"not_picked":["Barricade","Sword Boomerang"],"picked":"Pommel Strike+1","floor":48}],"player_experience":402596,"relics_obtained":[{"floor":7,"key":"Bottled Lightning"},{"floor":9,"key":"Juzu Bracelet"},{"floor":13,"key":"Bag of Preparation"},{"floor":26,"key":"Whetstone"},{"floor":36,"key":"Peace Pipe"},{"floor":39,"key":"Old Coin"},{"floor":43,"key":"Kunai"},{"floor":48,"key":"Smiling Mask"}],"event_choices":[{"damage_healed":0,"gold_gain":73,"player_choice":"Gained Gold","damage_taken":0,"max_hp_gain":0,"max_hp_loss":0,"event_name":"Golden Wing","floor":3,"gold_loss":0},{"damage_healed":0,"gold_gain":175,"player_choice":"AGREE","damage_taken":0,"max_hp_gain":0,"max_hp_loss":0,"event_name":"Liars Game","floor":4,"gold_loss":0,"cards_obtained":["Doubt"]},{"damage_healed":0,"gold_gain":0,"player_choice":"Take Damage","damage_taken":23,"relics_obtained":["Golden Idol"],"max_hp_gain":0,"max_hp_loss":0,"event_name":"Golden Idol","floor":11,"gold_loss":0},{"damage_healed":0,"gold_gain":0,"player_choice":"CARD ","damage_taken":12,"max_hp_gain":0,"max_hp_loss":0,"event_name":"Knowing Skull","floor":22,"potions_obtained":[],"gold_loss":0,"cards_obtained":["Dark Shackles"]},{"damage_healed":0,"gold_gain":0,"player_choice":"Obtained Relic","damage_taken":0,"relics_obtained":["infinitespire:Eraser"],"max_hp_gain":0,"max_hp_loss":0,"event_name":"Addict","floor":24,"gold_loss":85},{"damage_healed":0,"gold_gain":0,"player_choice":"Paid Fearfully","damage_taken":0,"max_hp_gain":0,"max_hp_loss":0,"event_name":"Masked Bandits","floor":27,"gold_loss":186},{"damage_healed":0,"gold_gain":0,"player_choice":"Fight","damage_taken":0,"max_hp_gain":0,"max_hp_loss":0,"event_name":"Mysterious Sphere","floor":36,"gold_loss":0},{"damage_healed":0,"gold_gain":0,"player_choice":"Fight","damage_taken":0,"max_hp_gain":0,"max_hp_loss":0,"event_name":"MindBloom","floor":39,"gold_loss":0},{"damage_healed":0,"gold_gain":0,"cards_transformed":["Clash"],"player_choice":"Transformed","damage_taken":0,"max_hp_gain":0,"max_hp_loss":0,"event_name":"Transmorgrifier","floor":47,"gold_loss":0,"cards_obtained":["Headbutt"]}],"is_beta":false,"boss_relics":[{"not_picked":["Velvet Choker","Black Star"],"picked":"hubris:VirtuousBlindfold"},{"not_picked":["Calling Bell","Black Blood"],"picked":"Philosopher\u0027s Stone"}],"items_purged_floors":[37],"is_endless":false,"potions_floor_spawned":[2,5,14,18,21,33,35,41],"ascension_level":0}}