{"host":"fnk117zi8wf5078t","time":1614049049,"event":{"mods":["AchievementEnabler","BaseMod","Colored Map","Minty Spire (QoL Compilation)","Rare Cards Sparkle","SuperFastMode","everything is the same but u backflip on backflip"],"gold_per_floor":[359,359,359,359,63,63,77,77,77,77,2,2,0,38,38,161,161,176,192,113,136,160,160,160,160],"floor_reached":24,"language":"KOR","playtime":692,"items_purged":["Strike_B"],"score":307,"play_id":"82b67650-9902-4b0f-b667-603f77e02c06","local_time":"20210223115729","is_ascension_mode":true,"campfire_choices":[{"floor":6.0,"key":"REST"},{"floor":8.0,"key":"DIG"},{"floor":10.0,"key":"DIG"},{"floor":15.0,"key":"REST"},{"floor":23.0,"key":"DIG"}],"circlet_count":0,"master_deck":["AscendersBane","Zap","Dualcast","Defragment","Chill","Self Repair","White Noise","Reboot","Defragment","Lockon","Compile Driver","Chill","Double Energy","BootSequence","Static Discharge","Loop+1","Double Energy"],"relics":["Cracked Core","Golden Idol","Shovel","Juzu Bracelet","Potion Belt","StoneCalendar","Ice Cream","Pear","Pandora\u0027s Box","Blood Vial"],"acts_visited":["Exordium","TheCity"],"potions_floor_usage":[],"damage_taken":[{"damage":2.0,"enemies":"2 Louse","floor":1.0,"turns":3.0},{"damage":10.0,"enemies":"Jaw Worm","floor":7.0,"turns":4.0},{"damage":6.0,"enemies":"3 Sentries","floor":14.0,"turns":7.0},{"damage":42.0,"enemies":"The Guardian","floor":16.0,"turns":11.0},{"damage":4.0,"enemies":"Chosen","floor":18.0,"turns":4.0},{"damage":16.0,"enemies":"Shell Parasite","floor":19.0,"turns":6.0},{"damage":25.0,"enemies":"Shelled Parasite and Fungi","floor":21.0,"turns":5.0},{"damage":2.0,"enemies":"Cultist and Chosen","floor":22.0,"turns":7.0},{"damage":0,"floor":24,"turns":1}],"seed_played":"2681783997330172760","potions_obtained":[{"floor":16.0,"key":"SteroidPotion"},{"floor":18.0,"key":"Swift Potion"},{"floor":21.0,"key":"PowerPotion"}],"is_trial":false,"path_per_floor":["M","?","?","?","$","R","M","R","T","R","$","?","?","E","R","B",null,"M","M","$","M","M","R","?"],"character_chosen":"DEFECT","items_purchased":["Shovel","Static Discharge"],"campfire_rested":2,"item_purchase_floors":[5,20],"current_hp_per_floor":[66,52,52,35,35,55,45,45,45,45,45,27,27,38,61,26,65,68,59,59,41,46,46,46,46],"gold":160,"neow_bonus":"TWO_FIFTY_GOLD","is_daily":false,"chose_seed":false,"campfire_upgraded":0,"win_rate":0.0,"timestamp":1614049049,"path_taken":["M","?","?","?","$","R","M","R","T","R","$","?","?","E","R","BOSS","M","M","$","M","M","R","?"],"items_purchased_type":["Relic","Card"],"build_version":"2020-12-22","purchased_purges":1,"victory":false,"max_hp_per_floor":[68,68,68,68,68,68,68,68,68,68,68,68,68,78,78,78,78,78,78,78,78,78,78,78,78],"card_choices":[{"not_picked":["Cold Snap","Go for the Eyes"],"picked":"Defragment","floor":1.0},{"not_picked":["Coolheaded","Auto Shields"],"picked":"Self Repair","floor":7.0},{"not_picked":["Leap","Steam"],"picked":"White Noise","floor":14.0},{"not_picked":["Seek","Meteor Strike"],"picked":"Reboot","floor":16.0},{"not_picked":["Reprogram","Reinforced Body","Gash+1"],"picked":"SKIP","floor":18.0},{"not_picked":["Streamline","Redo","Leap"],"picked":"SKIP","floor":19.0},{"not_picked":["Compile Driver","Hello World+1"],"picked":"Loop+1","floor":21.0},{"not_picked":["Lockon","Beam Cell+1"],"picked":"Double Energy","floor":22.0}],"player_experience":432361,"relics_obtained":[{"floor":8.0,"key":"Juzu Bracelet"},{"floor":9.0,"key":"Potion Belt"},{"floor":10.0,"key":"StoneCalendar"},{"floor":14.0,"key":"Pear"},{"floor":23.0,"key":"Blood Vial"}],"event_choices":[{"damage_healed":0.0,"max_hp_gain":0.0,"max_hp_loss":0.0,"gold_gain":0.0,"event_name":"Shining Light","player_choice":"Entered Light","floor":2.0,"gold_loss":0.0,"damage_taken":14.0,"cards_upgraded":["Defend_B","Defend_B"]},{"damage_healed":0.0,"max_hp_gain":0.0,"max_hp_loss":0.0,"gold_gain":0.0,"cards_transformed":["Strike_B"],"event_name":"Living Wall","player_choice":"Change","floor":3.0,"gold_loss":0.0,"damage_taken":0.0,"cards_obtained":["Chill"]},{"damage_healed":0.0,"max_hp_gain":0.0,"max_hp_loss":0.0,"gold_gain":0.0,"event_name":"Golden Idol","player_choice":"Take Damage","floor":4.0,"gold_loss":0.0,"damage_taken":17.0,"relics_obtained":["Golden Idol"]},{"damage_healed":0.0,"max_hp_gain":0.0,"max_hp_loss":0.0,"gold_gain":0.0,"event_name":"Scrap Ooze","player_choice":"Success","floor":12.0,"gold_loss":0.0,"damage_taken":18.0,"relics_obtained":["Ice Cream"]},{"damage_healed":0.0,"max_hp_gain":0.0,"max_hp_loss":0.0,"gold_gain":0.0,"event_name":"World of Goop","player_choice":"Left Gold","floor":13.0,"gold_loss":2.0,"damage_taken":0.0}],"is_beta":false,"boss_relics":[{"not_picked":["Cursed Key","Astrolabe"],"picked":"Pandora\u0027s Box"}],"items_purged_floors":[11],"is_endless":false,"potions_floor_spawned":[16,18,21],"ascension_level":12}}