{"host":"euxksmtrtvfcjuzd","time":1614083169,"event":{"mods":["ATMod(°¢èªMod)","Aspiration","BaseMod","Jedi Mod","Minty Spire (QoL Compilation)","Reliquary","Replay The Spire","Shop Mod","StSLib","TestMod","UnlockEverythingMod","Waifu the Spire","¡¾ÒÅÎï¿¨ÅÆ¡¿REMEMod"],"gold_per_floor":[113,113,113,67,67,79,123,155,167,179,243,266,325,355,367,486,498,526,478,465,402,514,550,550],"floor_reached":23,"language":"ZHS","playtime":890,"items_purged":[],"score":198,"play_id":"4fd01fa4-7c51-4834-a9a6-e2abca374778","local_time":"20210223202609","is_ascension_mode":true,"campfire_choices":[{"data":"Barricade","floor":6,"key":"SMITH"},{"floor":10,"key":"REST"},{"data":"AT_SoftenMuscles","floor":15,"key":"SMITH"}],"circlet_count":0,"master_deck":["Strike_R","Strike_R","Strike_R","Strike_R","Defend_R","Defend_R","Defend_R","Bash","AT_SoftenMuscles+1","Barricade+1","Cleave","Anger","Pommel Strike","ReplayTheSpireMod:Stacked","Impervious","Warcry"],"relics":["Burning Blood","testmod-TestBox","AT_ATBox","REME_ComplimentaryCards","testmod-Muramasa","Happy Flower","MawBank","aspiration:FetidBarrel","REME_ArchaeologicalTools","Replay:Wax Seal","testmod-CardMagician"],"acts_visited":["Exordium","TheCity"],"potions_floor_usage":[12,14,16,20],"damage_taken":[{"damage":2,"enemies":"Cultist","floor":1,"turns":5},{"damage":41,"enemies":"Lagavulin","floor":7,"turns":7},{"damage":0,"enemies":"Small Slimes","floor":8,"turns":2},{"damage":0,"enemies":"Jaw Worm","floor":11,"turns":2},{"damage":0,"enemies":"Large Slime","floor":12,"turns":5},{"damage":1,"enemies":"Red Slaver","floor":14,"turns":5},{"damage":65,"enemies":"The Guardian","floor":16,"turns":9},{"damage":0,"enemies":"Spheric Guardian","floor":18,"turns":6},{"damage":35,"enemies":"2 Thieves","floor":20,"turns":5},{"damage":63,"enemies":"Book of Stabbing","floor":23,"turns":7}],"seed_played":"378133259406694216","potions_obtained":[{"floor":1,"key":"Explosive Potion"},{"floor":7,"key":"Block Potion"},{"floor":11,"key":"Block Potion"},{"floor":12,"key":"REME_GoldPotion"},{"floor":18,"key":"jedi:StrikingPotion"},{"floor":20,"key":"REME_GoldPotion"}],"is_trial":false,"path_per_floor":["M","?","?","$","?","R","E","M","T","R","M","M","T","M","R","B",null,"M","?","M","?","?","E"],"character_chosen":"IRONCLAD","items_purchased":["Anger"],"campfire_rested":1,"item_purchase_floors":[4],"current_hp_per_floor":[88,81,74,74,74,74,39,45,45,71,77,83,83,88,88,29,88,88,88,59,59,59,0,0],"gold":550,"neow_bonus":"TEN_PERCENT_HP_BONUS","is_daily":false,"chose_seed":false,"campfire_upgraded":2,"win_rate":0.0,"timestamp":1614083169,"path_taken":["M","?","?","?","?","R","E","M","T","R","M","?","?","M","R","BOSS","M","?","M","?","?","E"],"items_purchased_type":["Card"],"build_version":"2020-12-22","purchased_purges":0,"victory":false,"max_hp_per_floor":[88,88,88,88,88,88,88,88,88,88,88,88,88,88,88,88,88,88,88,88,88,88,88,88],"card_choices":[{"not_picked":["Wild Strike","Massacre"],"picked":"Cleave","floor":1},{"not_picked":["Warcry","Sword Boomerang"],"picked":"Pommel Strike","floor":7},{"not_picked":["Barricade","Warcry","Twin Strike"],"picked":"SKIP","floor":8},{"not_picked":["Life Link","AT_BodySlamDance","Twin Strike"],"picked":"SKIP","floor":11},{"not_picked":["Life Link","Warcry","AT_BodySlamDance"],"picked":"SKIP","floor":12},{"not_picked":["REME_FearOfPain","Replay:Undeath\u0027s Touch"],"picked":"ReplayTheSpireMod:Stacked","floor":14},{"not_picked":["Limit Break","Exhume"],"picked":"Impervious","floor":16},{"not_picked":["Rupture","Twin Strike+1","ReplayTheSpireMod:Strike From Hell"],"picked":"SKIP","floor":18},{"not_picked":["Entrench","Hemokinesis"],"picked":"Warcry","floor":20}],"player_experience":39063,"relics_obtained":[{"floor":7,"key":"aspiration:FetidBarrel"},{"floor":9,"key":"REME_ArchaeologicalTools"},{"floor":13,"key":"Replay:Wax Seal"}],"event_choices":[{"damage_healed":0,"gold_gain":0,"player_choice":"Success","damage_taken":7,"relics_obtained":["Happy Flower"],"max_hp_gain":0,"max_hp_loss":0,"event_name":"Scrap Ooze","floor":2,"gold_loss":0},{"cards_removed":["Strike_R"],"damage_healed":0,"gold_gain":0,"player_choice":"Card Removal","damage_taken":7,"max_hp_gain":0,"max_hp_loss":0,"event_name":"Golden Wing","floor":3,"gold_loss":0},{"damage_healed":0,"gold_gain":0,"player_choice":"Gave Potion","damage_taken":0,"relics_obtained":["MawBank"],"max_hp_gain":0,"max_hp_loss":0,"event_name":"WeMeetAgain","floor":5,"gold_loss":0},{"cards_removed":["Defend_R"],"damage_healed":0,"gold_gain":0,"player_choice":"Gave Gold","damage_taken":0,"max_hp_gain":0,"max_hp_loss":0,"event_name":"Beggar","floor":21,"gold_loss":75},{"damage_healed":0,"gold_gain":100,"player_choice":"Pray","damage_taken":0,"max_hp_gain":0,"max_hp_loss":0,"event_name":"Golden Shrine","floor":22,"gold_loss":0}],"is_beta":false,"boss_relics":[{"not_picked":["Replay:Grab Bag","Abe\u0027s Treasure"],"picked":"testmod-CardMagician"}],"items_purged_floors":[],"is_endless":false,"potions_floor_spawned":[1,7,11,12,18,20],"killed_by":"Book of Stabbing","ascension_level":1}}