{"host":"ty9fb48q9oru32qm","time":1614092759,"event":{"mods":["2.2 Compatiblity","AchievementEnabler","Act Like it!","Astrologer","BaseMod","Beaked The Cultist","Better Synergies","Block Reminder","Colored Powertips","Conspire","DeckTracker","Downfall","Ekko","Elementarium","Friendly Minions","GifTheSpireLib","Hermit","Hubris","Infinite Spire","Jorbs\u0027s Wanderer Trilogy","Marisa????????","Minty Spire (QoL Compilation)","Permanent Neow","Quick Restart","Random Character Button","Reliquary","Replay The Spire","Ruina","Somnambulant","StSLib","Stuff the Spire","The Cursed","The Marked","The Runesmith","TheVacant"],"gold_per_floor":[118,118,131,145,159,159,188,188,188,200,216,216,250,350,350,450,450,469,469,485,485,485,518,189,189,189],"floor_reached":25,"language":"ENG","playtime":1742,"items_purged":["hubris:Disease"],"score":406,"play_id":"2a222c31-bea0-4169-aca5-301f71fc0fd8","local_time":"20210223160559","is_ascension_mode":false,"campfire_choices":[{"data":"theMarked:ChannelForce","floor":6,"key":"SMITH"},{"data":"theMarked:SoldierOfQuellstein","floor":8,"key":"SMITH"},{"data":"theMarked:Parkour","floor":12,"key":"SMITH"},{"data":"theMarked:Challenge","floor":15,"key":"SMITH"}],"circlet_count":0,"master_deck":["theMarked:Strike","theMarked:Strike","theMarked:Strike","theMarked:Strike","theMarked:Strike","theMarked:Defend","theMarked:Defend","theMarked:Defend","theMarked:Defend","theMarked:SoldierOfQuellstein+1","theMarked:HeightenedSenses","theMarked:ElectricStrings","theMarked:ChannelForce+1","theMarked:Parkour+1","theMarked:SwordAndMagic","downfall:Haunted","downfall:Haunted","hubris:Sloth","theMarked:Challenge+1","Delirium","theMarked:Toughness","CurseOfTheBell","Writhe","theMarked:GodGivenPower+1","theMarked:GodGivenPower+1","theMarked:FavorableWinds+1"],"relics":["theMarked:ArtifactOfAir","StuffTheSpire:Experiment12","CultistMask","reliquary:PrincelyHelmet","StuffTheSpire:OldFever","Darkstone Periapt","Calling Bell","Replay:Baseball","conspire:DeflatedDodgeball","Gambling Chip","ruina:Goodbye","Toxic Egg 2","infinitespire:ShieldingShard"],"acts_visited":["Exordium","ruina:Briah"],"potions_floor_usage":[7,13,23],"damage_taken":[{"damage":0,"enemies":"Small Slimes","floor":1,"turns":3},{"damage":0,"enemies":"Cultist","floor":3,"turns":4},{"damage":2,"enemies":"2 Louse","floor":4,"turns":3},{"damage":1,"enemies":"Exordium Wildlife","floor":5,"turns":3},{"damage":4,"enemies":"3 Sentries","floor":7,"turns":4},{"damage":0,"enemies":"Looter","floor":10,"turns":1},{"damage":0,"enemies":"Large Slime","floor":11,"turns":4},{"damage":0,"enemies":"Gremlin Nob","floor":13,"turns":2},{"damage":23,"enemies":"Slime Boss","floor":16,"turns":11},{"damage":30,"enemies":"ruina:2_Scarecrows","floor":18,"turns":6},{"damage":19,"enemies":"ruina:Nosferatu","floor":20,"turns":5},{"damage":59,"enemies":"ruina:Mountain","floor":23,"turns":9},{"damage":11,"enemies":"ruina:KingOfGreed","floor":25,"turns":4}],"seed_played":"-5009149204449803628","potions_obtained":[{"floor":3,"key":"Explosive Potion"},{"floor":5,"key":"SteroidPotion"},{"floor":11,"key":"Fire Potion"},{"floor":13,"key":"LiquidBronze"},{"floor":23,"key":"Doom Potion"}],"is_trial":false,"path_per_floor":["M","?","M","M","M","R","E","R","T","M","M","R","E","?","R","B",null,"M","?","M","?","?","E","$","M"],"character_chosen":"THE_DEFAULT","items_purchased":["infinitespire:ShieldingShard"],"campfire_rested":0,"item_purchase_floors":[24],"current_hp_per_floor":[72,72,72,70,69,69,65,65,65,65,65,65,65,100,100,77,113,83,89,70,35,70,11,11,0,0],"gold":189,"neow_bonus":"RANDOM_COMMON_RELIC","is_daily":false,"chose_seed":false,"campfire_upgraded":4,"win_rate":0.0,"timestamp":1614092759,"path_taken":["M","?","M","M","M","R","E","R","T","?","M","R","E","?","R","BOSS","M","?","M","?","?","E","$","M"],"items_purchased_type":["Relic"],"build_version":"2020-12-22","purchased_purges":1,"victory":false,"max_hp_per_floor":[72,72,72,72,72,72,72,72,72,72,72,72,72,107,107,107,113,113,119,119,119,119,119,119,119,119],"card_choices":[{"not_picked":["theMarked:Improvise","theMarked:RepellingDischarge"],"picked":"theMarked:HeightenedSenses","floor":1},{"not_picked":["theMarked:Panic","theMarked:Convert"],"picked":"theMarked:ElectricStrings","floor":3},{"not_picked":["theMarked:SwordAndMagic","theMarked:Convert"],"picked":"theMarked:ChannelForce","floor":4},{"not_picked":["theMarked:Memento","theMarked:WastefulAttack"],"picked":"theMarked:Parkour","floor":5},{"not_picked":["theMarked:TakeCover","theMarked:Determination","theMarked:Aftermath"],"picked":"SKIP","floor":7},{"not_picked":["theMarked:TakeCover","theMarked:ResourceFulStrike","theMarked:KeepCalmAndFight"],"picked":"SKIP","floor":10},{"not_picked":["theMarked:Determination","theMarked:ChannelForce","theMarked:WastefulAttack"],"picked":"SKIP","floor":11},{"not_picked":["theMarked:SelfDefenseTraining","theMarked:Snap"],"picked":"theMarked:SwordAndMagic","floor":13},{"not_picked":["theMarked:Abjuration","theMarked:ThrowWeapon"],"picked":"theMarked:Toughness","floor":16},{"not_picked":["theMarked:Aftermath","theMarked:SwordAndMagic","theMarked:Overthink+1"],"picked":"SKIP","floor":18},{"not_picked":["theMarked:RepellingDischarge","theMarked:Electrify"],"picked":"theMarked:GodGivenPower","floor":20},{"not_picked":["theMarked:WardOff+1","theMarked:ChainLightning"],"picked":"theMarked:FavorableWinds+1","floor":23}],"player_experience":337807,"relics_obtained":[{"floor":7,"key":"reliquary:PrincelyHelmet"},{"floor":13,"key":"StuffTheSpire:OldFever"},{"floor":17,"key":"Replay:Baseball"},{"floor":17,"key":"conspire:DeflatedDodgeball"},{"floor":17,"key":"Gambling Chip"},{"floor":23,"key":"Toxic Egg 2"}],"event_choices":[{"damage_healed":0,"gold_gain":0,"player_choice":"Trade","damage_taken":0,"relics_obtained":["CultistMask"],"max_hp_gain":0,"max_hp_loss":0,"event_name":"FaceTrader","floor":2,"gold_loss":0}],"is_beta":false,"boss_relics":[{"not_picked":["Philosopher\u0027s Stone","conspire:SeveredTorchhead"],"picked":"Calling Bell"}],"items_purged_floors":[24],"is_endless":false,"potions_floor_spawned":[3,5,11,13,23],"killed_by":"ruina:KingOfGreed","ascension_level":0}}