{"host":"prxrhpgaxnj4om9r","time":1614069020,"event":{"mods":["AchievementEnabler","BaseMod","Colored Map","DeckTracker","Minty Spire (QoL Compilation)"],"gold_per_floor":[129,159,190,218,230,242,280,292,379,95,115,133,162,177,177,277,277,297,311,321,321,321,321,355,355,355,355,122,49,80,98,98,197,197,208,220,220,234,252,252,89,99,126,126,23,23,55,75,75,75],"floor_reached":51,"language":"KOR","playtime":2013,"items_purged":[],"score":1008,"play_id":"6160858b-311e-4ce6-9eb9-cce3d42d48e9","local_time":"20210223173020","is_ascension_mode":true,"campfire_choices":[{"data":"Perfected Strike","floor":6,"key":"SMITH"},{"data":"Rampage","floor":8,"key":"SMITH"},{"data":"Flex","floor":15,"key":"SMITH"},{"data":"Feed","floor":23,"key":"SMITH"},{"data":"Reaper","floor":25,"key":"SMITH"},{"floor":27,"key":"REST"},{"data":"Perfected Strike","floor":32,"key":"SMITH"},{"floor":44,"key":"REST"},{"data":"Limit Break","floor":46,"key":"SMITH"},{"floor":49,"key":"REST"}],"circlet_count":0,"master_deck":["Strike_R+1","Strike_R+1","Strike_R+1","Strike_R+1","Strike_R+1","Defend_R+1","Defend_R+1","Defend_R+1","Defend_R+1","Bash","Wild Strike","Reckless Charge+1","Perfected Strike+1","Rampage+1","Flex+1","Twin Strike","Uppercut","Thunderclap","Sever Soul+1","Flex","Feed+1","Pommel Strike+1","Armaments+1","Heavy Blade+1","Reaper+1","Demon Form","Fire Breathing+1","Perfected Strike+1","Battle Trance","Barricade+1","Entrench+1","Blind","Wild Strike+1","Blood for Blood+1","Immolate","Seeing Red+1","Heavy Blade+1","Disarm+1","Limit Break+1","Entrench+1","Rage+1","Pommel Strike+1"],"relics":["Burning Blood","MawBank","Thread and Needle","HornCleat","Membership Card","Matryoshka","Oddly Smooth Stone","SlaversCollar","InkBottle","Frozen Egg 2","Nunchaku","Brimstone","Vajra","Lee\u0027s Waffle","Omamori","SacredBark","Orrery","Orichalcum","Potion Belt","Whetstone","Pear"],"acts_visited":["Exordium","TheCity","TheBeyond"],"potions_floor_usage":[4,7,7,16,24,31,35,39,41,42,48,50,50],"damage_taken":[{"damage":13,"enemies":"2 Louse","floor":1,"turns":3},{"damage":6,"enemies":"Cultist","floor":2,"turns":3},{"damage":10,"enemies":"Small Slimes","floor":3,"turns":3},{"damage":7,"enemies":"3 Louse","floor":4,"turns":3},{"damage":28,"enemies":"Lagavulin","floor":7,"turns":4},{"damage":2,"enemies":"Exordium Wildlife","floor":11,"turns":2},{"damage":0,"enemies":"Exordium Thugs","floor":12,"turns":3},{"damage":13,"enemies":"3 Sentries","floor":13,"turns":5},{"damage":1,"enemies":"Looter","floor":14,"turns":2},{"damage":21,"enemies":"Hexaghost","floor":16,"turns":7},{"damage":14,"enemies":"3 Byrds","floor":18,"turns":5},{"damage":8,"enemies":"Shell Parasite","floor":19,"turns":3},{"damage":16,"enemies":"Snake Plant","floor":20,"turns":3},{"damage":13,"enemies":"Book of Stabbing","floor":24,"turns":4},{"damage":23,"enemies":"Gremlin Leader","floor":30,"turns":4},{"damage":0,"enemies":"3 Cultists","floor":31,"turns":3},{"damage":22,"enemies":"Automaton","floor":33,"turns":6},{"damage":24,"enemies":"3 Darklings","floor":35,"turns":4},{"damage":0,"enemies":"3 Shapes","floor":36,"turns":4},{"damage":0,"enemies":"Sphere and 2 Shapes","floor":38,"turns":2},{"damage":86,"enemies":"Writhing Mass","floor":39,"turns":6},{"damage":29,"enemies":"3 Darklings","floor":42,"turns":5},{"damage":14,"enemies":"Nemesis","floor":47,"turns":3},{"damage":59,"enemies":"Spire Growth","floor":48,"turns":5},{"damage":49,"enemies":"Awakened One","floor":50,"turns":6}],"seed_played":"-7766684955749229990","potions_obtained":[{"floor":1,"key":"Block Potion"},{"floor":2,"key":"LiquidBronze"},{"floor":3,"key":"LiquidBronze"},{"floor":12,"key":"PowerPotion"},{"floor":19,"key":"Regen Potion"},{"floor":30,"key":"ColorlessPotion"},{"floor":31,"key":"Weak Potion"},{"floor":36,"key":"ColorlessPotion"},{"floor":42,"key":"PowerPotion"},{"floor":47,"key":"ColorlessPotion"}],"is_trial":false,"path_per_floor":["M","M","M","M","?","R","E","R","T","$","M","M","E","M","R","B",null,"M","M","M","?","?","R","E","R","T","R","$","$","E","M","R","B",null,"M","M","?","M","M","?","$","M","T","R","$","R","E","M","R","B",null],"character_chosen":"IRONCLAD","items_purchased":["Membership Card","Matryoshka","Twin Strike","Brimstone","FairyPotion","Vajra","Fire Breathing+1","Lee\u0027s Waffle","Immolate","Block Potion","Orrery","BloodPotion","Whetstone","Explosive Potion"],"campfire_rested":3,"item_purchase_floors":[10,10,10,28,28,28,28,29,41,41,41,41,45,45],"current_hp_per_floor":[65,65,61,60,80,80,58,58,58,58,62,68,61,66,66,51,73,68,66,56,56,56,56,61,61,61,83,83,90,73,79,79,67,87,76,82,82,92,12,12,51,54,54,83,83,83,103,54,87,44],"gold":75,"neow_bonus":"RANDOM_COMMON_RELIC","is_daily":false,"chose_seed":false,"campfire_upgraded":7,"win_rate":0.0,"timestamp":1614069020,"path_taken":["M","M","M","M","?","R","E","R","T","?","M","M","E","M","R","BOSS","M","M","?","?","?","R","E","R","T","R","?","$","E","?","R","BOSS","M","M","?","M","M","?","$","M","T","R","?","R","E","M","R","BOSS"],"items_purchased_type":["Relic","Relic","Card","Relic","Potion","Relic","Card","Relic","Card","Potion","Relic","Potion","Relic","Potion"],"build_version":"2020-12-22","purchased_purges":0,"victory":true,"max_hp_per_floor":[80,80,80,80,80,80,80,80,80,80,80,80,80,80,80,80,80,83,83,83,83,83,83,83,83,83,83,83,90,90,90,90,94,94,94,94,94,98,98,98,98,98,98,98,98,98,108,112,112,112],"card_choices":[{"not_picked":["Armaments","Flame Barrier"],"picked":"Wild Strike","floor":1},{"not_picked":["Sever Soul","Havoc"],"picked":"Reckless Charge","floor":2},{"not_picked":["Wild Strike","Body Slam"],"picked":"Perfected Strike","floor":3},{"not_picked":["Body Slam","Burning Pact"],"picked":"Rampage","floor":4},{"not_picked":["True Grit","Fiend Fire"],"picked":"Flex","floor":7},{"not_picked":["Headbutt","Rampage"],"picked":"Uppercut","floor":11},{"not_picked":["Shockwave","Metallicize"],"picked":"Thunderclap","floor":12},{"not_picked":["Sentinel","Armaments"],"picked":"Sever Soul","floor":13},{"not_picked":["Reckless Charge","Hemokinesis"],"picked":"Flex","floor":14},{"not_picked":["Double Tap","Offering"],"picked":"Feed","floor":16},{"not_picked":["Thunderclap+1","Body Slam"],"picked":"Pommel Strike+1","floor":18},{"not_picked":["Sword Boomerang","Thunderclap+1"],"picked":"Armaments+1","floor":19},{"not_picked":["Sword Boomerang","Warcry"],"picked":"Heavy Blade+1","floor":20},{"not_picked":["Clothesline","Sword Boomerang"],"picked":"Demon Form","floor":24},{"not_picked":["Wild Strike+1","Sword Boomerang+1"],"picked":"Perfected Strike","floor":30},{"not_picked":["Brutality+1","Iron Wave+1"],"picked":"Battle Trance","floor":31},{"not_picked":["Offering","Corruption+1"],"picked":"Barricade+1","floor":33},{"not_picked":["Dropkick+1","Anger"],"picked":"Entrench+1","floor":35},{"not_picked":["Thunderclap+1","Anger","Clash"],"picked":"SKIP","floor":36},{"not_picked":["Good Instincts","Deep Breath"],"picked":"Blind","floor":37},{"not_picked":["Iron Wave+1","Thunderclap+1"],"picked":"Wild Strike+1","floor":38},{"not_picked":["Clothesline+1","Dark Embrace+1"],"picked":"Blood for Blood+1","floor":39},{"not_picked":["Warcry+1","Clothesline+1"],"picked":"Seeing Red+1","floor":41},{"not_picked":["Rupture+1","Bludgeon"],"picked":"Heavy Blade+1","floor":41},{"not_picked":["Twin Strike+1","Iron Wave+1"],"picked":"Disarm+1","floor":41},{"not_picked":["Metallicize+1","Headbutt"],"picked":"Limit Break","floor":41},{"not_picked":["Armaments","Combust+1"],"picked":"Entrench+1","floor":41},{"not_picked":["Clash+1","Shrug It Off"],"picked":"Rage+1","floor":42},{"not_picked":["Bludgeon","Rupture+1","Thunderclap+1"],"picked":"SKIP","floor":47},{"not_picked":["Feel No Pain+1","Sword Boomerang+1"],"picked":"Pommel Strike+1","floor":48}],"player_experience":606854,"relics_obtained":[{"floor":7,"key":"Thread and Needle"},{"floor":9,"key":"HornCleat"},{"floor":13,"key":"Oddly Smooth Stone"},{"floor":24,"key":"InkBottle"},{"floor":26,"key":"Frozen Egg 2"},{"floor":26,"key":"Nunchaku"},{"floor":30,"key":"Omamori"},{"floor":43,"key":"Orichalcum"},{"floor":43,"key":"Potion Belt"},{"floor":47,"key":"Pear"}],"event_choices":[{"damage_healed":20,"gold_gain":0,"player_choice":"Full Heal","damage_taken":0,"max_hp_gain":0,"max_hp_loss":0,"event_name":"Wheel of Change","floor":5,"gold_loss":0},{"damage_healed":0,"gold_gain":0,"player_choice":"Read","damage_taken":0,"max_hp_gain":0,"max_hp_loss":0,"event_name":"The Library","floor":21,"gold_loss":0,"cards_obtained":["Reaper"]},{"damage_healed":0,"gold_gain":0,"player_choice":"Simplicity","damage_taken":0,"max_hp_gain":0,"max_hp_loss":0,"event_name":"Back to Basics","floor":22,"gold_loss":0,"cards_upgraded":["Strike_R","Strike_R","Strike_R","Strike_R","Strike_R","Defend_R","Defend_R","Defend_R","Defend_R"]},{"damage_healed":0,"gold_gain":0,"player_choice":"Memory 1","damage_taken":0,"max_hp_gain":0,"max_hp_loss":0,"event_name":"SensoryStone","floor":37,"gold_loss":0},{"damage_healed":0,"gold_gain":0,"player_choice":"Ignored","damage_taken":0,"max_hp_gain":0,"max_hp_loss":0,"event_name":"Mysterious Sphere","floor":40,"gold_loss":0}],"is_beta":false,"boss_relics":[{"not_picked":["Runic Pyramid","Sozu"],"picked":"SlaversCollar"},{"not_picked":["Empty Cage","Runic Cube"],"picked":"SacredBark"}],"items_purged_floors":[],"is_endless":false,"potions_floor_spawned":[1,2,3,12,19,30,31,36,42,47],"ascension_level":6}}