{"host":"6a9c3xws62y7efyw","time":1614057084,"event":{"mods":["BaseMod","Colored Map","Minty Spire (QoL Compilation)","Relic Stats","StSLib"],"gold_per_floor":[362,149,149,168,186,186,212,212,212,237,237,247,282,15,15,92,92,102,120,170,181,208,208,219,244,256,23,23,23,36,69,69,69,69],"floor_reached":33,"language":"ENG","playtime":1462,"items_purged":[],"score":606,"play_id":"fe094434-9bd3-4ebb-80ca-c8fab1cdcc50","local_time":"20210222211124","is_ascension_mode":true,"campfire_choices":[{"data":"Predator","floor":6,"key":"SMITH"},{"floor":8,"key":"REST"},{"data":"Bouncing Flask","floor":15,"key":"SMITH"},{"floor":23,"key":"REST"},{"floor":28,"key":"REST"},{"floor":32,"key":"REST"}],"circlet_count":0,"master_deck":["AscendersBane","Strike_G","Strike_G","Strike_G","Strike_G","Defend_G","Defend_G","Defend_G","Defend_G","Defend_G","Survivor","Neutralize","Dagger Spray","Well Laid Plans","Backstab","Predator+1","Blade Dance","Die Die Die","Bouncing Flask+1","Backflip","Die Die Die","Backflip","Noxious Fumes","Flying Knee"],"relics":["Ring of the Snake","Blood Vial","Centennial Puzzle","Boot","Art of War","HornCleat","Black Star","Red Mask","MawBank","Lantern","Bag of Marbles","Snake Skull","Matryoshka","Pen Nib","Bronze Scales"],"acts_visited":["Exordium","TheCity"],"potions_floor_usage":[10,13,22,25],"damage_taken":[{"damage":5,"enemies":"Small Slimes","floor":1,"turns":5},{"damage":2,"enemies":"Jaw Worm","floor":4,"turns":6},{"damage":0,"enemies":"Cultist","floor":5,"turns":3},{"damage":26,"enemies":"Gremlin Nob","floor":7,"turns":4},{"damage":14,"enemies":"Lagavulin","floor":10,"turns":6},{"damage":0,"enemies":"2 Fungi Beasts","floor":12,"turns":2},{"damage":3,"enemies":"Gremlin Nob","floor":13,"turns":3},{"damage":6,"enemies":"The Guardian","floor":16,"turns":8},{"damage":26,"enemies":"Shell Parasite","floor":18,"turns":5},{"damage":0,"enemies":"3 Byrds","floor":19,"turns":3},{"damage":11,"enemies":"Centurion and Healer","floor":21,"turns":6},{"damage":0,"enemies":"Masked Bandits","floor":22,"turns":2},{"damage":19,"enemies":"Snake Plant","floor":24,"turns":4},{"damage":64,"enemies":"Slavers","floor":25,"turns":7},{"damage":2,"enemies":"Cultist and Chosen","floor":30,"turns":5},{"damage":5,"enemies":"Gremlin Leader","floor":31,"turns":4},{"damage":70,"enemies":"Champ","floor":33,"turns":8}],"seed_played":"3255049280239629565","potions_obtained":[{"floor":1,"key":"FairyPotion"},{"floor":7,"key":"Poison Potion"},{"floor":10,"key":"Poison Potion"},{"floor":18,"key":"AttackPotion"},{"floor":24,"key":"Poison Potion"},{"floor":31,"key":"FearPotion"}],"is_trial":false,"path_per_floor":["M","$","?","M","M","R","E","R","T","E","?","M","E","$","R","B",null,"M","M","?","M","?","R","M","E","T","$","R","T","M","E","R","B"],"character_chosen":"THE_SILENT","items_purchased":["Well Laid Plans","Blood Vial","HornCleat","Snake Skull","GamblersBrew"],"campfire_rested":4,"item_purchase_floors":[2,2,14,27,27],"current_hp_per_floor":[39,39,44,44,46,46,22,43,43,31,24,26,25,25,25,21,59,35,37,37,28,30,51,34,6,6,6,27,27,27,24,45,0,0],"gold":69,"neow_bonus":"TWO_FIFTY_GOLD","is_daily":false,"chose_seed":false,"campfire_upgraded":2,"win_rate":0.0,"timestamp":1614057084,"path_taken":["M","$","?","M","M","R","E","R","T","E","?","M","E","$","R","BOSS","M","M","?","?","?","R","M","E","T","$","R","?","M","E","R","BOSS"],"items_purchased_type":["Card","Relic","Relic","Relic","Potion"],"build_version":"2020-12-22","purchased_purges":0,"victory":false,"max_hp_per_floor":[66,66,71,71,71,71,71,71,71,71,71,71,71,71,71,71,71,71,71,71,71,71,71,71,71,71,71,71,71,71,71,71,71,71],"relic_stats":{"Blood Vial":32,"Centennial Puzzle":[30],"counters":[17,81],"Bronze Scales":[15],"Snake Skull":[26],"Pen Nib":[1],"Art of War":[12],"Black Star":2,"Boot":[158],"MawBank":24,"obtain_stats":[{"Lantern":25,"Snake Skull":27,"Pen Nib":31,"Boot":10,"MawBank":25,"Blood Vial":2,"Centennial Puzzle":7,"HornCleat":14,"Matryoshka":29,"Bronze Scales":31,"Art of War":13,"Black Star":17,"Red Mask":22,"Bag of Marbles":26,"Ring of the Snake":0},{"Lantern":14,"Snake Skull":14,"Pen Nib":16,"Boot":5,"MawBank":14,"Blood Vial":1,"Centennial Puzzle":4,"HornCleat":7,"Matryoshka":14,"Bronze Scales":16,"Art of War":7,"Black Star":8,"Red Mask":12,"Bag of Marbles":14,"Ring of the Snake":0},{"Lantern":64,"Snake Skull":64,"Pen Nib":73,"Boot":24,"MawBank":64,"Blood Vial":5,"Centennial Puzzle":18,"HornCleat":29,"Matryoshka":64,"Bronze Scales":73,"Art of War":29,"Black Star":37,"Red Mask":53,"Bag of Marbles":64,"Ring of the Snake":0}],"Ring of the Snake":[34]},"card_choices":[{"not_picked":["Endless Agony","Cloak And Dagger"],"picked":"Dagger Spray","floor":1},{"not_picked":["Bane","Deadly Poison"],"picked":"Backstab","floor":4},{"not_picked":["Distraction","Bane"],"picked":"Predator","floor":5},{"not_picked":["Heel Hook","Dodge and Roll"],"picked":"Blade Dance","floor":7},{"not_picked":["Dodge and Roll","Caltrops"],"picked":"Die Die Die","floor":10},{"not_picked":["Concentrate","Cloak And Dagger"],"picked":"Bouncing Flask","floor":12},{"not_picked":["Endless Agony","Dagger Spray"],"picked":"Backflip","floor":13},{"not_picked":["Night Terror","Storm of Steel"],"picked":"Die Die Die","floor":16},{"not_picked":["Flechettes","All Out Attack","Slice"],"picked":"SKIP","floor":18},{"not_picked":["Acrobatics","Bane","Poisoned Stab"],"picked":"SKIP","floor":19},{"not_picked":["Concentrate","Acrobatics","Distraction"],"picked":"SKIP","floor":21},{"not_picked":["Slice","Underhanded Strike+1"],"picked":"Backflip","floor":22},{"not_picked":["Eviscerate","Masterful Stab","PiercingWail"],"picked":"SKIP","floor":24},{"not_picked":["Deadly Poison","Underhanded Strike","Night Terror"],"picked":"SKIP","floor":25},{"not_picked":["Choke","Blade Dance"],"picked":"Noxious Fumes","floor":30},{"not_picked":["Slice","Bane"],"picked":"Flying Knee","floor":31}],"player_experience":1580026,"relics_obtained":[{"floor":7,"key":"Centennial Puzzle"},{"floor":10,"key":"Boot"},{"floor":13,"key":"Art of War"},{"floor":22,"key":"Red Mask"},{"floor":25,"key":"MawBank"},{"floor":25,"key":"Lantern"},{"floor":26,"key":"Bag of Marbles"},{"floor":29,"key":"Matryoshka"},{"floor":31,"key":"Pen Nib"},{"floor":31,"key":"Bronze Scales"}],"event_choices":[{"damage_healed":0,"gold_gain":0,"player_choice":"Donut","damage_taken":0,"max_hp_gain":5,"max_hp_loss":0,"event_name":"Big Fish","floor":3,"gold_loss":0},{"cards_removed":["Strike_G"],"damage_healed":0,"gold_gain":0,"player_choice":"Card Removal","damage_taken":7,"max_hp_gain":0,"max_hp_loss":0,"event_name":"Golden Wing","floor":11,"gold_loss":0},{"damage_healed":0,"gold_gain":100,"player_choice":"Bet on Murderer","damage_taken":0,"max_hp_gain":0,"max_hp_loss":0,"event_name":"The Joust","floor":20,"gold_loss":50},{"damage_healed":0,"gold_gain":0,"player_choice":"Fought Bandits","damage_taken":0,"max_hp_gain":0,"max_hp_loss":0,"event_name":"Masked Bandits","floor":22,"gold_loss":0}],"is_beta":false,"boss_relics":[{"not_picked":["Pandora\u0027s Box","Busted Crown"],"picked":"Black Star"}],"items_purged_floors":[],"is_endless":false,"potions_floor_spawned":[1,7,10,12,18,24,31],"killed_by":"Champ","ascension_level":20}}