{"host":"to2s10i0cynxbiqz","time":1614070295,"event":{"mods":["BaseMod","Colored Powertips","Highlight Path","Minty Spire (QoL Compilation)","Quick Restart","StSLib","slay the spire mod where everything is the same but ironclad has a cowboy hat"],"gold_per_floor":[310,321,340,12,12,12,26,26,26,26,45,220,67,87,87,182,182,198,198,198,209,228,254,254,283,283,283,312,332,350,370,370,471,471,483,483,501,275,290,290,310,343,343,361,361,361],"floor_reached":45,"language":"ZHS","playtime":1523,"items_purged":["Defend_B","Doubt","Defend_B"],"score":800,"play_id":"fa37fb41-f463-4c7a-94b2-c3914050af94","local_time":"20210223165135","is_ascension_mode":true,"campfire_choices":[{"data":"Zap","floor":6.0,"key":"SMITH"},{"floor":8.0,"key":"RECALL"},{"data":"Streamline","floor":10.0,"key":"SMITH"},{"floor":15.0,"key":"REST"},{"floor":24.0,"key":"REST"},{"floor":27.0,"key":"REST"},{"floor":32.0,"key":"REST"},{"floor":40.0,"key":"REST"}],"circlet_count":0,"master_deck":["Strike_B","Strike_B","Defend_B","Defend_B","Zap+1","Dualcast","Streamline+1","Coolheaded+1","Gash+1","Beam Cell+1","FTL+1","Hyperbeam+1","Gash+1","Undo+1","Gash+1","Seek+1","Hologram+1","Hologram+1","Scrape+1"],"relics":["Cracked Core","Old Coin","Toxic Egg 2","Molten Egg 2","Fusion Hammer","Turnip","Potion Belt","Singing Bowl","White Beast Statue","SacredBark","Dream Catcher"],"acts_visited":["Exordium","TheCity","TheBeyond"],"potions_floor_usage":[42,44,45],"damage_taken":[{"damage":0.0,"enemies":"Small Slimes","floor":1.0,"turns":2.0},{"damage":1.0,"enemies":"Cultist","floor":2.0,"turns":3.0},{"damage":0.0,"enemies":"2 Louse","floor":3.0,"turns":2.0},{"damage":6.0,"enemies":"Looter","floor":7.0,"turns":2.0},{"damage":7.0,"enemies":"Exordium Wildlife","floor":11.0,"turns":3.0},{"damage":8.0,"enemies":"Large Slime","floor":14.0,"turns":2.0},{"damage":18.0,"enemies":"Slime Boss","floor":16.0,"turns":9.0},{"damage":5.0,"enemies":"Shell Parasite","floor":18.0,"turns":3.0},{"damage":2.0,"enemies":"Chosen","floor":21.0,"turns":3.0},{"damage":0.0,"enemies":"Snake Plant","floor":22.0,"turns":2.0},{"damage":7.0,"enemies":"Book of Stabbing","floor":23.0,"turns":4.0},{"damage":0.0,"enemies":"Gremlin Leader","floor":25.0,"turns":3.0},{"damage":32.0,"enemies":"Slavers","floor":28.0,"turns":5.0},{"damage":4.0,"enemies":"Centurion and Healer","floor":29.0,"turns":3.0},{"damage":0.0,"enemies":"Snecko","floor":30.0,"turns":2.0},{"damage":0.0,"enemies":"Shelled Parasite and Fungi","floor":31.0,"turns":3.0},{"damage":48.0,"enemies":"Automaton","floor":33.0,"turns":8.0},{"damage":1.0,"enemies":"3 Shapes","floor":35.0,"turns":2.0},{"damage":0.0,"enemies":"Orb Walker","floor":37.0,"turns":2.0},{"damage":2.0,"enemies":"Spire Growth","floor":39.0,"turns":3.0},{"damage":0.0,"enemies":"Jaw Worm Horde","floor":41.0,"turns":2.0},{"damage":56,"enemies":"Nemesis","floor":42,"turns":7},{"damage":18,"enemies":"Writhing Mass","floor":44,"turns":4},{"damage":2,"enemies":"2 Orb Walkers","floor":45,"turns":2}],"seed_played":"-6943433234563728289","potions_obtained":[{"floor":1.0,"key":"Swift Potion"},{"floor":7.0,"key":"Weak Potion"},{"floor":11.0,"key":"Weak Potion"},{"floor":18.0,"key":"Swift Potion"},{"floor":20.0,"key":"DuplicationPotion"},{"floor":22.0,"key":"EssenceOfDarkness"},{"floor":25.0,"key":"Weak Potion"},{"floor":29.0,"key":"Explosive Potion"},{"floor":30.0,"key":"SkillPotion"},{"floor":31.0,"key":"Fire Potion"},{"floor":33.0,"key":"Ancient Potion"},{"floor":35.0,"key":"Ancient Potion"},{"floor":37.0,"key":"Energy Potion"},{"floor":39.0,"key":"GamblersBrew"},{"floor":41.0,"key":"PotionOfCapacity"},{"floor":42,"key":"Swift Potion"},{"floor":44,"key":"ColorlessPotion"}],"is_trial":false,"path_per_floor":["M","M","M","$","?","R","M","R","T","R","M","?","$","M","R","B",null,"M","?","?","M","M","E","R","E","T","R","E","M","M","M","R","B",null,"M","?","M","$","M","R","M","E","T","M","?"],"character_chosen":"DEFECT","items_purchased":["Toxic Egg 2","Beam Cell+1","SneckoOil"],"campfire_rested":5,"item_purchase_floors":[4,13,38],"current_hp_per_floor":[75,74,74,74,74,74,68,68,68,68,61,61,61,53,75,57,75,70,70,70,68,68,61,75,75,75,75,43,41,43,45,69,21,81,82,79,81,81,79,81,81,25,25,9,7,7],"gold":361,"neow_bonus":"ONE_RARE_RELIC","is_daily":false,"chose_seed":false,"campfire_upgraded":2,"win_rate":0.0,"timestamp":1614070295,"path_taken":["M","M","M","$","?","R","M","R","T","R","M","?","$","M","R","BOSS","M","?","?","?","M","E","R","E","T","R","E","M","M","M","R","BOSS","M","?","M","$","M","R","M","E","T","M","?"],"items_purchased_type":["Relic","Card","Potion"],"build_version":"2020-12-22","purchased_purges":3,"victory":false,"max_hp_per_floor":[75,75,75,75,75,75,75,75,75,75,75,75,75,75,75,75,75,75,75,75,75,75,75,75,75,75,75,75,77,79,81,81,81,81,83,79,81,81,81,81,81,81,81,83,83,83],"card_choices":[{"not_picked":["Fusion","Steam"],"picked":"Streamline","floor":1.0},{"not_picked":["Conserve Battery","Doom and Gloom","Rebound"],"picked":"SKIP","floor":2.0},{"not_picked":["Rebound","Storm","Doom and Gloom"],"picked":"SKIP","floor":3.0},{"not_picked":["Barrage","Gash"],"picked":"Coolheaded+1","floor":7.0},{"not_picked":["Fusion+1","Self Repair"],"picked":"Gash+1","floor":11.0},{"not_picked":["Compile Driver+1","Steam+1"],"picked":"FTL+1","floor":14.0},{"not_picked":["Thunder Strike+1","Electrodynamics"],"picked":"Hyperbeam+1","floor":16.0},{"not_picked":["Rebound+1","Sweeping Beam+1","Beam Cell+1"],"picked":"SKIP","floor":18.0},{"not_picked":["Stack+1","White Noise+1"],"picked":"Gash+1","floor":21.0},{"not_picked":["Force Field+1","Genetic Algorithm+1"],"picked":"Undo+1","floor":22.0},{"not_picked":["Steam+1","Stack+1","Chill+1"],"picked":"SKIP","floor":23.0},{"not_picked":["Go for the Eyes+1","Ball Lightning+1","Storm"],"picked":"SKIP","floor":25.0},{"not_picked":["Rainbow+1","Streamline+1"],"picked":"Gash+1","floor":28.0},{"not_picked":["Steam+1","Compile Driver+1","Sweeping Beam+1"],"picked":"Singing Bowl","floor":29.0},{"not_picked":["Coolheaded+1","Chaos+1","Steam+1"],"picked":"Singing Bowl","floor":30.0},{"not_picked":["Sweeping Beam+1","Streamline+1","Static Discharge+1"],"picked":"Singing Bowl","floor":31.0},{"not_picked":["Buffer","Fission+1"],"picked":"Seek+1","floor":33.0},{"not_picked":["Steam+1","Leap+1","Coolheaded+1"],"picked":"Singing Bowl","floor":35.0},{"not_picked":["Rebound+1","Ball Lightning+1","Cold Snap+1"],"picked":"Singing Bowl","floor":37.0},{"not_picked":["Turbo+1","Consume+1"],"picked":"Hologram+1","floor":39.0},{"not_picked":["Lockon+1","Go for the Eyes+1"],"picked":"Hologram+1","floor":41.0},{"not_picked":["Heatsinks+1","Darkness+1"],"picked":"Scrape+1","floor":42},{"not_picked":["Stack+1","Beam Cell+1","Genetic Algorithm+1"],"picked":"Singing Bowl","floor":44}],"player_experience":194097,"relics_obtained":[{"floor":9.0,"key":"Molten Egg 2"},{"floor":23.0,"key":"Turnip"},{"floor":25.0,"key":"Potion Belt"},{"floor":26.0,"key":"Singing Bowl"},{"floor":28.0,"key":"White Beast Statue"},{"floor":42,"key":"Dream Catcher"}],"event_choices":[{"cards_removed":["Strike_B"],"damage_healed":0.0,"max_hp_gain":0.0,"max_hp_loss":0.0,"gold_gain":0.0,"event_name":"Living Wall","player_choice":"Forget","floor":5.0,"gold_loss":0.0,"damage_taken":0.0},{"damage_healed":0.0,"max_hp_gain":0.0,"max_hp_loss":0.0,"gold_gain":175.0,"event_name":"Liars Game","player_choice":"AGREE","floor":12.0,"gold_loss":0.0,"damage_taken":0.0,"cards_obtained":["Doubt"]},{"cards_removed":["Strike_B"],"damage_healed":0.0,"max_hp_gain":0.0,"max_hp_loss":0.0,"gold_gain":0.0,"event_name":"Back to Basics","player_choice":"Elegance","floor":19.0,"gold_loss":0.0,"damage_taken":0.0},{"damage_healed":0.0,"max_hp_gain":0.0,"max_hp_loss":0.0,"gold_gain":0.0,"event_name":"Lab","player_choice":"Got Potions","floor":20.0,"gold_loss":0.0,"damage_taken":0.0},{"damage_healed":0.0,"max_hp_gain":0.0,"max_hp_loss":4.0,"gold_gain":0.0,"event_name":"Winding Halls","player_choice":"Max HP","floor":36.0,"gold_loss":0.0,"damage_taken":0.0},{"damage_healed":0,"gold_gain":0,"player_choice":"Fight","damage_taken":0,"max_hp_gain":0,"max_hp_loss":0,"event_name":"Mysterious Sphere","floor":45,"gold_loss":0}],"is_beta":false,"boss_relics":[{"not_picked":["Calling Bell","Sozu"],"picked":"Fusion Hammer"},{"not_picked":["Busted Crown","Runic Pyramid"],"picked":"SacredBark"}],"items_purged_floors":[4,13,38],"is_endless":false,"potions_floor_spawned":[1,7,11,18,22,25,29,30,31,33,35,37,39,41,42,44],"killed_by":"2 Orb Walkers","ascension_level":3}}