{"host":"xwl7b08i4vco8s3a","time":1614088443,"event":{"mods":["BaseMod","Colored Powertips","Downfall","Hermit","Minty Spire (QoL Compilation)","Replay The Spire","StSLib","Wandering Minibosses"],"gold_per_floor":[112,127,127,127,147,162,437,466,539,308,324,340,340,340],"floor_reached":13,"language":"ENG","playtime":774,"items_purged":["hermit:Defend_Hermit"],"score":87,"play_id":"8a5c2434-8690-4a20-8688-eb107bca62b2","local_time":"20210223145403","is_ascension_mode":false,"campfire_choices":[],"circlet_count":0,"master_deck":["hermit:Strike_Hermit","hermit:Strike_Hermit","hermit:Strike_Hermit","hermit:Strike_Hermit","hermit:Defend_Hermit","hermit:Defend_Hermit","hermit:Defend_Hermit","hermit:Snapshot","hermit:Covet","hermit:Quickdraw","hermit:Showdown+1","hermit:Dive","hermit:Snipe","Regret","hermit:Spite","Pot Of Greed","Pot Of Greed","hermit:WideOpen","hermit:EyeOfTheStorm"],"relics":["hermit:Momento","Orichalcum","Gambling Chip","Divine Protection","Grinning Jar"],"acts_visited":["Exordium"],"potions_floor_usage":[6,13],"damage_taken":[{"damage":0,"enemies":"Cultist","floor":1,"turns":4},{"damage":0,"enemies":"Jaw Worm","floor":2,"turns":3},{"damage":0,"enemies":"2 Louse","floor":5,"turns":2},{"damage":10,"enemies":"Lots of Slimes","floor":6,"turns":6},{"damage":41,"enemies":"Gremlin Nob","floor":8,"turns":6},{"damage":0,"enemies":"Red Slaver","floor":11,"turns":3},{"damage":0,"enemies":"Exordium Wildlife","floor":12,"turns":4},{"damage":26,"enemies":"Lagavulin","floor":13,"turns":6}],"seed_played":"-6537419691218461435","potions_obtained":[{"floor":1,"key":"Elixir"},{"floor":5,"key":"ColorlessPotion"},{"floor":6,"key":"SkillPotion"}],"is_trial":false,"path_per_floor":["M","M","?","$","M","M","?","E","T","$","M","M","E"],"character_chosen":"HERMIT","items_purchased":["Grinning Jar"],"campfire_rested":0,"item_purchase_floors":[10],"current_hp_per_floor":[75,75,75,75,75,65,65,24,24,24,24,24,0,0],"gold":340,"neow_bonus":"RANDOM_COMMON_RELIC","is_daily":false,"chose_seed":false,"campfire_upgraded":0,"win_rate":0.0,"timestamp":1614088443,"path_taken":["M","?","?","$","M","M","?","E","T","$","M","?","E"],"items_purchased_type":["Relic"],"build_version":"2020-12-22","purchased_purges":1,"victory":false,"max_hp_per_floor":[75,75,75,75,75,75,75,75,75,75,75,75,75,75],"card_choices":[{"not_picked":["hermit:Gestalt","hermit:SprayPray"],"picked":"hermit:Quickdraw","floor":1},{"not_picked":["hermit:HoleUp","hermit:DeadMansHand"],"picked":"hermit:Showdown","floor":2},{"not_picked":["hermit:WideOpen","hermit:Vantage"],"picked":"hermit:Dive","floor":5},{"not_picked":["hermit:Horror","hermit:LoneWolf"],"picked":"hermit:Snipe","floor":6},{"not_picked":["hermit:GhostlyPresence","hermit:Feint"],"picked":"hermit:Spite","floor":8},{"not_picked":["hermit:TrackingShot","hermit:Vantage"],"picked":"hermit:WideOpen","floor":11},{"not_picked":["hermit:Malice","hermit:DeadMansHand"],"picked":"hermit:EyeOfTheStorm","floor":12}],"player_experience":447163,"relics_obtained":[{"floor":8,"key":"Gambling Chip"},{"floor":9,"key":"Divine Protection"}],"event_choices":[{"damage_healed":0,"gold_gain":0,"player_choice":"Grow","damage_taken":0,"max_hp_gain":0,"max_hp_loss":0,"event_name":"Living Wall","floor":3,"gold_loss":0,"cards_upgraded":["hermit:Showdown"]},{"damage_healed":0,"gold_gain":275,"player_choice":"Desecrate","damage_taken":0,"max_hp_gain":0,"max_hp_loss":0,"event_name":"Golden Shrine","floor":7,"gold_loss":0,"cards_obtained":["Regret"]}],"is_beta":false,"boss_relics":[],"items_purged_floors":[10],"is_endless":false,"potions_floor_spawned":[1,5,6],"killed_by":"Lagavulin","ascension_level":0}}