{"host":"Pascal","time":1614112093,"event":{"mods":["BaseMod","Googly Eyes","Minty Spire (QoL Compilation)","Permanent Neow","Relic Stats","StSLib"],"gold_per_floor":[110,122,82,94,44,44,55,55,103,121,121,121],"floor_reached":11,"language":"ENG","playtime":560,"items_purged":[],"score":88,"play_id":"f2599f5d-bc44-4dae-8834-e7a9747a51e1","local_time":"20210223212813","is_ascension_mode":true,"campfire_choices":[{"data":"Defend_R","floor":6,"key":"SMITH"},{"data":"Cleave","floor":8,"key":"SMITH"}],"circlet_count":0,"master_deck":["Strike_R","Strike_R","Strike_R","Strike_R","Defend_R","Defend_R","Defend_R","Defend_R+1","Bash","Cleave+1","Evolve"],"relics":["Burning Blood","Ice Cream","Ancient Tea Set"],"acts_visited":["Exordium"],"potions_floor_usage":[7,10,11],"damage_taken":[{"damage":4.0,"enemies":"Jaw Worm","floor":1.0,"turns":7.0},{"damage":6.0,"enemies":"Cultist","floor":2.0,"turns":3.0},{"damage":8.0,"enemies":"Small Slimes","floor":4.0,"turns":5.0},{"damage":12,"enemies":"3 Louse","floor":7,"turns":3},{"damage":19,"enemies":"Large Slime","floor":10,"turns":9},{"damage":42,"enemies":"Gremlin Nob","floor":11,"turns":5}],"seed_played":"1727386439835398206","potions_obtained":[{"floor":3.0,"key":"HeartOfIron"},{"floor":3.0,"key":"EssenceOfSteel"},{"floor":3.0,"key":"Dexterity Potion"}],"is_trial":false,"path_per_floor":["M","M","?","M","?","R","M","R","T","M","E"],"character_chosen":"IRONCLAD","items_purchased":[],"campfire_rested":0,"item_purchase_floors":[],"current_hp_per_floor":[53,53,53,51,51,51,45,45,45,32,0,0],"gold":121,"neow_bonus":"ONE_RARE_RELIC","is_daily":false,"chose_seed":false,"campfire_upgraded":2,"win_rate":0.0,"timestamp":1614112093,"path_taken":["M","M","?","?","?","R","M","R","T","M","E"],"items_purchased_type":[],"build_version":"2020-12-18","purchased_purges":0,"victory":false,"max_hp_per_floor":[80,80,80,80,80,80,80,80,80,80,80,80],"relic_stats":{"counters":[6,32],"obtain_stats":[{"Ice Cream":0,"Ancient Tea Set":9,"Burning Blood":0},{"Ice Cream":0,"Ancient Tea Set":4,"Burning Blood":0},{"Ice Cream":0,"Ancient Tea Set":18,"Burning Blood":0}],"Burning Blood":30},"card_choices":[{"not_picked":["Heavy Blade","Clash","Warcry"],"picked":"SKIP","floor":1.0},{"not_picked":["True Grit","Twin Strike"],"picked":"Cleave","floor":2.0},{"not_picked":["Disarm","Bloodletting","Shrug It Off"],"picked":"SKIP","floor":4.0},{"not_picked":["Headbutt","Iron Wave","Body Slam"],"picked":"SKIP","floor":7},{"not_picked":["Iron Wave","Flex"],"picked":"Evolve","floor":10}],"player_experience":193046,"relics_obtained":[{"floor":9,"key":"Ancient Tea Set"}],"event_choices":[{"damage_healed":0.0,"max_hp_gain":0.0,"max_hp_loss":0.0,"gold_gain":0.0,"event_name":"The Woman in Blue","player_choice":"Bought 3 Potions","floor":3.0,"gold_loss":0.0,"damage_taken":0.0},{"cards_removed":["Strike_R"],"damage_healed":0,"gold_gain":0,"player_choice":"Card Removal","damage_taken":0,"max_hp_gain":0,"max_hp_loss":0,"event_name":"The Cleric","floor":5,"gold_loss":50}],"is_beta":true,"boss_relics":[],"items_purged_floors":[],"is_endless":false,"potions_floor_spawned":[4],"killed_by":"Gremlin Nob","ascension_level":7}}