{"host":"hszimsrtxxc2k25w","time":1614093747,"event":{"mods":["AchievementEnabler","BaseMod","Colored Map","DeckTracker","Minty Spire (QoL Compilation)","Rare Cards Sparkle","SuperFastMode"],"gold_per_floor":[368,368,380,380,124,124,138,182,256,269,269,269,57,77,77,77,77],"floor_reached":16,"language":"KOR","playtime":237,"items_purged":["Strike_R","Regret"],"score":200,"play_id":"ba806bc2-689f-4c6e-a28f-6825369f1ef6","local_time":"20210224002227","is_ascension_mode":true,"campfire_choices":[{"data":"Feel No Pain","floor":6,"key":"SMITH"},{"data":"Perfected Strike","floor":15,"key":"SMITH"}],"circlet_count":0,"master_deck":["AscendersBane","Strike_R","Strike_R","Strike_R","Strike_R","Defend_R","Defend_R","Defend_R","Defend_R","Bash+1","Shrug It Off","Finesse","Feel No Pain+1","Perfected Strike+1","Juggernaut","Parasite","Dark Embrace"],"relics":["Burning Blood","Golden Idol","Toy Ornithopter","The Courier","Centennial Puzzle","Omamori"],"acts_visited":["Exordium"],"potions_floor_usage":[8],"damage_taken":[{"damage":1,"enemies":"2 Louse","floor":1,"turns":2},{"damage":6,"enemies":"Cultist","floor":3,"turns":3},{"damage":0,"enemies":"Small Slimes","floor":7,"turns":4},{"damage":44,"enemies":"Gremlin Nob","floor":8,"turns":5},{"damage":6,"enemies":"Looter","floor":10,"turns":4},{"damage":14,"enemies":"Blue Slaver","floor":14,"turns":4},{"damage":0,"enemies":"The Guardian","floor":16,"turns":2}],"seed_played":"-3281719919605623694","potions_obtained":[{"floor":3,"key":"Weak Potion"},{"floor":10,"key":"DuplicationPotion"}],"is_trial":false,"path_per_floor":["M","?","M","?","$","R","M","E","T","M","?","?","$","M","R","B"],"character_chosen":"IRONCLAD","items_purchased":["Finesse","Feel No Pain","Omamori"],"campfire_rested":0,"item_purchase_floors":[5,5,13],"current_hp_per_floor":[68,68,68,62,62,62,62,24,24,24,39,39,39,31,31,31,31],"gold":77,"neow_bonus":"TWO_FIFTY_GOLD","is_daily":false,"chose_seed":false,"campfire_upgraded":2,"win_rate":0.0,"timestamp":1614093747,"path_taken":["M","?","?","?","$","R","M","E","T","M","?","?","?","?","R","BOSS"],"items_purchased_type":["Card","Card","Relic"],"build_version":"2020-12-22","purchased_purges":2,"victory":false,"max_hp_per_floor":[68,68,68,62,62,62,62,62,62,62,62,62,62,62,62,62,62],"card_choices":[{"not_picked":["Clash","Anger","Heavy Blade"],"picked":"SKIP","floor":1},{"not_picked":["Rage","Body Slam"],"picked":"Shrug It Off","floor":3},{"not_picked":["Clothesline","Sword Boomerang"],"picked":"Perfected Strike","floor":7},{"not_picked":["Iron Wave","Thunderclap","Cleave"],"picked":"SKIP","floor":8},{"not_picked":["Twin Strike","Heavy Blade"],"picked":"Juggernaut","floor":10},{"not_picked":["Iron Wave","Twin Strike"],"picked":"Dark Embrace","floor":14}],"player_experience":696493,"relics_obtained":[{"floor":8,"key":"Toy Ornithopter"},{"floor":9,"key":"The Courier"}],"event_choices":[{"damage_healed":0,"gold_gain":0,"player_choice":"Upgraded","damage_taken":0,"max_hp_gain":0,"max_hp_loss":0,"event_name":"Upgrade Shrine","floor":2,"gold_loss":0,"cards_upgraded":["Bash"]},{"damage_healed":0,"gold_gain":0,"player_choice":"Lose Max HP","damage_taken":0,"relics_obtained":["Golden Idol"],"max_hp_gain":0,"max_hp_loss":6,"event_name":"Golden Idol","floor":4,"gold_loss":0},{"damage_healed":15,"gold_gain":0,"player_choice":"Healed and dodged fight","damage_taken":0,"max_hp_gain":0,"max_hp_loss":0,"event_name":"Mushrooms","floor":11,"gold_loss":0,"cards_obtained":["Parasite"]},{"damage_healed":0,"gold_gain":0,"player_choice":"Box","damage_taken":0,"relics_obtained":["Centennial Puzzle"],"max_hp_gain":0,"max_hp_loss":0,"event_name":"Big Fish","floor":12,"gold_loss":0,"cards_obtained":["Regret"]}],"is_beta":false,"boss_relics":[],"items_purged_floors":[5,13],"is_endless":false,"potions_floor_spawned":[3,10],"killed_by":"The Guardian","ascension_level":20}}