{"host":"p8bnstsjdxjza4jm","time":1614054712,"event":{"mods":["BaseMod","Colored Powertips","Minty Spire (QoL Compilation)","Quick Restart","StSLib","Together in Spire"],"gold_per_floor":[115,115,130,55,73,104,116,132,157,157,37,86,97,111,111,215,265,275,275,275,290,310,310,329,89,89,89,106,6,6,19,19,119,119,131,181,56,66,66,66,98,117,142,158,174,174,190,205,205,205],"floor_reached":51,"language":"KOR","playtime":5154,"items_purged":["Strike_B","Defend_B","Defend_B"],"score":667,"play_id":"0fa2706a-1852-4655-bdf5-0069c0fc22f1","local_time":"20210223133152","is_ascension_mode":true,"campfire_choices":[{"data":"Echo Form","floor":10,"key":"SMITH"},{"data":"Chaos","floor":15,"key":"SMITH"},{"data":"Machine Learning","floor":23,"key":"SMITH"},{"data":"Loop","floor":27,"key":"SMITH"},{"floor":32,"key":"REST"},{"data":"Biased Cognition","floor":40,"key":"SMITH"},{"floor":46,"key":"REST"},{"data":"Electrodynamics","floor":49,"key":"SMITH"}],"circlet_count":0,"master_deck":["Strike_B","Strike_B","Defend_B","Defend_B","Zap","Dualcast","Barrage","Chaos+1","Conserve Battery+1","Loop+1","Cold Snap","Leap+1","Echo Form+1","Steam+1","FTL","Machine Learning+1","Auto Shields","Melter","Self Repair+1","Leap+1","BootSequence+1","Chaos+1","Biased Cognition+1","Conserve Battery+1","Force Field+1","Conserve Battery+1","Chaos+1","Redo+1","Redo+1","Electrodynamics+1","Skim+1","Chill+1"],"relics":["Cracked Core","NeowsBlessing","Happy Flower","Ancient Tea Set","Bronze Scales","Tiny House","Bag of Marbles","MutagenicStrength","Toxic Egg 2","War Paint","Nuclear Battery","Ice Cream","Anchor","Regal Pillow"],"acts_visited":["Exordium","TheCity","TheBeyond"],"potions_floor_usage":[16,16,16,28,33,33,33,36,41,50,50],"damage_taken":[{"damage":0,"enemies":"Jaw Worm","floor":1,"turns":1},{"damage":0,"enemies":"Cultist","floor":3,"turns":1},{"damage":0,"enemies":"2 Louse","floor":5,"turns":1},{"damage":8,"enemies":"Lagavulin","floor":6,"turns":9},{"damage":0,"enemies":"2 Fungi Beasts","floor":7,"turns":4},{"damage":6,"enemies":"Looter","floor":8,"turns":3},{"damage":2,"enemies":"Exordium Thugs","floor":13,"turns":5},{"damage":10,"enemies":"Blue Slaver","floor":14,"turns":3},{"damage":4,"enemies":"Slime Boss","floor":16,"turns":5},{"damage":14,"enemies":"Spheric Guardian","floor":18,"turns":5},{"damage":0,"enemies":"3 Byrds","floor":21,"turns":3},{"damage":5,"enemies":"Sentry and Sphere","floor":22,"turns":5},{"damage":13,"enemies":"Snecko","floor":24,"turns":6},{"damage":3,"enemies":"3 Cultists","floor":28,"turns":6},{"damage":6,"enemies":"Chosen and Byrds","floor":31,"turns":5},{"damage":42,"enemies":"Collector","floor":33,"turns":10},{"damage":3,"enemies":"3 Shapes","floor":35,"turns":5},{"damage":1,"enemies":"Mind Bloom Boss Battle","floor":36,"turns":9},{"damage":19,"enemies":"3 Darklings","floor":38,"turns":6},{"damage":57,"enemies":"Giant Head","floor":41,"turns":12},{"damage":23,"enemies":"Jaw Worm Horde","floor":42,"turns":5},{"damage":0,"enemies":"4 Shapes","floor":44,"turns":5},{"damage":9,"enemies":"Transient","floor":45,"turns":5},{"damage":0,"enemies":"Maw","floor":47,"turns":7},{"damage":10,"enemies":"Spire Growth","floor":48,"turns":5},{"damage":54,"enemies":"Donu and Deca","floor":50,"turns":7}],"seed_played":"-6250209237934255731","potions_obtained":[{"floor":7,"key":"Fire Potion"},{"floor":8,"key":"SkillPotion"},{"floor":14,"key":"LiquidMemories"},{"floor":16,"key":"Block Potion"},{"floor":17,"key":"Strength Potion"},{"floor":21,"key":"LiquidBronze"},{"floor":28,"key":"Dexterity Potion"},{"floor":35,"key":"AttackPotion"},{"floor":38,"key":"Regen Potion"},{"floor":42,"key":"Strength Potion"},{"floor":47,"key":"Ancient Potion"}],"is_trial":false,"path_per_floor":["M","?","M","$","M","E","M","M","T","R","$","T","M","M","R","B",null,"M","?","?","M","M","R","M","$","T","R","M","$","?","M","R","B",null,"M","?","$","M","?","R","E","M","T","M","M","R","M","M","R","B",null],"character_chosen":"DEFECT","items_purchased":["Loop","Steam","Toxic Egg 2"],"campfire_rested":2,"item_purchase_floors":[4,11,25],"current_hp_per_floor":[75,75,75,75,75,67,67,61,61,61,61,61,59,49,49,45,80,66,66,66,66,71,71,68,68,68,68,75,75,60,64,85,43,85,82,85,85,76,76,76,43,30,30,40,41,81,85,85,85,31],"gold":205,"neow_bonus":"THREE_ENEMY_KILL","is_daily":false,"chose_seed":false,"campfire_upgraded":6,"win_rate":0.0,"timestamp":1614054712,"path_taken":["M","?","?","?","M","E","M","M","T","R","$","?","M","M","R","BOSS","M","?","?","M","M","R","M","$","T","R","M","$","?","M","R","BOSS","M","?","$","M","?","R","E","M","T","M","M","R","M","M","R","BOSS"],"items_purchased_type":["Card","Card","Relic"],"build_version":"2020-12-22","purchased_purges":3,"victory":true,"max_hp_per_floor":[75,75,75,75,75,75,75,75,75,75,75,75,75,75,75,75,80,80,80,80,80,80,80,80,80,80,80,80,80,85,85,85,85,85,85,85,85,85,85,85,85,85,85,85,85,85,85,85,85,85],"card_choices":[{"not_picked":["Steam","Steam Power"],"picked":"Barrage","floor":1},{"not_picked":["Hologram","Barrage"],"picked":"Conserve Battery","floor":3},{"not_picked":["White Noise","Go for the Eyes"],"picked":"Cold Snap","floor":5},{"not_picked":["Cold Snap","Go for the Eyes"],"picked":"Leap","floor":6},{"not_picked":["Ball Lightning","Go for the Eyes"],"picked":"Echo Form","floor":7},{"not_picked":["Barrage","Sweeping Beam","Stack"],"picked":"SKIP","floor":8},{"not_picked":["Blizzard","Barrage"],"picked":"FTL","floor":13},{"not_picked":["Barrage","Recycle","Rebound"],"picked":"SKIP","floor":14},{"not_picked":["Electrodynamics","Creative AI"],"picked":"Machine Learning","floor":16},{"not_picked":["Chaos","Go for the Eyes"],"picked":"Auto Shields","floor":17},{"not_picked":["Undo","Chill"],"picked":"Melter","floor":18},{"not_picked":["Beam Cell","Scrape"],"picked":"Self Repair+1","floor":21},{"not_picked":["Compile Driver","Hologram+1"],"picked":"Leap+1","floor":22},{"not_picked":["Glacier+1","Compile Driver+1","Turbo"],"picked":"SKIP","floor":24},{"not_picked":["Loop","Turbo+1"],"picked":"BootSequence+1","floor":28},{"not_picked":["Reinforced Body+1","Glacier+1"],"picked":"Chaos+1","floor":31},{"not_picked":["All For One","Reboot+1"],"picked":"Biased Cognition","floor":33},{"not_picked":["Go for the Eyes","Beam Cell+1"],"picked":"Conserve Battery+1","floor":35},{"not_picked":["Sweeping Beam","Beam Cell"],"picked":"Force Field+1","floor":36},{"not_picked":["Beam Cell+1","Ball Lightning"],"picked":"Conserve Battery+1","floor":38},{"not_picked":["Steam+1","Conserve Battery+1"],"picked":"Redo+1","floor":41},{"not_picked":["Static Discharge+1","Compile Driver+1"],"picked":"Redo+1","floor":42},{"not_picked":["Streamline+1","Leap+1"],"picked":"Electrodynamics","floor":44},{"not_picked":["Stack+1","Steam+1"],"picked":"Skim+1","floor":45},{"not_picked":["Stack+1","Conserve Battery+1","Rebound+1"],"picked":"SKIP","floor":47},{"not_picked":["Heatsinks","Beam Cell+1"],"picked":"Chill+1","floor":48}],"player_experience":114932,"relics_obtained":[{"floor":6,"key":"Happy Flower"},{"floor":9,"key":"Ancient Tea Set"},{"floor":12,"key":"Bronze Scales"},{"floor":26,"key":"War Paint"},{"floor":36,"key":"Ice Cream"},{"floor":41,"key":"Anchor"},{"floor":43,"key":"Regal Pillow"}],"event_choices":[{"damage_healed":0,"gold_gain":0,"cards_transformed":["Strike_B"],"player_choice":"Transformed","damage_taken":0,"max_hp_gain":0,"max_hp_loss":0,"event_name":"Transmorgrifier","floor":2,"gold_loss":0,"cards_obtained":["Chaos"]},{"damage_healed":0,"gold_gain":0,"player_choice":"Opened","damage_taken":0,"relics_obtained":["Bag of Marbles"],"max_hp_gain":0,"max_hp_loss":0,"event_name":"The Mausoleum","floor":19,"gold_loss":0},{"damage_healed":0,"gold_gain":0,"player_choice":"Inject Mutagens","damage_taken":0,"relics_obtained":["MutagenicStrength"],"max_hp_gain":0,"max_hp_loss":0,"event_name":"Drug Dealer","floor":20,"gold_loss":0},{"damage_healed":0,"gold_gain":0,"player_choice":"Shed Blood","damage_taken":20,"max_hp_gain":5,"max_hp_loss":0,"event_name":"Forgotten Altar","floor":30,"gold_loss":0},{"damage_healed":0,"gold_gain":0,"player_choice":"Fight","damage_taken":0,"max_hp_gain":0,"max_hp_loss":0,"event_name":"MindBloom","floor":36,"gold_loss":0},{"damage_healed":0,"gold_gain":0,"player_choice":"Copied","damage_taken":0,"max_hp_gain":0,"max_hp_loss":0,"event_name":"Duplicator","floor":39,"gold_loss":0,"cards_obtained":["Chaos"]}],"is_beta":false,"boss_relics":[{"not_picked":["Velvet Choker","Sozu"],"picked":"Tiny House"},{"not_picked":["Runic Pyramid","Black Star"],"picked":"Nuclear Battery"}],"items_purged_floors":[11,29,37],"is_endless":false,"potions_floor_spawned":[7,8,14,16,21,24,28,35,38,42,47],"ascension_level":1}}