{"host":"069ovbzinfpenk8v","time":1614068009,"event":{"mods":["2.2 Compatiblity","AchievementEnabler","Act Like it!","BaseMod","Colored Map","Colored Powertips","Downfall","Highlight Path","Minty Spire (QoL Compilation)","Quick Restart","Random Character Button","Rare Cards Sparkle","Relic Stats","Replay The Spire","StSLib","SuperFastMode","Transform Curses"],"gold_per_floor":[99,199,199,52,202,202,202,235,235,235,235,248,258,285,299,396,396,396,309,309,320,368,380,406,425,531,531,531,562,362,378,389,491,491,491,507,507,523,89,108,108,133,33,47,97,107,139,149,161,161,161,192,192,192,192,192,192],"floor_reached":55,"language":"ENG","playtime":11304,"items_purged":["bronze:Defend"],"score":932,"play_id":"48e28bfa-35ea-4308-ac6d-fdbd262abc03","local_time":"20210223021329","is_ascension_mode":false,"campfire_choices":[{"data":"bronze:Goto","floor":1.0,"key":"SMITH"},{"data":"bronze:BronzeOrb","floor":6.0,"key":"SMITH"},{"floor":18.0,"key":"RECALL"},{"floor":28.0,"key":"REST"},{"data":"bronze:Virus","floor":30.0,"key":"SMITH"},{"floor":35.0,"key":"DIG"},{"data":"expansioncontent:YouAreMine","floor":43.0,"key":"SMITH"},{"data":"bronze:RecursiveStrike","floor":54.0,"key":"SMITH"}],"circlet_count":0,"master_deck":["bronze:Strike+1","bronze:Strike","bronze:Strike","bronze:Strike","bronze:Defend+1","bronze:Defend","bronze:Defend","bronze:Replicate","bronze:Goto+1","bronze:DelayedGuard","bronze:CutThrough","bronze:Boost","bronze:BronzeOrb+1","downfall:Icky","bronze:Iterate","bronze:BronzeOrb+1","bronze:Branch","bronze:Boost","bronze:ChosenStrike","bronze:Virus+1","bronze:BronzeOrb","bronze:Verify+1","Writhe","Injury","bronze:FineTuning+1","bronze:Frontload","bronze:ChosenStrike","bronze:CutThrough+1","bronze:WhirlingStrike+1","bronze:WhirlingStrike","bronze:BronzeOrb","bronze:WhirlingStrike","bronze:RecursiveStrike+1","bronze:Repulsor+1","expansioncontent:YouAreMine+1","bronze:DelayedSlice","bronze:Branch+1","bronze:Optimize+1","bronze:CutThrough+1","bronze:WhirlingStrike+1","bronze:FineTuning+1"],"relics":["bronze:BronzeCore","downfall:HeartsMalice","Lantern","Singing Bowl","Happy Flower","Replay:Ancient Bell","Blood Vial","Mirror","Du-Vu Doll","Simple Rune","Bronze Scales","Blue Doll","Tiny Chest","downfall:HeartBlessingRed","downfall:HeartBlessingGreen","Philosopher\u0027s Stone","Iron Hammer","Vajra","Bag of Preparation","Replay:Ringing Soul","downfall:HeartBlessingBlue","FossilizedHelix","Oddly Smooth Stone","Ice Cream"],"acts_visited":["Exordium","TheCity","TheBeyond","TheEnding"],"potions_floor_usage":[],"damage_taken":[{"damage":0.0,"enemies":"Jaw Worm","floor":3.0,"turns":1.0},{"damage":0.0,"enemies":"downfall:FleeingMerchant","floor":4.0,"turns":1.0},{"damage":0.0,"enemies":"Lagavulin","floor":8.0,"turns":1.0},{"damage":0.0,"enemies":"Cultist","floor":11.0,"turns":1.0},{"damage":0.0,"enemies":"2 Louse","floor":12.0,"turns":2.0},{"damage":1.0,"enemies":"Gremlin Gang","floor":13.0,"turns":5.0},{"damage":18.0,"enemies":"Gremlin Nob","floor":14.0,"turns":4.0},{"damage":0.0,"enemies":"Exordium Thugs","floor":15.0,"turns":3.0},{"damage":5.0,"enemies":"SI_SHIV_ARCHETYPE","floor":16.0,"turns":5.0},{"damage":10.0,"enemies":"Shell Parasite","floor":19.0,"turns":4.0},{"damage":0.0,"enemies":"3 Byrds","floor":21.0,"turns":2.0},{"damage":1.0,"enemies":"Cultist and Chosen","floor":23.0,"turns":4.0},{"damage":15.0,"enemies":"Snecko","floor":25.0,"turns":3.0},{"damage":0.0,"enemies":"Book of Stabbing","floor":29.0,"turns":2.0},{"damage":0.0,"enemies":"Centurion and Healer","floor":31.0,"turns":2.0},{"damage":0.0,"enemies":"Snake Plant","floor":32.0,"turns":2.0},{"damage":8.0,"enemies":"IC_MUSHROOM_ARCHETYPE","floor":33.0,"turns":4.0},{"damage":0.0,"enemies":"Orb Walker","floor":36.0,"turns":1.0},{"damage":0.0,"enemies":"3 Darklings","floor":38.0,"turns":3.0},{"damage":0.0,"enemies":"downfall:FleeingMerchant","floor":39.0,"turns":4.0},{"damage":2.0,"enemies":"Spire Growth","floor":40.0,"turns":3.0},{"damage":0.0,"enemies":"R_Hoarder","floor":42.0,"turns":3.0},{"damage":0.0,"enemies":"Transient","floor":44.0,"turns":5.0},{"damage":0.0,"enemies":"Transient","floor":45.0,"turns":2.0},{"damage":0.0,"enemies":"Jaw Worm Horde","floor":46.0,"turns":2.0},{"damage":4.0,"enemies":"Nemesis","floor":47.0,"turns":5.0},{"damage":0.0,"enemies":"3 Darklings","floor":48.0,"turns":1.0},{"damage":0.0,"enemies":"Spire Growth","floor":49.0,"turns":3.0},{"damage":36.0,"enemies":"DF_ARCHETYPE_ORBS","floor":50.0,"turns":5.0},{"damage":1.0,"enemies":"downfall:CharBossMerchant","floor":52.0,"turns":5.0},{"damage":108,"enemies":"downfall:NeowBoss","floor":55,"turns":9}],"seed_played":"3887403708702892541","potions_obtained":[{"floor":8.0,"key":"DistilledChaos"},{"floor":12.0,"key":"Block Potion"},{"floor":13.0,"key":"Block Potion"},{"floor":31.0,"key":"SneckoOil"},{"floor":36.0,"key":"Explosive Potion"},{"floor":40.0,"key":"bronze:BuildAFunctionPotion"},{"floor":42.0,"key":"EssenceOfSteel"},{"floor":48.0,"key":"SteroidPotion"}],"is_trial":false,"path_per_floor":["R","?","M","$","?","R","T","E","?","?","M","M","M","E","M","B",null,"R","M","?","M","T","M","T","M","?","?","R","E","R","M","M","B",null,"R_BF","M","?","M","$","M","T","E","R","M","?","M","E","M","M","B",null,"E","$","R","B"],"character_chosen":"THE_AUTOMATON","items_purchased":["bronze:Boost","bronze:BronzeOrb","bronze:Optimize+1","Vajra","Bag of Preparation"],"campfire_rested":1,"item_purchase_floors":[4,4,39,39,39],"current_hp_per_floor":[70,70,70,70,70,70,70,70,70,70,70,70,69,51,51,46,70,70,60,60,62,62,63,63,50,33,33,54,56,56,58,62,56,72,72,72,72,72,72,72,72,77,87,89,92,94,92,96,100,64,100,102,102,102,0,0,0],"gold":192,"neow_bonus":"THREE_ENEMY_KILL","is_daily":false,"chose_seed":false,"campfire_upgraded":5,"win_rate":0.0,"timestamp":1614068009,"path_taken":["R","?","?","$","?","R","T","E","?","?","M","M","?","E","M","BOSS","R","M","?","?","?","M","T","?","?","?","R","E","R","M","M","BOSS","R_BF","M","?","M","$","M","T","E","R","M","?","M","E","M","M","BOSS","E","$","R","BOSS"],"items_purchased_type":["Card","Card","Card","Relic","Relic"],"build_version":"2020-12-22","purchased_purges":1,"victory":false,"max_hp_per_floor":[70,70,70,70,70,70,70,70,70,70,70,70,70,70,70,70,70,70,70,70,70,70,70,70,70,70,70,70,70,70,70,72,72,72,72,72,72,72,72,74,74,77,87,89,92,94,96,98,100,100,100,103,103,103,103,103,103],"relic_stats":{"Blood Vial":21,"Singing Bowl":14,"Happy Flower":[27],"counters":[31,94],"Bronze Scales":[107],"Tiny Chest":0,"Bag of Preparation":[22],"obtain_stats":[{"Ice Cream":52,"Lantern":7,"bronze:BronzeCore":0,"Singing Bowl":8,"Vajra":39,"Blue Doll":26,"downfall:HeartBlessingGreen":30,"Bag of Preparation":39,"Blood Vial":17,"Replay:Ringing Soul":42,"downfall:BrokenWingStatue":9,"downfall:HeartBlessingBlue":43,"Tiny Chest":29,"Philosopher\u0027s Stone":34,"Iron Hammer":35,"Happy Flower":14,"downfall:HeartBlessingRed":30,"Oddly Smooth Stone":47,"downfall:HeartsMalice":0,"Replay:Ancient Bell":17,"Du-Vu Doll":17,"Bronze Scales":24,"Simple Rune":22,"Mirror":17,"FossilizedHelix":45},{"Ice Cream":30,"Lantern":2,"bronze:BronzeCore":0,"Singing Bowl":3,"Vajra":20,"Blue Doll":13,"downfall:HeartBlessingGreen":14,"Bag of Preparation":20,"Blood Vial":9,"Replay:Ringing Soul":22,"downfall:BrokenWingStatue":3,"downfall:HeartBlessingBlue":22,"Tiny Chest":14,"Philosopher\u0027s Stone":17,"Iron Hammer":17,"Happy Flower":7,"downfall:HeartBlessingRed":14,"Oddly Smooth Stone":26,"downfall:HeartsMalice":0,"Replay:Ancient Bell":9,"Du-Vu Doll":9,"Bronze Scales":12,"Simple Rune":11,"Mirror":9,"FossilizedHelix":24},{"Ice Cream":85,"Lantern":0,"bronze:BronzeCore":0,"Singing Bowl":0,"Vajra":51,"Blue Doll":33,"downfall:HeartBlessingGreen":35,"Bag of Preparation":51,"Blood Vial":20,"Replay:Ringing Soul":57,"downfall:BrokenWingStatue":0,"downfall:HeartBlessingBlue":57,"Tiny Chest":35,"Philosopher\u0027s Stone":43,"Iron Hammer":43,"Happy Flower":12,"downfall:HeartBlessingRed":35,"Oddly Smooth Stone":71,"downfall:HeartsMalice":0,"Replay:Ancient Bell":20,"Du-Vu Doll":20,"Bronze Scales":30,"Simple Rune":26,"Mirror":20,"FossilizedHelix":64}]},"card_choices":[{"not_picked":["bronze:WildBeam","bronze:OilSpill"],"picked":"bronze:DelayedGuard","floor":3.0},{"not_picked":["bronze:DelayedGuard","bronze:ForceShield"],"picked":"bronze:CutThrough","floor":4.0},{"not_picked":["bronze:BugBarrage","bronze:CutThrough"],"picked":"bronze:Iterate","floor":8.0},{"not_picked":["bronze:DigitalCarnage","bronze:Repulsor"],"picked":"bronze:Branch","floor":11.0},{"not_picked":["bronze:Shield","bronze:WildBeam"],"picked":"bronze:Boost","floor":12.0},{"not_picked":["bronze:Invalidate","bronze:Turbo"],"picked":"bronze:ChosenStrike","floor":13.0},{"not_picked":["bronze:Turbo","bronze:Safeguard"],"picked":"bronze:Virus","floor":14.0},{"not_picked":["bronze:Turbo","bronze:BitShift"],"picked":"bronze:BronzeOrb","floor":15.0},{"not_picked":["bronze:Break","bronze:FindAndReplace"],"picked":"bronze:Verify","floor":16.0},{"not_picked":["ReplayTheSpireMod:Restless Dread","Normality"],"picked":"ReplayTheSpireMod:IOU","floor":17.0},{"not_picked":["Doubt","Delirium"],"picked":"Writhe","floor":17.0},{"not_picked":["CommonCold","Delirium"],"picked":"Injury","floor":17.0},{"not_picked":["bronze:Boost","bronze:WildBeam"],"picked":"bronze:FineTuning+1","floor":19.0},{"not_picked":["bronze:Shell","bronze:BuggyMess+1"],"picked":"bronze:Frontload","floor":21.0},{"not_picked":["bronze:DelayedSlice+1","bronze:Invalidate"],"picked":"bronze:ChosenStrike","floor":23.0},{"not_picked":["bronze:DelayedGuard+1","bronze:ClassDefault"],"picked":"bronze:CutThrough+1","floor":25.0},{"not_picked":["bronze:Overload","bronze:BuggyMess"],"picked":"bronze:WhirlingStrike+1","floor":26.0},{"not_picked":["bronze:BugBarrage","bronze:CloningBeam+1"],"picked":"bronze:WhirlingStrike","floor":26.0},{"not_picked":["bronze:OilSpill","bronze:GetLatest"],"picked":"bronze:BronzeOrb","floor":29.0},{"not_picked":["bronze:Deprecate","bronze:BitShift"],"picked":"bronze:WhirlingStrike","floor":31.0},{"not_picked":["bronze:Safeguard+1","bronze:WildBeam+1","bronze:DigitalCarnage"],"picked":"Singing Bowl","floor":32.0},{"not_picked":["bronze:CleanCode","bronze:ThunderWave"],"picked":"bronze:RecursiveStrike","floor":33.0},{"not_picked":["bronze:CloningBeam","bronze:DelayedGuard"],"picked":"bronze:Repulsor+1","floor":36.0},{"not_picked":["expansioncontent:Chronoboost","expansioncontent:PolyBeam"],"picked":"expansioncontent:YouAreMine","floor":37.0},{"not_picked":["bronze:MaxOutput","bronze:CleanCode"],"picked":"bronze:DelayedSlice","floor":38.0},{"not_picked":["bronze:Overheat","bronze:ChildClass"],"picked":"bronze:Branch+1","floor":39.0},{"not_picked":["bronze:ClassDefault+1","bronze:BitShift","bronze:Repulsor+1"],"picked":"Singing Bowl","floor":40.0},{"not_picked":["bronze:DarkDash","bronze:Branch+1"],"picked":"bronze:CutThrough+1","floor":42.0},{"not_picked":["bronze:BronzeArmor+1","bronze:ChildClass","bronze:Allocate+1"],"picked":"Singing Bowl","floor":44.0},{"not_picked":["bronze:Invalidate","bronze:ChildClass+1"],"picked":"bronze:WhirlingStrike+1","floor":45.0},{"not_picked":["bronze:Overheat+1","bronze:Turbo","bronze:BugBarrage"],"picked":"Singing Bowl","floor":46.0},{"not_picked":["bronze:Turbo","bronze:Optimize+1","bronze:Overload"],"picked":"Singing Bowl","floor":47.0},{"not_picked":["bronze:Overload+1","bronze:Break","bronze:BitShift+1"],"picked":"Singing Bowl","floor":48.0},{"not_picked":["bronze:Overheat+1","bronze:WildBeam","bronze:Boost"],"picked":"Singing Bowl","floor":49.0},{"not_picked":["bronze:Iterate+1","bronze:Invalidate+1"],"picked":"bronze:FineTuning+1","floor":52.0}],"player_experience":579483,"relics_obtained":[{"floor":7.0,"key":"Lantern"},{"floor":8.0,"key":"Singing Bowl"},{"floor":14.0,"key":"Happy Flower"},{"floor":22.0,"key":"Simple Rune"},{"floor":24.0,"key":"Bronze Scales"},{"floor":26.0,"key":"Blue Doll"},{"floor":29.0,"key":"Tiny Chest"},{"floor":35.0,"key":"Iron Hammer"},{"floor":42.0,"key":"Replay:Ringing Soul"},{"floor":45.0,"key":"FossilizedHelix"},{"floor":47.0,"key":"Oddly Smooth Stone"},{"floor":52.0,"key":"Ice Cream"}],"event_choices":[],"is_beta":false,"boss_relics":[{"not_picked":["SacredBark","Replay:Drink Me"],"picked":"Replay:Ancient Bell"},{"not_picked":["MealTicket","Anchor"],"picked":"Blood Vial"},{"not_picked":["Letter Opener","Meat on the Bone"],"picked":"Mirror"},{"not_picked":["Replay:Arrowhead","Peace Pipe"],"picked":"Du-Vu Doll"},{"not_picked":["SlaversCollar","bronze:PlatinumCore"],"picked":"Philosopher\u0027s Stone"}],"items_purged_floors":[39],"is_endless":false,"potions_floor_spawned":[8,12,13,14,16,21,23,31,32,36,40,42,46,48],"killed_by":"downfall:NeowBoss","ascension_level":0}}