{"host":"zk6vb2npgw3pu6j2","time":1614117840,"event":{"mods":["Act Like it!","Aspiration","Bard","BaseMod","Beaked The Cultist","Bestiary","Better Note","Better Sensory Stone","CapriCore","Conspire","Downfall","Friendly Minions","Gensokyo","GifTheSpireLib","Hermit","Hubris","Koishi","Marisa????????","Marked Mod","Minty Spire (QoL Compilation)","Quarter Circle Forward PUNCH!","Reimu??????","Reliquary","Replay The Spire","Retaliation","Ruina","StSLib","The Administrix","The Alterego","The Blue Laboratory","The Bug Knight","The Construct","The Exalted","The Hierophant","The Immortal","The Marked","The Runesmith","The Senshi","The Servant 0.9.4","The Wild Card","TheVacant","Wandering Minibosses","yUi"],"gold_per_floor":[111,111,131,145,145,145,157,23,23,23,23,51,51,51,51,156,156,171,191,202,80,80,80,80,5,5,23,23,37,102,102,102],"floor_reached":31,"language":"ENG","playtime":1437,"items_purged":["theSenshi:SailorKick"],"score":233,"play_id":"9caaab9e-23df-4b2f-8e9c-a1f8cf55d426","local_time":"20210223170400","is_ascension_mode":false,"campfire_choices":[{"data":"theSenshi:MoonTiaraMagic","floor":6,"key":"SMITH"},{"data":"theSenshi:UranusStrength","floor":10,"key":"SMITH"},{"data":"theSenshi:MoonGorgeousMeditation","floor":13,"key":"SMITH"},{"floor":15,"key":"REST"},{"floor":23,"key":"RECALL"}],"circlet_count":0,"master_deck":["theSenshi:SailorKick","theSenshi:SailorKick","theSenshi:SailorKick","theSenshi:SailorBlock","theSenshi:SailorBlock","theSenshi:SailorBlock","theSenshi:SailorBlock","theSenshi:RoseThrow","theSenshi:MoonPrismPowerMakeUp","Gensokyo:CrescentMoonSlash","theSenshi:SailorVenusAssists","theSenshi:UranusStrength+1","theSenshi:MoonPunch","theSenshi:MoonPunch","theSenshi:MoonTiaraMagic+1","theSenshi:TuxedoSmokingBomber","theSenshi:MoonGorgeousMeditation+1","theSenshi:StudyParty+1","theSenshi:KlutzyLuck+1","theSenshi:CrisisMakeUp+1","theSenshi:MoonTiaraMagic","Gensokyo:BlemishedSteel","Guardian:DecasProtection","theSenshi:MercurysCunning+1","theSenshi:SailorPlanetPower","ReplayTheSpireMod:Splinters","theSenshi:InTheNameOfTheMoon"],"relics":["theSenshi:TransformationBroochRelic","Bromod:ArcaneGuardian","Frozen Egg 2","Painkiller Herb","theSenshi:TiaraRelic","hubris:Spice","Bromod:ArcaneAegis","Vajra","reliquary:IridiumChain"],"acts_visited":["Gensokyo:Gensokyo","Gensokyo:Gensokyoer"],"potions_floor_usage":[16],"damage_taken":[{"damage":0,"enemies":"Gensokyo:3_Fairies","floor":1,"turns":3},{"damage":3,"enemies":"Gensokyo:Python","floor":3,"turns":3},{"damage":0,"enemies":"Gensokyo:Gryphon","floor":4,"turns":4},{"damage":5,"enemies":"Gensokyo:Kitsune","floor":7,"turns":3},{"damage":30,"enemies":"Gensokyo:Cirno","floor":12,"turns":5},{"damage":13,"enemies":"Gensokyo:Kokoro","floor":16,"turns":11},{"damage":4,"enemies":"Gensokyo:2_Gloops","floor":18,"turns":4},{"damage":11,"enemies":"Gensokyo:Chomper","floor":19,"turns":4},{"damage":15,"enemies":"Gensokyo:Slime_Group","floor":20,"turns":4},{"damage":16,"enemies":"Gensokyo:Wraith","floor":27,"turns":5},{"damage":28,"enemies":"Gensokyo:Chomper_and_Gloop","floor":29,"turns":5},{"damage":18,"enemies":"Gensokyo:3_Gloops","floor":31,"turns":3}],"seed_played":"7784826690810272067","potions_obtained":[{"floor":7,"key":"Swift Potion"},{"floor":20,"key":"Explosive Potion"},{"floor":29,"key":"blueLaboratory:BottleOfVodka"},{"floor":30,"key":"conspire:TimeTravelPotion"}],"is_trial":false,"path_per_floor":["M","?","M","M","?","R","M","COS","T","R","T","E","R","$","R","B",null,"?","?","?","COS","?","T","?","T","T","?","T","?","?","?"],"character_chosen":"THE_SENSHI","items_purchased":[],"campfire_rested":1,"item_purchase_floors":[],"current_hp_per_floor":[64,72,69,69,69,69,64,64,64,64,64,34,34,34,56,43,75,71,68,53,53,53,53,61,61,61,45,45,17,17,0,0],"gold":102,"neow_bonus":"RANDOM_EVENT","is_daily":false,"chose_seed":false,"campfire_upgraded":3,"win_rate":0.0,"timestamp":1614117840,"path_taken":["M","?","?","M","?","R","?","COS","T","R","?","E","R","$","R","BOSS","?","?","?","COS","?","T","?","T","T","?","T","?","?","?"],"items_purchased_type":[],"build_version":"2020-12-22","purchased_purges":1,"victory":false,"max_hp_per_floor":[75,75,75,75,75,75,75,75,75,75,75,75,75,75,75,75,75,75,83,83,83,83,83,83,83,83,83,83,83,83,83,83],"card_choices":[{"not_picked":["theSenshi:MoonPrincessHalation","theSenshi:SchoolBag"],"picked":"theSenshi:SailorVenusAssists","floor":1},{"not_picked":["theSenshi:Sidestep","theSenshi:SchoolBag"],"picked":"theSenshi:UranusStrength","floor":3},{"not_picked":["theSenshi:LateForSchool","theSenshi:TallSilhouette"],"picked":"theSenshi:MoonPunch","floor":4},{"not_picked":["theSenshi:SailorChibiMoonAssists","theSenshi:SteeledNerves"],"picked":"theSenshi:MoonPunch","floor":5},{"not_picked":["theSenshi:SchoolBag","theSenshi:MoonsReflection"],"picked":"theSenshi:MoonTiaraMagic","floor":5},{"not_picked":["theSenshi:SchoolBag","theSenshi:MoonPunch"],"picked":"theSenshi:TuxedoSmokingBomber","floor":7},{"not_picked":["theSenshi:MoonTwilightFlash","theSenshi:TuxedoSmokingBomber"],"picked":"theSenshi:MoonGorgeousMeditation","floor":12},{"not_picked":["theSenshi:InTheNameOfTheMoon","theSenshi:SailorStarHealerAssists"],"picked":"theSenshi:StudyParty+1","floor":16},{"not_picked":["theSenshi:TuxedoSmokingBomber","theSenshi:LateForSchool"],"picked":"theSenshi:KlutzyLuck+1","floor":18},{"not_picked":["theSenshi:SaturnsMystery","theSenshi:MoonsReflection"],"picked":"theSenshi:CrisisMakeUp+1","floor":19},{"not_picked":["theSenshi:SailorNeptuneAssists","theSenshi:OdangoHead"],"picked":"theSenshi:MoonTiaraMagic","floor":20},{"not_picked":["theSenshi:VenusGlamour","theSenshi:MoonsReflection"],"picked":"theSenshi:MercurysCunning+1","floor":27},{"not_picked":["theSenshi:PlutosSolemnity+1","theSenshi:SailorVenusAssists"],"picked":"theSenshi:SailorPlanetPower","floor":29},{"not_picked":["theSenshi:VenusGlamour","theSenshi:TuxedoSmokingBomber"],"picked":"theSenshi:InTheNameOfTheMoon","floor":30}],"player_experience":316818,"relics_obtained":[{"floor":9,"key":"Bromod:ArcaneGuardian"},{"floor":12,"key":"Frozen Egg 2"},{"floor":26,"key":"Bromod:ArcaneAegis"},{"floor":30,"key":"reliquary:IridiumChain"}],"event_choices":[],"is_beta":false,"boss_relics":[{"not_picked":["Velvet Choker","bronze:MakeshiftBattery"],"picked":"Painkiller Herb"}],"items_purged_floors":[25],"is_endless":false,"potions_floor_spawned":[7,20,29],"killed_by":"Gensokyo:3_Gloops","ascension_level":0}}