{"host":"rby9tmzevanrudcg","time":1614038949,"event":{"mods":["Act Like it!","Arknights","BaseMod","GifTheSpireLib","Minty Spire (QoL Compilation)","Quick Restart","StSLib","SuperFastMode"],"gold_per_floor":[114,114,64,74,74,74,109,128,154,154,39,51,51,77,77,177,177,197,197,122,140,140,165,165,184,229,229,129,161,176,51,51,152,152,162,178,194,206,219,250,250,250,325,325,325,351,364,378,378,378,378,378,49,78,78],"floor_reached":56,"language":"ZHS","playtime":3441,"items_purged":["Regret","ats:Strike C","ats:Strike V"],"score":1255,"play_id":"58e64164-7b5d-4722-a900-66ae2fae1c68","local_time":"20210223080909","is_ascension_mode":false,"campfire_choices":[{"data":"ats:Emotion Absorption","floor":6.0,"key":"SMITH"},{"data":"ats:Powerful Strike","floor":10.0,"key":"SMITH"},{"data":"ats:Nebulous Foxfire","floor":15.0,"key":"SMITH"},{"data":"ats:Calcification","floor":24.0,"key":"SMITH"},{"data":"ats:Assault Order","floor":27,"key":"SMITH"},{"data":"ats:Support Order","floor":32,"key":"SMITH"},{"data":"ats:Durian","floor":42,"key":"SMITH"},{"floor":49,"key":"RECALL"},{"data":"ats:Consecutive Shot Auto","floor":52,"key":"SMITH"}],"circlet_count":0,"master_deck":["ats:Strike S","ats:Armor Crushing Shot","ats:Defend+1","ats:Defend+1","ats:Defend+1","ats:Emotion Absorption+1","ats:Rapid Magazine+1","ats:Consecutive Shot Auto+1","ats:Powerful Strike+1","ats:Healing Drone","ats:Rapid Magazine","ats:Nebulous Foxfire+1","ats:Calcification+1","ats:Assault Order+1","ats:Thorns+1","ats:Nebulous Foxfire+1","ats:Encircling Forest+1","ats:Directed Diagnosis+1","ats:Support Order+1","ats:Roar Of Ursus+1","ats:Demon Strength+1","ats:Durian+1","ats:Charging Defense+1","Sadistic Nature+1","Deep Breath+1","ats:Calcification+1","ats:Poison Spread","Mayhem+1","ats:Defend Order+1","ats:Chain Hook"],"relics":["ats:Sanity","NeowsBlessing","Pen Nib","ats:Originium","ats:Hidden Killer","War Paint","Frozen Egg 2","Black Star","Strawberry","CaptainsWheel","Akabeko","Bag of Marbles","ats:Rhine Circuitry","Coffee Dripper","Toxic Egg 2","Boot","Gremlin Horn","Juzu Bracelet","Bottled Lightning","Oddly Smooth Stone","Sundial"],"acts_visited":["Exordium","TheCity","TheBeyond","TheEnding"],"potions_floor_usage":[55,55],"damage_taken":[{"damage":0.0,"enemies":"Jaw Worm","floor":1.0,"turns":1.0},{"damage":0.0,"enemies":"ats:Genji","floor":4.0,"turns":1.0},{"damage":0.0,"enemies":"Lagavulin","floor":7.0,"turns":1.0},{"damage":2.0,"enemies":"2 Louse","floor":8.0,"turns":4.0},{"damage":0.0,"enemies":"Large Slime","floor":12.0,"turns":4.0},{"damage":51.0,"enemies":"3 Sentries","floor":14.0,"turns":10.0},{"damage":43.0,"enemies":"Hexaghost","floor":16.0,"turns":12.0},{"damage":43.0,"enemies":"2 Thieves","floor":18.0,"turns":5.0},{"damage":32.0,"enemies":"3 Byrds","floor":21.0,"turns":10.0},{"damage":77.0,"enemies":"Slavers","floor":23.0,"turns":13.0},{"damage":15,"enemies":"Snake Plant","floor":25,"turns":6},{"damage":20,"enemies":"Book of Stabbing","floor":29,"turns":4},{"damage":22,"enemies":"3 Cultists","floor":30,"turns":8},{"damage":148,"enemies":"Automaton","floor":33,"turns":20},{"damage":0,"enemies":"Orb Walker","floor":35,"turns":1},{"damage":36,"enemies":"3 Darklings","floor":36,"turns":11},{"damage":37,"enemies":"Spire Growth","floor":37,"turns":6},{"damage":27,"enemies":"Maw","floor":38,"turns":9},{"damage":17,"enemies":"Jaw Worm Horde","floor":39,"turns":7},{"damage":118,"enemies":"Giant Head","floor":40,"turns":12},{"damage":94,"enemies":"Nemesis","floor":46,"turns":15},{"damage":9,"enemies":"Writhing Mass","floor":47,"turns":4},{"damage":31,"enemies":"Transient","floor":48,"turns":5},{"damage":74,"enemies":"Time Eater","floor":50,"turns":15},{"damage":56,"enemies":"Shield and Spear","floor":54,"turns":12},{"damage":87,"enemies":"The Heart","floor":55,"turns":12}],"seed_played":"-3565057085037498953","potions_obtained":[{"floor":12.0,"key":"BlessingOfTheForge"},{"floor":14.0,"key":"FearPotion"},{"floor":16.0,"key":"Explosive Potion"},{"floor":30,"key":"ats:Emergency Sanity Potion"},{"floor":33,"key":"AttackPotion"},{"floor":38,"key":"SteroidPotion"}],"is_trial":false,"path_per_floor":["M","?","?","M","?","R","E","M","T","R","$","M","?","E","R","B",null,"M","?","?","M","?","E","R","M","T","R","$","E","M","$","R","B",null,"M","M","M","M","M","E","?","R","T","?","?","E","M","M","R","B",null,"R","$","E","B",null],"character_chosen":"DOCTOR_CLASS","items_purchased":["ats:Healing Drone","ats:Poison Spread","Mayhem+1","ats:Defend Order+1","Strength Potion"],"campfire_rested":0,"item_purchase_floors":[11,53,53,53,53],"current_hp_per_floor":[72,58,58,58,58,58,58,56,56,56,56,62,50,17,17,41,72,45,32,32,55,55,84,84,84,84,84,84,82,84,84,84,48,84,84,84,79,75,84,54,44,44,44,44,44,80,80,55,55,80,80,80,80,80,80],"gold":78,"neow_bonus":"THREE_ENEMY_KILL","is_daily":false,"chose_seed":false,"campfire_upgraded":8,"win_rate":0.0,"timestamp":1614038949,"path_taken":["M","?","?","M","?","R","E","M","T","R","$","M","?","E","R","BOSS","M","?","?","M","?","E","R","?","T","R","$","E","M","$","R","BOSS","M","M","M","M","M","E","?","R","T","?","?","E","M","M","R","BOSS","R","$","E","BOSS"],"items_purchased_type":["Card","Card","Card","Card","Potion"],"build_version":"2020-12-22","purchased_purges":3,"victory":true,"max_hp_per_floor":[72,72,72,72,72,72,72,72,72,72,72,72,72,72,72,72,72,72,77,77,77,77,84,84,84,84,84,84,84,84,84,84,84,84,84,84,84,84,84,84,84,84,84,80,80,80,80,80,80,80,80,80,80,80,80],"card_choices":[{"not_picked":["ats:Curse Doll","ats:Flexible Camouflage"],"picked":"ats:Rapid Magazine","floor":1.0},{"not_picked":["ats:Soul Absorption","ats:Absolute Focus"],"picked":"ats:Consecutive Shot Auto","floor":4.0},{"not_picked":["ats:Leaping Hammer","ats:Automatic Cover"],"picked":"ats:Powerful Strike","floor":7.0},{"not_picked":["ats:Absolute Focus","ats:Very Hot Blade","ats:Ignite"],"picked":"SKIP","floor":8.0},{"not_picked":["ats:Steam Pump","ats:Absolute Focus"],"picked":"ats:Rapid Magazine","floor":12.0},{"not_picked":["ats:Apocalypse","ats:Healing Drone"],"picked":"ats:Nebulous Foxfire","floor":14.0},{"not_picked":["ats:Soul Rend+1","ats:Rat Pack"],"picked":"ats:Calcification","floor":16.0},{"not_picked":["ats:Closed Bolt Burst Fire","ats:Curse Doll"],"picked":"ats:Assault Order","floor":18.0},{"not_picked":["ats:LN2 Cannon","ats:Poison Spread"],"picked":"ats:Thorns+1","floor":21.0},{"not_picked":["ats:Blood Oath","ats:Charging Defense"],"picked":"ats:Encircling Forest+1","floor":23.0},{"not_picked":["ats:Revitalization+1","ats:Shell Defense"],"picked":"ats:Directed Diagnosis+1","floor":25},{"not_picked":["ats:Poison Spread+1","ats:Volcano"],"picked":"ats:Support Order","floor":29},{"not_picked":["ats:Revitalization","ats:Hammer On","ats:Ignite+1"],"picked":"SKIP","floor":30},{"not_picked":["ats:Echo Reverb","ats:Ambush+1"],"picked":"ats:Roar Of Ursus+1","floor":33},{"not_picked":["ats:Explosion Area Strengthen+1","ats:Collapsing Strike+1","ats:Curse Doll+1"],"picked":"SKIP","floor":35},{"not_picked":["ats:Shell Defense+1","ats:Burning Ground+1"],"picked":"ats:Demon Strength+1","floor":36},{"not_picked":["ats:Very Hot Blade+1","ats:Assault Order"],"picked":"ats:Durian","floor":37},{"not_picked":["ats:Explosion Area Strengthen","ats:Guardian Obelisk","ats:Flexible Camouflage"],"picked":"SKIP","floor":38},{"not_picked":["ats:Leaping Hammer+1","ats:Absolute Focus","ats:Soul Rend+1"],"picked":"SKIP","floor":39},{"not_picked":["ats:Guard Mode+1","ats:Closed Bolt Burst Fire"],"picked":"ats:Charging Defense+1","floor":40},{"not_picked":["Bandage Up+1","Finesse+1"],"picked":"Sadistic Nature+1","floor":41},{"not_picked":["Mind Blast","Dark Shackles+1"],"picked":"Deep Breath+1","floor":41},{"not_picked":["ats:Part Time Job+1","ats:Revitalization+1","ats:Shell Defense+1"],"picked":"SKIP","floor":46},{"not_picked":["ats:Burning Ground+1","ats:Apocalypse+1","ats:Guard Mode+1"],"picked":"SKIP","floor":47},{"not_picked":["ats:Poison Spread","ats:Counter Healing Mode+1"],"picked":"ats:Calcification+1","floor":48},{"not_picked":["ats:Directed Diagnosis+1","ats:Cat Scratch"],"picked":"ats:Chain Hook","floor":54}],"player_experience":121807,"relics_obtained":[{"floor":7.0,"key":"ats:Originium"},{"floor":7.0,"key":"ats:Hidden Killer"},{"floor":14.0,"key":"ats:Originium"},{"floor":14.0,"key":"Frozen Egg 2"},{"floor":23.0,"key":"ats:Originium"},{"floor":23.0,"key":"Strawberry"},{"floor":23.0,"key":"CaptainsWheel"},{"floor":26,"key":"Akabeko"},{"floor":29,"key":"ats:Originium"},{"floor":29,"key":"Bag of Marbles"},{"floor":29,"key":"ats:Rhine Circuitry"},{"floor":40,"key":"Toxic Egg 2"},{"floor":40,"key":"Boot"},{"floor":43,"key":"Gremlin Horn"},{"floor":46,"key":"Juzu Bracelet"},{"floor":46,"key":"Bottled Lightning"},{"floor":54,"key":"Oddly Smooth Stone"},{"floor":54,"key":"Sundial"}],"event_choices":[{"damage_healed":0.0,"max_hp_gain":0.0,"max_hp_loss":0.0,"gold_gain":0.0,"event_name":"Shining Light","player_choice":"Entered Light","floor":2.0,"gold_loss":0.0,"damage_taken":14.0,"cards_upgraded":["ats:Rapid Magazine","ats:Defend"]},{"cards_removed":["ats:Strike G"],"damage_healed":0.0,"max_hp_gain":0.0,"max_hp_loss":0.0,"gold_gain":0.0,"event_name":"The Cleric","player_choice":"Card Removal","floor":3.0,"gold_loss":50.0,"damage_taken":0.0},{"damage_healed":0.0,"max_hp_gain":0.0,"max_hp_loss":0.0,"gold_gain":0.0,"event_name":"Big Fish","player_choice":"Box","floor":5.0,"gold_loss":0.0,"damage_taken":0.0,"relics_obtained":["Pen Nib"],"cards_obtained":["Regret"]},{"damage_healed":0.0,"max_hp_gain":0.0,"max_hp_loss":0.0,"gold_gain":0.0,"event_name":"Scrap Ooze","player_choice":"Success","floor":13.0,"gold_loss":0.0,"damage_taken":12.0,"relics_obtained":["War Paint"]},{"damage_healed":0.0,"max_hp_gain":5.0,"max_hp_loss":0.0,"gold_gain":0.0,"event_name":"Forgotten Altar","player_choice":"Shed Blood","floor":19.0,"gold_loss":0.0,"damage_taken":18.0},{"cards_removed":["ats:Defend"],"damage_healed":0.0,"max_hp_gain":0.0,"max_hp_loss":0.0,"gold_gain":0.0,"event_name":"Beggar","player_choice":"Gave Gold","floor":20.0,"gold_loss":75.0,"damage_taken":0.0},{"damage_healed":0.0,"max_hp_gain":0.0,"max_hp_loss":0.0,"gold_gain":0.0,"event_name":"Duplicator","player_choice":"Copied","floor":22.0,"gold_loss":0.0,"damage_taken":0.0,"cards_obtained":["ats:Nebulous Foxfire"]},{"damage_healed":0,"gold_gain":0,"player_choice":"Memory 3","damage_taken":10,"max_hp_gain":0,"max_hp_loss":0,"event_name":"SensoryStone","floor":41,"gold_loss":0},{"damage_healed":0,"gold_gain":0,"player_choice":"Max HP","damage_taken":0,"max_hp_gain":0,"max_hp_loss":4,"event_name":"Winding Halls","floor":44,"gold_loss":0},{"damage_healed":0,"gold_gain":0,"player_choice":"Ignored","damage_taken":0,"max_hp_gain":0,"max_hp_loss":0,"event_name":"SecretPortal","floor":45,"gold_loss":0}],"is_beta":false,"boss_relics":[{"not_picked":["Velvet Choker","Runic Dome"],"picked":"Black Star"},{"not_picked":["Astrolabe","Tiny House"],"picked":"Coffee Dripper"}],"items_purged_floors":[11,28,31],"is_endless":false,"potions_floor_spawned":[12,14,16,30,33,35,38,40,46,47,54],"ascension_level":0}}