{"host":"srk2drlvga69hbot","time":1614041683,"event":{"mods":["AchievementEnabler","BaseMod","Best Route Mod","Bestiary","Block Reminder","Colored Map","Colored Powertips","Curses Come First","Dark Map","DeckTracker","Downfall","Highlight Path","Minty Spire (QoL Compilation)","Quick Restart","Rare Cards Sparkle","Relic Stats","Slay-I","StSLib","SuperFastMode","Unceasing Turn Reminder"],"gold_per_floor":[109,109,127,127,142,142,157,186,236,251,176,176,12,39,39,39,39],"floor_reached":16,"language":"ZHS","playtime":502,"items_purged":[],"score":198,"play_id":"d6726669-3c44-4098-90f4-44343e597582","local_time":"20210223085443","is_ascension_mode":true,"campfire_choices":[{"data":"Bash","floor":6.0,"key":"SMITH"},{"data":"Sword Boomerang","floor":12.0,"key":"SMITH"},{"floor":15,"key":"REST"}],"circlet_count":0,"master_deck":["AscendersBane","Strike_R","Strike_R","Strike_R","Defend_R","Defend_R","Defend_R","Defend_R","Bash+1","Warcry","Power Through+1","Sword Boomerang+1","Flex+1"],"relics":["Burning Blood","NeowsBlessing","Toxic Egg 2","Oddly Smooth Stone","Anchor","Juzu Bracelet","Pen Nib"],"acts_visited":["Exordium"],"potions_floor_usage":[14],"damage_taken":[{"damage":0.0,"enemies":"2 Louse","floor":1.0,"turns":1.0},{"damage":0.0,"enemies":"Cultist","floor":3.0,"turns":1.0},{"damage":0.0,"enemies":"Small Slimes","floor":5.0,"turns":1.0},{"damage":2.0,"enemies":"3 Louse","floor":7.0,"turns":4.0},{"damage":35.0,"enemies":"Lagavulin","floor":8.0,"turns":6.0},{"damage":10.0,"enemies":"Gremlin Gang","floor":10.0,"turns":6.0},{"damage":12,"enemies":"Gremlin Nob","floor":14,"turns":3},{"damage":44,"enemies":"Slime Boss","floor":16,"turns":7}],"seed_played":"-5418893444894725266","potions_obtained":[{"floor":1.0,"key":"SteroidPotion"},{"floor":5.0,"key":"Ancient Potion"},{"floor":10.0,"key":"DistilledChaos"},{"floor":14,"key":"Swift Potion"}],"is_trial":false,"path_per_floor":["M","?","M","?","M","R","M","E","T","M","?","R","$","E","R","B"],"character_chosen":"IRONCLAD","items_purchased":["Juzu Bracelet"],"campfire_rested":1,"item_purchase_floors":[13],"current_hp_per_floor":[74,74,75,57,63,63,67,38,38,34,34,34,34,28,50,6,6],"gold":39,"neow_bonus":"THREE_ENEMY_KILL","is_daily":false,"chose_seed":false,"campfire_upgraded":2,"win_rate":0.0,"timestamp":1614041683,"path_taken":["M","?","?","?","M","R","M","E","T","M","?","R","$","E","R","BOSS"],"items_purchased_type":["Relic"],"build_version":"2020-12-22","purchased_purges":0,"victory":false,"max_hp_per_floor":[75,75,75,75,75,75,75,75,75,75,75,75,75,75,75,75,75],"relic_stats":{"counters":[8,29],"Pen Nib":[1],"Juzu Bracelet":0,"obtain_stats":[{"Anchor":9,"NeowsBlessing":0,"Oddly Smooth Stone":8,"Pen Nib":14,"Juzu Bracelet":13,"Toxic Egg 2":4,"Burning Blood":0},{"Anchor":5,"NeowsBlessing":0,"Oddly Smooth Stone":5,"Pen Nib":7,"Juzu Bracelet":6,"Toxic Egg 2":2,"Burning Blood":0},{"Anchor":13,"NeowsBlessing":0,"Oddly Smooth Stone":13,"Pen Nib":22,"Juzu Bracelet":19,"Toxic Egg 2":2,"Burning Blood":0}],"Burning Blood":37},"card_choices":[{"not_picked":["Infernal Blade","Entrench"],"picked":"Warcry","floor":1.0},{"not_picked":["Warcry","True Grit","Ghostly Armor"],"picked":"SKIP","floor":3.0},{"not_picked":["Thunderclap","Wild Strike"],"picked":"Power Through+1","floor":5.0},{"not_picked":["Havoc+1","Perfected Strike"],"picked":"Sword Boomerang","floor":7.0},{"not_picked":["Bludgeon","Sentinel+1"],"picked":"Flex+1","floor":8.0},{"not_picked":["Cleave","True Grit+1","Body Slam"],"picked":"SKIP","floor":10.0},{"not_picked":["Burning Pact+1","Infernal Blade+1","Havoc+1"],"picked":"SKIP","floor":14}],"player_experience":312409,"relics_obtained":[{"floor":8.0,"key":"Oddly Smooth Stone"},{"floor":9.0,"key":"Anchor"},{"floor":14,"key":"Pen Nib"}],"event_choices":[{"cards_removed":["Strike_R"],"damage_healed":0.0,"max_hp_gain":0.0,"max_hp_loss":0.0,"gold_gain":0.0,"event_name":"Bonfire Elementals","player_choice":"Offered Basic","floor":2.0,"gold_loss":0.0,"damage_taken":0.0},{"damage_healed":0.0,"max_hp_gain":0.0,"max_hp_loss":0.0,"gold_gain":0.0,"event_name":"Scrap Ooze","player_choice":"Success","floor":4.0,"gold_loss":0.0,"damage_taken":18.0,"relics_obtained":["Toxic Egg 2"]},{"cards_removed":["Strike_R"],"damage_healed":0.0,"max_hp_gain":0.0,"max_hp_loss":0.0,"gold_gain":0.0,"event_name":"The Cleric","player_choice":"Card Removal","floor":11.0,"gold_loss":75.0,"damage_taken":0.0}],"is_beta":false,"boss_relics":[],"items_purged_floors":[],"is_endless":false,"potions_floor_spawned":[1,5,10,14],"killed_by":"Slime Boss","ascension_level":16}}