{"host":"at5b10nm0iti0w4x","time":1614041626,"event":{"mods":["2.2 Compatiblity","AchievementEnabler","BaseMod","Bestiary","Block Reminder","Colored Map","Colored Powertips","Highlight Path","Keyboard Shortcuts","Minty Spire (QoL Compilation)","Quick Restart","Relic Stats","Slay the Relics Exporter","StSLib","SuperFastMode","Unknown Chances"],"gold_per_floor":[119,294,310,310,38,38,49,64,64,75,108,108,119,133,133,228,228,246,262,82,82,82,82,82,114,114,148,148,173,184,184,184],"floor_reached":31,"language":"ENG","playtime":791,"items_purged":["Doubt"],"score":295,"play_id":"0a680c0f-b086-497c-bb63-075615a39953","local_time":"20210222195346","is_ascension_mode":false,"campfire_choices":[{"data":"Mayhem","floor":6,"key":"SMITH"},{"data":"Berserk","floor":12,"key":"SMITH"},{"data":"Anger","floor":15,"key":"SMITH"},{"floor":23,"key":"REST"},{"floor":28,"key":"REST"}],"circlet_count":0,"master_deck":["Strike_R","Strike_R","Strike_R","Strike_R","Strike_R","Defend_R","Defend_R","Defend_R","Defend_R","Bash","Mayhem+1","Headbutt","Mayhem+1","Anger","Flex","Iron Wave","Berserk+1","Shrug It Off","Anger+1","Brutality","Sword Boomerang","Thunderclap","Juggernaut","Fire Breathing","Havoc+1","Shrug It Off"],"relics":["Burning Blood","The Courier","Mercury Hourglass","Black Star","Sundial","Blood Vial","Bottled Tornado","Bronze Scales","Omamori","Kunai","Toy Ornithopter"],"acts_visited":["Exordium","TheCity"],"potions_floor_usage":[25,25,25,25,29,30,30],"damage_taken":[{"damage":10,"enemies":"Cultist","floor":1,"turns":4},{"damage":6,"enemies":"Jaw Worm","floor":3,"turns":3},{"damage":12,"enemies":"2 Louse","floor":7,"turns":2},{"damage":14,"enemies":"Blue Slaver","floor":8,"turns":3},{"damage":3,"enemies":"2 Fungi Beasts","floor":10,"turns":3},{"damage":20,"enemies":"Gremlin Nob","floor":11,"turns":4},{"damage":19,"enemies":"Gremlin Gang","floor":13,"turns":4},{"damage":9,"enemies":"Red Slaver","floor":14,"turns":3},{"damage":21,"enemies":"Hexaghost","floor":16,"turns":8},{"damage":25,"enemies":"2 Thieves","floor":18,"turns":4},{"damage":31,"enemies":"Shell Parasite","floor":19,"turns":6},{"damage":36,"enemies":"Book of Stabbing","floor":25,"turns":5},{"damage":25,"enemies":"Gremlin Leader","floor":27,"turns":5},{"damage":42,"enemies":"Book of Stabbing","floor":29,"turns":5},{"damage":18,"enemies":"Cultist and Chosen","floor":30,"turns":5},{"damage":17,"enemies":"Chosen and Byrds","floor":31,"turns":4}],"seed_played":"-4356478858861975040","potions_obtained":[{"floor":1,"key":"SteroidPotion"},{"floor":7,"key":"SneckoOil"},{"floor":8,"key":"Strength Potion"},{"floor":10,"key":"EntropicBrew"},{"floor":25,"key":"SneckoOil"}],"is_trial":false,"path_per_floor":["M","?","M","?","$","R","M","M","T","M","E","R","M","M","R","B",null,"M","M","$","$","?","R","?","E","T","E","R","E","M","M"],"character_chosen":"IRONCLAD","items_purchased":["Mayhem","Juggernaut","Fire Breathing"],"campfire_rested":2,"item_purchase_floors":[5,20,20],"current_hp_per_floor":[68,68,68,68,68,68,62,54,54,57,43,43,30,27,27,12,72,53,28,28,28,28,49,72,42,42,25,46,12,12,0,0],"gold":184,"neow_bonus":"RANDOM_COLORLESS_2","is_daily":false,"chose_seed":false,"campfire_upgraded":3,"win_rate":0.0,"timestamp":1614041626,"path_taken":["M","?","M","?","$","R","?","M","T","M","E","R","M","M","R","BOSS","M","M","?","$","?","R","?","E","T","E","R","E","M","M"],"items_purchased_type":["Card","Card","Card"],"build_version":"2020-12-22","purchased_purges":1,"victory":false,"max_hp_per_floor":[72,72,72,72,72,72,72,72,72,72,72,72,72,72,72,72,72,72,72,72,72,72,72,72,72,72,72,72,72,72,72,72],"relic_stats":{"Blood Vial":8,"counters":[16,68],"Sundial":[2],"Bronze Scales":[72],"Black Star":3,"Kunai":[3],"obtain_stats":[{"Blood Vial":25,"Sundial":25,"Bronze Scales":27,"The Courier":9,"Black Star":17,"Omamori":27,"Kunai":29,"Bottled Tornado":26,"Burning Blood":0,"Toy Ornithopter":29,"Mercury Hourglass":11},{"Blood Vial":12,"Sundial":12,"Bronze Scales":13,"The Courier":4,"Black Star":9,"Omamori":13,"Kunai":14,"Bottled Tornado":12,"Burning Blood":0,"Toy Ornithopter":14,"Mercury Hourglass":6},{"Blood Vial":49,"Sundial":49,"Bronze Scales":54,"The Courier":12,"Black Star":34,"Omamori":54,"Kunai":59,"Bottled Tornado":49,"Burning Blood":0,"Toy Ornithopter":59,"Mercury Hourglass":19}],"Burning Blood":90,"Toy Ornithopter":10,"Mercury Hourglass":[181]},"card_choices":[{"not_picked":["The Bomb","HandOfGreed"],"picked":"Mayhem","floor":0},{"not_picked":["Sword Boomerang","Rampage"],"picked":"Headbutt","floor":1},{"not_picked":["Clash","Warcry","Shockwave"],"picked":"SKIP","floor":3},{"not_picked":["Dropkick","Pommel Strike"],"picked":"Anger","floor":7},{"not_picked":["Disarm","Searing Blow"],"picked":"Flex","floor":8},{"not_picked":["Dropkick","Twin Strike"],"picked":"Iron Wave","floor":10},{"not_picked":["Armaments","Twin Strike"],"picked":"Berserk","floor":11},{"not_picked":["Heavy Blade","Twin Strike"],"picked":"Shrug It Off","floor":13},{"not_picked":["Warcry","Infernal Blade"],"picked":"Anger","floor":14},{"not_picked":["Limit Break","Immolate"],"picked":"Brutality","floor":16},{"not_picked":["Warcry+1","Body Slam"],"picked":"Sword Boomerang","floor":18},{"not_picked":["Ghostly Armor","Havoc"],"picked":"Thunderclap","floor":19},{"not_picked":["Bloodletting","Twin Strike+1"],"picked":"Havoc+1","floor":25},{"not_picked":["Offering","Limit Break","Dark Embrace"],"picked":"SKIP","floor":27},{"not_picked":["Carnage+1","Thunderclap+1"],"picked":"Shrug It Off","floor":29},{"not_picked":["Fire Breathing","Headbutt","Warcry"],"picked":"SKIP","floor":30}],"player_experience":120300,"relics_obtained":[{"floor":9,"key":"The Courier"},{"floor":11,"key":"Mercury Hourglass"},{"floor":25,"key":"Sundial"},{"floor":25,"key":"Blood Vial"},{"floor":26,"key":"Bottled Tornado"},{"floor":27,"key":"Bronze Scales"},{"floor":27,"key":"Omamori"},{"floor":29,"key":"Kunai"},{"floor":29,"key":"Toy Ornithopter"}],"event_choices":[{"damage_healed":0,"gold_gain":175,"player_choice":"AGREE","damage_taken":0,"max_hp_gain":0,"max_hp_loss":0,"event_name":"Liars Game","floor":2,"gold_loss":0,"cards_obtained":["Doubt"]},{"damage_healed":0,"gold_gain":0,"player_choice":"Upgraded","damage_taken":0,"max_hp_gain":0,"max_hp_loss":0,"event_name":"Upgrade Shrine","floor":4,"gold_loss":0,"cards_upgraded":["Mayhem"]},{"damage_healed":0,"gold_gain":0,"player_choice":"Ignored","damage_taken":0,"max_hp_gain":0,"max_hp_loss":0,"event_name":"Cursed Tome","floor":22,"gold_loss":0},{"damage_healed":24,"gold_gain":0,"player_choice":"Heal","damage_taken":0,"max_hp_gain":0,"max_hp_loss":0,"event_name":"The Library","floor":24,"gold_loss":0}],"is_beta":false,"boss_relics":[{"not_picked":["Runic Cube","Velvet Choker"],"picked":"Black Star"}],"items_purged_floors":[5],"is_endless":false,"potions_floor_spawned":[1,7,8,10,19,25,27],"killed_by":"Chosen and Byrds","ascension_level":0}}