{"host":"c6u7e77myxvw4d0m","time":1614110736,"event":{"mods":["AchievementEnabler","BaseMod","Bestiary","Colored Map","Colored Powertips","Minty Spire (QoL Compilation)","Rare Cards Sparkle","Relic Stats","everything is the same but u backflip on backflip"],"gold_per_floor":[113,22,39,49,59,59,91,91,117,145,145,175,175,193,193,268,268,280,299,309,32,45,45,45,45],"floor_reached":24,"language":"ENG","playtime":2126,"items_purged":["Strike_G"],"score":536,"play_id":"73060641-0cd6-4b5b-841a-2e4e8be8126e","local_time":"20210223220536","is_ascension_mode":true,"campfire_choices":[{"data":"Predator","floor":6,"key":"SMITH"},{"data":"Blade Dance","floor":8,"key":"SMITH"},{"floor":11,"key":"REST"},{"floor":15,"key":"REST"},{"floor":23,"key":"REST"}],"circlet_count":0,"master_deck":["AscendersBane","Strike_G","Strike_G","Strike_G","Defend_G","Defend_G","Defend_G","Defend_G","Defend_G","Survivor","Neutralize","Poisoned Stab","Footwork","Predator+1","Dagger Spray","Blade Dance+1","Cloak And Dagger","Burst","Poisoned Stab+1","Finisher+1","Wraith Form v2","Leg Sweep","Flechettes+1","Calculated Gamble","Flying Knee+1","Blade Dance+1"],"relics":["Ring of the Snake","Oddly Smooth Stone","Potion Belt","Dream Catcher","Molten Egg 2","Runic Pyramid","Lantern"],"acts_visited":["Exordium","TheCity"],"potions_floor_usage":[7,16,18,22,24,24],"damage_taken":[{"damage":1,"enemies":"Jaw Worm","floor":1,"turns":5},{"damage":5,"enemies":"Cultist","floor":3,"turns":4},{"damage":7,"enemies":"2 Louse","floor":4,"turns":3},{"damage":2,"enemies":"Red Slaver","floor":5,"turns":6},{"damage":8,"enemies":"Gremlin Nob","floor":7,"turns":3},{"damage":22,"enemies":"3 Sentries","floor":10,"turns":12},{"damage":20,"enemies":"Gremlin Nob","floor":12,"turns":4},{"damage":0,"enemies":"Large Slime","floor":14,"turns":5},{"damage":0,"enemies":"Slime Boss","floor":16,"turns":2},{"damage":16,"enemies":"2 Thieves","floor":18,"turns":5},{"damage":0,"enemies":"Chosen","floor":19,"turns":3},{"damage":17,"enemies":"Centurion and Healer","floor":20,"turns":9},{"damage":7,"enemies":"Snake Plant","floor":22,"turns":6},{"damage":54,"enemies":"Slavers","floor":24,"turns":10}],"seed_played":"-7911824045920812655","potions_obtained":[{"floor":3,"key":"Weak Potion"},{"floor":12,"key":"DuplicationPotion"},{"floor":16,"key":"Fire Potion"},{"floor":19,"key":"ColorlessPotion"},{"floor":20,"key":"Weak Potion"}],"is_trial":false,"path_per_floor":["M","$","M","M","M","R","E","R","T","E","R","E","?","M","R","B",null,"M","M","M","$","M","R","E"],"character_chosen":"THE_SILENT","items_purchased":["Footwork","AttackPotion","Lantern","Calculated Gamble"],"campfire_rested":3,"item_purchase_floors":[2,2,21,21],"current_hp_per_floor":[64,64,59,52,50,50,42,42,42,20,41,21,21,21,42,42,65,49,49,32,32,25,46,0,0],"gold":45,"neow_bonus":"TEN_PERCENT_HP_BONUS","is_daily":false,"chose_seed":false,"campfire_upgraded":2,"win_rate":0.0,"timestamp":1614110736,"path_taken":["M","$","M","M","M","R","E","R","T","E","R","E","?","M","R","BOSS","M","M","M","?","M","R","E"],"items_purchased_type":["Card","Potion","Relic","Card"],"build_version":"2020-12-22","purchased_purges":1,"victory":false,"max_hp_per_floor":[72,72,72,72,72,72,72,72,72,72,72,72,72,72,72,72,72,72,72,72,72,72,72,72,72],"relic_stats":{"Dream Catcher":3,"counters":[14,77],"obtain_stats":[{"Potion Belt":9,"Dream Catcher":10,"Lantern":21,"Oddly Smooth Stone":7,"Molten Egg 2":12,"Ring of the Snake":0,"Runic Pyramid":17},{"Potion Belt":5,"Dream Catcher":6,"Lantern":12,"Oddly Smooth Stone":5,"Molten Egg 2":7,"Ring of the Snake":0,"Runic Pyramid":9},{"Potion Belt":21,"Dream Catcher":33,"Lantern":61,"Oddly Smooth Stone":21,"Molten Egg 2":37,"Ring of the Snake":0,"Runic Pyramid":44}],"Ring of the Snake":[28]},"card_choices":[{"not_picked":["Cloak And Dagger","Terror"],"picked":"Poisoned Stab","floor":1},{"not_picked":["Dodge and Roll","Outmaneuver"],"picked":"Predator","floor":3},{"not_picked":["Backflip","All Out Attack"],"picked":"Dagger Spray","floor":4},{"not_picked":["Concentrate","Masterful Stab"],"picked":"Blade Dance","floor":5},{"not_picked":["Deflect","Quick Slash"],"picked":"Cloak And Dagger","floor":7},{"not_picked":["Underhanded Strike","Tactician","Skewer"],"picked":"SKIP","floor":10},{"not_picked":["Accuracy","Noxious Fumes"],"picked":"Burst","floor":12},{"not_picked":["PiercingWail","Expertise"],"picked":"Poisoned Stab+1","floor":14},{"not_picked":["PiercingWail","Expertise"],"picked":"Finisher+1","floor":15},{"not_picked":["After Image","Night Terror"],"picked":"Wraith Form v2","floor":16},{"not_picked":["Slice+1","Reflex"],"picked":"Leg Sweep","floor":18},{"not_picked":["Outmaneuver","Underhanded Strike+1"],"picked":"Flechettes+1","floor":19},{"not_picked":["Expertise","Escape Plan","Backflip"],"picked":"SKIP","floor":20},{"not_picked":["Underhanded Strike+1","Dodge and Roll"],"picked":"Flying Knee+1","floor":22},{"not_picked":["Crippling Poison","Underhanded Strike+1"],"picked":"Blade Dance+1","floor":23}],"player_experience":883573,"relics_obtained":[{"floor":7,"key":"Oddly Smooth Stone"},{"floor":9,"key":"Potion Belt"},{"floor":10,"key":"Dream Catcher"},{"floor":12,"key":"Molten Egg 2"}],"event_choices":[{"cards_removed":["Strike_G"],"damage_healed":0,"gold_gain":0,"player_choice":"Purged","damage_taken":0,"max_hp_gain":0,"max_hp_loss":0,"event_name":"Purifier","floor":13,"gold_loss":0}],"is_beta":false,"boss_relics":[{"not_picked":["Calling Bell","Ectoplasm"],"picked":"Runic Pyramid"}],"items_purged_floors":[21],"is_endless":false,"potions_floor_spawned":[3,5,12,16,19,20],"killed_by":"Slavers","ascension_level":20}}