{"host":"zxd2l8an9de7z7b9","time":1614070043,"event":{"mods":["100% Spire Juice","2.2 Compatiblity","AchievementEnabler","BaseMod","CapriCore","Colored Map","Colored Powertips","Marisa£¨Ùöéë¡¡Øª×âÞÞ£©","Minty Spire (QoL Compilation)","Rare Cards Sparkle","StSLib","SuperFastMode","Td1madao Mod","everything is the same but u backflip on backflip"],"gold_per_floor":[115,40,40,40,59,59,91,104,104,104,114,114,80,96,96,195,195,215,314,61,61,72,102,102,114,140,140,15,28,28,28,28,28,28,47,47,59,75,125,160,187,196,196,42,57,112,138,138,138,138],"floor_reached":51,"language":"KOR","playtime":2300,"items_purged":["Strike_P","Strike_P","Strike_P"],"score":873,"play_id":"f6afeacb-9538-4de0-8fc2-3d586d73bd58","local_time":"20210223174723","is_ascension_mode":false,"campfire_choices":[{"data":"Eruption","floor":6.0,"key":"SMITH"},{"data":"Evaluate","floor":10.0,"key":"SMITH"},{"data":"TalkToTheHand","floor":12.0,"key":"SMITH"},{"data":"Study","floor":15.0,"key":"SMITH"},{"data":"Vault","floor":24.0,"key":"SMITH"},{"data":"Prostrate","floor":32.0,"key":"SMITH"},{"floor":49,"key":"DIG"}],"circlet_count":0,"master_deck":["Strike_P+1","Defend_P+1","Defend_P+1","Defend_P","Defend_P+1","Eruption+1","Vigilance+1","DeusExMachina","Evaluate+1","WheelKick+1","Prostrate+1","Consecrate","TalkToTheHand+1","Adaptation+1","Study+1","Vault+1","EmptyBody+1","InnerPeace","LessonLearned+1","Indignation+1","Adaptation+1","FearNoEvil+1","Devotion","MentalFortress+1","Master of Strategy"],"relics":["HolyWater","Letter Opener","Eternal Feather","Prayer Wheel","TeardropLocket","SlaversCollar","Damaru","Kunai","Akabeko","StoneCalendar","CeramicFish","Shovel","Lee\u0027s Waffle","Boot","Centennial Puzzle","Strawberry"],"acts_visited":["Exordium","TheCity","TheBeyond"],"potions_floor_usage":[41,47],"damage_taken":[{"damage":5.0,"enemies":"Small Slimes","floor":1.0,"turns":3.0},{"damage":0.0,"enemies":"Jaw Worm","floor":5.0,"turns":3.0},{"damage":25.0,"enemies":"3 Sentries","floor":7.0,"turns":8.0},{"damage":0.0,"enemies":"Cultist","floor":8.0,"turns":2.0},{"damage":0.0,"enemies":"Large Slime","floor":11.0,"turns":4.0},{"damage":0.0,"enemies":"Exordium Wildlife","floor":14.0,"turns":3.0},{"damage":4.0,"enemies":"The Guardian","floor":16.0,"turns":9.0},{"damage":0.0,"enemies":"Chosen","floor":18.0,"turns":3.0},{"damage":5.0,"enemies":"2 Thieves","floor":22.0,"turns":4.0},{"damage":1.0,"enemies":"Book of Stabbing","floor":23.0,"turns":6.0},{"damage":10.0,"enemies":"Snake Plant","floor":25.0,"turns":3.0},{"damage":1.0,"enemies":"Centurion and Healer","floor":29.0,"turns":4.0},{"damage":0.0,"enemies":"Collector","floor":33.0,"turns":6.0},{"damage":1.0,"enemies":"Orb Walker","floor":35.0,"turns":4.0},{"damage":5.0,"enemies":"3 Shapes","floor":37.0,"turns":5.0},{"damage":5.0,"enemies":"Jaw Worm Horde","floor":38.0,"turns":4.0},{"damage":18.0,"enemies":"Mind Bloom Boss Battle","floor":39.0,"turns":5.0},{"damage":24.0,"enemies":"Nemesis","floor":40.0,"turns":8.0},{"damage":5,"enemies":"Maw","floor":41,"turns":6},{"damage":5,"enemies":"3 Darklings","floor":45,"turns":3},{"damage":0,"enemies":"Reptomancer","floor":47,"turns":5},{"damage":20,"enemies":"Awakened One","floor":50,"turns":8}],"seed_played":"2066631464766828843","potions_obtained":[{"floor":5.0,"key":"DistilledChaos"},{"floor":7.0,"key":"Block Potion"},{"floor":11.0,"key":"Block Potion"},{"floor":16.0,"key":"SteroidPotion"},{"floor":38.0,"key":"Swift Potion"},{"floor":40.0,"key":"Explosive Potion"},{"floor":45,"key":"Explosive Potion"}],"is_trial":false,"path_per_floor":["M","$","?","T","M","R","E","M","T","R","M","R","$","M","R","B",null,"M","?","$","?","M","E","R","M","T","?","$","M","?","?","R","B",null,"M","?","M","M","?","E","M","?","T","$","M","T","E","?","R","B",null],"character_chosen":"WATCHER","items_purchased":["Adaptation","Damaru","Lee\u0027s Waffle"],"campfire_rested":0,"item_purchase_floors":[13,20,44],"current_hp_per_floor":[67,67,60,60,60,66,41,41,41,47,47,56,56,56,65,61,72,72,72,72,72,67,66,72,62,62,62,62,61,61,48,60,60,77,76,76,71,66,48,24,19,19,19,84,79,79,79,79,91,71],"gold":138,"neow_bonus":"ONE_RANDOM_RARE_CARD","is_daily":false,"chose_seed":false,"campfire_upgraded":6,"win_rate":0.0,"timestamp":1614070043,"path_taken":["M","$","?","?","M","R","E","?","T","R","M","R","?","M","R","BOSS","M","?","$","?","M","E","R","M","T","?","$","?","?","?","R","BOSS","M","?","?","M","?","E","M","?","T","?","M","?","E","?","R","BOSS"],"items_purchased_type":["Card","Relic","Relic"],"build_version":"2020-12-22","purchased_purges":3,"victory":true,"max_hp_per_floor":[72,72,72,72,72,72,72,72,72,72,72,72,72,72,72,72,72,72,72,72,72,72,72,72,72,72,72,72,72,72,77,77,77,77,77,77,77,77,77,77,77,77,77,84,84,84,84,84,91,91],"card_choices":[{"not_picked":["JustLucky","CrushJoints","Crescendo"],"picked":"SKIP","floor":1.0},{"not_picked":["ForeignInfluence","Collect"],"picked":"Evaluate","floor":5.0},{"not_picked":["Evaluate","Worship"],"picked":"WheelKick","floor":7.0},{"not_picked":["BattleHymn","FlyingSleeves"],"picked":"Prostrate","floor":8.0},{"not_picked":["SashWhip","PathToVictory","Halt"],"picked":"SKIP","floor":8.0},{"not_picked":["Consecrate","BowlingBash","SignatureMove"],"picked":"SKIP","floor":11.0},{"not_picked":["JustLucky","TalkToTheHand","Consecrate"],"picked":"SKIP","floor":11.0},{"not_picked":["BowlingBash","SignatureMove"],"picked":"Consecrate","floor":11.0},{"not_picked":["JustLucky","Consecrate"],"picked":"TalkToTheHand","floor":11.0},{"not_picked":["WindmillStrike","SashWhip"],"picked":"Study","floor":14.0},{"not_picked":["DeceiveReality","Halt","CutThroughFate"],"picked":"SKIP","floor":14.0},{"not_picked":["Blasphemy","Establishment"],"picked":"Vault","floor":16.0},{"not_picked":["Nirvana","FollowUp"],"picked":"EmptyBody","floor":18.0},{"not_picked":["Pray","Protect","BattleHymn"],"picked":"SKIP","floor":18.0},{"not_picked":["CrushJoints","WheelKick"],"picked":"InnerPeace","floor":22.0},{"not_picked":["BowlingBash","Collect","WaveOfTheHand"],"picked":"SKIP","floor":22.0},{"not_picked":["BowlingBash","Collect","WaveOfTheHand"],"picked":"SKIP","floor":22.0},{"not_picked":["InnerPeace","BattleHymn+1"],"picked":"LessonLearned","floor":23.0},{"not_picked":["ThirdEye+1","ClearTheMind"],"picked":"Indignation","floor":25.0},{"not_picked":["FlurryOfBlows","ThirdEye","FlyingSleeves"],"picked":"SKIP","floor":25.0},{"not_picked":["WheelKick+1","Halt","FlyingSleeves"],"picked":"SKIP","floor":29.0},{"not_picked":["EmptyBody","SandsOfTime","CutThroughFate+1"],"picked":"SKIP","floor":29.0},{"not_picked":["Prostrate","Crescendo","LikeWater+1"],"picked":"SKIP","floor":35.0},{"not_picked":["Protect+1","BowlingBash+1","JustLucky"],"picked":"SKIP","floor":35.0},{"not_picked":["Crescendo","Protect+1"],"picked":"Prostrate+1","floor":37.0},{"not_picked":["ClearTheMind","Protect"],"picked":"FearNoEvil+1","floor":37.0},{"not_picked":["Wireheading+1","Protect+1","Crescendo+1"],"picked":"SKIP","floor":38.0},{"not_picked":["ReachHeaven","EmptyBody+1","Fasting2+1"],"picked":"SKIP","floor":38.0},{"not_picked":["SashWhip+1","Tantrum"],"picked":"Devotion","floor":40.0},{"not_picked":["FlyingSleeves+1","EmptyBody"],"picked":"MentalFortress+1","floor":41},{"not_picked":["Crescendo+1","Halt","WaveOfTheHand"],"picked":"SKIP","floor":41},{"not_picked":["Dramatic Entrance","Secret Weapon"],"picked":"Master of Strategy","floor":42},{"not_picked":["Protect+1","WreathOfFlame+1","CrushJoints"],"picked":"SKIP","floor":45},{"not_picked":["BowlingBash+1","Perseverance+1","EmptyFist"],"picked":"SKIP","floor":45},{"not_picked":["Protect+1","WreathOfFlame+1","CrushJoints"],"picked":"SKIP","floor":45},{"not_picked":["BowlingBash+1","Perseverance+1","EmptyFist"],"picked":"SKIP","floor":45},{"not_picked":["ThirdEye","Protect","FlurryOfBlows+1"],"picked":"SKIP","floor":47}],"player_experience":455203,"relics_obtained":[{"floor":4.0,"key":"Eternal Feather"},{"floor":7.0,"key":"Prayer Wheel"},{"floor":9.0,"key":"TeardropLocket"},{"floor":23.0,"key":"Kunai"},{"floor":26.0,"key":"Akabeko"},{"floor":39.0,"key":"StoneCalendar"},{"floor":40.0,"key":"CeramicFish"},{"floor":43,"key":"Shovel"},{"floor":46,"key":"Boot"},{"floor":47,"key":"Centennial Puzzle"},{"floor":49,"key":"Strawberry"}],"event_choices":[{"damage_healed":0.0,"max_hp_gain":0.0,"max_hp_loss":0.0,"gold_gain":0.0,"event_name":"Scrap Ooze","player_choice":"Success","floor":3.0,"gold_loss":0.0,"damage_taken":7.0,"relics_obtained":["Letter Opener"]},{"damage_healed":0.0,"max_hp_gain":0.0,"max_hp_loss":0.0,"gold_gain":99.0,"event_name":"Nest","player_choice":"Stole From Cult","floor":19.0,"gold_loss":0.0,"damage_taken":0.0},{"damage_healed":0.0,"max_hp_gain":0.0,"max_hp_loss":0.0,"gold_gain":0.0,"event_name":"Upgrade Shrine","player_choice":"Upgraded","floor":27.0,"gold_loss":0.0,"damage_taken":0.0,"cards_upgraded":["Adaptation"]},{"damage_healed":0.0,"max_hp_gain":0.0,"max_hp_loss":0.0,"gold_gain":0.0,"event_name":"Vampires","player_choice":"Ignored","floor":30.0,"gold_loss":0.0,"damage_taken":0.0},{"damage_healed":0.0,"max_hp_gain":5.0,"max_hp_loss":0.0,"gold_gain":0.0,"event_name":"Forgotten Altar","player_choice":"Shed Blood","floor":31.0,"gold_loss":0.0,"damage_taken":18.0},{"damage_healed":0.0,"max_hp_gain":0.0,"max_hp_loss":0.0,"gold_gain":0.0,"event_name":"Duplicator","player_choice":"Copied","floor":36.0,"gold_loss":0.0,"damage_taken":0.0,"cards_obtained":["Adaptation"]},{"damage_healed":0.0,"max_hp_gain":0.0,"max_hp_loss":0.0,"gold_gain":0.0,"event_name":"MindBloom","player_choice":"Fight","floor":39.0,"gold_loss":0.0,"damage_taken":0.0},{"damage_healed":0,"gold_gain":0,"player_choice":"Memory 1","damage_taken":0,"max_hp_gain":0,"max_hp_loss":0,"event_name":"SensoryStone","floor":42,"gold_loss":0},{"cards_removed":["Prostrate"],"damage_healed":0,"gold_gain":0,"player_choice":"Removed Skill","damage_taken":0,"max_hp_gain":0,"max_hp_loss":0,"event_name":"Falling","floor":48,"gold_loss":0}],"is_beta":false,"boss_relics":[{"not_picked":["Philosopher\u0027s Stone","Empty Cage"],"picked":"SlaversCollar"},{"not_picked":["SacredBark","Velvet Choker"],"picked":"HolyWater"}],"items_purged_floors":[2,20,28],"is_endless":false,"potions_floor_spawned":[5,7,11,16,33,38,40,45],"ascension_level":0}}