{"host":"rg29p8m4aqjozpzt","time":1614111148,"event":{"mods":["100% Spire Juice","Aspiration","Bartender","BaseMod","Beaked The Cultist","Better Altar","Better Match","Better Sensory Stone","Better Skull","Better Third Choice","BetterRewards","Chen","Colored Powertips","Conspire","Downfall","Friendly Minions","Hermit","Hubris","JesterMod","Magitek Elite","Minty Spire (QoL Compilation)","Permanent Neow","Prisma Mod","QueenMod","Quick Restart","Relic Filter","Reorder Act Four","Shade Mod","StSLib","SuperFastMode","The Alterego","The Marked","The Runesmith","Unceasing Turn Reminder"],"gold_per_floor":[99,109,143,154,168,168,168,68,93,3,36,36,21,47,57,152,152,52,52,52,70,88,88,159,94,122,122,149,174,174,193,210,210,210,210],"floor_reached":33,"language":"ENG","playtime":3082,"items_purged":["bronze:Strike","bronze:Strike"],"score":316,"play_id":"6dfd588c-97b1-4476-94d8-c20e018f89c4","local_time":"20210223211228","is_ascension_mode":true,"campfire_choices":[{"data":"bronze:TinkerersToolbox","floor":1,"key":"SMITH"},{"data":"bronze:Return","floor":6,"key":"SMITH"},{"data":"bronze:Deprecate","floor":8,"key":"SMITH"},{"data":"bronze:InfiniteBeams","floor":18,"key":"SMITH"},{"data":"bronze:Replicate","floor":23,"key":"SMITH"},{"data":"bronze:Return","floor":27,"key":"SMITH"},{"data":"bronze:Repair","floor":30,"key":"SMITH"}],"circlet_count":0,"master_deck":["bronze:Strike","bronze:Strike","bronze:Defend","bronze:Defend","bronze:Defend","bronze:Defend","bronze:Replicate+1","bronze:Goto","bronze:TinkerersToolbox+1","bronze:InfiniteBeams+1","bronze:Return+1","bronze:InfiniteBeams","bronze:Deprecate+1","bronze:WildBeam","bronze:Philosophize","bronze:NullPointer","bronze:Repulsor","bronze:Repulsor","bronze:Return+1","bronze:Format","Flash of Steel","Bandage Up","bronze:Philosophize","bronze:Boost","bronze:Terminator+1","bronze:FineTuning+1","bronze:Repair+1","bronze:DelayedGuard+1","bronze:BurnOut"],"relics":["bronze:BronzeCore","Bottled Lightning","downfall:HeartBlessingBlue","aspiration:StickyExplosives_weak","conspire:Boomerang","aspiration:HiddenCompartment","aspiration:RitualDagger","downfall:HeartBlessingGreen","Smiling Mask","Shuriken","Guard_Bracelet","Red Mask","Tintinnabulum"],"acts_visited":["Exordium","TheCity"],"potions_floor_usage":[11,21,22,29],"damage_taken":[{"damage":0,"enemies":"conspire:RoseBush","floor":2,"turns":4},{"damage":11,"enemies":"conspire:MimicChest","floor":3,"turns":6},{"damage":4,"enemies":"Jaw Worm","floor":4,"turns":4},{"damage":1,"enemies":"2 Louse","floor":5,"turns":3},{"damage":16,"enemies":"Lagavulin","floor":9,"turns":7},{"damage":0,"enemies":"downfall:FleeingMerchant","floor":10,"turns":4},{"damage":13,"enemies":"3 Sentries","floor":11,"turns":5},{"damage":0,"enemies":"downfall:FleeingMerchant","floor":13,"turns":4},{"damage":1,"enemies":"Lagavulin","floor":14,"turns":5},{"damage":5,"enemies":"conspire:2 RoseBushes","floor":15,"turns":3},{"damage":11,"enemies":"DF_ARCHETYPE_STREAMLINE","floor":16,"turns":9},{"damage":33,"enemies":"Spheric Guardian","floor":21,"turns":4},{"damage":22,"enemies":"downfall:LooterAlt2","floor":22,"turns":4},{"damage":12,"enemies":"downfall:FleeingMerchant","floor":25,"turns":4},{"damage":24,"enemies":"conspire:SneckoGhost","floor":26,"turns":5},{"damage":13,"enemies":"Masked Bandits","floor":28,"turns":4},{"damage":44,"enemies":"Book of Stabbing","floor":29,"turns":5},{"damage":45,"enemies":"Shelled Parasite and Fungi","floor":31,"turns":8},{"damage":17,"enemies":"Chosen and Byrds","floor":32,"turns":5},{"damage":89,"enemies":"IC_MUSHROOM_ARCHETYPE","floor":33,"turns":7}],"seed_played":"5191285339758482329","potions_obtained":[{"floor":2,"key":"FearPotion"},{"floor":4,"key":"hexamod:SoulburnPotion"},{"floor":11,"key":"Swift Potion"},{"floor":14,"key":"BlessingOfTheForge"},{"floor":26,"key":"sneckomod:MuddlingPotion"},{"floor":29,"key":"GamblersBrew"},{"floor":31,"key":"sneckomod:MuddlingPotion"}],"is_trial":false,"path_per_floor":["R","M","?","M","M","R","T","R","E","$","E","?","$","E","M","B",null,"R","?","?","M","M","R","T","$","E","R","?","E","R","M","M","B"],"character_chosen":"THE_AUTOMATON","items_purchased":[],"campfire_rested":0,"item_purchase_floors":[],"current_hp_per_floor":[63,63,52,48,47,47,47,57,41,41,28,28,28,27,22,11,73,73,73,73,43,25,25,25,17,73,73,73,51,52,33,48,0,0,0],"gold":210,"neow_bonus":"THREE_RARE_CARDS","is_daily":false,"chose_seed":false,"campfire_upgraded":7,"win_rate":0.0,"timestamp":1614111148,"path_taken":["R","M","?","M","M","R","T","R","E","$","E","?","?","E","M","BOSS","R","?","?","M","M","R","T","$","E","R","?","E","R","M","M","BOSS"],"items_purchased_type":[],"build_version":"2020-12-22","purchased_purges":2,"victory":false,"max_hp_per_floor":[63,63,63,63,63,63,63,73,73,73,73,73,73,73,73,73,73,73,73,73,73,73,73,73,73,73,73,73,73,73,73,73,73,73,73],"card_choices":[{"not_picked":["bronze:AlphaBuild","bronze:HardenedForm"],"picked":"bronze:TinkerersToolbox","floor":0},{"not_picked":["bronze:DarkDash","bronze:Shield"],"picked":"bronze:InfiniteBeams","floor":2},{"not_picked":["bronze:WhirlingStrike","bronze:Constructor"],"picked":"bronze:Return","floor":3},{"not_picked":["bronze:DelayedSlice","bronze:Shield"],"picked":"bronze:InfiniteBeams","floor":4},{"not_picked":["bronze:Shield","bronze:Fortify"],"picked":"bronze:Deprecate","floor":5},{"not_picked":["bronze:Allocate","bronze:BurnOut"],"picked":"bronze:WildBeam","floor":9},{"not_picked":["bronze:DigitalCarnage","bronze:Invalidate"],"picked":"bronze:Philosophize","floor":10},{"not_picked":["bronze:ForLoop","bronze:ChildClass"],"picked":"bronze:NullPointer","floor":11},{"not_picked":["bronze:DelayedSlice","bronze:DigitalCarnage"],"picked":"bronze:Repulsor","floor":13},{"not_picked":["bronze:OilSpill","bronze:BugBarrage"],"picked":"bronze:Repulsor","floor":14},{"not_picked":["bronze:Optimize","bronze:BugBarrage"],"picked":"bronze:Return","floor":15},{"not_picked":["bronze:AlphaBuild","bronze:ThunderWave"],"picked":"bronze:Format","floor":16},{"not_picked":["hubris:Ssssneak","Secret Technique"],"picked":"Flash of Steel","floor":19},{"not_picked":["Sadistic Nature","Trip"],"picked":"Bandage Up","floor":19},{"not_picked":["bronze:DigitalCarnage+1","bronze:ItsAFeature"],"picked":"bronze:Philosophize","floor":21},{"not_picked":["bronze:Flail","bronze:Philosophize+1"],"picked":"bronze:Boost","floor":22},{"not_picked":["bronze:Separator","bronze:Constructor","bronze:Return"],"picked":"SKIP","floor":25},{"not_picked":["bronze:Hardcode","bronze:ChildClass"],"picked":"bronze:Terminator+1","floor":26},{"not_picked":["bronze:WhirlingStrike","bronze:DelayedSlice"],"picked":"bronze:FineTuning+1","floor":28},{"not_picked":["bronze:Shield","bronze:Philosophize"],"picked":"bronze:Repair","floor":29},{"not_picked":["bronze:BugBarrage","bronze:Invalidate"],"picked":"bronze:DelayedGuard+1","floor":31},{"not_picked":["bronze:Deprecate+1","bronze:WhirlingStrike"],"picked":"bronze:BurnOut","floor":32}],"player_experience":1596653,"relics_obtained":[{"floor":3,"key":"Bottled Lightning"},{"floor":9,"key":"aspiration:StickyExplosives_weak"},{"floor":11,"key":"conspire:Boomerang"},{"floor":14,"key":"aspiration:HiddenCompartment"},{"floor":24,"key":"Shuriken"},{"floor":26,"key":"Guard_Bracelet"},{"floor":28,"key":"Red Mask"},{"floor":29,"key":"Tintinnabulum"}],"event_choices":[{"damage_healed":0,"gold_gain":0,"player_choice":"Leave","damage_taken":0,"max_hp_gain":0,"max_hp_loss":0,"event_name":"conspire:Investor","floor":12,"gold_loss":0},{"damage_healed":0,"gold_gain":2,"player_choice":"1","damage_taken":0,"max_hp_gain":0,"max_hp_loss":0,"event_name":"betterStone:BetterStone","floor":19,"gold_loss":0},{"damage_healed":0,"gold_gain":0,"player_choice":"Fought Bandits","damage_taken":0,"max_hp_gain":0,"max_hp_loss":0,"event_name":"Masked Bandits","floor":28,"gold_loss":0}],"is_beta":false,"boss_relics":[{"not_picked":["Runesmith:UraniumAnvil","Cursed Key"],"picked":"aspiration:RitualDagger"}],"items_purged_floors":[10,25],"is_endless":false,"potions_floor_spawned":[2,4,11,14,15,26,29,31],"killed_by":"IC_MUSHROOM_ARCHETYPE","ascension_level":1}}