{"host":"q57ekfojy3i00x9o","time":1614069702,"event":{"mods":["Act Like it!","Arknights","Aspiration","BaseMod","Colored Map","Energized Spire","Hermit","Minty Spire (QoL Compilation)","Quick Restart","Ruina","Spicy Shops","Spikes Relics","StSLib","slay the spire mod where everything is the same but ironclad has a cowboy hat"],"gold_per_floor":[113,113,27,46,66,66,97,117,117,133,133,147,147,162,162,240,240,257,275,275,275],"floor_reached":20,"language":"RUS","playtime":435,"items_purged":[],"score":338,"play_id":"722b0e91-449a-475a-934e-2bb65af26aef","local_time":"20210223134142","is_ascension_mode":true,"campfire_choices":[{"data":"ats:Curse Doll","floor":6,"key":"SMITH"},{"data":"ats:Sword Rain","floor":11,"key":"SMITH"},{"data":"ats:Closed Bolt Burst Fire","floor":15,"key":"SMITH"}],"circlet_count":0,"master_deck":["AscendersBane","ats:Strike G","ats:Strike S","ats:Armor Crushing Shot","ats:Defend","ats:Defend","ats:Defend","ats:Emotion Absorption","ats:Overload+1","ats:Sword Rain+1","ats:Curse Doll+1","ats:Closed Bolt Burst Fire+1","ats:Explosion Area Strengthen","ats:Powerful Strike","ats:Poison Spread","ats:Guard Mode","ats:Consecutive Shot Auto","ats:Nebulous Foxfire","ats:Thermite Blade+1","ats:Burning Ground+1","ats:Rat Pack+1","ats:Apocalypse"],"relics":["ats:Sanity","NeowsBlessing","ats:Originium","Ancient Tea Set","Orichalcum","Astrolabe"],"acts_visited":["Exordium","TheCity"],"potions_floor_usage":[7,14,16],"damage_taken":[{"damage":0,"enemies":"2 Louse","floor":1,"turns":1},{"damage":0,"enemies":"Cultist","floor":4,"turns":1},{"damage":0,"enemies":"Small Slimes","floor":5,"turns":1},{"damage":25,"enemies":"3 Sentries","floor":7,"turns":7},{"damage":21,"enemies":"Gremlin Gang","floor":8,"turns":3},{"damage":6,"enemies":"2 Fungi Beasts","floor":10,"turns":3},{"damage":0,"enemies":"Looter","floor":12,"turns":2},{"damage":7,"enemies":"Large Slime","floor":14,"turns":3},{"damage":56,"enemies":"The Guardian","floor":16,"turns":11},{"damage":25,"enemies":"2 Thieves","floor":18,"turns":4},{"damage":22,"enemies":"3 Byrds","floor":19,"turns":5}],"seed_played":"-4434424878071086252","potions_obtained":[{"floor":1,"key":"SneckoOil"},{"floor":5,"key":"ats:Emergency Sanity Potion"},{"floor":12,"key":"Energy Potion"},{"floor":16,"key":"Dexterity Potion"},{"floor":19,"key":"Fire Potion"}],"is_trial":false,"path_per_floor":["M","?","$","M","M","R","E","M","T","M","R","M","?","M","R","B",null,"M","M","?"],"character_chosen":"DOCTOR_CLASS","items_purchased":["ats:Sword Rain","ats:Curse Doll"],"campfire_rested":0,"item_purchase_floors":[3,3],"current_hp_per_floor":[65,65,65,65,65,65,40,19,19,13,13,13,72,65,65,9,56,36,20,0,0],"gold":275,"neow_bonus":"THREE_ENEMY_KILL","is_daily":false,"chose_seed":false,"campfire_upgraded":3,"win_rate":0.0,"timestamp":1614069702,"path_taken":["M","?","$","?","M","R","E","M","T","M","R","?","?","M","R","BOSS","M","?","?"],"items_purchased_type":["Card","Card"],"build_version":"2020-12-22","purchased_purges":0,"victory":false,"max_hp_per_floor":[72,72,72,72,72,72,72,72,72,72,72,72,72,72,72,72,72,72,72,77,77],"card_choices":[{"not_picked":["ats:Mental Burst","ats:Poison Spread"],"picked":"ats:Overload","floor":1},{"not_picked":["ats:Apocalypse","ats:Explosion Area Strengthen"],"picked":"ats:Closed Bolt Burst Fire","floor":4},{"not_picked":["ats:Burning Ground","ats:Revitalization"],"picked":"ats:Explosion Area Strengthen","floor":5},{"not_picked":["ats:Red Shift","ats:Ignite"],"picked":"ats:Powerful Strike","floor":7},{"not_picked":["ats:Dogmatic Field","ats:Revitalization"],"picked":"ats:Poison Spread","floor":8},{"not_picked":["ats:Curse Doll","ats:Assault Order"],"picked":"ats:Guard Mode","floor":10},{"not_picked":["ats:Very Hot Blade","ats:Leaping Hammer"],"picked":"ats:Magnetic Hammer","floor":12},{"not_picked":["ats:Blood Oath","ats:Support Order"],"picked":"ats:Consecutive Shot Auto","floor":14},{"not_picked":["ats:Soul Rend","ats:Roar Of Ursus"],"picked":"ats:Nebulous Foxfire","floor":16},{"not_picked":["ats:Guard Mode","ats:Curse Doll"],"picked":"ats:Apocalypse","floor":18},{"not_picked":["ats:Sunburst+1","ats:Ignite","ats:Flame Of Heaven"],"picked":"SKIP","floor":19}],"player_experience":792238,"relics_obtained":[{"floor":7,"key":"ats:Originium"},{"floor":7,"key":"Ancient Tea Set"},{"floor":9,"key":"Orichalcum"}],"event_choices":[{"damage_healed":0,"gold_gain":0,"player_choice":"Forge","damage_taken":0,"max_hp_gain":0,"max_hp_loss":0,"event_name":"Accursed Blacksmith","floor":2,"gold_loss":0,"cards_upgraded":["ats:Overload"]},{"cards_removed":["ats:Magnetic Hammer"],"damage_healed":59,"gold_gain":0,"player_choice":"Offered Uncommon","damage_taken":0,"max_hp_gain":0,"max_hp_loss":0,"event_name":"Bonfire Elementals","floor":13,"gold_loss":0}],"is_beta":false,"boss_relics":[{"not_picked":["Runic Pyramid","Coffee Dripper"],"picked":"Astrolabe"}],"items_purged_floors":[],"is_endless":false,"potions_floor_spawned":[1,5,12,16,19],"ascension_level":18}}