{"host":"4c7m9tuvqombcnjj","time":1614046580,"event":{"mods":["100% Spire Juice","ATMod(阿瑾Mod)","Act Like it!","Aspiration","Astrologer","BaseMod","Chen","Conspire","Dota2Spire","Downfall","Gensokyo","GungeonMod","Hallownest","HololiveMod","Jedi Mod","Jorbs\u0027s Wanderer Trilogy","Koishi","KomeijiMod","Lobotomy","LobotomyExtend","Minty Spire (QoL Compilation)","MostiFishMod","Prisma Mod","Quarter Circle Forward PUNCH!","Reimu（博丽灵梦）","Reliquary","Remilia（蕾米莉亚）","Replay The Spire","Robot Space Explorer","RumiaBox-露米娅的神秘盒子","Smile Girya","StSLib","TestMod","The Alterego","The Animator","The Bug Knight","The Construct","The Cursed","The Gatherer","The Hierophant","The Jungle","The Runesmith","WarShipGirlsR/战舰少女R mod","Yuri Mod","Yuyuko","[IsaacMod]以撒尖塔","【功能Mod】混沌之环修复补丁","【遗物卡牌】REMEMod"],"gold_per_floor":[115,41,59,78,90,120,137,137,137,17,30,48,48,67,67,50,50,64,81,149,149,149,62,12,23,23,23,40,40,40,40],"floor_reached":30,"language":"ZHS","playtime":1801,"items_purged":[],"score":481,"play_id":"8eef3de4-0e9c-4417-b9ec-000a48472ab6","local_time":"20210223101620","is_ascension_mode":false,"campfire_choices":[{"floor":15,"key":"RECALL"},{"data":"Moonworks:Accelerator","floor":29,"key":"SMITH"}],"circlet_count":0,"master_deck":["Moonworks:Strike","Moonworks:Strike","Moonworks:Strike","Moonworks:Strike","Moonworks:Defend","Moonworks:Defend","Moonworks:Defend","Moonworks:Defend","Moonworks:Ambush","Moonworks:LongDistanceShot","AT_ShrugMaster","PrismaMod:MiyuDevil","Moonworks:Wanted","Moonworks:MiracleRedBeanIceCream","Moonworks:JonathanRush","Moonworks:BigBangBell","Moonworks:Accelerator+1","Moonworks:DevilHand","Moonworks:FinalSurgery","Moonworks:GoAway","Moonworks:EvilSpyWorkPreparation","Moonworks:JonathanRush","Moonworks:JonathanRush","Moonworks:AnotherUltimateWeapon","Moonworks:DeployBits+1","Rage","Moonworks:DeployBits","Moonworks:EvilSpyWorkPreparation","downfall:Bewildered","Outmaneuver","Moonworks:SakisCookie","Moonworks:EvilSpyWorkPreparation","Moonworks:Wanted","ForeignInfluence","Moonworks:EvilSpyWorkPreparation+1"],"relics":["Moonworks:BrokenBomb","Moonworks:Homemark","REME_ComplimentaryCards","DaveBox","testmod-TestBox","AT_ATBox","DianPoetry","testmod-ArcanaOfDestiny","TheBible","SynthV:TestCard","AT_BladeRuinedKing","Juzu Bracelet","Damocles","Dota2Spire:PhaseBoots","AT_ArchangelStaff","testmod-AssaultLearning","testmod-Fanaticism","qcfpunch:School_Backpack","testmod-RealStoneCalender","AT_RedTearstoneRing","sneckomod:BabySnecko","testmod-ThousandKnives","Dota2Spire:MonkeyKingBar","Dota2Spire:EyeOfSkadi","DemoMod:GlassGuonStoneRelic","Toxic Egg 2"],"acts_visited":["Exordium","TheCity"],"potions_floor_usage":[2,7,30],"damage_taken":[{"damage":0,"enemies":"Cultist","floor":1,"turns":2},{"damage":5,"enemies":"Jaw Worm","floor":2,"turns":2},{"damage":0,"enemies":"2 Louse","floor":3,"turns":3},{"damage":8,"enemies":"2 Fungi Beasts","floor":4,"turns":2},{"damage":0,"enemies":"Gremlin Gang","floor":5,"turns":3},{"damage":0,"enemies":"Lagavulin","floor":6,"turns":6},{"damage":0,"enemies":"Exordium Wildlife","floor":7,"turns":2},{"damage":0,"enemies":"2 Fungi Beasts","floor":11,"turns":2},{"damage":0,"enemies":"conspire:2 RoseBushes","floor":12,"turns":3},{"damage":0,"enemies":"Exordium Wildlife","floor":14,"turns":1},{"damage":0,"enemies":"Slime Boss","floor":16,"turns":3},{"damage":0,"enemies":"3 Byrds","floor":18,"turns":3},{"damage":0,"enemies":"conspire:FuzzyDice","floor":19,"turns":3},{"damage":0,"enemies":"Gremlin Leader","floor":23,"turns":4},{"damage":0,"enemies":"Snecko","floor":25,"turns":2},{"damage":10,"enemies":"Chosen and Byrds","floor":28,"turns":2},{"damage":7,"enemies":"conspire:SneckoGhost","floor":30,"turns":1}],"seed_played":"-369699517347123378","potions_obtained":[{"floor":1,"key":"REME_GoldPotion"},{"floor":2,"key":"Dota2Spire:HealingSalve"},{"floor":3,"key":"AttackPotion"},{"floor":11,"key":"Weak Potion"},{"floor":16,"key":"Venom Potion"},{"floor":20,"key":"DistilledChaos"}],"is_trial":false,"path_per_floor":["M","M","M","M","M","E","M","?","T","$","M","M","?","M","R","B",null,"M","M","?","?","?","E","$","M","T","?","M","R","E"],"character_chosen":"THE_STARBREAKER","items_purchased":["Moonworks:EvilSpyWorkPreparation"],"campfire_rested":0,"item_purchase_floors":[24],"current_hp_per_floor":[60,55,60,57,60,60,60,60,60,60,60,60,65,65,65,65,65,65,65,39,39,39,44,44,49,49,49,47,47,0,0],"gold":40,"neow_bonus":"ONE_RANDOM_RARE_CARD","is_daily":false,"chose_seed":false,"campfire_upgraded":1,"win_rate":0.0,"timestamp":1614046580,"path_taken":["M","M","M","?","M","E","M","?","T","$","M","M","?","M","R","BOSS","M","M","?","?","?","E","?","M","T","?","M","R","E"],"items_purchased_type":["Card"],"build_version":"2020-12-22","purchased_purges":0,"victory":false,"max_hp_per_floor":[60,60,60,60,60,60,60,60,60,60,60,60,65,65,65,65,65,65,65,65,65,65,65,65,70,70,70,70,70,70,70],"card_choices":[{"not_picked":["Moonworks:SakisCookie","Moonworks:CloudOfSeagulls"],"picked":"Moonworks:MiracleRedBeanIceCream","floor":1},{"not_picked":["Bomb","Moonworks:UnpaidWork","Moonworks:ImmovableObject","Moonworks:LulusLuckyEgg"],"picked":"Moonworks:JonathanRush","floor":2},{"not_picked":["Moonworks:ImOnFire","Moonworks:Dash","Moonworks:LuckyCharm","Moonworks:Gamble"],"picked":"Moonworks:BigBangBell","floor":3},{"not_picked":["Bomb","Moonworks:MixPhenomenon","Moonworks:BigMagnum","Moonworks:LuckyCharm"],"picked":"Moonworks:Accelerator","floor":4},{"not_picked":["Moonworks:DeployBits","Moonworks:IndiscriminateFireSupport","Moonworks:SakisCookie","Moonworks:CloudOfSeagulls"],"picked":"Moonworks:DevilHand","floor":5},{"not_picked":["Moonworks:Assault","Moonworks:BeyondHell","Bomb","Moonworks:ReproductionOfRecords"],"picked":"Moonworks:FinalSurgery","floor":6},{"not_picked":["Moonworks:IndiscriminateFireSupport","Moonworks:Assault","Moonworks:UnpaidWork","Moonworks:DeployBits"],"picked":"Moonworks:GoAway","floor":7},{"not_picked":["Moonworks:NicePresent","Bomb","Moonworks:RedAndBlue","Moonworks:BindingChains"],"picked":"Moonworks:EvilSpyWorkPreparation","floor":11},{"not_picked":["Moonworks:Dinner","Moonworks:SakisCookie","Moonworks:ScrambledEve","Moonworks:Assault"],"picked":"Moonworks:JonathanRush","floor":12},{"not_picked":["Moonworks:DeployBits","Moonworks:Wanted","Moonworks:BigMagnum","Moonworks:IndiscriminateFireSupport"],"picked":"Moonworks:JonathanRush","floor":14},{"not_picked":["Moonworks:GoAway","Moonworks:RocketCannon","Moonworks:StarBlastingFuse","Moonworks:ShieldCounter"],"picked":"Moonworks:AnotherUltimateWeapon","floor":16},{"not_picked":["Moonworks:SweetBattle+1","Moonworks:EvilSpyWorkPreparation","Moonworks:NicePresent","Moonworks:Assault"],"picked":"Moonworks:DeployBits+1","floor":18},{"not_picked":["Havoc+1","Dark Embrace"],"picked":"Rage","floor":19},{"not_picked":["Moonworks:DevilHand","Moonworks:FinalSurgery","Moonworks:BigMagnum","Moonworks:LulusLuckyEgg+1"],"picked":"Moonworks:DeployBits","floor":19},{"not_picked":["Moonworks:Bloodlust","Moonworks:IntelligenceOfficer","Moonworks:LulusLuckyEgg","Moonworks:Poppoformation"],"picked":"Moonworks:EvilSpyWorkPreparation","floor":20},{"not_picked":["conspire:DoublingDagger","Quick Slash+1"],"picked":"Outmaneuver","floor":23},{"not_picked":["Moonworks:TreasureThief+1","Moonworks:RedAndBlue","Moonworks:ReproductionOfRecords","Moonworks:ImOnFire"],"picked":"Moonworks:SakisCookie","floor":23},{"not_picked":["Moonworks:UnluckyCharm+1","Moonworks:ExtendedPhotonRifle","Moonworks:SealedMemories","Moonworks:NicePresent"],"picked":"Moonworks:Wanted","floor":25},{"not_picked":["Underhanded Strike","Dagger Throw","Poisoned Stab"],"picked":"SKIP","floor":25},{"not_picked":["JustLucky","Evaluate"],"picked":"ForeignInfluence","floor":28},{"not_picked":["Moonworks:ImOnFire+1","Moonworks:Blazing","Moonworks:Assault","Moonworks:Dash+1"],"picked":"Moonworks:EvilSpyWorkPreparation+1","floor":28}],"player_experience":93248,"relics_obtained":[{"floor":1,"key":"SynthV:TestCard"},{"floor":6,"key":"AT_BladeRuinedKing"},{"floor":9,"key":"Damocles"},{"floor":11,"key":"Dota2Spire:PhaseBoots"},{"floor":12,"key":"AT_ArchangelStaff"},{"floor":14,"key":"testmod-AssaultLearning"},{"floor":18,"key":"qcfpunch:School_Backpack"},{"floor":19,"key":"testmod-RealStoneCalender"},{"floor":20,"key":"AT_RedTearstoneRing"},{"floor":23,"key":"testmod-ThousandKnives"},{"floor":23,"key":"Dota2Spire:MonkeyKingBar"},{"floor":25,"key":"Dota2Spire:EyeOfSkadi"},{"floor":28,"key":"Toxic Egg 2"}],"event_choices":[{"damage_healed":0,"gold_gain":0,"player_choice":"Swap Relic","damage_taken":0,"relics_obtained":["Juzu Bracelet"],"max_hp_gain":0,"max_hp_loss":0,"event_name":"给自己的盒子","floor":8,"relics_lost":["HushsDoor"],"gold_loss":0},{"damage_healed":0,"gold_gain":0,"player_choice":"Donut","damage_taken":0,"max_hp_gain":5,"max_hp_loss":0,"event_name":"Big Fish","floor":13,"gold_loss":0},{"damage_healed":0,"gold_gain":0,"player_choice":"Ignored","damage_taken":0,"max_hp_gain":0,"max_hp_loss":0,"event_name":"Vampires","floor":27,"gold_loss":0}],"is_beta":false,"boss_relics":[{"not_picked":["reliquary:Ember","ChiXiaoBlade"],"picked":"testmod-Fanaticism"}],"items_purged_floors":[],"is_endless":false,"potions_floor_spawned":[1,2,3,11,16,23,25],"killed_by":"conspire:SneckoGhost","ascension_level":0}}