{"host":"t39frk1gt0zfm79h","time":1614049253,"event":{"mods":["BaseMod","Better Altar","Better Match","Better Note","Better Sensory Stone","Better Skull","Better Third Choice","Block Reminder","Colored Map","Downfall","Hermit","Minty Spire (QoL Compilation)","Relic Stats","StSLib"],"gold_per_floor":[113,113,113,124,124,124,124,159,211,246,273,313,335,366,378,488,500,532,554,576,220,234,268,268,268,268,268,302,302,336,356,356,356,356],"floor_reached":33,"language":"ENG","playtime":1659,"items_purged":["Strike_R"],"score":471,"play_id":"1cce45e4-e136-4d24-be4c-4aeec7ee6847","local_time":"20210222190053","is_ascension_mode":true,"campfire_choices":[{"data":"Bash","floor":6.0,"key":"SMITH"},{"data":"Swift Strike","floor":15.0,"key":"SMITH"},{"data":"Seeing Red","floor":24.0,"key":"SMITH"},{"data":"Offering","floor":32,"key":"SMITH"}],"circlet_count":0,"master_deck":["Strike_R","Strike_R+1","Strike_R+1","Defend_R","Defend_R","Defend_R","Bash+1","Hemokinesis","Swift Strike+1","Dash+1","Clash","Shrug It Off","Seeing Red+1","Iron Wave","Cleave","Fiend Fire","Offering+1","Burning Pact","Rage","Ghostly Armor","Flame Barrier+1"],"relics":["Burning Blood","Orichalcum","PreservedInsect","MealTicket","Whetstone","MawBank","Toy Ornithopter","Empty Cage","Lantern","Anchor","Pear","Self Forming Clay","Nunchaku","Bag of Marbles"],"acts_visited":["Exordium","TheCity"],"potions_floor_usage":[33],"damage_taken":[{"damage":0.0,"enemies":"Small Slimes","floor":1.0,"turns":3.0},{"damage":2.0,"enemies":"2 Louse","floor":4.0,"turns":2.0},{"damage":2.0,"enemies":"3 Sentries","floor":8.0,"turns":5.0},{"damage":3.0,"enemies":"Gremlin Nob","floor":10.0,"turns":3.0},{"damage":5.0,"enemies":"Jaw Worm","floor":11.0,"turns":2.0},{"damage":5.0,"enemies":"3 Sentries","floor":12.0,"turns":4.0},{"damage":5.0,"enemies":"2 Fungi Beasts","floor":13.0,"turns":3.0},{"damage":8.0,"enemies":"Large Slime","floor":14.0,"turns":4.0},{"damage":4.0,"enemies":"Slime Boss","floor":16.0,"turns":6.0},{"damage":6.0,"enemies":"Chosen","floor":18.0,"turns":3.0},{"damage":6.0,"enemies":"Shell Parasite","floor":19.0,"turns":3.0},{"damage":33.0,"enemies":"Snake Plant","floor":20.0,"turns":3.0},{"damage":8.0,"enemies":"Centurion and Healer","floor":22.0,"turns":5.0},{"damage":10.0,"enemies":"Book of Stabbing","floor":23.0,"turns":3.0},{"damage":9.0,"enemies":"Slavers","floor":28.0,"turns":4.0},{"damage":8.0,"enemies":"Book of Stabbing","floor":30.0,"turns":3.0},{"damage":8,"enemies":"Chosen and Byrds","floor":31,"turns":3},{"damage":110,"enemies":"Automaton","floor":33,"turns":12}],"seed_played":"-3579338768578399844","potions_obtained":[{"floor":1.0,"key":"SpeedPotion"},{"floor":4.0,"key":"Explosive Potion"},{"floor":7.0,"key":"Fruit Juice"},{"floor":7.0,"key":"EssenceOfSteel"},{"floor":7.0,"key":"Slimebound:ThreeZeroPotion"},{"floor":12.0,"key":"sneckomod:MuddlingPotion"},{"floor":23.0,"key":"Swift Potion"},{"floor":28.0,"key":"Weak Potion"},{"floor":31,"key":"Dexterity Potion"}],"is_trial":false,"path_per_floor":["M","?","?","M","?","R","?","E","T","E","M","E","M","M","R","B",null,"M","M","M","$","M","E","R","?","T","?","E","?","E","M","R","B"],"character_chosen":"IRONCLAD","items_purchased":["Lantern","Anchor"],"campfire_rested":0,"item_purchase_floors":[21,21],"current_hp_per_floor":[80,80,71,75,75,75,80,84,84,85,85,85,85,83,83,85,85,85,85,58,73,71,77,77,77,77,77,79,79,77,75,75,0,0],"gold":356,"neow_bonus":"RANDOM_COMMON_RELIC","is_daily":false,"chose_seed":false,"campfire_upgraded":4,"win_rate":0.0,"timestamp":1614049253,"path_taken":["M","?","?","?","?","R","?","E","T","E","M","E","M","M","R","BOSS","M","M","M","$","M","E","R","?","T","?","E","?","E","M","R","BOSS"],"items_purchased_type":["Relic","Relic"],"build_version":"2020-12-22","purchased_purges":1,"victory":false,"max_hp_per_floor":[80,80,80,80,80,80,85,85,85,85,85,85,85,85,85,85,85,85,85,85,85,85,95,95,95,95,95,95,95,95,95,95,95,95],"relic_stats":{"Nunchaku":[4],"counters":[18,71],"Self Forming Clay":[45],"MealTicket":15,"PreservedInsect":200,"Whetstone":["Strike_R","Strike_R"],"Orichalcum":[72],"MawBank":132,"obtain_stats":[{"Lantern":21,"Pear":23,"Self Forming Clay":26,"PreservedInsect":3,"Whetstone":9,"Orichalcum":0,"MawBank":10,"Empty Cage":17,"Burning Blood":0,"Anchor":21,"Nunchaku":28,"MealTicket":8,"Bag of Marbles":30,"Toy Ornithopter":12},{"Lantern":12,"Pear":14,"Self Forming Clay":14,"PreservedInsect":1,"Whetstone":3,"Orichalcum":0,"MawBank":4,"Empty Cage":9,"Burning Blood":0,"Anchor":12,"Nunchaku":15,"MealTicket":3,"Bag of Marbles":16,"Toy Ornithopter":6},{"Lantern":41,"Pear":49,"Self Forming Clay":49,"PreservedInsect":3,"Whetstone":10,"Orichalcum":0,"MawBank":13,"Empty Cage":32,"Burning Blood":0,"Anchor":41,"Nunchaku":53,"MealTicket":10,"Bag of Marbles":56,"Toy Ornithopter":19}],"Burning Blood":87,"Toy Ornithopter":14},"card_choices":[{"not_picked":["Searing Blow","Clash"],"picked":"Hemokinesis","floor":1.0},{"not_picked":["Transmutation","Forethought"],"picked":"Swift Strike","floor":2.0},{"not_picked":["Warcry","Body Slam"],"picked":"Clash","floor":4.0},{"not_picked":["Twin Strike","Dual Wield"],"picked":"Shrug It Off","floor":8.0},{"not_picked":["Armaments","Twin Strike","Combust"],"picked":"SKIP","floor":10.0},{"not_picked":["Pommel Strike","Thunderclap"],"picked":"Seeing Red","floor":11.0},{"not_picked":["Infernal Blade","Warcry"],"picked":"Iron Wave","floor":12.0},{"not_picked":["Combust","Perfected Strike"],"picked":"Cleave","floor":13.0},{"not_picked":["Blood for Blood","Pommel Strike"],"picked":"Fiend Fire","floor":14.0},{"not_picked":["Fiend Fire","Corruption"],"picked":"Offering","floor":16.0},{"not_picked":["Perfected Strike","Cleave","Headbutt"],"picked":"SKIP","floor":18.0},{"not_picked":["Sword Boomerang","Cleave","Blood for Blood"],"picked":"SKIP","floor":19.0},{"not_picked":["Heavy Blade","Entrench","Thunderclap"],"picked":"SKIP","floor":20.0},{"not_picked":["Clothesline","Headbutt"],"picked":"Burning Pact","floor":22.0},{"not_picked":["Perfected Strike","Armaments+1","Double Tap"],"picked":"SKIP","floor":23.0},{"not_picked":["True Grit","Infernal Blade"],"picked":"Ghostly Armor","floor":28.0},{"not_picked":["Dual Wield","Corruption"],"picked":"Flame Barrier+1","floor":30.0},{"not_picked":["Perfected Strike","Sword Boomerang","True Grit+1"],"picked":"SKIP","floor":31}],"player_experience":21282,"relics_obtained":[{"floor":8.0,"key":"MealTicket"},{"floor":9.0,"key":"Whetstone"},{"floor":10.0,"key":"MawBank"},{"floor":12.0,"key":"Toy Ornithopter"},{"floor":23.0,"key":"Pear"},{"floor":26.0,"key":"Self Forming Clay"},{"floor":28.0,"key":"Nunchaku"},{"floor":30.0,"key":"Bag of Marbles"}],"event_choices":[{"damage_healed":0.0,"max_hp_gain":0.0,"max_hp_loss":0.0,"gold_gain":1.0,"event_name":"betterStone:BetterStone","player_choice":"1","floor":2.0,"gold_loss":0.0,"damage_taken":0.0},{"damage_healed":0.0,"max_hp_gain":0.0,"max_hp_loss":0.0,"gold_gain":0.0,"event_name":"Living Wall","player_choice":"Grow","floor":5.0,"gold_loss":0.0,"damage_taken":0.0,"cards_upgraded":["Dash"]},{"damage_healed":0.0,"max_hp_gain":0.0,"max_hp_loss":0.0,"gold_gain":0.0,"event_name":"Lab","player_choice":"Got Potions","floor":7.0,"gold_loss":0.0,"damage_taken":0.0},{"damage_healed":0.0,"max_hp_gain":0.0,"max_hp_loss":0.0,"gold_gain":0.0,"event_name":"The Library","player_choice":"Read","floor":25.0,"gold_loss":0.0,"damage_taken":0.0,"cards_obtained":["Rage"]},{"damage_healed":0.0,"max_hp_gain":0.0,"max_hp_loss":0.0,"gold_gain":0.0,"event_name":"Vampires","player_choice":"Ignored","floor":29.0,"gold_loss":0.0,"damage_taken":0.0}],"is_beta":false,"boss_relics":[{"not_picked":["Black Blood","Philosopher\u0027s Stone"],"picked":"Empty Cage"}],"items_purged_floors":[21],"is_endless":false,"potions_floor_spawned":[1,4,10,11,12,23,28,31],"killed_by":"Automaton","ascension_level":1}}