{"host":"0r455zfix56tawas","time":1614111410,"event":{"mods":["AlwaysNeverKeys","BaseMod","Colored Powertips","Downfall","Highlight Path","Minty Spire (QoL Compilation)","Permanent Neow","StSLib","The Necromancer","The Servant 0.9.4"],"gold_per_floor":[99,113,113,124,135,135,135,310,310,320,332,232,264,278,293,293,293,293],"floor_reached":16,"language":"ENG","playtime":729,"items_purged":[],"score":104,"play_id":"61a74662-99a3-4b6e-ad38-760531392032","local_time":"20210223211650","is_ascension_mode":false,"campfire_choices":[{"data":"champ:Taunt","floor":1,"key":"SMITH"},{"data":"champ:Endure","floor":6,"key":"SMITH"},{"floor":9,"key":"RECALL"},{"data":"champ:EnGarde","floor":12,"key":"SMITH"}],"circlet_count":0,"master_deck":["champ:Strike","champ:Strike","champ:Strike","champ:Defend","champ:Defend","champ:Defend","champ:Defend","champ:Execute","champ:Taunt+1","champ:Endure+1","champ:Encircle","Doubt","champ:EnGarde+1","champ:BerserkersShout","champ:RisingSlash","champ:AdrenalArmor"],"relics":["champ:ChampionCrown","StoneCalendar","Pantograph","downfall:HeartBlessingRed","Dead Branch"],"acts_visited":["Exordium"],"potions_floor_usage":[],"damage_taken":[{"damage":11,"enemies":"Jaw Worm","floor":2,"turns":4},{"damage":21,"enemies":"Cultist","floor":4,"turns":3},{"damage":15,"enemies":"Small Slimes","floor":5,"turns":5},{"damage":20,"enemies":"downfall:LooterAlt","floor":10,"turns":4},{"damage":26,"enemies":"Exordium Thugs","floor":11,"turns":7},{"damage":45,"enemies":"Gremlin Nob","floor":13,"turns":5},{"damage":32,"enemies":"Blue Slaver","floor":14,"turns":4},{"damage":25,"enemies":"3 Louse","floor":15,"turns":4},{"damage":81,"enemies":"SI_SHIV_ARCHETYPE","floor":16,"turns":7}],"seed_played":"-1358866027426409338","potions_obtained":[{"floor":4,"key":"champ:UltimateStancePotion"},{"floor":10,"key":"GamblersBrew"},{"floor":11,"key":"EssenceOfSteel"},{"floor":14,"key":"EssenceOfSteel"}],"is_trial":false,"path_per_floor":["R","M","?","M","M","R","T","?","R","M","M","R","E","M","M","B"],"character_chosen":"THE_CHAMP","items_purchased":[],"campfire_rested":0,"item_purchase_floors":[],"current_hp_per_floor":[81,80,80,79,79,79,79,79,79,79,78,78,63,56,56,0,0,0],"gold":293,"neow_bonus":"ONE_RARE_RELIC","is_daily":false,"chose_seed":false,"campfire_upgraded":3,"win_rate":0.0,"timestamp":1614111410,"path_taken":["R","M","?","M","?","R","T","?","R","M","M","R","E","M","M","BOSS"],"items_purchased_type":[],"build_version":"2020-12-22","purchased_purges":0,"victory":false,"max_hp_per_floor":[81,81,81,81,81,81,81,81,81,81,81,81,81,81,81,81,81,81],"card_choices":[{"not_picked":["champ:Haymaker","champ:FlashCut","champ:PerfectedStrike"],"picked":"SKIP","floor":2},{"not_picked":["champ:DefensiveShout","champ:EnGarde"],"picked":"champ:Endure","floor":4},{"not_picked":["champ:BladeFlurry","champ:PerfectedStrike"],"picked":"champ:Encircle","floor":5},{"not_picked":["champ:FlashCut","champ:GladiatorForm"],"picked":"champ:EnGarde","floor":10},{"not_picked":["champ:TornadoPunch","champ:RapidStrikes","champ:CrownThrow"],"picked":"SKIP","floor":11},{"not_picked":["champ:CrownThrow","champ:RisingSlash"],"picked":"champ:BerserkersShout","floor":13},{"not_picked":["champ:PreemptiveStrike","champ:Backstep"],"picked":"champ:RisingSlash","floor":14},{"not_picked":["champ:StanceDance","champ:ShieldWall"],"picked":"champ:AdrenalArmor","floor":15}],"player_experience":1023253,"relics_obtained":[{"floor":7,"key":"Pantograph"},{"floor":13,"key":"Dead Branch"}],"event_choices":[{"cards_removed":["champ:Strike"],"damage_healed":0,"gold_gain":0,"player_choice":"Offered Basic","damage_taken":0,"max_hp_gain":0,"max_hp_loss":0,"event_name":"Bonfire Elementals","floor":3,"gold_loss":0}],"is_beta":false,"boss_relics":[],"items_purged_floors":[],"is_endless":false,"potions_floor_spawned":[4,10,11,14,15],"killed_by":"SI_SHIV_ARCHETYPE","ascension_level":0}}