{"host":"9rl1losg6xb67ev0","time":1614056088,"event":{"mods":["BaseMod","Hero for Fun","Magitek Elite","Marisa????????","Minty Spire (QoL Compilation)","Slay the StarCraft II Mod","StSLib","SuperFastMode","Td1madao Mod","The Bug Knight","The Exalted","The Necromancer","???Mod??????Boss"],"gold_per_floor":[17,17,36,36,56,92,104,116,199,224,236,248,296,326,338,479,491,524,338,351,366,281,320,320,341,341,88,106,147,147,187,187,308,308,323,341,354,368,382,425,405,443,443,144,144,159,195,210,210,210,210,210,53,87,87],"floor_reached":56,"language":"ENG","playtime":809,"items_purged":["Hop"],"score":1927,"play_id":"8c6b989f-b4e2-4cea-824b-b8d7588c9a11","local_time":"20210222235448","is_ascension_mode":true,"campfire_choices":[{"floor":7,"key":"RECALL"},{"data":"Slap","floor":11,"key":"SMITH"},{"data":"Ignore","floor":15,"key":"SMITH"},{"data":"Get_Hopes_Up","floor":24,"key":"SMITH"},{"floor":32,"key":"REST"},{"floor":49,"key":"DIG"},{"floor":52,"key":"DIG"}],"circlet_count":0,"master_deck":["Consecutive_Normal_Punch","Toss_Stone","Ignore+1","Slap+1","Hip_Strike","Toss_Stone","Serious_Side_Hops","Normal_Punch","Slap","Do_Nothing","Get_Hopes_Up+1","Hop","Ignore","Oh","Wear_Disguise","Serious_Punch","Wear_Disguise","Normal_Punch","Yawn","Wear_Disguise+1","Do_Nothing+1","Consecutive_Normal_Punch","Serious_Punch","Normal_Punch+1","Yawn+1","Hop","Side_Hop+1","Yawn+1","Terrifying_Presence","Yawn+1","Hip_Strike","Do_Nothing+1","Side_Hop"],"relics":["Cape","Golden Idol","MawBank","Smiling Mask","Pandora\u0027s Box","Toy Ornithopter","Bird Faced Urn","Ornamental Fan","Bromod:ArcaneAvenger","HornCleat","Shuriken","Torii","Bromod:ArcaneBarrier","Pen Nib","Shovel","Sundial","Lantern","Happy Flower","Pantograph","Boot","Blue Candle","Orrery","TungstenRod"],"acts_visited":["Exordium","TheCity","TheBeyond","TheEnding"],"potions_floor_usage":[18,29,37,37,42,42,42,47],"damage_taken":[{"damage":0,"enemies":"Jaw Worm","floor":1,"turns":1},{"damage":0,"enemies":"Cultist","floor":3,"turns":1},{"damage":0,"enemies":"Small Slimes","floor":5,"turns":1},{"damage":0,"enemies":"HollowMod:MossKnight","floor":6,"turns":1},{"damage":0,"enemies":"3 Louse","floor":10,"turns":2},{"damage":0,"enemies":"3 Sentries","floor":13,"turns":2},{"damage":0,"enemies":"Exordium Thugs","floor":14,"turns":1},{"damage":0,"enemies":"Slime Boss","floor":16,"turns":1},{"damage":0,"enemies":"3 Byrds","floor":18,"turns":2},{"damage":0,"enemies":"Spheric Guardian","floor":20,"turns":1},{"damage":0,"enemies":"Chosen and Byrds","floor":21,"turns":2},{"damage":0,"enemies":"Gremlin Leader","floor":23,"turns":1},{"damage":0,"enemies":"Snake Plant","floor":25,"turns":1},{"damage":0,"enemies":"Snecko","floor":28,"turns":1},{"damage":0,"enemies":"Slavers","floor":29,"turns":1},{"damage":0,"enemies":"Gremlin Leader","floor":31,"turns":1},{"damage":0,"enemies":"Collector","floor":33,"turns":5},{"damage":0,"enemies":"3 Shapes","floor":35,"turns":2},{"damage":0,"enemies":"Orb Walker","floor":36,"turns":1},{"damage":0,"enemies":"4 Shapes","floor":37,"turns":1},{"damage":0,"enemies":"Maw","floor":38,"turns":1},{"damage":0,"enemies":"Writhing Mass","floor":39,"turns":1},{"damage":0,"enemies":"Nemesis","floor":40,"turns":1},{"damage":0,"enemies":"HollowMod:StalkingDevout","floor":42,"turns":1},{"damage":0,"enemies":"Maw","floor":46,"turns":1},{"damage":0,"enemies":"Nemesis","floor":47,"turns":1},{"damage":0,"enemies":"Transient","floor":48,"turns":1},{"damage":0,"enemies":"Donu and Deca","floor":50,"turns":4},{"damage":0,"enemies":"Shield and Spear","floor":54,"turns":3},{"damage":0,"enemies":"The Heart","floor":55,"turns":3}],"seed_played":"-8160956581401018307","potions_obtained":[{"floor":0,"key":"Fire Potion"},{"floor":0,"key":"Block Potion"},{"floor":0,"key":"Block Potion"},{"floor":5,"key":"ColorlessPotion"},{"floor":13,"key":"Fire Potion"},{"floor":14,"key":"AttackPotion"},{"floor":18,"key":"AttackPotion"},{"floor":33,"key":"Block Potion"},{"floor":37,"key":"LiquidMemories"},{"floor":41,"key":"Weak Potion"},{"floor":46,"key":"Swift Potion"},{"floor":48,"key":"Weak Potion"}],"is_trial":false,"path_per_floor":["M","?","M","?","M","E","R","$","T","M","R","$","E","M","R","B",null,"M","$","M","M","?","E","R","M","T","$","M","E","?","E","R","B",null,"M","M","M","M","M","E","?","E","T","$","$","M","E","M","R","B",null,"R","$","E","B",null],"character_chosen":"OPM","items_purchased":["Toy Ornithopter","HornCleat","Lantern","Happy Flower","Orrery"],"campfire_rested":1,"item_purchase_floors":[19,27,44,44,53],"current_hp_per_floor":[999,1004,1004,924,924,924,924,924,924,924,924,924,924,924,924,924,924,924,924,924,924,924,924,924,924,924,924,924,924,924,924,924,924,924,924,924,924,924,924,924,924,924,924,924,924,924,924,924,924,924,924,924,924,924,924],"gold":87,"neow_bonus":"THREE_SMALL_POTIONS","is_daily":false,"chose_seed":false,"campfire_upgraded":3,"win_rate":0.0,"timestamp":1614056088,"path_taken":["M","?","M","?","?","E","R","?","T","M","R","$","E","M","R","BOSS","M","$","M","M","?","E","R","M","T","$","M","E","?","E","R","BOSS","M","M","M","M","M","E","?","E","T","?","$","M","E","M","R","BOSS","R","$","E","BOSS"],"items_purchased_type":["Relic","Relic","Relic","Relic","Relic"],"build_version":"2020-12-22","purchased_purges":1,"victory":true,"max_hp_per_floor":[999,1004,1004,924,924,924,924,924,924,924,924,924,924,924,924,924,924,924,924,924,924,924,924,924,924,924,924,924,924,924,924,924,924,924,924,924,924,924,924,924,924,924,924,924,924,924,924,924,924,924,924,924,924,924,924],"card_choices":[{"not_picked":["Do_Nothing","Yawn"],"picked":"Hop","floor":1},{"not_picked":["Slap","Wear_Disguise"],"picked":"Consecutive_Normal_Punch","floor":3},{"not_picked":["Yawn","Side_Hop"],"picked":"Toss_Stone","floor":5},{"not_picked":["Hop","Do_Nothing"],"picked":"Ignore","floor":6},{"not_picked":["Toss_Stone","Normal_Punch"],"picked":"Slap","floor":10},{"not_picked":["Yawn","Side_Hop"],"picked":"Hip_Strike","floor":13},{"not_picked":["Hop","Side_Hop"],"picked":"Toss_Stone","floor":14},{"not_picked":["Hip_Strike","Get_Hopes_Up"],"picked":"Serious_Side_Hops","floor":16},{"not_picked":["Ignore","Toss_Stone"],"picked":"Normal_Punch","floor":18},{"not_picked":["Ignore","Consecutive_Normal_Punch"],"picked":"Yawn","floor":20},{"not_picked":["Toss_Stone+1","Side_Hop+1"],"picked":"Wear_Disguise+1","floor":21},{"not_picked":["Toss_Stone","Slap","Side_Hop"],"picked":"SKIP","floor":23},{"not_picked":["Normal_Punch","Consecutive_Normal_Punch","Hop+1"],"picked":"SKIP","floor":25},{"not_picked":["Side_Hop","Hop","Yawn"],"picked":"SKIP","floor":28},{"not_picked":["Toss_Stone","Normal_Punch"],"picked":"Do_Nothing+1","floor":29},{"not_picked":["Side_Hop+1","Do_Nothing+1"],"picked":"Consecutive_Normal_Punch","floor":31},{"not_picked":["Get_Hopes_Up","Hip_Strike"],"picked":"Serious_Punch","floor":33},{"not_picked":["Hop+1","Yawn","Toss_Stone"],"picked":"SKIP","floor":35},{"not_picked":["Consecutive_Normal_Punch","Yawn"],"picked":"Normal_Punch+1","floor":36},{"not_picked":["Wear_Disguise+1","Slap","Do_Nothing+1"],"picked":"SKIP","floor":37},{"not_picked":["Slap+1","Do_Nothing+1"],"picked":"Yawn+1","floor":38},{"not_picked":["Yawn","Consecutive_Normal_Punch","Hop+1"],"picked":"SKIP","floor":39},{"not_picked":["Normal_Punch+1","Yawn+1","Terrifying_Presence"],"picked":"SKIP","floor":40},{"not_picked":["Yawn","Hop","Slap+1"],"picked":"SKIP","floor":42},{"not_picked":["Side_Hop","Slap"],"picked":"Hop","floor":46},{"not_picked":["Slap+1","Ignore"],"picked":"Side_Hop+1","floor":47},{"not_picked":["Slap","Hop+1"],"picked":"Yawn+1","floor":48},{"not_picked":["Side_Hop+1","Wear_Disguise"],"picked":"Terrifying_Presence","floor":53},{"not_picked":["Hop","Ignore"],"picked":"Yawn+1","floor":53},{"not_picked":["Side_Hop+1","Slap"],"picked":"Hip_Strike","floor":53},{"not_picked":["Normal_Punch","Slap"],"picked":"Do_Nothing+1","floor":53},{"not_picked":["Hop+1","Slap"],"picked":"Side_Hop","floor":53},{"not_picked":["Ignore+1","Do_Nothing+1","Normal_Punch+1"],"picked":"SKIP","floor":54}],"player_experience":242948,"relics_obtained":[{"floor":6,"key":"MawBank"},{"floor":13,"key":"Smiling Mask"},{"floor":23,"key":"Ornamental Fan"},{"floor":26,"key":"Bromod:ArcaneAvenger"},{"floor":29,"key":"Shuriken"},{"floor":31,"key":"Torii"},{"floor":40,"key":"Pen Nib"},{"floor":42,"key":"Shovel"},{"floor":43,"key":"Sundial"},{"floor":47,"key":"Pantograph"},{"floor":49,"key":"Boot"},{"floor":52,"key":"Blue Candle"},{"floor":54,"key":"TungstenRod"}],"event_choices":[{"damage_healed":0,"gold_gain":0,"player_choice":"Donut","damage_taken":0,"max_hp_gain":5,"max_hp_loss":0,"event_name":"Big Fish","floor":2,"gold_loss":0},{"damage_healed":0,"gold_gain":0,"player_choice":"Lose Max HP","damage_taken":0,"relics_obtained":["Golden Idol"],"max_hp_gain":0,"max_hp_loss":80,"event_name":"Golden Idol","floor":4,"gold_loss":0},{"damage_healed":0,"gold_gain":0,"player_choice":"Obtained Relic","damage_taken":0,"relics_obtained":["Bird Faced Urn"],"max_hp_gain":0,"max_hp_loss":0,"event_name":"Addict","floor":22,"gold_loss":85},{"damage_healed":0,"gold_gain":0,"player_choice":"Ignored","damage_taken":0,"max_hp_gain":0,"max_hp_loss":0,"event_name":"Vampires","floor":30,"gold_loss":0},{"damage_healed":0,"gold_gain":0,"player_choice":"Bought 1 Potion","damage_taken":0,"max_hp_gain":0,"max_hp_loss":0,"event_name":"The Woman in Blue","floor":41,"gold_loss":0}],"is_beta":false,"boss_relics":[{"not_picked":["Busted Crown","Astrolabe"],"picked":"Pandora\u0027s Box"},{"not_picked":["Snecko Eye","Coffee Dripper"],"picked":"Bromod:ArcaneBarrier"}],"items_purged_floors":[19],"is_endless":false,"potions_floor_spawned":[5,6,13,14,18,21,23,28,33,35,36,37,46,47,48],"ascension_level":2}}