{"host":"2q4w55ev63ot6isg","time":1614103097,"event":{"mods":["Aspiration","BaseMod","Downfall","Hubris","Marisa????????","Minty Spire (QoL Compilation)","Replay The Spire","StSLib","The Cursed","The Jungle","The Servant 0.9.4"],"gold_per_floor":[113,123,42,42,57,57,77,77,77,2,36,36,36,52,52,154,154,172,172,27,44,44,44,55,90,90,90,106,123,123,123],"floor_reached":30,"language":"ENG","playtime":1234,"items_purged":["Strike_B"],"score":350,"play_id":"3a75c98b-509d-44ec-a701-d8b7f33b44d2","local_time":"20210223095817","is_ascension_mode":true,"campfire_choices":[{"data":"Zap","floor":6,"key":"SMITH"},{"data":"Sanctity","floor":8,"key":"SMITH"},{"floor":12,"key":"REST"},{"data":"Multi-Cast","floor":23,"key":"SMITH"},{"floor":27,"key":"REST"}],"circlet_count":0,"master_deck":["Strike_B","Strike_B","Strike_B","Defend_B","Defend_B","Defend_B","Defend_B","Zap+1","Dualcast+1","FearNoEvil","Evaluate","Sanctity+1","BootSequence","Glacier+1","CommonCold","Ball Lightning","Multi-Cast+1","Time Bomb","Consume+1","Coolheaded","Crescendo+1"],"relics":["aspiration:WatcherSkillbook","Replay:Wax Seal","Chameleon Ring","Bronze Scales","ReplayTheSpireMod:Ring of Addiction","Potion Belt","hubris:EmptyBottle","Busted Crown","OrangePellets","hubris:BallOfYels","hubris:RGBLights"],"acts_visited":["Exordium","TheCity"],"potions_floor_usage":[7,7,14,16,16,16,21,24,25,28,30],"damage_taken":[{"damage":0,"enemies":"Small Slimes","floor":1,"turns":3},{"damage":11,"enemies":"2 Louse","floor":2,"turns":4},{"damage":8,"enemies":"Jaw Worm","floor":5,"turns":5},{"damage":0,"enemies":"Gremlin Gang","floor":7,"turns":4},{"damage":35,"enemies":"3 Sentries","floor":11,"turns":10},{"damage":9,"enemies":"3 Louse","floor":14,"turns":4},{"damage":3,"enemies":"Hexaghost","floor":16,"turns":8},{"damage":2,"enemies":"Spheric Guardian","floor":18,"turns":6},{"damage":0,"enemies":"Shell Parasite","floor":21,"turns":9},{"damage":29,"enemies":"Snecko","floor":24,"turns":6},{"damage":11,"enemies":"Gremlin Leader","floor":25,"turns":6},{"damage":18,"enemies":"3 Cultists","floor":28,"turns":6},{"damage":19,"enemies":"Sentry and Sphere","floor":29,"turns":7},{"damage":30,"enemies":"Centurion and Healer","floor":30,"turns":4}],"seed_played":"-6396596220467011746","potions_obtained":[{"floor":2,"key":"Adrenaline Potion"},{"floor":5,"key":"BlessingOfTheForge"},{"floor":11,"key":"Elixir"},{"floor":13,"key":"BlessingOfTheForge"},{"floor":13,"key":"LiquidBronze"},{"floor":13,"key":"Guardian:BlockOnCardUsePotion"},{"floor":16,"key":"Elixir"},{"floor":24,"key":"FearPotion"},{"floor":25,"key":"sneckomod:MuddlingPotion"},{"floor":29,"key":"hexamod:SoulburnPotion"}],"is_trial":false,"path_per_floor":["M","M","$","?","M","R","M","R","T","$","E","R","?","M","R","B",null,"M","?","$","M","?","R","M","E","T","R","M","M","M"],"character_chosen":"DEFECT","items_purchased":["Replay:Wax Seal","OrangePellets"],"campfire_rested":2,"item_purchase_floors":[3,20],"current_hp_per_floor":[68,57,57,62,54,54,54,54,54,54,19,43,43,34,58,55,74,72,72,72,72,72,72,43,32,32,55,37,18,0,0],"gold":123,"neow_bonus":"BOSS_RELIC","is_daily":false,"chose_seed":false,"campfire_upgraded":3,"win_rate":0.0,"timestamp":1614103097,"path_taken":["M","M","$","?","M","R","M","R","T","$","E","R","?","M","R","BOSS","M","?","$","M","?","R","M","E","T","R","M","M","?"],"items_purchased_type":["Relic","Relic"],"build_version":"2020-12-22","purchased_purges":1,"victory":false,"max_hp_per_floor":[75,75,75,80,80,80,80,80,80,80,80,80,80,80,80,80,80,80,80,78,78,78,78,78,78,78,78,78,78,78,78],"card_choices":[{"not_picked":["FlyingSleeves","FollowUp","EmptyBody"],"picked":"FearNoEvil","floor":1},{"not_picked":["Consecrate","TalkToTheHand","Auto Shields"],"picked":"Evaluate","floor":2},{"not_picked":["Protect","Stack","WreathOfFlame"],"picked":"Sanctity","floor":5},{"not_picked":["Protect","Hologram","Sanctity"],"picked":"BootSequence","floor":7},{"not_picked":["Swivel","SashWhip","Indignation"],"picked":"Glacier","floor":11},{"not_picked":["Undo","Compile Driver","Consume"],"picked":"Ball Lightning","floor":14},{"not_picked":["All For One","Hyperbeam","hubris:SpecializedCircuitry"],"picked":"Multi-Cast","floor":16},{"not_picked":["Consume","Go for the Eyes"],"picked":"SKIP","floor":18},{"not_picked":["WaveOfTheHand"],"picked":"Time Bomb","floor":21},{"not_picked":["Go for the Eyes"],"picked":"Consume+1","floor":24},{"not_picked":["Replay:ManipulateFuture"],"picked":"Coolheaded","floor":25},{"not_picked":["WaveOfTheHand"],"picked":"Crescendo+1","floor":28},{"not_picked":["Replay:Hum+1","Consume+1"],"picked":"SKIP","floor":29}],"player_experience":267333,"relics_obtained":[{"floor":9,"key":"Chameleon Ring"},{"floor":11,"key":"Bronze Scales"},{"floor":13,"key":"ReplayTheSpireMod:Ring of Addiction"},{"floor":13,"key":"Potion Belt"},{"floor":13,"key":"hubris:EmptyBottle"},{"floor":25,"key":"hubris:BallOfYels"},{"floor":26,"key":"hubris:RGBLights"}],"event_choices":[{"damage_healed":0,"gold_gain":0,"player_choice":"Donut","damage_taken":0,"max_hp_gain":5,"max_hp_loss":0,"event_name":"Big Fish","floor":4,"gold_loss":0},{"damage_healed":0,"gold_gain":0,"player_choice":"Upgraded","damage_taken":0,"max_hp_gain":0,"max_hp_loss":0,"event_name":"Upgrade Shrine","floor":22,"gold_loss":0,"cards_upgraded":["Dualcast"]}],"is_beta":false,"boss_relics":[{"not_picked":["Coffee Dripper","sneckomod:SneckoTalon"],"picked":"Busted Crown"}],"items_purged_floors":[10],"is_endless":false,"potions_floor_spawned":[2,5,11,16,24,25,29],"killed_by":"Centurion and Healer","ascension_level":8}}