{"host":"0z6l31g9ps0v9zzp","time":1614061559,"event":{"mods":["Act Like it!","BaseMod","CapriCore","Minty Spire (QoL Compilation)","MostiFishMod","StSLib"],"gold_per_floor":[110,110,72,90,110,142,159,185,211,223,223,148,161,187,187,261,261,276,276,286,298,79,111,111,130,130,143,178,178,178,115,115,192,192,208,46,66,79,79,79,105,155,155,184,184,184,201,235,235,235,235,235,235,10,43,43],"floor_reached":57,"language":"ZHS","playtime":1663,"items_purged":["Strike_G","Strike_G","Strike_G","After Image"],"score":3675,"play_id":"44934864-020b-4faf-be27-b17dd345d252","local_time":"20210223142559","is_ascension_mode":true,"campfire_choices":[{"data":"Tactician","floor":11.0,"key":"SMITH"},{"data":"Reflex","floor":15.0,"key":"SMITH"},{"data":"Acrobatics","floor":24,"key":"SMITH"},{"data":"Concentrate","floor":32,"key":"SMITH"},{"floor":40,"key":"RECALL"},{"data":"MostiFishMod:Opportunism","floor":49,"key":"SMITH"},{"floor":53,"key":"REST"}],"circlet_count":0,"master_deck":["AscendersBane","Defend_G+1","Defend_G+1","Defend_G+1","Defend_G+1","Defend_G+1","Survivor+1","Blade Dance+1","Masterful Stab+1","Accuracy+1","Tactician+1","Infinite Blades+1","Reflex+1","Blade Dance+1","MostiFishMod:Neurotoxin+1","Acrobatics+1","Accuracy+1","Concentrate+1","Finisher+1","MostiFishMod:Opportunism+1","MostiFishMod:LethalBlade+1"],"relics":["DaveBox","Membership Card","OneHitWonderSystem","SynthV:TestCard","Frozen Egg 2","SynthV:C4","PreservedInsect","Lantern","PatriotShield","Sundial","DianDianMeat","Akabeko","Boot","GuanYuAspect","Orrery","Mark of the Bloom","Nunchaku","Prayer Wheel","Question Card","Blood Vial","Art of War","Bronze Scales","HornCleat","Oddly Smooth Stone"],"acts_visited":["Exordium","TheCity","TheBeyond","TheEnding"],"potions_floor_usage":[56,56,56,56],"damage_taken":[{"damage":0.0,"enemies":"Cultist","floor":1.0,"turns":5.0},{"damage":0.0,"enemies":"Small Slimes","floor":4.0,"turns":4.0},{"damage":0.0,"enemies":"2 Louse","floor":5.0,"turns":4.0},{"damage":0.0,"enemies":"Gremlin Nob","floor":6.0,"turns":5.0},{"damage":0.0,"enemies":"Red Slaver","floor":7.0,"turns":4.0},{"damage":0.0,"enemies":"3 Sentries","floor":8.0,"turns":13.0},{"damage":0.0,"enemies":"Lots of Slimes","floor":10.0,"turns":3.0},{"damage":0.0,"enemies":"Exordium Wildlife","floor":13.0,"turns":4.0},{"damage":0.0,"enemies":"Gremlin Nob","floor":14.0,"turns":4.0},{"damage":0.0,"enemies":"The Guardian","floor":16.0,"turns":6.0},{"damage":0.0,"enemies":"3 Byrds","floor":18.0,"turns":1.0},{"damage":0,"enemies":"2 Thieves","floor":20,"turns":2},{"damage":0,"enemies":"Snecko","floor":21,"turns":3},{"damage":0,"enemies":"Book of Stabbing","floor":23,"turns":3},{"damage":0,"enemies":"Sentry and Sphere","floor":25,"turns":2},{"damage":0,"enemies":"Centurion and Healer","floor":27,"turns":2},{"damage":0,"enemies":"Gremlin Leader","floor":28,"turns":1},{"damage":0,"enemies":"Automaton","floor":33,"turns":4},{"damage":0,"enemies":"3 Darklings","floor":35,"turns":3},{"damage":0,"enemies":"Orb Walker","floor":37,"turns":2},{"damage":0,"enemies":"Jaw Worm Horde","floor":38,"turns":2},{"damage":0,"enemies":"Reptomancer","floor":41,"turns":2},{"damage":0,"enemies":"2 Orb Walkers","floor":42,"turns":2},{"damage":0,"enemies":"Giant Head","floor":44,"turns":2},{"damage":0,"enemies":"Transient","floor":47,"turns":4},{"damage":0,"enemies":"Reptomancer","floor":48,"turns":1},{"damage":0,"enemies":"Time Eater","floor":50,"turns":4},{"damage":0,"enemies":"Donu and Deca","floor":51,"turns":2},{"damage":0,"enemies":"Shield and Spear","floor":55,"turns":2},{"damage":0,"enemies":"The Heart","floor":56,"turns":7}],"seed_played":"-6746118449774661703","potions_obtained":[{"floor":1.0,"key":"Explosive Potion"},{"floor":4.0,"key":"CunningPotion"},{"floor":10.0,"key":"Poison Potion"},{"floor":16.0,"key":"CultistPotion"},{"floor":21,"key":"Regen Potion"},{"floor":35,"key":"SpeedPotion"},{"floor":41,"key":"Weak Potion"}],"is_trial":false,"path_per_floor":["M","?","$","M","M","E","M","E","T","M","R","?","M","E","R","B",null,"M","?","M","M","$","E","R","M","T","M","E","?","?","$","R","B",null,"M","$","M","M","?","R","E","?","T","E","?","?","M","E","R","B","B",null,"R","$","E","B",null],"character_chosen":"THE_SILENT","items_purchased":["Concentrate","Sundial","Orrery","Bronze Scales","HornCleat"],"campfire_rested":1,"item_purchase_floors":[22,22,36,54,54],"current_hp_per_floor":[1,1,1,1,1,1,1,1,1,1,1,1,1,1,1,1,1,1,1,1,1,1,1,1,1,1,1,2,1,1,1,1,1,1,1,2,1,1,1,1,1,1,1,1,1,1,1,1,1,1,1,1,1,1,1,1],"gold":43,"neow_bonus":"BOSS_RELIC","is_daily":false,"chose_seed":false,"campfire_upgraded":5,"win_rate":0.0,"timestamp":1614061559,"path_taken":["M","?","$","M","?","E","M","E","T","?","R","?","M","E","R","BOSS","M","?","?","M","?","E","R","M","T","M","E","?","?","$","R","BOSS","M","$","?","M","?","R","E","?","T","E","?","?","?","E","R","BOSS","BOSS","R","$","E","BOSS"],"items_purchased_type":["Card","Relic","Relic","Relic","Relic"],"build_version":"2020-12-22","purchased_purges":4,"victory":true,"max_hp_per_floor":[1,1,1,1,1,1,1,1,1,1,1,1,1,1,1,1,1,1,1,1,1,1,1,1,1,1,1,2,1,1,1,1,1,1,1,3,1,1,1,1,1,1,1,4,1,1,1,5,1,1,1,1,1,1,1,1],"card_choices":[{"not_picked":["Accuracy","Tactician"],"picked":"Blade Dance","floor":1.0},{"not_picked":["Underhanded Strike","Flying Knee","Dagger Throw","Dodge and Roll","Deadly Poison"],"picked":"SKIP","floor":4.0},{"not_picked":["Slice","Poisoned Stab","Prepared","Cloak And Dagger"],"picked":"Masterful Stab","floor":5.0},{"not_picked":["PiercingWail","Sucker Punch","Predator","Well Laid Plans+1"],"picked":"Accuracy+1","floor":6.0},{"not_picked":["Backflip","Underhanded Strike","Deadly Poison","Wraith Form v2+1"],"picked":"Tactician","floor":7.0},{"not_picked":["Caltrops+1","Quick Slash","Bane","MostiFishMod:PerfectParry"],"picked":"Infinite Blades+1","floor":8.0},{"not_picked":["Finisher","Flying Knee","Dodge and Roll","Footwork+1"],"picked":"Reflex","floor":10.0},{"not_picked":["Leg Sweep","PiercingWail","Caltrops+1","Dash","Sucker Punch"],"picked":"SKIP","floor":13.0},{"not_picked":["Calculated Gamble","Quick Slash","PiercingWail","Tactician"],"picked":"Blade Dance","floor":14.0},{"not_picked":["MostiFishMod:FullyArmed","MostiFishMod:GrandStart","Grand Finale","Phantasmal Killer"],"picked":"MostiFishMod:Neurotoxin+1","floor":16.0},{"not_picked":["Dagger Spray","Underhanded Strike","MostiFishMod:FrostNova","Bane"],"picked":"Acrobatics","floor":18.0},{"not_picked":["Deflect","Deadly Poison","Underhanded Strike","Bane","Backflip"],"picked":"SKIP","floor":20},{"not_picked":["Well Laid Plans+1","Bane","Dagger Spray","Heel Hook","Slice"],"picked":"SKIP","floor":21},{"not_picked":["Phantasmal Killer","Flechettes","Catalyst","Slice","Footwork+1"],"picked":"SKIP","floor":23},{"not_picked":["Quick Slash","MostiFishMod:PerfectParry","Cloak And Dagger","MostiFishMod:PreservedThorns","Slice"],"picked":"SKIP","floor":25},{"not_picked":["Sucker Punch","Eviscerate","Slice","Underhanded Strike","PiercingWail"],"picked":"SKIP","floor":27},{"not_picked":["Leg Sweep","All Out Attack","Dodge and Roll","Cloak And Dagger"],"picked":"MostiFishMod:FullyArmed","floor":28},{"not_picked":["Bane","MostiFishMod:PerfectParry","Slice","Deadly Poison","MostiFishMod:PreservedThorns"],"picked":"SKIP","floor":35},{"not_picked":["Quick Slash","Slice+1","Masterful Stab","Poisoned Stab"],"picked":"Finisher+1","floor":36},{"not_picked":["Deflect+1","Finisher+1","Predator","Riddle With Holes","MostiFishMod:InvigoratingSolution"],"picked":"SKIP","floor":37},{"not_picked":["Slice","Outmaneuver","MostiFishMod:PerfectParry","Dagger Spray+1","Eviscerate"],"picked":"SKIP","floor":38},{"not_picked":["Predator","Blur+1","Well Laid Plans+1","Crippling Poison","Underhanded Strike+1"],"picked":"SKIP","floor":41},{"not_picked":["Cloak And Dagger","A Thousand Cuts+1","Flying Knee","MostiFishMod:PerfectParry"],"picked":"MostiFishMod:Opportunism","floor":44},{"not_picked":["Sucker Punch","Choke","Crippling Poison","Flying Knee","Deadly Poison","Dodge and Roll+1"],"picked":"SKIP","floor":47},{"not_picked":["Choke","Dagger Spray","MostiFishMod:PoisonShield","Dodge and Roll+1","Underhanded Strike","Caltrops+1"],"picked":"SKIP","floor":47},{"not_picked":["Outmaneuver","Infinite Blades+1","Dagger Throw+1","Sucker Punch","Backflip"],"picked":"MostiFishMod:LethalBlade+1","floor":48},{"not_picked":["Outmaneuver","Quick Slash+1","Underhanded Strike","MostiFishMod:VineMother+1","Calculated Gamble","Dagger Throw"],"picked":"SKIP","floor":55}],"player_experience":296863,"relics_obtained":[{"floor":1.0,"key":"SynthV:TestCard"},{"floor":6.0,"key":"Frozen Egg 2"},{"floor":8.0,"key":"SynthV:C4"},{"floor":9.0,"key":"PreservedInsect"},{"floor":14.0,"key":"Lantern"},{"floor":23,"key":"DianDianMeat"},{"floor":26,"key":"Akabeko"},{"floor":28,"key":"Boot"},{"floor":41,"key":"Nunchaku"},{"floor":42,"key":"Prayer Wheel"},{"floor":44,"key":"Question Card"},{"floor":46,"key":"Blood Vial"},{"floor":48,"key":"Art of War"},{"floor":55,"key":"Oddly Smooth Stone"}],"event_choices":[{"damage_healed":0.0,"max_hp_gain":0.0,"max_hp_loss":0.0,"gold_gain":0.0,"cards_transformed":["Strike_G"],"event_name":"Transmorgrifier","player_choice":"Transformed","floor":2.0,"gold_loss":0.0,"damage_taken":0.0,"cards_obtained":["After Image"]},{"cards_removed":["Strike_G"],"damage_healed":0.0,"max_hp_gain":0.0,"max_hp_loss":0.0,"gold_gain":0.0,"event_name":"The Cleric","player_choice":"Card Removal","floor":12.0,"gold_loss":75.0,"damage_taken":0.0},{"damage_healed":0,"gold_gain":0,"player_choice":"Copied","damage_taken":0,"max_hp_gain":0,"max_hp_loss":0,"event_name":"Duplicator","floor":19,"gold_loss":0,"cards_obtained":["Accuracy"]},{"damage_healed":0,"gold_gain":0,"player_choice":"Ignored","damage_taken":0,"max_hp_gain":0,"max_hp_loss":0,"event_name":"Vampires","floor":29,"gold_loss":0},{"damage_healed":0,"gold_gain":0,"player_choice":"Ignored","damage_taken":0,"max_hp_gain":0,"max_hp_loss":0,"event_name":"N\u0027loth","floor":30,"gold_loss":0},{"damage_healed":0,"gold_gain":0,"player_choice":"Upgrade","damage_taken":0,"relics_obtained":["Mark of the Bloom"],"max_hp_gain":0,"max_hp_loss":0,"event_name":"MindBloom","floor":39,"gold_loss":0,"cards_upgraded":["Defend_G","Defend_G","Defend_G","Defend_G","Defend_G","Survivor","Neutralize","Blade Dance","Masterful Stab","Blade Dance"]},{"damage_healed":0,"gold_gain":0,"player_choice":"Fight","damage_taken":0,"max_hp_gain":0,"max_hp_loss":0,"event_name":"Mysterious Sphere","floor":42,"gold_loss":0},{"cards_removed":["Neutralize"],"damage_healed":0,"gold_gain":0,"player_choice":"Removed Attack","damage_taken":0,"max_hp_gain":0,"max_hp_loss":0,"event_name":"Falling","floor":45,"gold_loss":0},{"damage_healed":0,"gold_gain":0,"player_choice":"Relic","damage_taken":0,"max_hp_gain":0,"max_hp_loss":0,"event_name":"Wheel of Change","floor":46,"gold_loss":0}],"is_beta":false,"boss_relics":[{"not_picked":["Velvet Choker","RhineCircuit"],"picked":"PatriotShield"},{"not_picked":["FixedStarFall","FeatherPendant"],"picked":"GuanYuAspect"}],"items_purged_floors":[3,22,31,36],"is_endless":false,"potions_floor_spawned":[1,4,7,10,16,21,23,35,41,44,47,48,55],"ascension_level":20}}