{"host":"df48i9djcn92c5sx","time":1614084050,"event":{"mods":["Act Like it!","Arknights","BaseMod","Decade(王小明)","Downfall","Gensokyo","Marisa（F雨　魔理沙）","Minty Spire (QoL Compilation)","READ ME - Guardian Mod","READ ME - Snecko Mod","Reimu（博丽灵梦）","Remilia（蕾米莉亚）","Shop Mod","StSLib","The Jungle","The Servant 0.9.4"],"gold_per_floor":[116,191,191,191,206,206,220,11,11,24,24,27,27,54,54,108,108,97,12,11,11,29,29,54,54,54,54,68,80,80,96,96,167,167,183,183,234,245,245,245,270,270,315,315,322,247,247,261,261,258,258],"floor_reached":50,"language":"ZHS","playtime":1943,"items_purged":["Wraith"],"score":940,"play_id":"4e7f5196-4197-4d0f-9689-709014510d62","local_time":"20210223204050","is_ascension_mode":true,"campfire_choices":[{"data":"Zap","floor":6.0,"key":"SMITH"},{"data":"Glacier","floor":11.0,"key":"SMITH"},{"data":"Fusion","floor":13.0,"key":"SMITH"},{"data":"Barrage","floor":15.0,"key":"SMITH"},{"data":"Biased Cognition","floor":23.0,"key":"SMITH"},{"floor":27.0,"key":"REST"},{"floor":30.0,"key":"REST"},{"data":"Fission","floor":32.0,"key":"SMITH"},{"floor":40,"key":"REST"},{"floor":42,"key":"REST"},{"floor":44,"key":"REST"},{"data":"Rainbow","floor":47,"key":"SMITH"},{"floor":49,"key":"REST"}],"circlet_count":0,"master_deck":["AscendersBane","Strike_B","Strike_B","Strike_B","Strike_B","Defend_B","Defend_B","Defend_B","Defend_B","Zap+1","Dualcast","Fusion+1","Glacier+1","Ball Lightning","Barrage+1","Biased Cognition+1","Capacitor+1","Consume+1","Storm+1","Reinforced Body","Fission+1","Rainbow+1","Cold Snap","Sunder+1","Static Discharge","Chaos","BootSequence+1"],"relics":["FrozenCore","NeowsBlessing","YidongShenshe:ReiMu","bronze:BronzeIdol","Gremlin Horn","Boot","DataDisk","Velvet Choker","Lantern","Spirit Poop","PureWhite:ReiMu","Sundial","Du-Vu Doll","Prayer Wheel","ScarletDevilRocket"],"acts_visited":["Exordium","TheCity","TheBeyond"],"potions_floor_usage":[38,41],"damage_taken":[{"damage":0.0,"enemies":"Jaw Worm","floor":1.0,"turns":1.0},{"damage":0.0,"enemies":"2 Louse","floor":5.0,"turns":1.0},{"damage":0.0,"enemies":"Small Slimes","floor":7.0,"turns":1.0},{"damage":12.0,"enemies":"Looter","floor":10.0,"turns":4.0},{"damage":12.0,"enemies":"3 Sentries","floor":12.0,"turns":11.0},{"damage":0.0,"enemies":"Gremlin Nob","floor":14.0,"turns":3.0},{"damage":5.0,"enemies":"The Guardian","floor":16.0,"turns":12.0},{"damage":6.0,"enemies":"3 Byrds","floor":18.0,"turns":4.0},{"damage":8.0,"enemies":"Chosen","floor":20.0,"turns":5.0},{"damage":0.0,"enemies":"Centurion and Healer","floor":22.0,"turns":8.0},{"damage":3.0,"enemies":"Book of Stabbing","floor":24.0,"turns":4.0},{"damage":2.0,"enemies":"Chosen and Byrds","floor":28.0,"turns":4.0},{"damage":2.0,"enemies":"Cultist and Chosen","floor":29.0,"turns":4.0},{"damage":0.0,"enemies":"Snecko","floor":31.0,"turns":4.0},{"damage":63.0,"enemies":"Automaton","floor":33.0,"turns":10.0},{"damage":3.0,"enemies":"Orb Walker","floor":35.0,"turns":3.0},{"damage":35,"enemies":"2 Orb Walkers","floor":37,"turns":6},{"damage":0,"enemies":"3 Darklings","floor":38,"turns":5},{"damage":26,"enemies":"Nemesis","floor":41,"turns":11},{"damage":23,"enemies":"Writhing Mass","floor":45,"turns":3},{"damage":0,"enemies":"Maw","floor":48,"turns":7},{"damage":57,"enemies":"Awakened One","floor":50,"turns":18}],"seed_played":"717987131056492990","potions_obtained":[{"floor":1.0,"key":"Fire Potion"},{"floor":10.0,"key":"Weak Potion"},{"floor":12.0,"key":"champ:CounterPotion"},{"floor":14.0,"key":"SkillPotion"},{"floor":20.0,"key":"Ancient Potion"},{"floor":28.0,"key":"Fire Potion"},{"floor":29.0,"key":"LiquidBronze"},{"floor":33.0,"key":"PowerPotion"},{"floor":35.0,"key":"bronze:BurnAndBuffPotion"}],"is_trial":false,"path_per_floor":["M","?","?","?","M","R","M","$","T","M","R","E","R","E","R","B",null,"M","?","M","?","M","R","E","$","T","R","M","M","R","M","R","B",null,"M","?","?","M","?","R","E","R","T","R","M","$","R","M","R","B"],"character_chosen":"DEFECT","items_purchased":["bronze:BronzeIdol","Fusion"],"campfire_rested":6,"item_purchase_floors":[8,8],"current_hp_per_floor":[64,53,53,53,53,53,53,53,53,41,41,29,29,29,29,24,59,53,53,45,45,45,45,42,42,42,63,61,59,71,71,71,8,55,52,52,17,17,17,38,12,33,33,54,31,31,31,31,52,0,0],"gold":258,"neow_bonus":"THREE_ENEMY_KILL","is_daily":false,"chose_seed":false,"campfire_upgraded":7,"win_rate":0.0,"timestamp":1614084050,"path_taken":["M","?","?","?","M","R","M","?","T","M","R","E","R","E","R","BOSS","M","?","M","?","M","R","E","$","T","R","M","M","R","?","R","BOSS","M","?","?","?","?","R","E","R","T","R","M","$","R","M","R","BOSS"],"items_purchased_type":["Relic","Card"],"build_version":"2020-12-22","purchased_purges":1,"victory":false,"max_hp_per_floor":[71,71,71,71,71,71,71,71,71,71,71,71,71,71,71,71,71,71,71,71,71,71,71,71,71,71,71,71,71,71,71,71,71,71,71,71,71,71,71,71,71,71,71,71,71,71,71,71,71,71,71],"card_choices":[{"not_picked":["White Noise","Loop","Sweeping Beam"],"picked":"SKIP","floor":1.0},{"not_picked":["Coolheaded","Melter","Go for the Eyes"],"picked":"SKIP","floor":5.0},{"not_picked":["Gash","Stack","Beam Cell"],"picked":"SKIP","floor":7.0},{"not_picked":["Sweeping Beam","Stack"],"picked":"Glacier","floor":10.0},{"not_picked":["Scrape","Compile Driver"],"picked":"Ball Lightning","floor":12.0},{"not_picked":["Skim","Go for the Eyes"],"picked":"Barrage","floor":14.0},{"not_picked":["Amplify","All For One"],"picked":"Biased Cognition","floor":16.0},{"not_picked":["Turbo","Gash+1"],"picked":"Capacitor+1","floor":18.0},{"not_picked":["Gash","Sweeping Beam"],"picked":"Consume+1","floor":20.0},{"not_picked":["Ball Lightning","Skim"],"picked":"Storm+1","floor":22.0},{"not_picked":["Go for the Eyes","Steam","Steam Power"],"picked":"SKIP","floor":24.0},{"not_picked":["Hologram","Stack"],"picked":"Reinforced Body","floor":28.0},{"not_picked":["Sweeping Beam","Conserve Battery","Redo"],"picked":"SKIP","floor":29.0},{"not_picked":["Sweeping Beam","Conserve Battery","Redo"],"picked":"SKIP","floor":29.0},{"not_picked":["Conserve Battery","Streamline+1"],"picked":"Fission","floor":31.0},{"not_picked":["All For One","Thunder Strike"],"picked":"Rainbow","floor":33.0},{"not_picked":["Consume","Hologram"],"picked":"Cold Snap","floor":35.0},{"not_picked":["Gash","Reprogram+1"],"picked":"Sunder+1","floor":38},{"not_picked":["Skim","Reinforced Body+1"],"picked":"Static Discharge","floor":41},{"not_picked":["Barrage","Stack+1"],"picked":"Chaos","floor":45},{"not_picked":["Recycle+1","Conserve Battery","All For One"],"picked":"SKIP","floor":45},{"not_picked":["Rebound+1","Fusion"],"picked":"BootSequence+1","floor":48},{"not_picked":["Streamline","Hello World","Rebound"],"picked":"SKIP","floor":48}],"player_experience":1618672,"relics_obtained":[{"floor":9.0,"key":"Gremlin Horn"},{"floor":12.0,"key":"Boot"},{"floor":14.0,"key":"DataDisk"},{"floor":24.0,"key":"PureWhite:ReiMu"},{"floor":26.0,"key":"Sundial"},{"floor":37,"key":"Du-Vu Doll"},{"floor":41,"key":"Prayer Wheel"},{"floor":43,"key":"ScarletDevilRocket"}],"event_choices":[{"damage_healed":0.0,"max_hp_gain":0.0,"max_hp_loss":0.0,"gold_gain":75.0,"event_name":"World of Goop","player_choice":"Gather Gold","floor":2.0,"gold_loss":0.0,"damage_taken":11.0},{"damage_healed":0.0,"max_hp_gain":0.0,"max_hp_loss":0.0,"gold_gain":0.0,"event_name":"Scrap Ooze","player_choice":"Fled","floor":3.0,"gold_loss":0.0,"damage_taken":0.0},{"damage_healed":0.0,"max_hp_gain":0.0,"max_hp_loss":0.0,"gold_gain":0.0,"event_name":"yidonshenshe","player_choice":"带走神社","floor":4.0,"gold_loss":0.0,"damage_taken":0.0,"relics_obtained":["YidongShenshe:ReiMu"],"cards_obtained":["Poor:ReiMu"]},{"damage_healed":0.0,"max_hp_gain":0.0,"max_hp_loss":0.0,"gold_gain":0.0,"event_name":"Addict","player_choice":"Obtained Relic","floor":19.0,"gold_loss":85.0,"damage_taken":0.0,"relics_obtained":["Lantern"]},{"cards_removed":["Poor:ReiMu"],"damage_healed":0.0,"max_hp_gain":0.0,"max_hp_loss":0.0,"gold_gain":0.0,"event_name":"Bonfire Elementals","player_choice":"Offered Curse","floor":21.0,"gold_loss":0.0,"damage_taken":0.0,"relics_obtained":["Spirit Poop"]},{"damage_healed":0,"gold_gain":0,"player_choice":"Ignored","damage_taken":0,"max_hp_gain":0,"max_hp_loss":0,"event_name":"OrinTheCat","floor":36,"gold_loss":0},{"damage_healed":0,"gold_gain":0,"player_choice":"Fight","damage_taken":0,"max_hp_gain":0,"max_hp_loss":0,"event_name":"Mysterious Sphere","floor":37,"gold_loss":0},{"damage_healed":0,"gold_gain":0,"player_choice":"Ignored","damage_taken":0,"max_hp_gain":0,"max_hp_loss":0,"event_name":"Tomb of Lord Red Mask","floor":39,"gold_loss":0}],"is_beta":false,"boss_relics":[{"not_picked":["Busted Crown","Pandora\u0027s Box"],"picked":"Velvet Choker"},{"not_picked":["Coffee Dripper","Cursed Key"],"picked":"FrozenCore"}],"items_purged_floors":[46],"is_endless":false,"potions_floor_spawned":[1,10,12,14,20,28,29,33,35,37],"killed_by":"Awakened One","ascension_level":16}}