{"host":"jh7kh5nqtgzr3auj","time":1614097106,"event":{"mods":["AchievementEnabler","Act Like it!","BaseMod","Colored Powertips","Downfall","Good Game Mod","Minty Spire (QoL Compilation)","Quick Restart","Relic Stats","Replay The Spire","StSLib","TestMod","WarShipGirlsR/’ΩΩ¢…Ÿ≈ÆR mod"],"gold_per_floor":[99,110,128,186,186,198,243,254,273,173,205,219,219,219,253,253,270,366,366,166,176,189,189,207,219,219,129,145,165,165,194,212,47,66,166,166,166,184,196,208,48,66,66,68,80,80,110,110,140,6,21,21,21,46,46,46,46,46],"floor_reached":59,"language":"ZHS","playtime":6226,"items_purged":["Writhe","bronze:Strike"],"score":1387,"play_id":"4a73d79e-4249-4968-952c-40dadc1767de","local_time":"20210224001826","is_ascension_mode":false,"campfire_choices":[{"floor":1.0,"key":"DIG"},{"floor":10.0,"key":"RECALL"},{"data":"bronze:Strike","floor":20.0,"key":"PURGE"},{"data":"bronze:Mutator","floor":30.0,"key":"SMITH"},{"data":"bronze:Defend","floor":37.0,"key":"PURGE"},{"data":"bronze:ShipIt","floor":48,"key":"SMITH"},{"data":"bronze:ThunderWave","floor":56,"key":"SMITH"}],"circlet_count":0,"master_deck":["bronze:Defend","bronze:Replicate","bronze:Goto","Corruption","bronze:WhirlingStrike","bronze:GetLatest+1","bronze:Virus","bronze:ClassDefault","bronze:Branch","bronze:ItsAFeature","bronze:DelayedSlice","bronze:SpaghettiCode+1","bronze:Mutator+1","bronze:ForceShield+1","bronze:Turbo+1","bronze:FineTuning+1","bronze:DelayedGuard+1","bronze:HyperBeam","bronze:GetLatest+1","bronze:ShipIt+1","bronze:Deprecate+1","bronze:FindAndReplace+1","Guardian:Suspension+1","bronze:FollowUp","bronze:ChosenStrike+1","bronze:ChildClass+1","bronze:Iterate","bronze:FollowUp+1","Venomology+1","bronze:OilSpill","Adrenaline+1","bronze:AlphaBuild","bronze:Backtrace+1","bronze:Backtrace+1","bronze:Repulsor","bronze:ThunderWave+1"],"relics":["bronze:BronzeCore","REME:ComplimentaryCards","testmod-TestBox","testmod-HeartOfDaVinci","Toxic Egg 2","testmod-AssaultLearning","downfall:HeartBlessingBlue","bronze:ProtectiveGoggles","Nunchaku","bronze:MakeshiftBattery","downfall:HeartBlessingRed","downfall:HeartBlessingGreen","testmod-Hope","Toy Ornithopter","Toolbox","Guardian:StasisSlotReductionRelic","Vajra","Byrd Skull","testmod-RandomTest","Tingsha","Garlic","testmod-LifeArmor","Replay:Bottled Steam"],"acts_visited":["Exordium","TheCity","TheBeyond","TheEnding"],"potions_floor_usage":[50,52,52,52,52,57,57,58,58,58,58,58],"damage_taken":[{"damage":4.0,"enemies":"Cultist","floor":2.0,"turns":4.0},{"damage":1.0,"enemies":"Jaw Worm","floor":3.0,"turns":4.0},{"damage":4.0,"enemies":"3 Sentries","floor":4.0,"turns":4.0},{"damage":0.0,"enemies":"2 Louse","floor":6.0,"turns":2.0},{"damage":4.0,"enemies":"Blue Slaver","floor":8.0,"turns":4.0},{"damage":0.0,"enemies":"Gremlin Gang","floor":9.0,"turns":1.0},{"damage":4.0,"enemies":"3 Sentries","floor":11.0,"turns":4.0},{"damage":0.0,"enemies":"downfall:LooterAlt","floor":12.0,"turns":3.0},{"damage":0.0,"enemies":"Lagavulin","floor":15.0,"turns":3.0},{"damage":0.0,"enemies":"Exordium Thugs","floor":17.0,"turns":2.0},{"damage":17.0,"enemies":"IC_STATUS_ARCHETYPE","floor":18.0,"turns":4.0},{"damage":8.0,"enemies":"downfall:LooterAlt2","floor":21.0,"turns":5.0},{"damage":0.0,"enemies":"Shell Parasite","floor":22.0,"turns":3.0},{"damage":0.0,"enemies":"Snecko","floor":24.0,"turns":4.0},{"damage":21.0,"enemies":"Centurion and Healer","floor":25.0,"turns":7.0},{"damage":0.0,"enemies":"downfall:FleeingMerchant","floor":27.0,"turns":4.0},{"damage":10.0,"enemies":"Snake Plant","floor":28.0,"turns":2.0},{"damage":0.0,"enemies":"Snecko","floor":29.0,"turns":4.0},{"damage":0.0,"enemies":"Gremlin Leader","floor":31.0,"turns":6.0},{"damage":0.0,"enemies":"Cultist and Chosen","floor":32.0,"turns":4.0},{"damage":0.0,"enemies":"downfall:FleeingMerchant","floor":33.0,"turns":4.0},{"damage":17.0,"enemies":"Centurion and Healer","floor":34.0,"turns":3.0},{"damage":14.0,"enemies":"SI_MIRROR_ARCHETYPE","floor":35.0,"turns":8.0},{"damage":13.0,"enemies":"3 Darklings","floor":38.0,"turns":2.0},{"damage":4.0,"enemies":"3 Shapes","floor":39.0,"turns":3.0},{"damage":0.0,"enemies":"3 Darklings","floor":40.0,"turns":1.0},{"damage":7.0,"enemies":"downfall:FleeingMerchant","floor":41.0,"turns":4.0},{"damage":21.0,"enemies":"Writhing Mass","floor":42.0,"turns":6.0},{"damage":0.0,"enemies":"downfall:FleeingMerchant","floor":44.0,"turns":1.0},{"damage":0,"enemies":"Transient","floor":45,"turns":5},{"damage":0,"enemies":"Reptomancer","floor":47,"turns":2},{"damage":4,"enemies":"R_Hoarder","floor":49,"turns":4},{"damage":18,"enemies":"Sphere and 2 Shapes","floor":51,"turns":3},{"damage":7,"enemies":"DF_ARCHETYPE_ORBS","floor":52,"turns":6},{"damage":0,"enemies":"downfall:CharBossMerchant","floor":54,"turns":3},{"damage":48,"enemies":"downfall:NeowBoss","floor":57,"turns":16},{"damage":53,"enemies":"downfall:NeowBossFinal","floor":58,"turns":7}],"seed_played":"7293398178459583623","potions_obtained":[{"floor":4.0,"key":"Block Potion"},{"floor":6.0,"key":"Venom Potion"},{"floor":8.0,"key":"SteroidPotion"},{"floor":12.0,"key":"Explosive Potion"},{"floor":15.0,"key":"Strength Potion"},{"floor":18.0,"key":"testmod-SpacePotion"},{"floor":22.0,"key":"champ:CounterPotion"},{"floor":25.0,"key":"BlessingOfTheForge"},{"floor":28.0,"key":"AttackPotion"},{"floor":31.0,"key":"CultistPotion"},{"floor":34.0,"key":"SteroidPotion"},{"floor":45,"key":"Swift Potion"},{"floor":51,"key":"Venom Potion"}],"is_trial":false,"path_per_floor":["R","M","M","?","?","M","T","M","M","R","E","M","PTL","PTL","E","?","M","B",null,"R","M","M","?","M","M","T","$","M","M","R","E","M","$","M","B",null,"R","M","M","M","$","M","T","$","M","?","E","R","E","$","M","B",null,"E","$","R","B","B",null],"character_chosen":"THE_AUTOMATON","items_purchased":["Toolbox","Vajra","testmod-RandomTest","bronze:Backtrace+1","testmod-SpacePotion"],"campfire_rested":0,"item_purchase_floors":[33,41,44,50,50],"current_hp_per_floor":[77,73,72,68,68,68,68,64,64,74,70,70,70,70,70,70,70,53,87,87,79,79,79,79,58,58,58,48,48,48,48,53,58,41,27,87,87,74,70,80,73,52,52,52,52,52,52,52,48,53,35,48,87,87,87,87,44,16],"gold":46,"neow_bonus":"TEN_PERCENT_HP_BONUS","is_daily":false,"chose_seed":false,"campfire_upgraded":3,"win_rate":0.0,"timestamp":1614097106,"path_taken":["R","M","M","?","?","M","T","M","M","R","E","?","PTL","PTL","E","?","M","BOSS","R","M","M","?","M","?","T","$","M","M","R","E","M","$","M","BOSS","R","M","M","M","$","M","T","$","M","?","E","R","E","$","M","BOSS","E","$","R","BOSS","BOSS"],"items_purchased_type":["Relic","Relic","Relic","Card","Potion"],"build_version":"2020-12-22","purchased_purges":2,"victory":true,"max_hp_per_floor":[77,77,77,77,77,77,77,77,77,87,87,87,87,87,87,87,87,87,87,87,87,87,87,87,87,87,87,87,87,87,87,87,87,87,87,87,87,87,87,87,87,87,87,87,87,87,87,87,87,87,87,87,87,87,87,87,87,87],"relic_stats":{"Nunchaku":[42],"counters":[37,152],"Tingsha":[14],"obtain_stats":[{"Guardian:StasisSlotReductionRelic":36,"bronze:BronzeCore":0,"testmod-TestBox":0,"downfall:HeartBlessingRed":20,"Vajra":41,"downfall:HeartBlessingGreen":20,"Tingsha":46,"testmod-LifeArmor":49,"testmod-RandomTest":44,"REME:ComplimentaryCards":0,"Nunchaku":15,"bronze:ProtectiveGoggles":11,"downfall:HeartBlessingBlue":10,"testmod-AssaultLearning":4,"testmod-Hope":26,"Toolbox":33,"Garlic":47,"Toxic Egg 2":1,"Byrd Skull":43,"bronze:MakeshiftBattery":19,"Toy Ornithopter":31,"testmod-HeartOfDaVinci":0,"Replay:Bottled Steam":54},{"Guardian:StasisSlotReductionRelic":23,"bronze:BronzeCore":0,"testmod-TestBox":0,"downfall:HeartBlessingRed":11,"Vajra":27,"downfall:HeartBlessingGreen":11,"Tingsha":30,"testmod-LifeArmor":32,"testmod-RandomTest":29,"REME:ComplimentaryCards":0,"Nunchaku":9,"bronze:ProtectiveGoggles":7,"downfall:HeartBlessingBlue":6,"testmod-AssaultLearning":3,"testmod-Hope":15,"Toolbox":21,"Garlic":31,"Toxic Egg 2":0,"Byrd Skull":28,"bronze:MakeshiftBattery":11,"Toy Ornithopter":19,"testmod-HeartOfDaVinci":0,"Replay:Bottled Steam":35},{"Guardian:StasisSlotReductionRelic":89,"bronze:BronzeCore":0,"testmod-TestBox":0,"downfall:HeartBlessingRed":35,"Vajra":99,"downfall:HeartBlessingGreen":35,"Tingsha":111,"testmod-LifeArmor":117,"testmod-RandomTest":106,"REME:ComplimentaryCards":0,"Nunchaku":29,"bronze:ProtectiveGoggles":23,"downfall:HeartBlessingBlue":19,"testmod-AssaultLearning":12,"testmod-Hope":54,"Toolbox":78,"Garlic":113,"Toxic Egg 2":0,"Byrd Skull":105,"bronze:MakeshiftBattery":35,"Toy Ornithopter":70,"testmod-HeartOfDaVinci":0,"Replay:Bottled Steam":129}],"Toy Ornithopter":75},"card_choices":[{"not_picked":["bronze:Shield+1","bronze:Deprecate+1"],"picked":"bronze:WhirlingStrike","floor":2.0},{"not_picked":["bronze:Branch","bronze:Optimize"],"picked":"bronze:GetLatest+1","floor":3.0},{"not_picked":["bronze:Deprecate+1","bronze:Shield+1"],"picked":"bronze:Virus","floor":4.0},{"not_picked":["bronze:DelayedGuard+1","bronze:WhirlingStrike"],"picked":"bronze:ClassDefault","floor":6.0},{"not_picked":["bronze:BugBarrage","bronze:OilSpill"],"picked":"bronze:Branch","floor":8.0},{"not_picked":["bronze:Frontload+1","bronze:BitShift+1","bronze:BugBarrage"],"picked":"SKIP","floor":9.0},{"not_picked":["bronze:WildBeam","bronze:Invalidate+1"],"picked":"bronze:ItsAFeature","floor":11.0},{"not_picked":["bronze:ItsAFeature","bronze:Frontload+1"],"picked":"bronze:DelayedSlice","floor":12.0},{"not_picked":["bronze:Allocate+1","bronze:Overheat"],"picked":"bronze:SpaghettiCode+1","floor":15.0},{"not_picked":["bronze:Invalidate+1","bronze:Shield+1","bronze:BugBarrage"],"picked":"SKIP","floor":17.0},{"not_picked":["bronze:Break","bronze:HyperBeam"],"picked":"bronze:Mutator","floor":18.0},{"not_picked":["bronze:BitShift+1","bronze:Frontload+1","bronze:Overheat"],"picked":"SKIP","floor":21.0},{"not_picked":["bronze:Deprecate+1","bronze:BitShift+1","bronze:FineTuning+1"],"picked":"SKIP","floor":22.0},{"not_picked":["bronze:Deprecate+1","bronze:DelayedSlice"],"picked":"bronze:ForceShield+1","floor":24.0},{"not_picked":["bronze:Frontload+1","bronze:NullPointer"],"picked":"bronze:Turbo+1","floor":25.0},{"not_picked":["bronze:OilSpill","bronze:Shield+1"],"picked":"bronze:FineTuning+1","floor":27.0},{"not_picked":["bronze:MaxOutput","bronze:ClassDefault"],"picked":"bronze:DelayedGuard+1","floor":28.0},{"not_picked":["bronze:Optimize","bronze:DelayedSlice"],"picked":"bronze:HyperBeam","floor":29.0},{"not_picked":["bronze:FineTuning+1","bronze:Shield+1","bronze:Safeguard+1"],"picked":"SKIP","floor":31.0},{"not_picked":["bronze:CutThrough","bronze:Turbo+1"],"picked":"bronze:GetLatest+1","floor":32.0},{"not_picked":["bronze:ForLoop+1","bronze:NullPointer"],"picked":"bronze:ShipIt","floor":33.0},{"not_picked":["bronze:WildBeam","bronze:ForLoop+1"],"picked":"bronze:Deprecate+1","floor":34.0},{"not_picked":["bronze:HyperBeam","bronze:BurnOut"],"picked":"bronze:FindAndReplace+1","floor":35.0},{"not_picked":["bronze:Invalidate+1","bronze:Shield+1"],"picked":"bronze:FollowUp","floor":38.0},{"not_picked":["bronze:Allocate+1","bronze:BitShift+1"],"picked":"bronze:ChosenStrike+1","floor":39.0},{"not_picked":["bronze:Iterate+1","bronze:Frontload+1"],"picked":"bronze:ChildClass+1","floor":40.0},{"not_picked":["bronze:ThunderWave","bronze:FineTuning+1"],"picked":"bronze:Iterate","floor":41.0},{"not_picked":["bronze:NullPointer+1","bronze:Branch"],"picked":"bronze:FollowUp+1","floor":42.0},{"not_picked":["bronze:Overheat+1","bronze:CutThrough","bronze:Frontload+1"],"picked":"SKIP","floor":44.0},{"not_picked":["bronze:BitShift+1","bronze:Iterate"],"picked":"bronze:OilSpill","floor":45},{"not_picked":["bronze:DarkDash+1","bronze:Backtrace"],"picked":"bronze:AlphaBuild","floor":47},{"not_picked":["bronze:Return+1","bronze:Invalidate+1"],"picked":"bronze:Backtrace+1","floor":49},{"not_picked":["bronze:WildBeam+1","bronze:Deprecate+1"],"picked":"bronze:Repulsor","floor":51},{"not_picked":["bronze:BitShift+1","bronze:OilSpill"],"picked":"bronze:ThunderWave","floor":54}],"player_experience":310871,"relics_obtained":[{"floor":1.0,"key":"Toxic Egg 2"},{"floor":4.0,"key":"testmod-AssaultLearning"},{"floor":11.0,"key":"bronze:ProtectiveGoggles"},{"floor":15.0,"key":"Nunchaku"},{"floor":26.0,"key":"testmod-Hope"},{"floor":31.0,"key":"Toy Ornithopter"},{"floor":43.0,"key":"Byrd Skull"},{"floor":46,"key":"Tingsha"},{"floor":47,"key":"Garlic"},{"floor":49,"key":"testmod-LifeArmor"},{"floor":54,"key":"Replay:Bottled Steam"}],"event_choices":[{"damage_healed":0.0,"max_hp_gain":0.0,"max_hp_loss":0.0,"gold_gain":0.0,"event_name":"NoteForYourself","player_choice":"Ignored","floor":5.0,"gold_loss":0.0,"damage_taken":0.0},{"cards_removed":["bronze:Strike"],"damage_healed":0.0,"max_hp_gain":0.0,"max_hp_loss":0.0,"gold_gain":0.0,"event_name":"The Cleric","player_choice":"Card Removal","floor":16.0,"gold_loss":0.0,"damage_taken":0.0}],"is_beta":false,"boss_relics":[{"not_picked":["Fusion Hammer","SlaversCollar"],"picked":"bronze:MakeshiftBattery"},{"not_picked":["bronze:PlatinumCore","testmod-TimeTraveler"],"picked":"Guardian:StasisSlotReductionRelic"}],"items_purged_floors":[27,44],"is_endless":false,"potions_floor_spawned":[4,6,8,12,15,18,22,25,28,31,34,45,49,51],"ascension_level":0}}