{"host":"qx22gp6oc7p3276t","time":1614094899,"event":{"mods":["AchievementEnabler","BaseMod","Colored Map","Colored Powertips","Minty Spire (QoL Compilation)","Relic Sorter","StSLib","UnlockEverythingMod"],"gold_per_floor":[112,122,422,225,239,239,269,269,293,331,331,367,392,433,433,541,541,552,581,541,567,590,628,94,138,138,53,53,337,337,147,147,147,147],"floor_reached":33,"language":"ENG","playtime":1353,"items_purged":["Regret","Strike_R","Regret"],"score":352,"play_id":"2d2865c1-02c0-4164-ad12-2240159fe331","local_time":"20210223164139","is_ascension_mode":true,"campfire_choices":[{"data":"Apotheosis","floor":6,"key":"SMITH"},{"data":"Heavy Blade","floor":11,"key":"SMITH"},{"data":"Heavy Blade","floor":15,"key":"SMITH"},{"floor":30,"key":"DIG"},{"floor":32,"key":"DIG"}],"circlet_count":0,"master_deck":["Strike_R","Strike_R","Strike_R","Strike_R","Defend_R+1","Defend_R","Defend_R+1","Defend_R","Bash","Apotheosis+1","Combust","Disarm","Hemokinesis","Thunderclap","Rupture","Hemokinesis","Heavy Blade+1","Twin Strike","Heavy Blade+1","Cleave","Limit Break","Sword Boomerang+1","Bloodletting+1","Armaments+1","Rupture","Metallicize+1","Brutality"],"relics":["Burning Blood","TungstenRod","Old Coin","PreservedInsect","Mango","CeramicFish","MealTicket","Toy Ornithopter","Anchor","Coffee Dripper","Orichalcum","War Paint","Nunchaku","Shovel","Ancient Tea Set","Shuriken","Dream Catcher"],"acts_visited":["Exordium","TheCity"],"potions_floor_usage":[7,12,13,21,23,23,25,33],"damage_taken":[{"damage":4,"enemies":"2 Louse","floor":1,"turns":3},{"damage":8,"enemies":"Jaw Worm","floor":2,"turns":3},{"damage":3,"enemies":"Cultist","floor":5,"turns":3},{"damage":15,"enemies":"Lagavulin","floor":7,"turns":5},{"damage":14,"enemies":"Gremlin Nob","floor":10,"turns":3},{"damage":16,"enemies":"3 Sentries","floor":12,"turns":4},{"damage":10,"enemies":"Red Slaver","floor":13,"turns":2},{"damage":23,"enemies":"Lagavulin","floor":14,"turns":5},{"damage":33,"enemies":"Hexaghost","floor":16,"turns":8},{"damage":5,"enemies":"Spheric Guardian","floor":18,"turns":3},{"damage":33,"enemies":"2 Thieves","floor":19,"turns":4},{"damage":14,"enemies":"Snake Plant","floor":21,"turns":3},{"damage":28,"enemies":"Centurion and Healer","floor":22,"turns":6},{"damage":28,"enemies":"Slavers","floor":23,"turns":4},{"damage":24,"enemies":"Gremlin Leader","floor":25,"turns":6},{"damage":36,"enemies":"Collector","floor":33,"turns":7}],"seed_played":"5769657052398045285","potions_obtained":[{"floor":5,"key":"ColorlessPotion"},{"floor":7,"key":"CultistPotion"},{"floor":10,"key":"Block Potion"},{"floor":12,"key":"Explosive Potion"},{"floor":14,"key":"CultistPotion"},{"floor":18,"key":"Energy Potion"},{"floor":20,"key":"Weak Potion"},{"floor":20,"key":"SteroidPotion"},{"floor":21,"key":"Block Potion"},{"floor":25,"key":"AttackPotion"}],"is_trial":false,"path_per_floor":["M","M","?","$","M","R","E","T","T","E","R","E","M","E","R","B",null,"M","M","?","M","M","E","$","E","T","?","$","?","R","$","R","B"],"character_chosen":"IRONCLAD","items_purchased":["Hemokinesis","Thunderclap","War Paint","Nunchaku","ElixirPotion","ColorlessPotion","Brutality"],"campfire_rested":0,"item_purchase_floors":[4,4,24,24,24,24,31],"current_hp_per_floor":[72,70,70,70,72,72,63,77,77,69,69,59,60,43,43,16,86,86,59,59,56,34,22,37,24,24,24,39,39,39,54,54,23,23],"gold":147,"neow_bonus":"RANDOM_COLORLESS_2","is_daily":false,"chose_seed":false,"campfire_upgraded":3,"win_rate":0.0,"timestamp":1614094899,"path_taken":["M","M","?","$","M","R","E","?","T","E","R","E","M","E","R","BOSS","M","M","?","M","?","E","?","E","T","?","$","?","R","$","R","BOSS"],"items_purchased_type":["Card","Card","Relic","Relic","Potion","Potion","Card"],"build_version":"2020-12-22","purchased_purges":3,"victory":false,"max_hp_per_floor":[72,72,72,72,72,72,72,86,86,86,86,86,86,86,86,86,86,86,86,86,86,86,86,86,86,86,86,86,86,86,86,86,86,86],"card_choices":[{"not_picked":["The Bomb","Magnetism"],"picked":"Apotheosis","floor":0},{"not_picked":["Body Slam","Rampage"],"picked":"Combust","floor":1},{"not_picked":["Havoc","Dark Embrace"],"picked":"Disarm","floor":2},{"not_picked":["Dark Embrace","Clothesline"],"picked":"Rupture","floor":5},{"not_picked":["Pummel","Berserk"],"picked":"Hemokinesis","floor":7},{"not_picked":["Fire Breathing","Metallicize"],"picked":"Heavy Blade","floor":10},{"not_picked":["Clothesline","Fire Breathing"],"picked":"Twin Strike","floor":12},{"not_picked":["Seeing Red","Rampage"],"picked":"Heavy Blade","floor":13},{"not_picked":["Fiend Fire","Clash"],"picked":"Cleave","floor":14},{"not_picked":["Exhume","Barricade"],"picked":"Limit Break","floor":16},{"not_picked":["Armaments","Uppercut+1","Dropkick"],"picked":"SKIP","floor":18},{"not_picked":["Clothesline","Havoc"],"picked":"Sword Boomerang+1","floor":19},{"not_picked":["Flex+1","Clash"],"picked":"Bloodletting+1","floor":21},{"not_picked":["Clothesline","Wild Strike"],"picked":"Armaments+1","floor":22},{"not_picked":["Dropkick","Disarm"],"picked":"Rupture","floor":23},{"not_picked":["Feel No Pain+1","Clash"],"picked":"Metallicize+1","floor":25}],"player_experience":416079,"relics_obtained":[{"floor":7,"key":"PreservedInsect"},{"floor":8,"key":"Mango"},{"floor":9,"key":"CeramicFish"},{"floor":10,"key":"MealTicket"},{"floor":12,"key":"Toy Ornithopter"},{"floor":14,"key":"Anchor"},{"floor":23,"key":"Orichalcum"},{"floor":25,"key":"TungstenRod"},{"floor":26,"key":"Shovel"},{"floor":30,"key":"Shuriken"},{"floor":32,"key":"Dream Catcher"}],"event_choices":[{"damage_healed":0,"gold_gain":0,"player_choice":"Box","damage_taken":0,"relics_obtained":["Old Coin"],"max_hp_gain":0,"max_hp_loss":0,"event_name":"Big Fish","floor":3,"gold_loss":0,"cards_obtained":["Regret"]},{"damage_healed":0,"gold_gain":0,"player_choice":"Bought 3 Potions","damage_taken":0,"max_hp_gain":0,"max_hp_loss":0,"event_name":"The Woman in Blue","floor":20,"gold_loss":0},{"damage_healed":0,"gold_gain":0,"player_choice":"Obtained Relic","damage_taken":0,"relics_obtained":["Ancient Tea Set"],"max_hp_gain":0,"max_hp_loss":0,"event_name":"Addict","floor":27,"gold_loss":85},{"damage_healed":0,"gold_gain":275,"player_choice":"Desecrate","damage_taken":0,"max_hp_gain":0,"max_hp_loss":0,"event_name":"Golden Shrine","floor":29,"gold_loss":0,"cards_obtained":["Regret"]}],"is_beta":false,"boss_relics":[{"not_picked":["SlaversCollar","Snecko Eye"],"picked":"Coffee Dripper"}],"items_purged_floors":[4,24,31],"is_endless":false,"potions_floor_spawned":[5,7,10,12,14,18,21,25],"killed_by":"Collector","ascension_level":1}}