{"host":"ben","time":1614046283,"event":{"mods":["AchievementEnabler","BaseMod","Block Reminder","DeckTracker","Highlight Path","Minty Spire (QoL Compilation)","Permanent Neow","Relic Stats","StSLib"],"gold_per_floor":[361,436,436,436,20,49,49,143,143,154,154,181,181,40,40,114,114,126,126,26,46,46,77,97,122,122,122,153,166,199,199,199,275,275,291,311,325,325,325,358,358,386,386,411,411,436,124,139,139,139,139,139],"floor_reached":51,"language":"ENG","playtime":4129,"items_purged":["Strike_G","Strike_G","Corpse Explosion+1"],"score":1893,"play_id":"cfd1ac21-5e77-4388-8367-1320bd73bdfd","local_time":"20210222191123","is_ascension_mode":true,"campfire_choices":[{"data":"Panache","floor":7,"key":"SMITH"},{"data":"Accuracy","floor":11,"key":"SMITH"},{"data":"Blade Dance","floor":13,"key":"SMITH"},{"data":"Accuracy","floor":15,"key":"SMITH"},{"data":"After Image","floor":32,"key":"SMITH"},{"data":"Envenom","floor":45,"key":"SMITH"},{"floor":49,"key":"RECALL"}],"circlet_count":0,"master_deck":["AscendersBane","Strike_G+1","Defend_G","Defend_G","Defend_G+1","Survivor","Neutralize","Dagger Throw+1","Blade Dance+1","Accuracy+1","Panache+1","Backflip","Blade Dance","Blade Dance+1","Accuracy+1","After Image+1","PiercingWail","Acrobatics","Glass Knife","Envenom+1","Expertise","Distraction+1","Burst","Footwork+1","Endless Agony+1","Acrobatics","Dodge and Roll+1","Prepared+1","Deflect"],"relics":["Ring of the Snake","Question Card","Matryoshka","Happy Flower","Strawberry","Meat on the Bone","Whetstone","SlaversCollar","The Courier","Pantograph","Thread and Needle","Snake Skull","War Paint","Juzu Bracelet","Astrolabe","Omamori","Frozen Egg 2","StoneCalendar","Shuriken","Membership Card","Ninja Scroll"],"acts_visited":["Exordium","TheCity","TheBeyond"],"potions_floor_usage":[8,22,27,28,46,46,46,51],"damage_taken":[{"damage":1,"enemies":"Small Slimes","floor":1,"turns":5},{"damage":9,"enemies":"Lagavulin","floor":6,"turns":7},{"damage":9,"enemies":"3 Sentries","floor":8,"turns":10},{"damage":3,"enemies":"Jaw Worm","floor":10,"turns":3},{"damage":12,"enemies":"Lagavulin","floor":12,"turns":4},{"damage":14,"enemies":"Hexaghost","floor":16,"turns":4},{"damage":0,"enemies":"2 Thieves","floor":18,"turns":2},{"damage":0,"enemies":"3 Byrds","floor":21,"turns":2},{"damage":0,"enemies":"Snake Plant","floor":22,"turns":2},{"damage":0,"enemies":"Gremlin Leader","floor":23,"turns":3},{"damage":1,"enemies":"Centurion and Healer","floor":24,"turns":4},{"damage":6,"enemies":"Slavers","floor":25,"turns":3},{"damage":0,"enemies":"Shelled Parasite and Fungi","floor":27,"turns":1},{"damage":0,"enemies":"Gremlin Leader","floor":28,"turns":4},{"damage":0,"enemies":"Chosen and Byrds","floor":29,"turns":3},{"damage":12,"enemies":"Book of Stabbing","floor":30,"turns":3},{"damage":0,"enemies":"Collector","floor":33,"turns":5},{"damage":0,"enemies":"Orb Walker","floor":35,"turns":3},{"damage":15,"enemies":"3 Shapes","floor":36,"turns":4},{"damage":2,"enemies":"Writhing Mass","floor":37,"turns":7},{"damage":3,"enemies":"Giant Head","floor":40,"turns":5},{"damage":8,"enemies":"Reptomancer","floor":42,"turns":6},{"damage":10,"enemies":"Nemesis","floor":44,"turns":7},{"damage":0,"enemies":"Reptomancer","floor":46,"turns":3},{"damage":2,"enemies":"Maw","floor":48,"turns":5},{"damage":22,"enemies":"Donu and Deca","floor":50,"turns":6},{"damage":64,"enemies":"Time Eater","floor":51,"turns":9}],"seed_played":"-6531229677815137661","potions_obtained":[{"floor":1,"key":"SmokeBomb"},{"floor":6,"key":"ColorlessPotion"},{"floor":18,"key":"SmokeBomb"},{"floor":25,"key":"ColorlessPotion"},{"floor":33,"key":"Explosive Potion"},{"floor":37,"key":"EntropicBrew"},{"floor":46,"key":"Weak Potion"},{"floor":48,"key":"Strength Potion"}],"is_trial":false,"path_per_floor":["M","?","T","?","$","E","R","E","T","M","R","E","R","$","R","B",null,"M","?","$","M","M","E","M","E","T","M","E","M","E","?","R","B",null,"M","M","M","$","?","E","?","E","T","E","R","E","$","M","R","B","B"],"character_chosen":"THE_SILENT","items_purchased":["Blade Dance","Accuracy","Panache","Backflip","Blade Dance","Accuracy","Membership Card","Ninja Scroll"],"campfire_rested":0,"item_purchase_floors":[5,5,5,5,14,14,47,47],"current_hp_per_floor":[58,47,47,47,47,38,38,29,36,45,45,45,45,45,45,43,61,61,67,67,67,67,67,66,60,60,60,60,60,48,48,48,67,67,67,52,50,50,50,47,47,39,39,41,41,41,41,39,39,42,0,0],"gold":139,"neow_bonus":"TWO_FIFTY_GOLD","is_daily":false,"chose_seed":false,"campfire_upgraded":6,"win_rate":0.0,"timestamp":1614046283,"path_taken":["M","?","?","?","$","E","R","E","T","?","R","E","R","?","R","BOSS","M","?","$","?","M","E","M","E","T","M","E","M","E","?","R","BOSS","M","M","M","$","?","E","?","E","T","E","R","E","$","M","R","BOSS","BOSS"],"items_purchased_type":["Card","Card","Card","Card","Card","Card","Relic","Relic"],"build_version":"2020-12-18","purchased_purges":3,"victory":false,"max_hp_per_floor":[60,60,60,60,60,60,60,60,67,67,67,67,67,67,67,67,67,67,67,67,67,67,67,67,67,67,67,67,67,67,67,67,67,67,67,67,67,67,64,64,64,64,64,64,64,64,64,64,64,64,64,64],"relic_stats":{"Happy Flower":[32],"counters":[27,120],"Astrolabe":["Footwork","Corpse Explosion","Endless Agony"],"StoneCalendar":[52],"Snake Skull":[108],"Juzu Bracelet":0,"Whetstone":["Dagger Throw","Strike_G"],"War Paint":["Blade Dance","Defend_G"],"Question Card":22,"Shuriken":[23],"Pantograph":66,"obtain_stats":[{"Happy Flower":8,"Astrolabe":34,"Thread and Needle":26,"StoneCalendar":44,"The Courier":23,"Snake Skull":26,"Juzu Bracelet":30,"Omamori":40,"Whetstone":12,"War Paint":28,"Frozen Egg 2":42,"Question Card":3,"SlaversCollar":17,"Matryoshka":6,"Shuriken":46,"Ninja Scroll":47,"Strawberry":9,"Pantograph":25,"Membership Card":47,"Ring of the Snake":0,"Meat on the Bone":9},{"Happy Flower":3,"Astrolabe":17,"Thread and Needle":12,"StoneCalendar":23,"The Courier":10,"Snake Skull":12,"Juzu Bracelet":16,"Omamori":21,"Whetstone":5,"War Paint":14,"Frozen Egg 2":22,"Question Card":1,"SlaversCollar":6,"Matryoshka":2,"Shuriken":24,"Ninja Scroll":24,"Strawberry":3,"Pantograph":12,"Membership Card":24,"Ring of the Snake":0,"Meat on the Bone":3},{"Happy Flower":22,"Astrolabe":65,"Thread and Needle":49,"StoneCalendar":97,"The Courier":42,"Snake Skull":49,"Juzu Bracelet":60,"Omamori":84,"Whetstone":29,"War Paint":54,"Frozen Egg 2":90,"Question Card":5,"SlaversCollar":33,"Matryoshka":12,"Shuriken":100,"Ninja Scroll":100,"Strawberry":22,"Pantograph":49,"Membership Card":100,"Ring of the Snake":0,"Meat on the Bone":22}],"Ring of the Snake":[54],"Meat on the Bone":48},"card_choices":[{"not_picked":["Heel Hook","Bane"],"picked":"Dagger Throw","floor":1},{"not_picked":["Infinite Blades","Acrobatics","Backflip"],"picked":"Blade Dance","floor":6},{"not_picked":["Bane","Noxious Fumes","All Out Attack","Tactician"],"picked":"SKIP","floor":8},{"not_picked":["Bane","Quick Slash","Heel Hook","Crippling Poison"],"picked":"SKIP","floor":10},{"not_picked":["Dagger Throw","Bane","Well Laid Plans","Bullet Time"],"picked":"SKIP","floor":12},{"not_picked":["A Thousand Cuts","Tools of the Trade","Wraith Form v2"],"picked":"After Image","floor":16},{"not_picked":["Deflect+1","Dodge and Roll","Deadly Poison"],"picked":"PiercingWail","floor":18},{"not_picked":["Sucker Punch","Noxious Fumes","PiercingWail"],"picked":"Acrobatics","floor":21},{"not_picked":["Dagger Spray","Deflect","Underhanded Strike","Die Die Die"],"picked":"SKIP","floor":23},{"not_picked":["Dagger Throw","Bouncing Flask","Deadly Poison","Bane"],"picked":"SKIP","floor":24},{"not_picked":["Backflip","Catalyst+1","PiercingWail"],"picked":"Glass Knife","floor":25},{"not_picked":["Dagger Throw","Predator","Flechettes"],"picked":"Envenom","floor":28},{"not_picked":["Well Laid Plans","Dagger Throw","Acrobatics"],"picked":"Expertise","floor":29},{"not_picked":["Venomology","Deflect","Sucker Punch"],"picked":"Distraction+1","floor":30},{"not_picked":["A Thousand Cuts","Grand Finale","Die Die Die"],"picked":"Burst","floor":33},{"not_picked":["Crippling Poison+1","Dagger Spray","Riddle With Holes"],"picked":"Acrobatics","floor":35},{"not_picked":["Backstab","Poisoned Stab","Well Laid Plans"],"picked":"Dodge and Roll+1","floor":36},{"not_picked":["Concentrate","Acrobatics","Deadly Poison","Escape Plan+1"],"picked":"SKIP","floor":37},{"not_picked":["Flechettes","Poisoned Stab","Outmaneuver","Deadly Poison"],"picked":"SKIP","floor":40},{"not_picked":["Dodge and Roll","Sucker Punch+1","Acrobatics+1"],"picked":"Prepared+1","floor":42},{"not_picked":["Well Laid Plans+1","Quick Slash+1","Dagger Spray+1","Unload"],"picked":"SKIP","floor":44},{"not_picked":["Poisoned Stab","Dagger Spray","Expertise"],"picked":"Deflect","floor":46},{"not_picked":["Blade Dance","Masterful Stab","Finisher","Outmaneuver"],"picked":"SKIP","floor":48}],"player_experience":7747456,"relics_obtained":[{"floor":3,"key":"Question Card"},{"floor":6,"key":"Matryoshka"},{"floor":8,"key":"Happy Flower"},{"floor":9,"key":"Strawberry"},{"floor":9,"key":"Meat on the Bone"},{"floor":12,"key":"Whetstone"},{"floor":23,"key":"The Courier"},{"floor":25,"key":"Pantograph"},{"floor":26,"key":"Thread and Needle"},{"floor":26,"key":"Snake Skull"},{"floor":28,"key":"War Paint"},{"floor":30,"key":"Juzu Bracelet"},{"floor":40,"key":"Omamori"},{"floor":42,"key":"Frozen Egg 2"},{"floor":44,"key":"StoneCalendar"},{"floor":46,"key":"Shuriken"}],"event_choices":[{"damage_healed":0,"gold_gain":75,"player_choice":"Gather Gold","damage_taken":11,"max_hp_gain":0,"max_hp_loss":0,"event_name":"World of Goop","floor":2,"gold_loss":0},{"cards_removed":["Strike_G"],"damage_healed":0,"gold_gain":0,"player_choice":"Offered Basic","damage_taken":0,"max_hp_gain":0,"max_hp_loss":0,"event_name":"Bonfire Elementals","floor":4,"gold_loss":0},{"damage_healed":6,"gold_gain":0,"player_choice":"Full Heal","damage_taken":0,"max_hp_gain":0,"max_hp_loss":0,"event_name":"Wheel of Change","floor":19,"gold_loss":0},{"damage_healed":0,"gold_gain":0,"player_choice":"Ignored","damage_taken":0,"max_hp_gain":0,"max_hp_loss":0,"event_name":"Cursed Tome","floor":31,"gold_loss":0},{"damage_healed":0,"gold_gain":0,"player_choice":"Max HP","damage_taken":0,"max_hp_gain":0,"max_hp_loss":3,"event_name":"Winding Halls","floor":39,"gold_loss":0},{"damage_healed":0,"gold_gain":0,"player_choice":"Ignored","damage_taken":0,"max_hp_gain":0,"max_hp_loss":0,"event_name":"Tomb of Lord Red Mask","floor":41,"gold_loss":0}],"is_beta":true,"boss_relics":[{"not_picked":["Runic Pyramid","Ectoplasm"],"picked":"SlaversCollar"},{"not_picked":["Runic Dome","Busted Crown"],"picked":"Astrolabe"}],"items_purged_floors":[5,20,47],"is_endless":false,"potions_floor_spawned":[1,6,18,22,25,27,33,37,42,46,48],"killed_by":"Time Eater","ascension_level":20}}