{"host":"w05x4i13f2m9joq1","time":1614057499,"event":{"mods":["100% Spire Juice","Act Like it!","BaseMod","Better Altar","Better Match","Better Note","Better Sensory Stone","Better Skull","Better Third Choice","BetterRewards","CapriCore","Colored Map","Colored Powertips","Defective Defect","Duelist Mod","Gensokyo","GifTheSpireLib","Googly Eyes","Infinite Spire","Ironclad Rager","Lobotomy","LobotomyExtend","Marisa????????","Melee Mod","Minty Spire (QoL Compilation)","Morshu Shopkeeper - ENHANCED","MostiFishMod","Quick Restart","Rare Cards Sparkle","Reliquary","Replay The Spire","Ruina","Shop Mod","Spicy Shops","Spire Birthday Party","StSLib","The Animator","The IronCluck","Uncapped","everything is the same but u backflip on backflip","slay the spire mod where everything is the same but ironclad has a cowboy hat"],"gold_per_floor":[12,112,124,142,162,188,188,218,245,265,265,265,3,3,3,106,106,117,129,148,159,170,170,200,200,200,226,237,247,103,133,133,233,233,253,271,282,300,310,340,340,366,366,416,435,188,188,216,216,216],"floor_reached":51,"language":"ENG","playtime":1970,"items_purged":["Injury"],"score":934,"play_id":"bb9f5f49-d55a-4cac-8359-22c791f518f4","local_time":"20210223001819","is_ascension_mode":true,"campfire_choices":[{"floor":7,"key":"REST"},{"data":"infinitespire:OneForAll","floor":11,"key":"SMITH"},{"data":"Bloodletting","floor":15,"key":"SMITH"},{"data":"Pommel Strike","floor":23,"key":"SMITH"},{"data":"Bludgeon","floor":25,"key":"SMITH"},{"data":"Warcry","floor":32,"key":"SMITH"},{"data":"MostiFishMod:FlyOverUtopia","floor":41,"key":"SMITH"},{"floor":49,"key":"REST"}],"circlet_count":0,"master_deck":["Bash","Twin Strike","Twin Strike","Twin Strike+1","Twin Strike","Twin Strike","Iron Wave","Iron Wave","Iron Wave","Iron Wave","Thunderclap+1","Perfected Strike","Perfected Strike","Pommel Strike+1","Cleave","Bloodletting+1","infinitespire:OneForAll+1","Bludgeon+1","Dropkick+1","Hemokinesis+1","Pommel Strike+1","Replay:Undeath\u0027s Touch","Twin Strike","Dual Wield+1","Thunderclap+1","Warcry+1","Thunderclap","MostiFishMod:CullingBlade","Headbutt","Heavy Blade+1","Twin Strike+1","Seeing Red+1","MostiFishMod:FlyOverUtopia+1","Heavy Blade+1","Entrench","Wild Strike+1","Perfected Strike","Inflame","Shrug It Off+1"],"relics":["Burning Blood","DaveBox","DianDianMeat","SynthV:TestCard","LetterFromLob","infinitespire:Beetle Shell","Oddly Smooth Stone","Replay:Mystery Machine","Self Forming Clay","ArrowTower","Sozu","Whetstone","Onion Ring","reliquary:Stiletto","Happy Flower","Darkstone Periapt","Busted Crown","Replay:WaspNest","Replay:Ringing Soul","Mango","Calipers","Membership Card","reliquary:Bookmark","Bottled Tornado"],"acts_visited":["Exordium","Exordium","TheBeyond"],"potions_floor_usage":[27,51],"damage_taken":[{"damage":12,"enemies":"Jaw Worm","floor":1,"turns":2},{"damage":0,"enemies":"Cultist","floor":3,"turns":2},{"damage":11,"enemies":"Small Slimes","floor":4,"turns":3},{"damage":43,"enemies":"Gremlin Gang","floor":5,"turns":4},{"damage":25,"enemies":"3 Sentries","floor":6,"turns":5},{"damage":11,"enemies":"Gremlin Nob","floor":8,"turns":3},{"damage":25,"enemies":"Exordium Thugs","floor":10,"turns":3},{"damage":99,"enemies":"Hexaghost","floor":16,"turns":5},{"damage":17,"enemies":"ruina:2_Scarecrows","floor":18,"turns":3},{"damage":39,"enemies":"ruina:BadWolf","floor":19,"turns":4},{"damage":20,"enemies":"ruina:QueenOfHate","floor":20,"turns":3},{"damage":2,"enemies":"ruina:KingOfGreed","floor":21,"turns":2},{"damage":5,"enemies":"ruina:KnightOfDespair","floor":22,"turns":3},{"damage":36,"enemies":"ruina:ServantOfWrath","floor":24,"turns":4},{"damage":13,"enemies":"ruina:RoadHome","floor":27,"turns":2},{"damage":23,"enemies":"ruina:QueenOfHate","floor":28,"turns":2},{"damage":14,"enemies":"ruina:KingOfGreed","floor":29,"turns":2},{"damage":16,"enemies":"ruina:ServantOfWrath","floor":31,"turns":3},{"damage":48,"enemies":"ruina:Ozma","floor":33,"turns":5},{"damage":4,"enemies":"3 Darklings","floor":35,"turns":2},{"damage":8,"enemies":"Orb Walker","floor":36,"turns":2},{"damage":2,"enemies":"Transient","floor":37,"turns":5},{"damage":38,"enemies":"Sphere and 2 Shapes","floor":38,"turns":2},{"damage":22,"enemies":"4 Shapes","floor":39,"turns":2},{"damage":48,"enemies":"Reptomancer","floor":40,"turns":4},{"damage":16,"enemies":"R_Hoarder","floor":42,"turns":3},{"damage":129,"enemies":"Mind Bloom Boss Battle","floor":44,"turns":2},{"damage":4,"enemies":"Spire Growth","floor":45,"turns":2},{"damage":38,"enemies":"Nemesis","floor":48,"turns":3},{"damage":72,"enemies":"Time Eater","floor":50,"turns":5},{"damage":88,"enemies":"Malkuth","floor":51,"turns":5},{"damage":135,"enemies":"Yesod","floor":51,"turns":6},{"damage":209,"enemies":"Chesed","floor":51,"turns":5},{"damage":428,"enemies":"Binah","floor":51,"turns":14},{"damage":722,"enemies":"Angela","floor":51,"turns":4}],"seed_played":"8454035750587102327","potions_obtained":[{"floor":3,"key":"HeartOfIron"},{"floor":6,"key":"SteroidPotion"},{"floor":8,"key":"Cursed Concoction"}],"is_trial":false,"path_per_floor":["M","?","M","M","M","E","R","E","T","M","R","E","$","?","R","B",null,"M","M","M","M","M","R","E","R","T","E","M","M","$","E","R","B",null,"M","M","M","M","M","E","R","E","T","?","M","$","?","E","R","B",null],"character_chosen":"IRONCLAD","items_purchased":["Self Forming Clay","ArrowTower","Happy Flower","Membership Card","reliquary:Bookmark","Perfected Strike","Inflame"],"campfire_rested":2,"item_purchase_floors":[13,13,30,46,46,46,46],"current_hp_per_floor":[111,111,129,137,114,110,167,178,178,176,176,176,176,176,176,101,208,216,203,189,214,237,237,230,230,230,247,255,273,273,290,290,276,428,459,487,522,522,539,497,497,524,538,453,494,572,572,582,833,767],"gold":216,"neow_bonus":"IRONCLAD_BERSERKER","is_daily":false,"chose_seed":false,"campfire_upgraded":6,"win_rate":0.0,"timestamp":1614057499,"path_taken":["M","?","M","M","?","E","R","E","T","M","R","E","?","?","R","BOSS","M","M","M","M","M","R","E","R","T","E","?","M","$","E","R","BOSS","M","M","M","M","M","E","R","E","T","?","M","$","?","E","R","BOSS"],"items_purchased_type":["Relic","Relic","Relic","Relic","Relic","Card","Card"],"build_version":"2020-12-22","purchased_purges":1,"victory":true,"max_hp_per_floor":[138,138,150,163,177,192,192,208,208,225,225,225,225,225,225,243,243,262,282,282,303,325,325,348,348,348,372,397,423,423,450,450,478,478,507,537,568,600,633,633,633,670,684,722,761,839,797,839,839,839],"card_choices":[{"not_picked":["Run Through","Iron Wave"],"picked":"Thunderclap","floor":1},{"not_picked":["Cleave","Flame Barrier","Thunderclap","Flex"],"picked":"Perfected Strike","floor":3},{"not_picked":["Searing Blow","Shrug It Off","Replay:Undeath\u0027s Touch","Rupture"],"picked":"Perfected Strike","floor":4},{"not_picked":["Shrug It Off","Twin Strike","Rampage","Body Slam"],"picked":"Pommel Strike","floor":5},{"not_picked":["ReplayTheSpireMod:Limb From Limb","Burning Pact","Armaments","Defy Death"],"picked":"Cleave","floor":6},{"not_picked":["Dark Embrace","Inflame","Wild Strike","Defy Death"],"picked":"Bloodletting","floor":8},{"not_picked":["True Grit","Perfected Strike","MostiFishMod:BrandingRite","Heavy Blade"],"picked":"infinitespire:OneForAll","floor":10},{"not_picked":["MostiFishMod:KnuckleDown","MostiFishMod:PerfectStrikeMKII","Impervious","Brutality"],"picked":"Bludgeon","floor":16},{"not_picked":["Cleave","Dark Embrace+1","Intimidate+1","Anger"],"picked":"Dropkick+1","floor":18},{"not_picked":["Power Through","Cleave","ICR:PowerAttack","Headbutt"],"picked":"Hemokinesis+1","floor":19},{"not_picked":["ICR:Frenzy+1","Abandon","Armaments","Metallicize","Sword Boomerang"],"picked":"SKIP","floor":20},{"not_picked":["Headbutt","Shrug It Off","Clash+1","Flame Barrier"],"picked":"Pommel Strike","floor":21},{"not_picked":["Infernal Blade","Anger","Run Through+1","Uppercut"],"picked":"Replay:Undeath\u0027s Touch","floor":22},{"not_picked":["MostiFishMod:FlyOverUtopia","MostiFishMod:TemporaryOutbreak","Dropkick","True Grit"],"picked":"Twin Strike","floor":24},{"not_picked":["Abandon+1","Wild Strike","infinitespire:OneForAll","Warcry"],"picked":"Dual Wield+1","floor":27},{"not_picked":["Metallicize+1","Dark Embrace","Flex+1","ReplayTheSpireMod:Muscle Training"],"picked":"Thunderclap+1","floor":28},{"not_picked":["Evolve","Infernal Blade+1","ICR:Frenzy","Iron Wave"],"picked":"Warcry","floor":29},{"not_picked":["Headbutt+1","Wild Strike","Sever Soul","ReplayTheSpireMod:Limb From Limb"],"picked":"Thunderclap","floor":31},{"not_picked":["MostiFishMod:UltimateDefense","MostiFishMod:RainCloud","Demonic Infusion","MostiFishMod:ChineseTea"],"picked":"MostiFishMod:CullingBlade","floor":33},{"not_picked":["Reckless Charge","Shrug It Off+1"],"picked":"Headbutt","floor":35},{"not_picked":["ICR:Frenzy","Second Wind+1"],"picked":"Heavy Blade+1","floor":36},{"not_picked":["Burning Pact","Hemokinesis"],"picked":"Twin Strike+1","floor":37},{"not_picked":["Power Through","Armaments"],"picked":"Seeing Red+1","floor":38},{"not_picked":["ICR:PowerAttack","Flex+1"],"picked":"MostiFishMod:FlyOverUtopia","floor":39},{"not_picked":["Shockwave+1","Dark Embrace","Seeing Red+1"],"picked":"SKIP","floor":40},{"not_picked":["Clothesline","Searing Blow"],"picked":"Heavy Blade+1","floor":42},{"not_picked":["Second Wind","Wild Strike+1"],"picked":"Entrench","floor":44},{"not_picked":["Reckless Charge","ReplayReversal"],"picked":"Wild Strike+1","floor":45},{"not_picked":["Anger+1","MostiFishMod:WingOfPhoenix"],"picked":"Shrug It Off+1","floor":48}],"player_experience":213878,"relics_obtained":[{"floor":1,"key":"SynthV:TestCard"},{"floor":1,"key":"LetterFromLob"},{"floor":6,"key":"infinitespire:Beetle Shell"},{"floor":8,"key":"Oddly Smooth Stone"},{"floor":9,"key":"Replay:Mystery Machine"},{"floor":24,"key":"Whetstone"},{"floor":26,"key":"Onion Ring"},{"floor":27,"key":"reliquary:Stiletto"},{"floor":31,"key":"Darkstone Periapt"},{"floor":40,"key":"Replay:WaspNest"},{"floor":42,"key":"Replay:Ringing Soul"},{"floor":43,"key":"Mango"},{"floor":44,"key":"Calipers"},{"floor":48,"key":"Bottled Tornado"}],"event_choices":[{"damage_healed":0,"gold_gain":100,"player_choice":"Pray","damage_taken":0,"max_hp_gain":0,"max_hp_loss":0,"event_name":"Golden Shrine","floor":2,"gold_loss":0},{"damage_healed":0,"gold_gain":0,"player_choice":"Upgraded","damage_taken":0,"max_hp_gain":0,"max_hp_loss":0,"event_name":"Upgrade Shrine","floor":14,"gold_loss":0,"cards_upgraded":["Pommel Strike"]},{"damage_healed":0,"gold_gain":0,"player_choice":"Fight","damage_taken":0,"max_hp_gain":0,"max_hp_loss":0,"event_name":"MindBloom","floor":44,"gold_loss":0},{"damage_healed":0,"gold_gain":0,"player_choice":"Max HP","damage_taken":0,"max_hp_gain":0,"max_hp_loss":42,"event_name":"Winding Halls","floor":47,"gold_loss":0}],"is_beta":false,"boss_relics":[{"not_picked":["Empty Cage","Runic Dome"],"picked":"Sozu"},{"not_picked":["Runic Cube","Cursed Key"],"picked":"Busted Crown"}],"items_purged_floors":[13],"is_endless":false,"potions_floor_spawned":[3,6,8,16,22,27,28,29,31,36,37,40,42,44],"ascension_level":6}}