{"host":"0qlrtuw7bw78ucw4","time":1614081886,"event":{"mods":["BaseMod","Downfall","Minty Spire (QoL Compilation)","StSLib"],"gold_per_floor":[99,111,111,126,142,162,162,177,177,87,87,98,98,112,129,201,201,201,219,29,45,58,58,58,58],"floor_reached":23,"language":"ENG","playtime":1060,"items_purged":["Regret","Slimebound:ViciousTackle"],"score":346,"play_id":"bf06cd19-f4eb-432d-b93f-cbe20ff298fc","local_time":"20210223230446","is_ascension_mode":true,"campfire_choices":[{"data":"Slimebound:CorrosiveSpit","floor":1,"key":"SMITH"},{"floor":9,"key":"REST"},{"data":"Slimebound:FormOfPuddle","floor":13,"key":"SMITH"},{"data":"Slimebound:CheckThePlaybook","floor":18,"key":"SMITH"}],"circlet_count":0,"master_deck":["AscendersBane","Slimebound:Tackle","Slimebound:Defend_Slimebound","Slimebound:Defend_Slimebound","Slimebound:Defend_Slimebound","Slimebound:Defend_Slimebound","Slimebound:Split","Slimebound:CorrosiveSpit+1","Slimebound:ViciousTackle","Slimebound:CheckThePlaybook+1","Slimebound:Nibble","Slimebound:OozeBath","Slimebound:FormOfPuddle+1","Slimebound:RollThrough","Slimebound:LivingWall","Slimebound:RollThrough","Slimebound:OozeBath","Slimebound:Prepare","Slimebound:BestDefense","Slimebound:Recollect"],"relics":["Slimebound:AbsorbEndCombat","Du-Vu Doll","downfall:BrokenWingStatue","Slimebound:TarBlob"],"acts_visited":["Exordium","TheCity"],"potions_floor_usage":[8,16,23,23],"damage_taken":[{"damage":9,"enemies":"Cultist","floor":2,"turns":3},{"damage":5,"enemies":"2 Louse","floor":4,"turns":3},{"damage":16,"enemies":"Jaw Worm","floor":5,"turns":4},{"damage":16,"enemies":"3 Louse","floor":6,"turns":4},{"damage":12,"enemies":"Gremlin Gang","floor":8,"turns":3},{"damage":6,"enemies":"downfall:FleeingMerchant","floor":10,"turns":4},{"damage":2,"enemies":"2 Fungi Beasts","floor":12,"turns":4},{"damage":9,"enemies":"Exordium Thugs","floor":14,"turns":4},{"damage":1,"enemies":"downfall:LooterAlt","floor":15,"turns":3},{"damage":30,"enemies":"IC_STATUS_ARCHETYPE","floor":16,"turns":6},{"damage":21,"enemies":"downfall:LooterAlt2","floor":19,"turns":4},{"damage":8,"enemies":"downfall:FleeingMerchant","floor":20,"turns":4},{"damage":12,"enemies":"Shell Parasite","floor":21,"turns":5},{"damage":6,"enemies":"Centurion and Healer","floor":22,"turns":5},{"damage":36,"enemies":"Slavers","floor":23,"turns":3}],"seed_played":"-3459548926335920962","potions_obtained":[{"floor":5,"key":"Energy Potion"},{"floor":12,"key":"ColorlessPotion"},{"floor":15,"key":"hexamod:SoulburnPotion"},{"floor":19,"key":"champ:CounterPotion"},{"floor":21,"key":"Weak Potion"}],"is_trial":false,"path_per_floor":["R","M","?","M","M","M","T","M","R","$","?","M","R","M","M","B",null,"R","M","$","M","M","E"],"character_chosen":"SLIMEBOUND","items_purchased":["Slimebound:BestDefense"],"campfire_rested":1,"item_purchase_floors":[20],"current_hp_per_floor":[58,51,51,48,34,24,24,14,33,31,31,35,35,30,33,11,51,51,36,34,30,32,0,0,0],"gold":58,"neow_bonus":"TEN_PERCENT_HP_BONUS","is_daily":false,"chose_seed":false,"campfire_upgraded":3,"win_rate":0.0,"timestamp":1614081886,"path_taken":["R","M","?","?","M","M","T","M","R","$","?","M","R","M","M","BOSS","R","M","$","M","M","E"],"items_purchased_type":["Card"],"build_version":"2020-12-22","purchased_purges":2,"victory":false,"max_hp_per_floor":[64,64,64,64,64,64,64,64,64,64,64,64,64,64,64,64,64,64,64,64,64,64,64,64,64],"card_choices":[{"not_picked":["Slimebound:FinishingTackle","Slimebound:PressTheAttack"],"picked":"Slimebound:ViciousTackle","floor":2},{"not_picked":["Slimebound:SamplingLick","Slimebound:Gluttony"],"picked":"Slimebound:OozeBath","floor":4},{"not_picked":["Slimebound:ViciousTackle","Slimebound:PressTheAttack"],"picked":"Slimebound:FormOfPuddle","floor":5},{"not_picked":["Slimebound:LeechingTouch","Slimebound:AcidTongue","Slimebound:ItLooksTasty"],"picked":"SKIP","floor":6},{"not_picked":["Slimebound:ProtectTheBoss","Slimebound:DisruptingSlam"],"picked":"Slimebound:RollThrough","floor":8},{"not_picked":["Slimebound:HauntingLick","Slimebound:FormOfPuddle","Slimebound:RejuvenatingLick"],"picked":"SKIP","floor":10},{"not_picked":["Slimebound:SamplingLick","Slimebound:HungryTackle"],"picked":"Slimebound:LivingWall","floor":12},{"not_picked":["Slimebound:ProtectTheBoss","Slimebound:LevelUp","Slimebound:GrowthPunch"],"picked":"SKIP","floor":14},{"not_picked":["Slimebound:OozeBath","Slimebound:Replication"],"picked":"Slimebound:RollThrough","floor":15},{"not_picked":["Slimebound:Overexert","Slimebound:FirmFortitude"],"picked":"Slimebound:OozeBath","floor":16},{"not_picked":["Slimebound:SplitBruiser","Slimebound:LeechEnergy","Slimebound:ForwardTackle"],"picked":"SKIP","floor":19},{"not_picked":["Slimebound:ViciousTackle","Slimebound:FlameTackle"],"picked":"Slimebound:Prepare","floor":20},{"not_picked":["Slimebound:Schlurp","Slimebound:SamplingLick"],"picked":"Slimebound:Recollect","floor":21},{"not_picked":["Slimebound:Replication","Slimebound:LeechingTouch+1","Slimebound:SplitLeeching+1"],"picked":"SKIP","floor":22}],"player_experience":1044133,"relics_obtained":[{"floor":7,"key":"Du-Vu Doll"}],"event_choices":[],"is_beta":false,"boss_relics":[{"not_picked":["Astrolabe","Busted Crown"],"picked":"Slimebound:TarBlob"}],"items_purged_floors":[10,20],"is_endless":false,"potions_floor_spawned":[5,12,15,19,21],"killed_by":"Slavers","ascension_level":17}}