{"host":"egwexuw5uvnxf11j","time":1614056786,"event":{"mods":["2.2 Compatiblity","Aspiration","BaseMod","Better Note","Better Sensory Stone","Better Third Choice","Displayed Cursed Tome","Downfall","Hermit","Key Reminder","Koishi","Marisa????????","Minty Spire (QoL Compilation)","Quick Restart","Shade Mod","Spicy Shops","StSLib","The Construct","The Cursed","The Runesmith","The Senshi","The Servant 0.9.4","Transform Curses"],"gold_per_floor":[115,115,129,142,153,180,194,194,219,231,231,243,52,70,70,171,171,190,190,208,10,10,10],"floor_reached":22,"language":"ENG","playtime":923,"items_purged":[],"score":228,"play_id":"c1c8dd82-809d-438c-b9b0-056ec187f844","local_time":"20210223000626","is_ascension_mode":true,"campfire_choices":[{"floor":8,"key":"REST"},{"floor":11,"key":"REST"},{"data":"Berserk","floor":15,"key":"SMITH"}],"circlet_count":0,"master_deck":["Strike_R","Strike_R","Strike_R","Strike_R","Strike_R","Defend_R","Defend_R","Defend_R","Defend_R","Bash","Dropkick","Thunderclap","Power Through","Flex","Body Slam","Cleave","Intimidate","Headbutt","Flame Barrier","Berserk+1","Barricade","Clash","Pommel Strike+1","Flex"],"relics":["Burning Blood","Toy Ornithopter","Lantern","aspiration:Lifesprig","aspiration:SecretTechniqueScroll","GremlinMask","Membership Card"],"acts_visited":["Exordium","TheCity"],"potions_floor_usage":[6,16,16,18,20],"damage_taken":[{"damage":11,"enemies":"Jaw Worm","floor":1,"turns":4},{"damage":7,"enemies":"Small Slimes","floor":3,"turns":3},{"damage":1,"enemies":"Cultist","floor":4,"turns":4},{"damage":33,"enemies":"Large Slime","floor":5,"turns":8},{"damage":20,"enemies":"3 Sentries","floor":6,"turns":4},{"damage":21,"enemies":"Red Slaver","floor":7,"turns":4},{"damage":13,"enemies":"Blue Slaver","floor":10,"turns":5},{"damage":8,"enemies":"Gremlin Gang","floor":12,"turns":4},{"damage":2,"enemies":"Red Slaver","floor":14,"turns":3},{"damage":22,"enemies":"Slime Boss","floor":16,"turns":9},{"damage":32,"enemies":"Spheric Guardian","floor":18,"turns":4},{"damage":32,"enemies":"3 Byrds","floor":20,"turns":5},{"damage":43,"enemies":"3 Cultists","floor":22,"turns":4}],"seed_played":"-3465086025324625028","potions_obtained":[{"floor":5,"key":"AttackPotion"},{"floor":10,"key":"FearPotion"},{"floor":12,"key":"Swift Potion"},{"floor":14,"key":"Strength Potion"},{"floor":18,"key":"LiquidMemories"}],"is_trial":false,"path_per_floor":["M","?","M","M","M","E","M","R","T","M","R","M","$","M","R","B",null,"M","?","M","$","M"],"character_chosen":"IRONCLAD","items_purchased":["Flame Barrier","aspiration:Lifesprig","Membership Card","Flex"],"campfire_rested":2,"item_purchase_floors":[13,13,21,21],"current_hp_per_floor":[83,83,82,87,60,46,31,57,57,50,76,74,74,78,78,72,88,62,62,41,41,0,0],"gold":10,"neow_bonus":"TEN_PERCENT_HP_BONUS","is_daily":false,"chose_seed":false,"campfire_upgraded":1,"win_rate":0.0,"timestamp":1614056786,"path_taken":["M","?","M","M","M","E","M","R","T","M","R","M","$","M","R","BOSS","M","?","M","$","?"],"items_purchased_type":["Card","Relic","Relic","Card"],"build_version":"2020-12-22","purchased_purges":0,"victory":false,"max_hp_per_floor":[88,88,88,88,88,88,88,88,88,88,88,88,88,88,88,88,88,88,88,88,88,88,88],"card_choices":[{"not_picked":["Anger","Heavy Blade"],"picked":"Dropkick","floor":1},{"not_picked":["Carnage","Warcry"],"picked":"Thunderclap","floor":3},{"not_picked":["Intimidate","Body Slam"],"picked":"Power Through","floor":4},{"not_picked":["Wild Strike","Headbutt"],"picked":"Flex","floor":5},{"not_picked":["Corruption","Whirlwind"],"picked":"Body Slam","floor":6},{"not_picked":["Hemokinesis","Burning Pact"],"picked":"Cleave","floor":7},{"not_picked":["Warcry","Rupture"],"picked":"Intimidate","floor":10},{"not_picked":["Second Wind","Thunderclap"],"picked":"Headbutt","floor":12},{"not_picked":["Dropkick","Body Slam"],"picked":"Berserk","floor":14},{"not_picked":["Reaper","Berserk"],"picked":"Barricade","floor":16},{"not_picked":["Iron Wave","Rupture"],"picked":"Clash","floor":18},{"not_picked":["Body Slam","Havoc+1"],"picked":"Pommel Strike+1","floor":20}],"player_experience":2128472,"relics_obtained":[{"floor":6,"key":"Toy Ornithopter"},{"floor":9,"key":"Lantern"}],"event_choices":[{"damage_healed":0,"gold_gain":0,"player_choice":"Ignored","damage_taken":0,"max_hp_gain":0,"max_hp_loss":0,"event_name":"Golden Wing","floor":2,"gold_loss":0},{"damage_healed":0,"gold_gain":0,"player_choice":"Trade","damage_taken":0,"relics_obtained":["GremlinMask"],"max_hp_gain":0,"max_hp_loss":0,"event_name":"FaceTrader","floor":19,"gold_loss":0}],"is_beta":false,"boss_relics":[{"not_picked":["Cursed Key","aspiration:PoetsPen_weak"],"picked":"aspiration:SecretTechniqueScroll"}],"items_purged_floors":[],"is_endless":false,"potions_floor_spawned":[5,10,12,14,18],"killed_by":"3 Cultists","ascension_level":4}}