{"host":"tjq6rykv202u6iqx","time":1614112693,"event":{"mods":["AchievementEnabler","BaseMod","Minty Spire (QoL Compilation)","Rare Cards Sparkle","Relic Stats"],"gold_per_floor":[116,129,9,9,28,63,75,75,75,93,108,8,22,42,42,137,137,154,173,173,183,203,203,237,237,237,263,263,298,388,34,34,139,139,149,149,149,164,175,206,221,231,255,285,285,298,298,308,308,308],"floor_reached":51,"language":"ENG","playtime":3525,"items_purged":["Strike_B","Strike_B","Strike_B"],"score":873,"play_id":"436a5ef9-0af5-4208-9e1e-ce4b8ca2ec59","local_time":"20210223143813","is_ascension_mode":false,"campfire_choices":[{"data":"Ball Lightning","floor":8.0,"key":"SMITH"},{"data":"Hologram","floor":15.0,"key":"SMITH"},{"floor":23.0,"key":"REST"},{"floor":25.0,"key":"REST"},{"data":"Barrage","floor":28.0,"key":"SMITH"},{"floor":32.0,"key":"REST"},{"data":"Beam Cell","floor":45,"key":"SMITH"},{"data":"Dualcast","floor":47,"key":"SMITH"},{"data":"Beam Cell","floor":49,"key":"SMITH"}],"circlet_count":0,"master_deck":["Strike_B","Defend_B","Defend_B","Defend_B","Zap","Dualcast+1","Sweeping Beam","Ball Lightning+1","Rebound","Hologram+1","Stack+1","Barrage+1","Conserve Battery+1","Sweeping Beam","Ball Lightning","Streamline","Ball Lightning+1","Coolheaded+1","Barrage+1","Go for the Eyes+1","Conserve Battery+1","Hologram+1","Beam Cell+1","Coolheaded+1","Coolheaded+1","Turbo+1","Barrage+1","Redo+1","Hologram+1","Compile Driver","Coolheaded+1","Conserve Battery+1","Beam Cell+1","Coolheaded+1"],"relics":["Nuclear Battery","Toxic Egg 2","Inserter","Shuriken","Ancient Tea Set","Gambling Chip","Symbiotic Virus","Membership Card","Toy Ornithopter","Philosopher\u0027s Stone","Prayer Wheel","Strawberry","Oddly Smooth Stone"],"acts_visited":["Exordium","TheCity","TheBeyond"],"potions_floor_usage":[44,50,50,50],"damage_taken":[{"damage":1.0,"enemies":"2 Louse","floor":1.0,"turns":3.0},{"damage":1.0,"enemies":"Cultist","floor":2.0,"turns":3.0},{"damage":0.0,"enemies":"Small Slimes","floor":5.0,"turns":3.0},{"damage":28.0,"enemies":"Lagavulin","floor":6.0,"turns":5.0},{"damage":1.0,"enemies":"Exordium Wildlife","floor":7.0,"turns":3.0},{"damage":6.0,"enemies":"Large Slime","floor":10.0,"turns":3.0},{"damage":9.0,"enemies":"Exordium Thugs","floor":11.0,"turns":3.0},{"damage":3.0,"enemies":"Exordium Wildlife","floor":13.0,"turns":3.0},{"damage":0.0,"enemies":"Large Slime","floor":14.0,"turns":4.0},{"damage":17.0,"enemies":"Hexaghost","floor":16.0,"turns":8.0},{"damage":0.0,"enemies":"Chosen","floor":18.0,"turns":4.0},{"damage":5.0,"enemies":"3 Byrds","floor":19.0,"turns":4.0},{"damage":17.0,"enemies":"Snecko","floor":21.0,"turns":4.0},{"damage":12.0,"enemies":"Shelled Parasite and Fungi","floor":22.0,"turns":5.0},{"damage":32.0,"enemies":"Slavers","floor":24.0,"turns":4.0},{"damage":12.0,"enemies":"Book of Stabbing","floor":27.0,"turns":5.0},{"damage":18.0,"enemies":"Gremlin Leader","floor":29.0,"turns":4.0},{"damage":22.0,"enemies":"Collector","floor":33.0,"turns":9.0},{"damage":0.0,"enemies":"3 Darklings","floor":35.0,"turns":3.0},{"damage":0,"enemies":"3 Shapes","floor":38,"turns":2},{"damage":0,"enemies":"Spire Growth","floor":39,"turns":3},{"damage":0,"enemies":"Giant Head","floor":40,"turns":6},{"damage":11,"enemies":"Jaw Worm Horde","floor":41,"turns":3},{"damage":1,"enemies":"Maw","floor":42,"turns":5},{"damage":0,"enemies":"Reptomancer","floor":44,"turns":4},{"damage":0,"enemies":"4 Shapes","floor":46,"turns":3},{"damage":3,"enemies":"Sphere and 2 Shapes","floor":48,"turns":3},{"damage":1,"enemies":"Awakened One","floor":50,"turns":8}],"seed_played":"-1816883373665597447","potions_obtained":[{"floor":1.0,"key":"Swift Potion"},{"floor":10.0,"key":"AttackPotion"},{"floor":13.0,"key":"Explosive Potion"},{"floor":14.0,"key":"ColorlessPotion"},{"floor":18.0,"key":"Weak Potion"},{"floor":27.0,"key":"PowerPotion"},{"floor":29.0,"key":"SkillPotion"},{"floor":33.0,"key":"LiquidBronze"},{"floor":35.0,"key":"DuplicationPotion"},{"floor":44,"key":"DuplicationPotion"}],"is_trial":false,"path_per_floor":["M","M","$","?","M","E","M","R","T","M","M","$","M","M","R","B",null,"M","M","?","M","M","R","E","R","T","E","R","E","?","$","R","B",null,"M","?","?","M","M","E","M","M","T","E","R","M","R","M","R","B",null],"character_chosen":"DEFECT","items_purchased":["Rebound","Membership Card","Toy Ornithopter","Regen Potion","Beam Cell"],"campfire_rested":3,"item_purchase_floors":[3,31,31,31,31],"current_hp_per_floor":[74,73,73,73,73,45,44,44,44,38,29,29,26,26,26,9,75,75,70,56,39,27,51,19,43,43,31,31,13,1,1,25,23,80,80,76,76,76,76,76,65,64,71,76,76,76,76,73,73,82],"gold":308,"neow_bonus":"BOSS_RELIC","is_daily":false,"chose_seed":false,"campfire_upgraded":6,"win_rate":0.0,"timestamp":1614112693,"path_taken":["M","M","$","?","?","E","M","R","T","M","M","$","M","M","R","BOSS","M","M","?","M","M","R","E","R","T","E","R","E","?","$","R","BOSS","M","?","?","M","?","E","M","M","T","E","R","M","R","M","R","BOSS"],"items_purchased_type":["Card","Relic","Relic","Potion","Card"],"build_version":"2020-12-22","purchased_purges":3,"victory":true,"max_hp_per_floor":[75,75,75,75,75,75,75,75,75,75,75,75,75,75,75,75,75,75,75,80,80,80,80,80,80,80,80,80,80,80,80,80,80,80,80,76,76,76,76,76,76,76,83,83,83,83,83,83,83,83],"relic_stats":{"Inserter":[39],"counters":[28,117],"Shuriken":[45],"Gambling Chip":[23],"Prayer Wheel":4,"obtain_stats":[{"Inserter":17,"Oddly Smooth Stone":44,"Ancient Tea Set":26,"Nuclear Battery":0,"Shuriken":24,"Gambling Chip":27,"Strawberry":43,"Philosopher\u0027s Stone":34,"Prayer Wheel":40,"Membership Card":31,"Toxic Egg 2":6,"Cracked Core":0,"Symbiotic Virus":29,"Toy Ornithopter":31},{"Inserter":10,"Oddly Smooth Stone":25,"Ancient Tea Set":15,"Nuclear Battery":0,"Shuriken":15,"Gambling Chip":16,"Strawberry":24,"Philosopher\u0027s Stone":18,"Prayer Wheel":22,"Membership Card":17,"Toxic Egg 2":4,"Cracked Core":0,"Symbiotic Virus":17,"Toy Ornithopter":17},{"Inserter":38,"Oddly Smooth Stone":103,"Ancient Tea Set":59,"Nuclear Battery":0,"Shuriken":59,"Gambling Chip":64,"Strawberry":99,"Philosopher\u0027s Stone":77,"Prayer Wheel":91,"Membership Card":68,"Toxic Egg 2":14,"Cracked Core":0,"Symbiotic Virus":68,"Toy Ornithopter":68}],"Toy Ornithopter":20},"card_choices":[{"not_picked":["Tempest","Capacitor"],"picked":"Sweeping Beam","floor":1.0},{"not_picked":["Barrage","Coolheaded"],"picked":"Ball Lightning","floor":2.0},{"not_picked":["Steam","Hello World"],"picked":"Hologram","floor":5.0},{"not_picked":["Melter","Hologram+1"],"picked":"Stack+1","floor":6.0},{"not_picked":["Tempest+1","Storm"],"picked":"Barrage","floor":7.0},{"not_picked":["Streamline","Skim+1"],"picked":"Conserve Battery+1","floor":10.0},{"not_picked":["Lockon","Leap+1"],"picked":"Sweeping Beam","floor":11.0},{"not_picked":["Undo+1","Double Energy+1"],"picked":"Ball Lightning","floor":13.0},{"not_picked":["Aggregate+1","Doom and Gloom","Lockon"],"picked":"SKIP","floor":14.0},{"not_picked":["Hologram+1","Undo+1"],"picked":"Streamline","floor":18.0},{"not_picked":["Rebound","Gash+1"],"picked":"Ball Lightning+1","floor":19.0},{"not_picked":["Ball Lightning","Steam+1"],"picked":"Coolheaded+1","floor":21.0},{"not_picked":["Streamline","Conserve Battery+1"],"picked":"Barrage+1","floor":22.0},{"not_picked":["Compile Driver","Machine Learning"],"picked":"Go for the Eyes+1","floor":24.0},{"not_picked":["Capacitor+1","Thunder Strike"],"picked":"Conserve Battery+1","floor":27.0},{"not_picked":["Gash","Skim+1"],"picked":"Hologram+1","floor":29.0},{"not_picked":["Go for the Eyes+1","Aggregate+1"],"picked":"Coolheaded+1","floor":35.0},{"not_picked":["Stack+1","Sweeping Beam"],"picked":"Coolheaded+1","floor":38},{"not_picked":["Loop","Consume+1"],"picked":"Turbo+1","floor":39},{"not_picked":["Scrape+1","Fusion+1","Tempest+1"],"picked":"SKIP","floor":40},{"not_picked":["Melter","Reprogram+1"],"picked":"Barrage+1","floor":41},{"not_picked":["Doom and Gloom+1","White Noise+1"],"picked":"Redo+1","floor":41},{"not_picked":["Double Energy+1","Machine Learning"],"picked":"Hologram+1","floor":42},{"not_picked":["White Noise+1","Reinforced Body+1","Barrage"],"picked":"SKIP","floor":42},{"not_picked":["Reprogram+1","Steam+1"],"picked":"Compile Driver","floor":44},{"not_picked":["Self Repair","Capacitor+1"],"picked":"Coolheaded+1","floor":46},{"not_picked":["Steam+1","Consume+1"],"picked":"Conserve Battery+1","floor":46},{"not_picked":["Steam+1","Biased Cognition"],"picked":"Beam Cell","floor":48},{"not_picked":["Skim+1","Scrape+1"],"picked":"Coolheaded+1","floor":48}],"player_experience":1002343,"relics_obtained":[{"floor":6.0,"key":"Toxic Egg 2"},{"floor":24.0,"key":"Shuriken"},{"floor":26.0,"key":"Ancient Tea Set"},{"floor":27.0,"key":"Gambling Chip"},{"floor":29.0,"key":"Symbiotic Virus"},{"floor":40,"key":"Prayer Wheel"},{"floor":43,"key":"Strawberry"},{"floor":44,"key":"Oddly Smooth Stone"}],"event_choices":[{"cards_removed":["Defend_B"],"damage_healed":0.0,"max_hp_gain":0.0,"max_hp_loss":0.0,"gold_gain":0.0,"event_name":"Purifier","player_choice":"Purged","floor":4.0,"gold_loss":0.0,"damage_taken":0.0},{"damage_healed":0.0,"max_hp_gain":5.0,"max_hp_loss":0.0,"gold_gain":0.0,"event_name":"Forgotten Altar","player_choice":"Shed Blood","floor":20.0,"gold_loss":0.0,"damage_taken":19.0},{"damage_healed":0.0,"max_hp_gain":0.0,"max_hp_loss":0.0,"gold_gain":90.0,"event_name":"Knowing Skull","player_choice":"GOLD ","floor":30.0,"potions_obtained":[],"gold_loss":0.0,"damage_taken":12.0,"cards_obtained":[]},{"damage_healed":0.0,"max_hp_gain":0.0,"max_hp_loss":4.0,"gold_gain":0.0,"event_name":"Winding Halls","player_choice":"Max HP","floor":36.0,"gold_loss":0.0,"damage_taken":0.0},{"damage_healed":0,"gold_gain":0,"player_choice":"Ignored","damage_taken":0,"max_hp_gain":0,"max_hp_loss":0,"event_name":"Transmorgrifier","floor":37,"gold_loss":0}],"is_beta":false,"boss_relics":[{"not_picked":["Pandora\u0027s Box","Astrolabe"],"picked":"Inserter"},{"not_picked":["Tiny House","Calling Bell"],"picked":"Philosopher\u0027s Stone"}],"items_purged_floors":[3,12,31],"is_endless":false,"potions_floor_spawned":[1,10,13,14,18,27,29,33,35,38,42,44,48],"ascension_level":0}}