{"host":"fr1l74x1jw61j7hk","time":1614055143,"event":{"mods":["BaseMod","Downfall","Minty Spire (QoL Compilation)","StSLib"],"gold_per_floor":[99,118,129,144,164,175,175,175,204,223,243,143,161,178,190,285,285,285,299,313,313,42,317,317,351,351,78,78,78,78,105,117,216,216,116,134,149,166,27,27,27,40,131,150,50,63,63,83,83,83,83],"floor_reached":49,"language":"ZHS","playtime":3417,"items_purged":["Pain","Guardian:Defend_Guardian","Guardian:Defend_Guardian"],"score":610,"play_id":"063e9935-c572-41e0-9563-bb42103ec850","local_time":"20210223123903","is_ascension_mode":false,"campfire_choices":[{"data":"Guardian:TwinSlam","floor":1.0,"key":"SMITH"},{"data":"Guardian:FuturePlans","floor":8.0,"key":"SMITH"},{"data":"Guardian:CurlUp","floor":12.0,"key":"SMITH"},{"data":"Guardian:Recover","floor":18.0,"key":"SMITH"},{"data":"Guardian:PrimingBeam","floor":28.0,"key":"SMITH"},{"data":"Guardian:PrismaticBarrier","floor":30.0,"key":"SMITH"},{"data":"Guardian:Harden","floor":35.0,"key":"SMITH"},{"floor":40.0,"key":"RECALL"},{"data":"Guardian:BaubleBeam","floor":45,"key":"SMITH"}],"circlet_count":0,"master_deck":["Guardian:Strike_Guardian","Guardian:Strike_Guardian","Guardian:Defend_Guardian","Guardian:CurlUp+1","Guardian:TwinSlam+1","Guardian:ConstructionForm","Guardian:SpikerProtocol","Guardian:FuturePlans+1","Guardian:Incinerate","Guardian:ExploitGems","Guardian:PrimingBeam+1","Guardian:SpikerProtocol+1","Guardian:Harden+1","Guardian:EvasiveProtocol+1","Guardian:RollAttack","Guardian:Recover+1","Guardian:BronzeArmor+1","Guardian:PrimingBeam","Guardian:VentSteam","Guardian:PrismaticBarrier+1","Guardian:ExploitGems","Guardian:SpikerProtocol+1","Guardian:PrimingBeam+1","Guardian:ChargeUp+1","Guardian:ArmoredProtocol+1","Guardian:BaubleBeam+1","Guardian:SpikerProtocol+1"],"relics":["Guardian:ModeShifter","Mercury Hourglass","Frozen Egg 2","downfall:HeartBlessingGreen","Black Star","WarpedTongs","Matryoshka","Boot","Juzu Bracelet","Guardian:SackOfGems","Happy Flower","PreservedInsect","Empty Cage","downfall:HeartBlessingBlue","Centennial Puzzle","Pear","Membership Card","downfall:HeartBlessingRed"],"acts_visited":["Exordium","TheCity","TheBeyond"],"potions_floor_usage":[43],"damage_taken":[{"damage":0.0,"enemies":"Cultist","floor":2.0,"turns":4.0},{"damage":0.0,"enemies":"2 Louse","floor":3.0,"turns":4.0},{"damage":7.0,"enemies":"Small Slimes","floor":4.0,"turns":6.0},{"damage":8.0,"enemies":"Red Slaver","floor":5.0,"turns":4.0},{"damage":0.0,"enemies":"Large Slime","floor":6.0,"turns":6.0},{"damage":13.0,"enemies":"3 Sentries","floor":9.0,"turns":11.0},{"damage":6.0,"enemies":"3 Louse","floor":10.0,"turns":3.0},{"damage":10.0,"enemies":"Exordium Thugs","floor":11.0,"turns":4.0},{"damage":0.0,"enemies":"Blue Slaver","floor":13.0,"turns":4.0},{"damage":0.0,"enemies":"downfall:LooterAlt","floor":14.0,"turns":4.0},{"damage":7.0,"enemies":"3 Louse","floor":15.0,"turns":2.0},{"damage":10.0,"enemies":"DF_ARCHETYPE_STREAMLINE","floor":16.0,"turns":9.0},{"damage":0.0,"enemies":"Chosen","floor":19.0,"turns":7.0},{"damage":10.0,"enemies":"downfall:LooterAlt2","floor":20.0,"turns":4.0},{"damage":2.0,"enemies":"downfall:FleeingMerchant","floor":22.0,"turns":4.0},{"damage":44.0,"enemies":"Gremlin Leader","floor":25.0,"turns":8.0},{"damage":5.0,"enemies":"downfall:FleeingMerchant","floor":27.0,"turns":4.0},{"damage":11.0,"enemies":"Book of Stabbing","floor":31.0,"turns":6.0},{"damage":3.0,"enemies":"Chosen and Byrds","floor":32.0,"turns":9.0},{"damage":0.0,"enemies":"WA_ARCHETYPE_CALM","floor":33.0,"turns":9.0},{"damage":4.0,"enemies":"Orb Walker","floor":36.0,"turns":3.0},{"damage":0.0,"enemies":"3 Shapes","floor":37.0,"turns":4.0},{"damage":3.0,"enemies":"Maw","floor":38.0,"turns":8.0},{"damage":0.0,"enemies":"downfall:FleeingMerchant","floor":39.0,"turns":4.0},{"damage":29.0,"enemies":"Sphere and 2 Shapes","floor":42.0,"turns":6.0},{"damage":4,"enemies":"downfall:FleeingMerchant","floor":43,"turns":4},{"damage":12,"enemies":"Jaw Worm Horde","floor":44,"turns":3},{"damage":31,"enemies":"Maw","floor":46,"turns":7},{"damage":0,"enemies":"4 Shapes","floor":48,"turns":7},{"damage":32,"enemies":"Jaw Worm Horde","floor":49,"turns":4}],"seed_played":"-3926045707147576538","potions_obtained":[{"floor":2.0,"key":"Block Potion"},{"floor":4.0,"key":"Fruit Juice"},{"floor":5.0,"key":"EssenceOfSteel"},{"floor":10.0,"key":"Fire Potion"},{"floor":11.0,"key":"CultistPotion"},{"floor":16.0,"key":"SpeedPotion"},{"floor":20.0,"key":"Strength Potion"},{"floor":25.0,"key":"bronze:BurnAndBuffPotion"},{"floor":31.0,"key":"Energy Potion"},{"floor":33.0,"key":"Dexterity Potion"},{"floor":36.0,"key":"DistilledChaos"},{"floor":42.0,"key":"Explosive Potion"},{"floor":46,"key":"PowerPotion"},{"floor":48,"key":"LiquidMemories"}],"is_trial":false,"path_per_floor":["R","M","M","M","M","M","T","R","E","M","M","R","M","M","M","B",null,"R","M","M","?","$","?","T","E","?","$","R","?","R","E","M","B",null,"R","M","M","M","$","R","T","M","$","M","R","M","?","M","M"],"character_chosen":"GUARDIAN","items_purchased":["Matryoshka","Guardian:PrismaticBarrier","Guardian:ExploitGems","Guardian:Gem_Lightblue","Membership Card","Guardian:Gem_Green","Guardian:Gem_Lightblue"],"campfire_rested":0,"item_purchase_floors":[22,27,27,39,43,43,43],"current_hp_per_floor":[80,80,80,73,65,65,65,65,52,46,36,36,36,41,34,24,85,85,85,75,75,73,73,73,29,29,24,24,24,24,13,10,10,85,95,91,91,88,88,88,98,69,65,53,53,22,22,22,0,0,0],"gold":83,"neow_bonus":"TRANSFORM_CARD","is_daily":false,"chose_seed":false,"campfire_upgraded":8,"win_rate":0.0,"timestamp":1614055143,"path_taken":["R","M","M","M","M","M","T","R","E","M","?","R","?","M","M","BOSS","R","M","?","?","$","?","T","E","?","$","R","?","R","E","M","BOSS","R","M","M","M","$","R","T","M","$","M","R","M","?","M","M"],"items_purchased_type":["Relic","Card","Card","Card","Relic","Card","Card"],"build_version":"2020-12-22","purchased_purges":3,"victory":false,"max_hp_per_floor":[80,80,80,80,80,80,80,80,80,80,80,80,80,85,85,85,85,85,85,85,85,85,85,85,85,85,85,85,85,85,85,85,85,85,95,95,95,95,95,95,105,105,105,105,105,105,105,105,105,105,105],"card_choices":[{"not_picked":["Guardian:ChargeCore","Guardian:DecasProtection"],"picked":"Guardian:SpikerProtocol","floor":2.0},{"not_picked":["Guardian:Clone","Guardian:ChargeCore"],"picked":"Guardian:FuturePlans","floor":3.0},{"not_picked":["Guardian:Harden","Guardian:Suspension"],"picked":"Guardian:Incinerate","floor":4.0},{"not_picked":["Guardian:Gem_Green","Guardian:ChargeCore"],"picked":"Guardian:ExploitGems","floor":5.0},{"not_picked":["Guardian:Incinerate","Guardian:TemporalShield"],"picked":"Guardian:PrimingBeam","floor":6.0},{"not_picked":["Guardian:Preprogram","Guardian:BronzeOrb"],"picked":"Guardian:SpikerProtocol+1","floor":9.0},{"not_picked":["Guardian:Gem_Green","Guardian:CrystalBeam"],"picked":"Guardian:Harden","floor":10.0},{"not_picked":["Guardian:ShieldCharger","Guardian:RollAttack"],"picked":"Guardian:EvasiveProtocol+1","floor":11.0},{"not_picked":["Guardian:PolyBeam","Guardian:PrimingBeam"],"picked":"Guardian:RollAttack","floor":13.0},{"not_picked":["Guardian:Suspension","Guardian:TemporalStrike"],"picked":"Guardian:Gem_Lightblue","floor":14.0},{"not_picked":["Guardian:HyperBeam_Guardian","Guardian:TemporalStrike"],"picked":"Guardian:Recover","floor":15.0},{"not_picked":["Guardian:FierceBash","Guardian:FastForward"],"picked":"Guardian:Gem_Synthetic","floor":16.0},{"not_picked":["Guardian:Incinerate+1","Guardian:RollAttack"],"picked":"Guardian:BronzeArmor","floor":19.0},{"not_picked":["Guardian:GuardianWhirl+1","Guardian:TemporalStrike"],"picked":"Guardian:Gem_Green","floor":20.0},{"not_picked":["Guardian:StasisStrike","Guardian:Recover"],"picked":"Guardian:Gem_Lightblue","floor":22.0},{"not_picked":["Guardian:ChargeUp","Guardian:GuardianWhirl"],"picked":"Guardian:PrimingBeam","floor":25.0},{"not_picked":["Guardian:DonusPower+1","Guardian:TemporalStrike"],"picked":"Guardian:VentSteam","floor":27.0},{"not_picked":["Guardian:RollAttack","Guardian:Recover"],"picked":"Guardian:SpikerProtocol+1","floor":31.0},{"not_picked":["Guardian:RefractedBeam","Guardian:TemporalShield+1"],"picked":"Guardian:PrimingBeam+1","floor":32.0},{"not_picked":["Guardian:BaubleBeam","Guardian:StasisStrike"],"picked":"Guardian:Gem_Orange","floor":33.0},{"not_picked":["Guardian:TemporalStrike","Guardian:TimeCapacitor+1"],"picked":"Guardian:ChargeUp+1","floor":36.0},{"not_picked":["Guardian:RollAttack+1","Guardian:WalkerClaw"],"picked":"Guardian:Gem_Synthetic","floor":37.0},{"not_picked":["Guardian:Incinerate","Guardian:RefractedBeam+1"],"picked":"Guardian:ArmoredProtocol+1","floor":38.0},{"not_picked":["Guardian:ChargeCore","Guardian:PrismaticBarrier"],"picked":"Guardian:Gem_Blue","floor":39.0},{"not_picked":["Guardian:BodySlam+1","Guardian:Incinerate"],"picked":"Guardian:Gem_Blue","floor":42.0},{"not_picked":["Guardian:BodySlam+1","Guardian:TimeBomb+1"],"picked":"Guardian:BaubleBeam","floor":43},{"not_picked":["Guardian:RollAttack+1","Guardian:TemporalStrike+1","Guardian:Recover+1"],"picked":"SKIP","floor":44},{"not_picked":["Guardian:Gem_Green","Guardian:Reroute+1"],"picked":"Guardian:SpikerProtocol+1","floor":46},{"not_picked":["Guardian:Gem_Red","Guardian:TemporalStrike+1","Guardian:Incinerate+1"],"picked":"SKIP","floor":48}],"player_experience":501110,"relics_obtained":[{"floor":7.0,"key":"Mercury Hourglass"},{"floor":9.0,"key":"Frozen Egg 2"},{"floor":24.0,"key":"Boot"},{"floor":25.0,"key":"Juzu Bracelet"},{"floor":25.0,"key":"Guardian:SackOfGems"},{"floor":31.0,"key":"Happy Flower"},{"floor":31.0,"key":"PreservedInsect"},{"floor":41.0,"key":"Centennial Puzzle"},{"floor":41.0,"key":"Pear"}],"event_choices":[{"damage_healed":0,"gold_gain":0,"player_choice":"Ignored","damage_taken":0,"max_hp_gain":0,"max_hp_loss":0,"event_name":"NoteForYourself","floor":47,"gold_loss":0}],"is_beta":false,"boss_relics":[{"not_picked":["Fusion Hammer","bronze:MakeshiftBattery"],"picked":"Black Star"},{"not_picked":["SlaversCollar","Runic Dome"],"picked":"Empty Cage"}],"items_purged_floors":[27,39,43],"is_endless":false,"potions_floor_spawned":[2,4,5,10,11,16,20,25,31,33,36,42,46,48],"killed_by":"Jaw Worm Horde","ascension_level":0}}