{"host":"nz11ypxva4e39b7q","time":1614042398,"event":{"mods":["BaseMod","Better Third Choice","Better Vampires","Colored Map","Minty Spire (QoL Compilation)","Quick Restart","Shapeshifter Mod","StSLib"],"gold_per_floor":[415,288,288,288,301,301,301,328,328,362,374,400,675,688,688,765,765,779,779,779,797,808,808,837,837,862,862,532,559,559,569,569,643,643,653,671,234,334,353,379,399,434,434,434,468,488,519,571,571,571,571,571,146,178,178],"floor_reached":56,"language":"ENG","playtime":3120,"items_purged":["Normality","StSShapeShifter:Tortoise_Form","StSShapeShifter:Lynx_Form"],"score":2086,"play_id":"c3382db7-b6bc-490d-9b6f-b09edf61ffec","local_time":"20210223020638","is_ascension_mode":true,"campfire_choices":[{"data":"StSShapeShifter:PoisonIvy","floor":6.0,"key":"SMITH"},{"data":"StSShapeShifter:Synchronicity","floor":15.0,"key":"SMITH"},{"floor":23.0,"key":"REST"},{"floor":27.0,"key":"REST"},{"floor":32.0,"key":"REST"},{"floor":44.0,"key":"RECALL"},{"floor":49.0,"key":"REST"},{"floor":52.0,"key":"REST"}],"circlet_count":0,"master_deck":["AscendersBane","StSShapeShifter:PoisonIvy+1","Apotheosis+1","StSShapeShifter:EntForm+1","StSShapeShifter:Synchronicity+1","StSShapeShifter:PoisonIvy","StSShapeShifter:TopazSkin","StSShapeShifter:Tornado","StSShapeShifter:PorcupineForm+1","StSShapeShifter:BaskInBloom","StSShapeShifter:BurstingSpore+1","StSShapeShifter:MooseForm","StSShapeShifter:FruitBasket","StSShapeShifter:BurstingSpore"],"relics":["StSShapeShifter:AnimalHeart","StSShapeShifter:TheShapeShiftersMagnolia","Old Coin","InkBottle","Eternal Feather","Matryoshka","Omamori","Ancient Tea Set","Calling Bell","Akabeko","Letter Opener","Lizard Tail","MealTicket","Bottled Lightning","Happy Flower","StSShapeShifter:ThornsOfSummi","Pandora\u0027s Box","Bronze Scales","Strange Spoon","Blood Vial","PreservedInsect","Dream Catcher","Whetstone","The Courier","Anchor","Boot","TheAbacus","Bag of Preparation","Strawberry","StSShapeShifter:EmeraldPantherFigurine"],"acts_visited":["Exordium","TheCity","TheBeyond","TheEnding"],"potions_floor_usage":[55,55],"damage_taken":[{"damage":7.0,"enemies":"Jaw Worm","floor":1.0,"turns":9.0},{"damage":0.0,"enemies":"2 Louse","floor":5.0,"turns":2.0},{"damage":10.0,"enemies":"Gremlin Nob","floor":8.0,"turns":3.0},{"damage":13.0,"enemies":"Lagavulin","floor":10.0,"turns":11.0},{"damage":6.0,"enemies":"Cultist","floor":11.0,"turns":3.0},{"damage":22.0,"enemies":"3 Sentries","floor":12.0,"turns":9.0},{"damage":6.0,"enemies":"2 Fungi Beasts","floor":14.0,"turns":2.0},{"damage":42.0,"enemies":"Hexaghost","floor":16.0,"turns":12.0},{"damage":20.0,"enemies":"2 Thieves","floor":18.0,"turns":4.0},{"damage":26.0,"enemies":"3 Byrds","floor":21.0,"turns":4.0},{"damage":27.0,"enemies":"Snake Plant","floor":22.0,"turns":6.0},{"damage":33.0,"enemies":"Gremlin Leader","floor":24.0,"turns":6.0},{"damage":57.0,"enemies":"Book of Stabbing","floor":29.0,"turns":7.0},{"damage":35.0,"enemies":"Sentry and Sphere","floor":31.0,"turns":6.0},{"damage":27.0,"enemies":"Collector","floor":33.0,"turns":9.0},{"damage":13.0,"enemies":"3 Darklings","floor":35.0,"turns":4.0},{"damage":0.0,"enemies":"3 Shapes","floor":36.0,"turns":4.0},{"damage":17.0,"enemies":"Sphere and 2 Shapes","floor":39.0,"turns":4.0},{"damage":10.0,"enemies":"Reptomancer","floor":40.0,"turns":6.0},{"damage":0.0,"enemies":"Jaw Worm Horde","floor":41.0,"turns":3.0},{"damage":8.0,"enemies":"Nemesis","floor":42.0,"turns":6.0},{"damage":20.0,"enemies":"Reptomancer","floor":45.0,"turns":7.0},{"damage":36.0,"enemies":"4 Shapes","floor":46.0,"turns":3.0},{"damage":4.0,"enemies":"Giant Head","floor":47.0,"turns":8.0},{"damage":72.0,"enemies":"Donu and Deca","floor":50.0,"turns":8.0},{"damage":0.0,"enemies":"Shield and Spear","floor":54.0,"turns":5.0},{"damage":36,"enemies":"The Heart","floor":55,"turns":8}],"seed_played":"-1898529835971976418","potions_obtained":[{"floor":5.0,"key":"BlessingOfTheForge"},{"floor":8.0,"key":"DuplicationPotion"},{"floor":11.0,"key":"Block Potion"},{"floor":16.0,"key":"PowerPotion"},{"floor":18.0,"key":"Energy Potion"},{"floor":29.0,"key":"Fire Potion"},{"floor":33.0,"key":"ColorlessPotion"},{"floor":39.0,"key":"Ancient Potion"},{"floor":45.0,"key":"PowerPotion"}],"is_trial":false,"path_per_floor":["M","$","?","T","M","R","?","E","T","E","M","E","?","M","R","B",null,"M","?","?","M","M","R","E","?","T","R","$","E","?","M","R","B",null,"M","M","$","?","M","E","M","E","T","R","E","M","E","T","R","B",null,"R","$","E","B",null],"character_chosen":"SHAPESHIFTER","items_purchased":["PowerPotion","Happy Flower","StSShapeShifter:BaskInBloom","Bronze Scales","Strange Spoon","TheAbacus","Bag of Preparation","Strawberry","DistilledChaos"],"campfire_rested":5,"item_purchase_floors":[2,28,28,37,37,53,53,53,53],"current_hp_per_floor":[59,59,59,59,59,59,59,49,49,73,67,57,57,55,64,32,63,43,30,30,16,4,39,15,15,15,50,65,23,23,3,38,20,64,60,69,78,71,63,65,67,76,76,78,67,35,54,54,78,30,66,78,85,85,55],"gold":178,"neow_bonus":"ONE_RARE_RELIC","is_daily":false,"chose_seed":false,"campfire_upgraded":2,"win_rate":0.0,"timestamp":1614042398,"path_taken":["M","$","?","?","M","R","?","E","T","E","M","E","?","?","R","BOSS","M","?","?","?","M","R","E","?","T","R","$","E","?","M","R","BOSS","M","M","$","?","M","E","M","E","T","R","E","M","E","?","R","BOSS","R","$","E","BOSS"],"items_purchased_type":["Potion","Relic","Card","Relic","Relic","Relic","Relic","Relic","Potion"],"build_version":"2020-12-22","purchased_purges":3,"victory":true,"max_hp_per_floor":[73,73,73,73,73,73,73,73,73,73,73,73,73,73,73,73,73,73,78,78,78,78,78,78,78,78,78,78,78,78,78,78,78,78,78,78,78,78,78,78,78,78,78,78,78,78,78,78,78,78,78,78,85,85,85],"card_choices":[{"not_picked":["StSShapeShifter:Guard","StSShapeShifter:SquirrelForm","StSShapeShifter:CursedApple"],"picked":"SKIP","floor":1.0},{"not_picked":["StSShapeShifter:BladeOfGrass","StSShapeShifter:BloomingSlash","StSShapeShifter:FesteringBite"],"picked":"SKIP","floor":5.0},{"not_picked":["StSShapeShifter:CursedApple","StSShapeShifter:OakBlade"],"picked":"StSShapeShifter:EntForm","floor":8.0},{"not_picked":["StSShapeShifter:BurstOfLifeEscapeDeath","StSShapeShifter:FesteringBite"],"picked":"StSShapeShifter:Synchronicity","floor":10.0},{"not_picked":["StSShapeShifter:SquirrelForm","StSShapeShifter:DeerForm","StSShapeShifter:Guard"],"picked":"SKIP","floor":11.0},{"not_picked":["StSShapeShifter:MagicMushrooms","StSShapeShifter:CosmicShifter"],"picked":"StSShapeShifter:PoisonIvy","floor":12.0},{"not_picked":["StSShapeShifter:AdaptiveStrikes","StSShapeShifter:MonkeyForm"],"picked":"StSShapeShifter:TopazSkin","floor":14.0},{"not_picked":["StSShapeShifter:PowerShifter","StSShapeShifter:SkullBash"],"picked":"StSShapeShifter:Tornado","floor":16.0},{"not_picked":["StSShapeShifter:PoisonIvy","StSShapeShifter:Rabid","StSShapeShifter:ReplenishingNectar"],"picked":"SKIP","floor":18.0},{"not_picked":["StSShapeShifter:Ensconce","StSShapeShifter:SquirrelForm+1"],"picked":"StSShapeShifter:PorcupineForm+1","floor":21.0},{"not_picked":["StSShapeShifter:DeerForm","StSShapeShifter:Rest","StSShapeShifter:FlowerShield"],"picked":"SKIP","floor":22.0},{"not_picked":["StSShapeShifter:ThornToss","StSShapeShifter:Wildfire2+1","StSShapeShifter:WolfForm"],"picked":"SKIP","floor":24.0},{"not_picked":["StSShapeShifter:ThornToss","StSShapeShifter:Wildfire2+1","StSShapeShifter:WolfForm"],"picked":"SKIP","floor":24.0},{"not_picked":["StSShapeShifter:ThrashAbout","StSShapeShifter:EagleForm","StSShapeShifter:RhinoCalfForm"],"picked":"SKIP","floor":29.0},{"not_picked":["StSShapeShifter:MonkeyForm","StSShapeShifter:Maul"],"picked":"StSShapeShifter:BurstingSpore","floor":31.0},{"not_picked":["StSShapeShifter:DragonForm","StSShapeShifter:Tornado"],"picked":"StSShapeShifter:MooseForm","floor":33.0},{"not_picked":["StSShapeShifter:MonkeyForm","StSShapeShifter:MultiSpiritedStrike","StSShapeShifter:FesteringBite"],"picked":"SKIP","floor":35.0},{"not_picked":["StSShapeShifter:RockSlide","StSShapeShifter:Maul","StSShapeShifter:ShiftingStrike"],"picked":"SKIP","floor":36.0},{"not_picked":["StSShapeShifter:Wildfire2","StSShapeShifter:SunflowerShuriken","StSShapeShifter:DeerForm+1"],"picked":"SKIP","floor":39.0},{"not_picked":["StSShapeShifter:Bonk+1","StSShapeShifter:SunflowerShuriken","StSShapeShifter:Forgiveness"],"picked":"SKIP","floor":40.0},{"not_picked":["StSShapeShifter:ThornedSkin","StSShapeShifter:PoisonIvy+1","StSShapeShifter:CosmicShifter+1"],"picked":"SKIP","floor":41.0},{"not_picked":["StSShapeShifter:Guard","StSShapeShifter:FesteringBite"],"picked":"StSShapeShifter:FruitBasket","floor":42.0},{"not_picked":["StSShapeShifter:OpportuneSwoop+1","StSShapeShifter:BaskInBloom","StSShapeShifter:ShiftingStrike"],"picked":"SKIP","floor":45.0},{"not_picked":["StSShapeShifter:SunflowerShuriken","StSShapeShifter:FesteringBite","StSShapeShifter:ShiftingStrike"],"picked":"SKIP","floor":46.0},{"not_picked":["StSShapeShifter:PoisonIvy","StSShapeShifter:AdaptiveStrikes","StSShapeShifter:MagicMushrooms+1"],"picked":"SKIP","floor":47.0},{"not_picked":["StSShapeShifter:IntimidatingAura","StSShapeShifter:BarkSkin"],"picked":"StSShapeShifter:BurstingSpore","floor":54.0}],"player_experience":1100479,"relics_obtained":[{"floor":4.0,"key":"InkBottle"},{"floor":8.0,"key":"Eternal Feather"},{"floor":9.0,"key":"Matryoshka"},{"floor":10.0,"key":"Omamori"},{"floor":12.0,"key":"Ancient Tea Set"},{"floor":17.0,"key":"Akabeko"},{"floor":17.0,"key":"Letter Opener"},{"floor":17.0,"key":"Lizard Tail"},{"floor":24.0,"key":"MealTicket"},{"floor":26.0,"key":"Bottled Lightning"},{"floor":29.0,"key":"StSShapeShifter:ThornsOfSummi"},{"floor":40.0,"key":"Blood Vial"},{"floor":42.0,"key":"PreservedInsect"},{"floor":43.0,"key":"Dream Catcher"},{"floor":43.0,"key":"Whetstone"},{"floor":45.0,"key":"The Courier"},{"floor":47.0,"key":"Anchor"},{"floor":48.0,"key":"Boot"},{"floor":54.0,"key":"StSShapeShifter:EmeraldPantherFigurine"}],"event_choices":[{"damage_healed":0.0,"max_hp_gain":0.0,"max_hp_loss":0.0,"gold_gain":0.0,"cards_transformed":["StSShapeShifter:ShapeShifter_Defend"],"event_name":"Living Wall","player_choice":"Change","floor":3.0,"gold_loss":0.0,"damage_taken":0.0,"cards_obtained":["StSShapeShifter:PoisonIvy"]},{"damage_healed":59.0,"max_hp_gain":0.0,"max_hp_loss":73.0,"gold_gain":0.0,"event_name":"betterThird:BetterShining","player_choice":"Embrace","floor":7.0,"gold_loss":0.0,"damage_taken":0.0},{"damage_healed":0.0,"max_hp_gain":0.0,"max_hp_loss":0.0,"gold_gain":275.0,"event_name":"Golden Shrine","player_choice":"Desecrate","floor":13.0,"gold_loss":0.0,"damage_taken":0.0,"cards_obtained":["Regret"]},{"damage_healed":0.0,"max_hp_gain":5.0,"max_hp_loss":0.0,"gold_gain":0.0,"event_name":"Forgotten Altar","player_choice":"Shed Blood","floor":19.0,"gold_loss":0.0,"damage_taken":18.0},{"damage_healed":0.0,"max_hp_gain":0.0,"max_hp_loss":0.0,"gold_gain":0.0,"event_name":"Accursed Blacksmith","player_choice":"Forge","floor":20.0,"gold_loss":0.0,"damage_taken":0.0,"cards_upgraded":["StSShapeShifter:EntForm"]},{"damage_healed":0.0,"max_hp_gain":0.0,"max_hp_loss":0.0,"gold_gain":0.0,"event_name":"Cursed Tome","player_choice":"Ignored","floor":25.0,"gold_loss":0.0,"damage_taken":0.0},{"damage_healed":0.0,"max_hp_gain":0.0,"max_hp_loss":0.0,"gold_gain":0.0,"event_name":"The Mausoleum","player_choice":"Ignored","floor":30.0,"gold_loss":0.0,"damage_taken":0.0}],"is_beta":false,"boss_relics":[{"not_picked":["Empty Cage","Fusion Hammer"],"picked":"Calling Bell"},{"not_picked":["Astrolabe","Sozu"],"picked":"Pandora\u0027s Box"}],"items_purged_floors":[2,28,37],"is_endless":false,"potions_floor_spawned":[5,8,11,12,16,18,29,33,39,42,45,46,47],"ascension_level":14}}