{"host":"gaqyve1328ta0etl","time":1614066397,"event":{"mods":["BaseMod","Colored Map","Colored Powertips","Duelist Mod","Googly Eyes","Hero for Fun","Minty Spire (QoL Compilation)","Shop Mod","StSLib","SuperFastMode","The Hierophant","The Runesmith"],"gold_per_floor":[139,139,139,64,79,79,4,4,27,27,53,53,64,98,98,173,173,186,198,98,98,115,115,129,129,201,201,218,218,232,232,232],"floor_reached":31,"language":"ENG","playtime":953,"items_purged":["theDuelist:CastleWalls","theDuelist:CastleWalls"],"score":636,"play_id":"050cec5f-d3b1-43bb-ba61-7acf8d3885d0","local_time":"20210222234637","is_ascension_mode":true,"campfire_choices":[{"data":"theDuelist:YamiForm","floor":6,"key":"SMITH"},{"data":"theDuelist:RainbowNeos","floor":8,"key":"SMITH"},{"floor":10,"key":"REST"},{"data":"theDuelist:WeepingIdol","floor":12,"key":"SMITH"},{"floor":15,"key":"REST"},{"data":"theDuelist:KamionTimelord","floor":23,"key":"SMITH"},{"data":"theDuelist:WingedKuriboh","floor":25,"key":"SMITH"},{"floor":29,"key":"REST"}],"circlet_count":0,"master_deck":["theDuelist:FinalFlame","theDuelist:ScrapFactory","theDuelist:RainbowNeos+1","theDuelist:PowerWall","theDuelist:YamiForm+1","theDuelist:BeaverWarrior","theDuelist:GiantSoldier","AscendersBane","theDuelist:GiantSoldier","theDuelist:WeepingIdol+1","theDuelist:RainbowKuriboh","theDuelist:KamionTimelord+1","theDuelist:WingedKuriboh+1","theDuelist:StarBlast+1"],"relics":["theDuelist:MillenniumPuzzle","theDuelist:CardPoolRelic","theDuelist:CardPoolBasicRelic","theDuelist:BoosterPackPoolRelic","theDuelist:CardPoolAddRelic","theDuelist:CardPoolMinusRelic","theDuelist:CardPoolSaveRelic","theDuelist:CardPoolOptionsRelic","theDuelist:MetronomeRelicB","Anchor","Ornamental Fan","FossilizedHelix","Sozu","Blue Candle","theDuelist:BoosterPackSpellEgg"],"acts_visited":["Exordium","TheCity"],"potions_floor_usage":[14,16],"damage_taken":[{"damage":0,"enemies":"2 Louse","floor":1,"turns":3},{"damage":3,"enemies":"Jaw Worm","floor":5,"turns":4},{"damage":0,"enemies":"Lagavulin","floor":11,"turns":5},{"damage":0,"enemies":"Small Slimes","floor":13,"turns":3},{"damage":50,"enemies":"Gremlin Nob","floor":14,"turns":7},{"damage":0,"enemies":"The Guardian","floor":16,"turns":8},{"damage":0,"enemies":"3 Byrds","floor":18,"turns":4},{"damage":11,"enemies":"Spheric Guardian","floor":19,"turns":5},{"damage":0,"enemies":"Centurion and Healer","floor":22,"turns":4},{"damage":15,"enemies":"Shelled Parasite and Fungi","floor":24,"turns":3},{"damage":27,"enemies":"Chosen and Byrds","floor":28,"turns":6},{"damage":0,"enemies":"Snecko","floor":30,"turns":4},{"damage":30,"enemies":"Cultist and Chosen","floor":31,"turns":9}],"seed_played":"4015019223392722268","potions_obtained":[{"floor":11,"key":"theDuelist:SolderPotionB"},{"floor":13,"key":"Strength Potion"}],"is_trial":false,"path_per_floor":["M","?","?","?","M","R","$","R","T","R","E","R","M","E","R","B",null,"M","M","$","?","M","R","M","R","T","T","M","R","M","M"],"character_chosen":"THE_DUELIST","items_purchased":[],"campfire_rested":3,"item_purchase_floors":[],"current_hp_per_floor":[63,55,48,48,45,45,45,45,45,66,66,66,66,16,37,37,62,62,51,51,51,51,51,36,36,36,36,9,30,30,0,0],"gold":232,"neow_bonus":"ONE_RANDOM_RARE_CARD","is_daily":false,"chose_seed":false,"campfire_upgraded":5,"win_rate":0.0,"timestamp":1614066397,"path_taken":["M","?","?","?","M","R","$","R","T","R","E","R","M","E","R","BOSS","M","M","$","?","M","R","?","R","T","?","M","R","M","M"],"items_purchased_type":[],"build_version":"2020-12-22","purchased_purges":2,"victory":false,"max_hp_per_floor":[70,70,70,70,70,70,70,70,70,70,70,70,70,70,70,70,70,70,70,70,70,70,70,70,70,70,70,70,70,70,70,70],"card_choices":[{"not_picked":["theDuelist:CoreBlaster","theDuelist:CombinationAttack","theDuelist:BigFire","theDuelist:UnderworldCannon"],"picked":"theDuelist:RainbowNeos","floor":1},{"not_picked":["theDuelist:LightningVortex","theDuelist:CrossAttack","theDuelist:CrystalBlessing","theDuelist:MythicalBeast"],"picked":"theDuelist:PowerWall","floor":5},{"not_picked":["theDuelist:Eva","theDuelist:DokiDoki","theDuelist:GemArmadillo","theDuelist:GraniteLoyalist"],"picked":"theDuelist:WeepingIdol","floor":11},{"not_picked":["theDuelist:HappyLover","theDuelist:Eva","theDuelist:PurplePainOni","theDuelist:RainbowOverdragon"],"picked":"theDuelist:RainbowKuriboh","floor":13},{"not_picked":["theDuelist:MeteorDestruction","theDuelist:CombinationAttack","theDuelist:ScrapFactory","theDuelist:MagnumShield","theDuelist:SparkBlaster"],"picked":"SKIP","floor":14},{"not_picked":["theDuelist:SwordsRevealing","theDuelist:PineappleBlast","theDuelist:GravityLash","theDuelist:AmuletAmbition"],"picked":"theDuelist:KamionTimelord","floor":16},{"not_picked":["theDuelist:BigFire","theDuelist:AfterTheStorm","theDuelist:SpiritHarp","theDuelist:DarkBurningAttack","theDuelist:PowerWall"],"picked":"SKIP","floor":18},{"not_picked":["theDuelist:EarthquakeGiant","theDuelist:RainbowOverdragon","theDuelist:BattleOx","theDuelist:BattleguardKing+1"],"picked":"theDuelist:WingedKuriboh","floor":19},{"not_picked":["theDuelist:RainbowNeos","theDuelist:OnslaughtFireKings","theDuelist:WormApocalypse+1","theDuelist:CombinationAttack","theDuelist:Reinforcements+1"],"picked":"SKIP","floor":22},{"not_picked":["theDuelist:MeteorDestruction","theDuelist:Hinotama","theDuelist:CombinationAttack+1","theDuelist:BigFire","theDuelist:CrystalRaigeki"],"picked":"SKIP","floor":24},{"not_picked":["theDuelist:SpellShatteringArrow+1","theDuelist:Hinotama+1","theDuelist:DoubleTool+1","theDuelist:CombinationAttack+1"],"picked":"theDuelist:StarBlast+1","floor":28},{"not_picked":["theDuelist:BigFire+1","theDuelist:SilverApples","theDuelist:Eva","theDuelist:WormApocalypse","theDuelist:CharcoalInpachi"],"picked":"SKIP","floor":30}],"player_experience":2246916,"relics_obtained":[{"floor":9,"key":"Anchor"},{"floor":11,"key":"Ornamental Fan"},{"floor":14,"key":"FossilizedHelix"},{"floor":26,"key":"Blue Candle"},{"floor":27,"key":"theDuelist:BoosterPackSpellEgg"}],"event_choices":[{"damage_healed":0,"gold_gain":0,"player_choice":"Dig - random Duelist relic","duelist":true,"damage_taken":0,"max_hp_gain":0,"max_hp_loss":0,"event_name":"Aknamkanon\u0027s Tomb","floor":2,"gold_loss":0},{"cards_removed":["theDuelist:Sparks"],"damage_healed":0,"gold_gain":0,"player_choice":"Card Removal","damage_taken":7,"max_hp_gain":0,"max_hp_loss":0,"event_name":"Golden Wing","floor":3,"gold_loss":0},{"cards_removed":["theDuelist:Sparks"],"damage_healed":0,"gold_gain":0,"player_choice":"Card Removal","damage_taken":0,"max_hp_gain":0,"max_hp_loss":0,"event_name":"The Cleric","floor":4,"gold_loss":75},{"cards_removed":["theDuelist:BeaverWarrior"],"damage_healed":0,"gold_gain":0,"player_choice":"Purged","damage_taken":0,"max_hp_gain":0,"max_hp_loss":0,"event_name":"Purifier","floor":21,"gold_loss":0}],"is_beta":false,"boss_relics":[{"not_picked":["Cursed Key","SlaversCollar"],"picked":"Sozu"}],"items_purged_floors":[7,20],"is_endless":false,"potions_floor_spawned":[11,13,19,24,28],"killed_by":"Cultist and Chosen","ascension_level":20}}