{"host":"jg1kdgv8lq0s5kn4","time":1614096229,"event":{"mods":["AchievementEnabler","Act Like it!","Alarm Clock","AlwaysNeverKeys","BaseMod","Colored Map","Colored Powertips","Easy Mod","FoggyMod","Gensokyo","Gold Saver","Marisa（F雨　魔理沙）","Minty Spire (QoL Compilation)","Quick Restart","Relic Filter Mod","Remove Card Discount Mod","Shop Mod","Spicy Shops","StSLib","SuperFastMode","Wide Potions","[IsaacMod]以撒尖塔","noobMod","【功能Mod】Neow奖励","【功能Mod】强力的原版药水","【遗物Mod】简单游戏","没有小屋子和绿帽子啦","篝火指南"],"gold_per_floor":[1624,1624,1624,675,749,749,1185,1185,1212,1212,724,1191,1996,1996,1996,3021,3021,3867,3893,3213,3213,3213,3469,3805,4279,4279,3674,2193,2450,2450,2677,2677,4327,4327,4434,4434,4434,4443,3744,2310,934,1237,1258,1682,1428,1428,1428],"floor_reached":46,"language":"ZHS","playtime":1611,"items_purged":["Injury","Strike_MRS","Strike_MRS","Defend_MRS","Defend_MRS","Strike_MRS","Doubt","Injury","IllusionStar+1","PowerUp","GrandCross","UpSweep","Defend_MRS","Gensokyo:AllTheWorldsEvil"],"score":1270,"play_id":"71627922-a145-47c5-9405-0be5e0150a01","local_time":"20210224000349","is_ascension_mode":true,"campfire_choices":[{"data":"Gensokyo:MonkeysPaw","floor":6.0,"key":"SMITH"},{"data":"WitchOfGreed","floor":8.0,"key":"SMITH"},{"data":"EasyMod:card_1","floor":15.0,"key":"SMITH"},{"data":"EscapeVelocity","floor":30.0,"key":"SMITH"},{"data":"OortCloud","floor":32,"key":"SMITH"}],"circlet_count":0,"master_deck":["EasyMod:card_1","Defend_MRS","MilkyWay","Gensokyo:MonkeysPaw+1","WitchOfGreed+1","MeteoricShower","Acceleration","UltimateShortwave+1","ShootTheMoon","GasGiant+1","BlazingStar","UltimateShortwave+1","CurseOfTheBell","6A","EscapeVelocity+1","WitchOfGreed+1","AsteroidBelt+1","OortCloud+1","MillisecondPulsars","MysteriousBeam","Robbery","Gensokyo:ScrapIron","Gensokyo:RustyChest","Apotheosis+1"],"relics":["MiniHakkero","EasyMod:Easy_1","EasyMod:Easy_6","HushsDoor","ice","EasyRelic","BookOfRevelations","Mango","ClockworkSouvenir","Frozen Eye","TheAbacus","Orrery","Eternal Feather","Ancient Tea Set","SteamSale","BelialBook","Toxic Egg 2","Incense Burner","EasyMod:Hard_1","EasyMod:Easy_8","Bag of Marbles","Prayer Wheel","CeramicFish","Ornamental Fan","Du-Vu Doll","Bronze Scales","Habit","BFFS","Chaos","NineVolt","Gensokyo:MosesMiracle","DoctorsRemote","Sling","FossilizedHelix","ForgetMeNow","HandmadeGrimoire","EasyMod:Easy_9","Toy Ornithopter","OrangePellets","Pen Nib","Bird Faced Urn","MealTicket","RampagingMagicTools","Bag of Preparation","Busted Crown","DeathBook","D4","MerchantsRug","ExperimentalFamiliar","Coffee Dripper","White Beast Statue","Peace Pipe","SimpleLauncher","Orichalcum","Cursed Key","Gensokyo:EmptyGrave","SacredBark","PunchingBag","Mummified Hand","SatanicBible","AmplifyWand","MomsKnife","Sundial","Girya","Leech","TheBean","Happy Flower","BewitchedHakkero","MagicMushroom","SproutingBranch","NineLifeCat","Gremlin Horn","MawBank","ChampionBelt","MyShadow","The Courier","Diplopia","EasyMod:Hard_0"],"acts_visited":["Exordium","Gensokyo:Gensokyo","Gensokyo:Gensokyoer"],"potions_floor_usage":[],"damage_taken":[{"damage":0.0,"enemies":"Gensokyo:Python","floor":1.0,"turns":2.0},{"damage":50.0,"enemies":"Gensokyo:Aya","floor":7.0,"turns":5.0},{"damage":36.0,"enemies":"Gensokyo:3_Fairies","floor":12.0,"turns":6.0},{"damage":38.0,"enemies":"Gensokyo:Cirno","floor":13.0,"turns":7.0},{"damage":46.0,"enemies":"Gensokyo:Yukari","floor":16.0,"turns":3.0},{"damage":54.0,"enemies":"Gensokyo:3_Dogs","floor":18.0,"turns":4.0},{"damage":21.0,"enemies":"Gensokyo:Reisen","floor":23.0,"turns":4.0},{"damage":21.0,"enemies":"Gensokyo:CosmicMonolith","floor":24.0,"turns":2.0},{"damage":34.0,"enemies":"Gensokyo:Tenshi","floor":25.0,"turns":3.0},{"damage":0.0,"enemies":"Gensokyo:Reisen","floor":29.0,"turns":1.0},{"damage":22,"enemies":"Hiden Room Battle","floor":31,"turns":4},{"damage":49,"enemies":"Gensokyo:Eternal_Rivals","floor":33,"turns":6},{"damage":0,"enemies":"Gensokyo:3_Bats","floor":35,"turns":1},{"damage":0,"enemies":"Gensokyo:Marisa","floor":42,"turns":3},{"damage":0,"enemies":"Gensokyo:Kasen","floor":44,"turns":1},{"damage":0,"enemies":"Gensokyo:Doremy","floor":46,"turns":1}],"seed_played":"-432417447298142850","potions_obtained":[{"floor":0.0,"key":"StarNLove"},{"floor":0.0,"key":"Regen Potion"},{"floor":0.0,"key":"Regen Potion"},{"floor":7.0,"key":"Strength Potion"},{"floor":16.0,"key":"FearPotion"},{"floor":18.0,"key":"PowerPotion"}],"is_trial":false,"path_per_floor":["M","?","?","COS","?","R","E","R","T","?","$","M","E","?","R","B",null,"M","T","COS","?","?","E","M","E","T","$","$","E","R","M","R","B",null,"M","?","?","T","$","R","COS","E","T","M","$","E"],"character_chosen":"MARISA","items_purchased":["SteamSale","BelialBook","Toxic Egg 2","UltimateShortwave+1","ShootTheMoon","Incense Burner","Bomb","HandmadeGrimoire","EasyMod:Easy_9","Toy Ornithopter","OrangePellets","Pen Nib","Bird Faced Urn","OortCloud","MealTicket","RampagingMagicTools","Bag of Preparation","Busted Crown","DeathBook","D4","MerchantsRug","PunchingBag","Mummified Hand","SatanicBible","AmplifyWand","MomsKnife","Sundial","Robbery","Girya","Leech","TheBean","Happy Flower","BewitchedHakkero","MagicMushroom","EasyMod:Hard_0","Apotheosis+1","SuicideKing"],"campfire_rested":0,"item_purchase_floors":[11,11,11,11,11,11,11,27,27,27,27,27,27,27,28,28,28,28,28,28,28,39,39,39,39,39,39,39,40,40,40,40,40,40,45,45,45],"current_hp_per_floor":[75,75,68,68,53,53,45,57,57,57,57,40,78,78,87,43,78,30,30,30,30,30,41,20,89,89,89,89,89,89,88,89,89,89,89,89,82,82,82,89,23,23,23,23,23,-999999,1],"gold":1428,"neow_bonus":"THREE_SMALL_POTIONS","is_daily":false,"chose_seed":false,"campfire_upgraded":5,"win_rate":0.0,"timestamp":1614096229,"path_taken":["M","?","?","COS","?","R","E","R","T","?","$","?","E","?","R","BOSS","M","?","COS","?","?","E","?","E","T","?","$","E","R","?","R","BOSS","M","?","?","?","?","R","COS","E","T","?","$","E"],"items_purchased_type":["Relic","Relic","Relic","Card","Card","Relic","Card","Relic","Relic","Relic","Relic","Relic","Relic","Card","Relic","Relic","Relic","Relic","Relic","Relic","Relic","Relic","Relic","Relic","Relic","Relic","Relic","Card","Relic","Relic","Relic","Relic","Relic","Relic","Relic","Card","Card"],"build_version":"2020-12-22","purchased_purges":14,"victory":false,"max_hp_per_floor":[75,75,89,89,89,89,89,89,89,89,89,89,89,89,89,89,89,89,89,89,89,89,89,89,89,89,89,89,89,89,89,89,89,89,89,89,82,82,82,89,23,23,23,23,23,23,23],"card_choices":[{"not_picked":["SporeBomb","MilkyWay","OortCloud"],"picked":"SKIP","floor":1.0},{"not_picked":["SporeBomb","OortCloud"],"picked":"MilkyWay","floor":1.0},{"not_picked":["GravityBeat","GalacticHalo"],"picked":"WitchOfGreed","floor":4.0},{"not_picked":["MilkyWay","GravityBeat"],"picked":"MeteoricShower","floor":4.0},{"not_picked":["AlicesGift","PowerUp"],"picked":"GrandCross","floor":4.0},{"not_picked":["IllusionStar","GalacticHalo"],"picked":"Acceleration","floor":4.0},{"not_picked":["MysteriousBeam","SporeBomb"],"picked":"PowerUp","floor":7.0},{"not_picked":["UnstableBomb","BigCrunch+1"],"picked":"GasGiant+1","floor":12.0},{"not_picked":["NonDirectionalLaser","FairyDestructionRay"],"picked":"IllusionStar+1","floor":13.0},{"not_picked":["TreasureHunter","CollectingQuirk"],"picked":"UltimateShortwave+1","floor":16.0},{"not_picked":["OortCloud","GalacticHalo+1"],"picked":"6A","floor":18.0},{"not_picked":["ChargeUpSpray","DC","ShootingEcho"],"picked":"SKIP","floor":18.0},{"not_picked":["WitchLeyline","LuminesStrike"],"picked":"EscapeVelocity","floor":23.0},{"not_picked":["DoubleSpark","MilkyWay+1"],"picked":"WitchOfGreed+1","floor":24.0},{"not_picked":["MachineGunSpark","6A","GravityBeat"],"picked":"SKIP","floor":24.0},{"not_picked":["DoubleSpark+1","ChargeUpSpray"],"picked":"AsteroidBelt+1","floor":25.0},{"not_picked":["FinalSpark"],"picked":"SKIP","floor":29.0},{"not_picked":[],"picked":"MillisecondPulsars","floor":33},{"not_picked":[],"picked":"MysteriousBeam","floor":35},{"not_picked":["DoubleSpark+1"],"picked":"SKIP","floor":35},{"not_picked":["SuperPerseids+1"],"picked":"SKIP","floor":42},{"not_picked":["GasGiant+1"],"picked":"SKIP","floor":44}],"player_experience":61554,"relics_obtained":[{"floor":7.0,"key":"Eternal Feather"},{"floor":9.0,"key":"Ancient Tea Set"},{"floor":13.0,"key":"EasyMod:Easy_8"},{"floor":13.0,"key":"Bag of Marbles"},{"floor":17.0,"key":"CeramicFish"},{"floor":17.0,"key":"Ornamental Fan"},{"floor":17.0,"key":"Du-Vu Doll"},{"floor":19.0,"key":"Bronze Scales"},{"floor":23.0,"key":"DoctorsRemote"},{"floor":25.0,"key":"Sling"},{"floor":25.0,"key":"Gensokyo:MosesMiracle"},{"floor":25.0,"key":"FossilizedHelix"},{"floor":26.0,"key":"ForgetMeNow"},{"floor":29.0,"key":"Coffee Dripper"},{"floor":31,"key":"White Beast Statue"},{"floor":31,"key":"Peace Pipe"},{"floor":33,"key":"Orichalcum"},{"floor":38,"key":"SacredBark"},{"floor":42,"key":"MyShadow"},{"floor":43,"key":"The Courier"},{"floor":44,"key":"Diplopia"}],"event_choices":[{"damage_healed":0,"gold_gain":0,"player_choice":"Fight","damage_taken":0,"max_hp_gain":0,"max_hp_loss":0,"event_name":"HidenRoomEvent","floor":31,"gold_loss":0}],"is_beta":false,"boss_relics":[{"not_picked":["Runic Pyramid","Snecko Eye"],"picked":"Calling Bell"},{"not_picked":[]},{"not_picked":["PillsDrop","Nunchaku"],"picked":"Cursed Key"},{"not_picked":[]}],"items_purged_floors":[11,11,11,11,11,27,39,39,39,39,39,39,45,45],"is_endless":false,"potions_floor_spawned":[12,16,24,25,29,33,35,42,44],"killed_by":"Gensokyo:Doremy","ascension_level":20}}