{"host":"ffqn1azj9urswy62","time":1614088036,"event":{"mods":["BaseMod","Better Third Choice","Conspire","Googly Eyes","Hubris","Minty Spire (QoL Compilation)","Replay The Spire","StSLib","Wandering Minibosses","slay the spire mod where everything is the same but ironclad has a cowboy hat"],"gold_per_floor":[118,118,43,54,54,81,81,143,143,143,143,154,171,171,171,275,275,289,301,313,213,213,213,239,239,262,117,134,150,150,150,150,248,248,258,258,55,74,74,99,99,117,117,117,133,133,152,165,165,165,165,165,2,34,34],"floor_reached":56,"language":"ENG","playtime":5657,"items_purged":["Strike_G","Strike_G","Strike_G"],"score":1674,"play_id":"d2ddf1e8-b339-4416-bef4-8c140f70e80d","local_time":"20210223084716","is_ascension_mode":true,"campfire_choices":[{"data":"A Thousand Cuts","floor":7,"key":"SMITH"},{"data":"Survivor","floor":10,"key":"SMITH"},{"data":"Adrenaline","floor":15,"key":"SMITH"},{"data":"Burst","floor":23,"key":"SMITH"},{"data":"Metallicize","floor":25,"key":"SMITH"},{"data":"ReplayTheSpireMod:The Works","floor":32,"key":"SMITH"},{"floor":41,"key":"RECALL"},{"data":"Calculated Gamble","floor":44,"key":"SMITH"},{"data":"Defend_G","floor":49,"key":"PURGE"},{"data":"Storm of Steel","floor":52,"key":"SMITH"}],"circlet_count":0,"master_deck":["Strike_G","Defend_G","Survivor+1","Neutralize","Sneak Up","Finesse","A Thousand Cuts+1","Sucker Punch","Hidden Blade","ReplayReversal","Adrenaline+1","Masterful Stab","Burst+1","Backflip+1","Infinite Blades","Metallicize+1","Hidden Blade+1","ReplayTheSpireMod:The Works+1","Calculated Gamble+1","Tools of the Trade","ReplayTheSpireMod:The Works","Storm of Steel+1","hubris:Sniper+1","Panache"],"relics":["Ring of the Snake","NeowsBlessing","hubris:DisguiseKit","Singing Bowl","Chameleon Ring","Turnip","conspire:RunicOctahedron","Ring of Panic","Ring of Peace","Mirror","Replay:Wax Seal","Replay:Multitool","Replay:Drink Me","White Beast Statue","Replay:Bottled Snecko","wanderingMiniBosses:AbyssPearl","ReplayFunnel"],"acts_visited":["Exordium","TheCity","TheBeyond","TheEnding"],"potions_floor_usage":[16,16,18,20,33,48,48,48,50,55],"damage_taken":[{"damage":0,"enemies":"Small Slimes","floor":1,"turns":1},{"damage":0,"enemies":"Jaw Worm","floor":4,"turns":1},{"damage":0,"enemies":"Lagavulin","floor":6,"turns":1},{"damage":29,"enemies":"Gremlin Nob","floor":8,"turns":5},{"damage":5,"enemies":"2 Louse","floor":12,"turns":3},{"damage":4,"enemies":"conspire:2 RoseBushes","floor":13,"turns":4},{"damage":20,"enemies":"Fading Forest","floor":16,"turns":11},{"damage":0,"enemies":"Shell Parasite","floor":18,"turns":7},{"damage":7,"enemies":"conspire:FuzzyDice","floor":19,"turns":4},{"damage":4,"enemies":"Centurion and Healer","floor":20,"turns":4},{"damage":0,"enemies":"Gremlin Leader","floor":24,"turns":5},{"damage":0,"enemies":"Snecko","floor":28,"turns":3},{"damage":0,"enemies":"Snake Plant","floor":29,"turns":2},{"damage":0,"enemies":"Pondfish","floor":33,"turns":5},{"damage":0,"enemies":"Orb Walker","floor":35,"turns":1},{"damage":0,"enemies":"3 Darklings","floor":38,"turns":2},{"damage":0,"enemies":"Reptomancer","floor":40,"turns":1},{"damage":0,"enemies":"Sphere and 2 Shapes","floor":42,"turns":2},{"damage":0,"enemies":"Writhing Mass","floor":45,"turns":1},{"damage":0,"enemies":"3 Darklings","floor":47,"turns":2},{"damage":0,"enemies":"Transient","floor":48,"turns":4},{"damage":0,"enemies":"Awakened One","floor":50,"turns":2},{"damage":0,"enemies":"Shield and Spear","floor":54,"turns":1},{"damage":37,"enemies":"The Heart","floor":55,"turns":4}],"seed_played":"2932468694031144100","potions_obtained":[{"floor":1,"key":"Elixir"},{"floor":8,"key":"Weak Potion"},{"floor":12,"key":"Energy Potion"},{"floor":18,"key":"DistilledChaos"},{"floor":19,"key":"Milkshake"},{"floor":29,"key":"CunningPotion"},{"floor":35,"key":"ColorlessPotion"},{"floor":40,"key":"BlessingOfTheForge"},{"floor":45,"key":"Venom Potion"},{"floor":48,"key":"Swift Potion"},{"floor":54,"key":"Elixir"}],"is_trial":false,"path_per_floor":["M","?","$","M","T","E","R","?","T","R","?","M","M","T","R","B",null,"M","M","M","$","?","R","E","R","T","$","M","M","?","?","R","B",null,"M","?","$","M","$","E","R","M","T","R","M","$","M","M","R","B",null,"R","$","E","B",null],"character_chosen":"THE_SILENT","items_purchased":["ReplayTheSpireMod:The Works","Calculated Gamble","ReplayTheSpireMod:The Works","Panache"],"campfire_rested":0,"item_purchase_floors":[27,27,37,53],"current_hp_per_floor":[63,63,63,63,63,63,63,34,34,34,34,29,25,25,25,5,54,54,47,43,43,43,43,43,43,43,43,45,47,47,47,47,47,54,56,56,56,58,58,58,58,58,58,58,60,60,62,64,64,64,66,66,66,68,31],"gold":34,"neow_bonus":"THREE_ENEMY_KILL","is_daily":false,"chose_seed":false,"campfire_upgraded":8,"win_rate":0.0,"timestamp":1614088036,"path_taken":["M","?","?","M","?","E","R","?","T","R","?","?","M","?","R","BOSS","M","M","M","$","?","R","E","R","T","$","M","M","?","?","R","BOSS","M","?","$","M","?","E","R","M","T","R","M","$","M","M","R","BOSS","R","$","E","BOSS"],"items_purchased_type":["Card","Card","Card","Card"],"build_version":"2020-12-22","purchased_purges":3,"victory":true,"max_hp_per_floor":[70,70,70,70,70,70,70,70,70,70,70,70,70,70,70,70,70,70,70,70,70,70,70,70,70,70,70,72,74,74,74,74,74,56,58,58,58,60,60,60,60,60,60,60,62,62,64,66,66,66,66,66,66,68,68],"card_choices":[{"not_picked":["Underhanded Strike","Blade Dance"],"picked":"Sneak Up","floor":1},{"not_picked":["Deflect","Distraction"],"picked":"Sucker Punch","floor":4},{"not_picked":["Deadly Poison","Dagger Spray","Clothesline"],"picked":"Hidden Blade","floor":6},{"not_picked":["Blade Dance","Predator","Hidden Blade"],"picked":"ReplayReversal","floor":8},{"not_picked":["Hidden Blade","Underhanded Strike","Sword Boomerang"],"picked":"Adrenaline","floor":12},{"not_picked":["Terror","Backstab","Anger"],"picked":"Masterful Stab","floor":13},{"not_picked":["Die Die Die","Poison Darts","Exhume"],"picked":"Burst","floor":16},{"not_picked":["Blade Dance","Skewer","Havoc"],"picked":"Backflip+1","floor":18},{"not_picked":["Poisoned Stab+1","Sucker Punch","Perfected Strike"],"picked":"Infinite Blades","floor":19},{"not_picked":["Prepared","Bouncing Flask+1","Heel Hook+1"],"picked":"Metallicize","floor":20},{"not_picked":["Night Terror","Bullet Time","Searing Blow"],"picked":"Hidden Blade+1","floor":24},{"not_picked":["Heel Hook","Cloak And Dagger+1","Flechettes","hubris:CleavingFinish"],"picked":"Singing Bowl","floor":28},{"not_picked":["Reflex+1","Prepared","Backflip","True Grit"],"picked":"Singing Bowl","floor":29},{"not_picked":["Wraith Form v2","Corpse Explosion","Exhume"],"picked":"Tools of the Trade","floor":33},{"not_picked":["Underhanded Strike+1","Flying Knee+1","Dagger Throw+1","hubris:ReadiedAction"],"picked":"Singing Bowl","floor":35},{"not_picked":["Backflip+1","Hidden Blade+1","Underhanded Strike+1","hubris:ReadiedAction"],"picked":"Singing Bowl","floor":38},{"not_picked":["Outmaneuver","Sneak Up+1","Armaments"],"picked":"Storm of Steel","floor":40},{"not_picked":["Deadly Poison","Distraction","Sword Boomerang"],"picked":"hubris:Sniper+1","floor":42},{"not_picked":["Cloak And Dagger","Hidden Blade+1","Dagger Spray","Clash"],"picked":"Singing Bowl","floor":45},{"not_picked":["Infinite Blades+1","ReplayTheSpireMod:Necrosis","Blade Dance+1","Infernal Blade"],"picked":"Singing Bowl","floor":47},{"not_picked":["Outmaneuver","Poisoned Stab+1","Dagger Spray+1","Pommel Strike"],"picked":"Singing Bowl","floor":48},{"not_picked":["conspire:DoublingDagger+1","Outmaneuver","Prepared","True Grit"],"picked":"Singing Bowl","floor":54}],"player_experience":703662,"relics_obtained":[{"floor":5,"key":"hubris:DisguiseKit"},{"floor":6,"key":"Singing Bowl"},{"floor":8,"key":"Chameleon Ring"},{"floor":14,"key":"Turnip"},{"floor":22,"key":"Ring of Panic"},{"floor":22,"key":"Ring of Peace"},{"floor":24,"key":"Mirror"},{"floor":26,"key":"Replay:Wax Seal"},{"floor":40,"key":"White Beast Statue"},{"floor":43,"key":"Replay:Bottled Snecko"},{"floor":48,"key":"wanderingMiniBosses:AbyssPearl"},{"floor":54,"key":"ReplayFunnel"}],"event_choices":[{"damage_healed":0,"gold_gain":0,"player_choice":"2 cards matched","damage_taken":0,"max_hp_gain":0,"max_hp_loss":0,"event_name":"Match and Keep!","floor":2,"gold_loss":0,"cards_obtained":["Finesse","A Thousand Cuts"]},{"damage_healed":0,"gold_gain":0,"player_choice":"Searched \u00271\u0027 times","damage_taken":0,"max_hp_gain":0,"max_hp_loss":0,"event_name":"Dead Adventurer","floor":8,"gold_loss":0},{"cards_removed":["Defend_G"],"damage_healed":0,"gold_gain":0,"player_choice":"Forget","damage_taken":0,"max_hp_gain":0,"max_hp_loss":0,"event_name":"Living Wall","floor":11,"gold_loss":0},{"cards_removed":["Amnesia"],"damage_healed":0,"gold_gain":0,"player_choice":"Elegance","damage_taken":0,"max_hp_gain":0,"max_hp_loss":0,"event_name":"betterThird:BetterWriting","floor":31,"gold_loss":0},{"damage_healed":0,"gold_gain":0,"player_choice":"Bought 0 Potions","damage_taken":0,"max_hp_gain":0,"max_hp_loss":0,"event_name":"The Woman in Blue","floor":36,"gold_loss":0}],"is_beta":false,"boss_relics":[{"not_picked":["hubris:CrackedHourglass","hubris:VirtuousBlindfold"],"picked":"conspire:RunicOctahedron"},{"not_picked":["Busted Crown","hubris:GrandSneckoEye"],"picked":"Replay:Drink Me"}],"items_purged_floors":[3,21,37],"is_endless":false,"potions_floor_spawned":[1,8,12,18,19,29,35,40,42,45,47,48,54],"ascension_level":6}}