{"host":"2fgwwnzqc97k7iys","time":1614101175,"event":{"mods":["BaseMod","Colored Map","Minty Spire (QoL Compilation)","Quick Restart","Relic Stats"],"gold_per_floor":[112,112,112,122,136,136,165,165,165,165,180,215,230,242,242,342,342,352,352,277,297,64,91,91,104,104,132,132,146,165,8,8,109,109,122,135,152,18,18,18,38,38,38,38,52,70,70,80,80,80,80],"floor_reached":50,"language":"ENG","playtime":2987,"items_purged":["Strike_P","Defend_P"],"score":819,"play_id":"42c094dd-bedd-4d44-bf60-02d3685ff894","local_time":"20210223112615","is_ascension_mode":true,"campfire_choices":[{"data":"BowlingBash","floor":6.0,"key":"SMITH"},{"data":"MentalFortress","floor":8.0,"key":"SMITH"},{"data":"Consecrate","floor":10.0,"key":"SMITH"},{"data":"WaveOfTheHand","floor":15.0,"key":"SMITH"},{"data":"Omniscience","floor":28.0,"key":"SMITH"},{"floor":32.0,"key":"REST"},{"data":"Wish","floor":40,"key":"SMITH"},{"floor":42,"key":"RECALL"},{"data":"Adaptation","floor":49,"key":"SMITH"}],"circlet_count":0,"master_deck":["AscendersBane","Strike_P","Strike_P","Defend_P","Defend_P","Defend_P","Eruption+1","Vigilance","Consecrate+1","BowlingBash+1","CutThroughFate","MentalFortress+1","FearNoEvil","FearNoEvil","EmptyBody","WaveOfTheHand+1","Omniscience+1","Adaptation+1","Tantrum","FlurryOfBlows","EmptyFist","TalkToTheHand","Scrawl","DevaForm","Wish+1","MentalFortress+1","Wallop","Injury"],"relics":["PureWater","NeowsBlessing","Orichalcum","Akabeko","Cursed Key","Nloth\u0027s Gift","Orrery","Mummified Hand","Bottled Lightning","Vajra","VioletLotus"],"acts_visited":["Exordium","TheCity","TheBeyond"],"potions_floor_usage":[45],"damage_taken":[{"damage":0.0,"enemies":"Small Slimes","floor":1.0,"turns":1.0},{"damage":0.0,"enemies":"2 Louse","floor":4.0,"turns":1.0},{"damage":0.0,"enemies":"Cultist","floor":5.0,"turns":1.0},{"damage":15.0,"enemies":"3 Sentries","floor":7.0,"turns":5.0},{"damage":21.0,"enemies":"Large Slime","floor":11.0,"turns":5.0},{"damage":0.0,"enemies":"Gremlin Nob","floor":12.0,"turns":2.0},{"damage":0.0,"enemies":"Exordium Thugs","floor":13.0,"turns":2.0},{"damage":0.0,"enemies":"Blue Slaver","floor":14.0,"turns":3.0},{"damage":13.0,"enemies":"Slime Boss","floor":16.0,"turns":9.0},{"damage":11.0,"enemies":"2 Thieves","floor":18.0,"turns":3.0},{"damage":7.0,"enemies":"Shell Parasite","floor":21.0,"turns":4.0},{"damage":10.0,"enemies":"Slavers","floor":23.0,"turns":3.0},{"damage":6.0,"enemies":"Centurion and Healer","floor":25.0,"turns":4.0},{"damage":10.0,"enemies":"Gremlin Leader","floor":27.0,"turns":5.0},{"damage":10.0,"enemies":"Snake Plant","floor":29.0,"turns":4.0},{"damage":0.0,"enemies":"Sentry and Sphere","floor":30.0,"turns":4.0},{"damage":20.0,"enemies":"Automaton","floor":33.0,"turns":6.0},{"damage":12,"enemies":"3 Darklings","floor":35,"turns":5},{"damage":0,"enemies":"Orb Walker","floor":36,"turns":4},{"damage":7,"enemies":"Spire Growth","floor":37,"turns":4},{"damage":9,"enemies":"Maw","floor":41,"turns":6},{"damage":0,"enemies":"3 Darklings","floor":45,"turns":4},{"damage":0,"enemies":"Spire Growth","floor":46,"turns":2},{"damage":0,"enemies":"Jaw Worm Horde","floor":48,"turns":4},{"damage":41,"enemies":"Time Eater","floor":50,"turns":3}],"seed_played":"-8315830732375589098","potions_obtained":[{"floor":4.0,"key":"LiquidBronze"},{"floor":11.0,"key":"SkillPotion"},{"floor":13.0,"key":"Weak Potion"},{"floor":16.0,"key":"DistilledChaos"},{"floor":21.0,"key":"Fire Potion"},{"floor":23.0,"key":"Block Potion"},{"floor":25.0,"key":"GamblersBrew"},{"floor":27.0,"key":"Ancient Potion"},{"floor":29.0,"key":"BlessingOfTheForge"},{"floor":36,"key":"EssenceOfSteel"},{"floor":41,"key":"PowerPotion"}],"is_trial":false,"path_per_floor":["M","?","?","M","M","R","E","R","T","R","M","E","M","M","R","B",null,"M","?","$","M","$","E","T","M","T","E","R","M","M","$","R","B",null,"M","M","M","$","?","R","M","R","T","?","M","M","$","M","R","B"],"character_chosen":"WATCHER","items_purchased":["Adaptation","Orrery","Vajra","Wallop"],"campfire_rested":1,"item_purchase_floors":[22,22,31,38],"current_hp_per_floor":[65,58,58,58,58,58,43,43,43,43,22,22,22,22,22,9,56,45,45,45,38,38,28,28,22,22,12,12,2,2,2,23,3,55,43,43,36,36,36,36,27,27,27,27,27,27,27,27,27,0,0],"gold":80,"neow_bonus":"THREE_ENEMY_KILL","is_daily":false,"chose_seed":false,"campfire_upgraded":7,"win_rate":0.0,"timestamp":1614101175,"path_taken":["M","?","?","M","?","R","E","R","T","R","M","E","M","M","R","BOSS","M","?","$","M","?","E","?","M","T","E","R","M","M","$","R","BOSS","M","M","M","$","?","R","M","R","T","?","M","?","$","M","R","BOSS"],"items_purchased_type":["Card","Relic","Relic","Card"],"build_version":"2020-12-22","purchased_purges":2,"victory":false,"max_hp_per_floor":[72,72,72,72,72,72,72,72,72,72,72,72,72,72,72,72,72,72,72,72,72,72,72,72,72,72,72,72,72,72,72,72,72,72,72,72,72,72,68,68,68,68,68,68,68,68,68,68,68,68,68],"relic_stats":{"counters":[25,94],"Mummified Hand":[54],"VioletLotus":[12],"Nloth\u0027s Gift":6,"Orichalcum":[60],"Cursed Key":1,"obtain_stats":[{"NeowsBlessing":0,"Mummified Hand":23,"Orrery":22,"Vajra":31,"VioletLotus":34,"Nloth\u0027s Gift":19,"Bottled Lightning":27,"PureWater":0,"Orichalcum":7,"Cursed Key":17,"InkBottle":9,"Akabeko":12},{"NeowsBlessing":0,"Mummified Hand":12,"Orrery":11,"Vajra":16,"VioletLotus":17,"Nloth\u0027s Gift":10,"Bottled Lightning":14,"PureWater":0,"Orichalcum":4,"Cursed Key":9,"InkBottle":4,"Akabeko":6},{"NeowsBlessing":0,"Mummified Hand":39,"Orrery":36,"Vajra":56,"VioletLotus":62,"Nloth\u0027s Gift":32,"Bottled Lightning":48,"PureWater":0,"Orichalcum":8,"Cursed Key":29,"InkBottle":8,"Akabeko":15}]},"card_choices":[{"not_picked":["FlyingSleeves","EmptyBody"],"picked":"Consecrate","floor":1.0},{"not_picked":["EmptyMind","Wireheading"],"picked":"BowlingBash","floor":4.0},{"not_picked":["SandsOfTime","Evaluate"],"picked":"CutThroughFate","floor":5.0},{"not_picked":["CarveReality","SpiritShield"],"picked":"MentalFortress","floor":7.0},{"not_picked":["WheelKick","EmptyBody"],"picked":"FearNoEvil","floor":11.0},{"not_picked":["Perseverance","CutThroughFate"],"picked":"FearNoEvil","floor":12.0},{"not_picked":["Halt","Evaluate"],"picked":"EmptyBody","floor":13.0},{"not_picked":["WheelKick","LikeWater"],"picked":"WaveOfTheHand","floor":14.0},{"not_picked":["DevaForm","SpiritShield"],"picked":"Omniscience","floor":16.0},{"not_picked":["Halt","BowlingBash+1","Indignation"],"picked":"SKIP","floor":18.0},{"not_picked":["CutThroughFate","MasterReality","BowlingBash"],"picked":"SKIP","floor":21.0},{"not_picked":["WreathOfFlame","Prostrate"],"picked":"Tantrum","floor":22.0},{"not_picked":["ClearTheMind","WreathOfFlame"],"picked":"FlurryOfBlows","floor":22.0},{"not_picked":["Crescendo","BattleHymn+1"],"picked":"EmptyFist","floor":22.0},{"not_picked":["Prostrate","ThirdEye+1"],"picked":"TalkToTheHand","floor":22.0},{"not_picked":["CutThroughFate","Ragnarok"],"picked":"Scrawl","floor":23.0},{"not_picked":["Evaluate","EmptyFist","ThirdEye"],"picked":"SKIP","floor":25.0},{"not_picked":["Adaptation","JustLucky"],"picked":"DevaForm","floor":27.0},{"not_picked":["BowlingBash","ForeignInfluence+1","SashWhip+1"],"picked":"SKIP","floor":29.0},{"not_picked":["Weave","Nirvana+1","ConjureBlade"],"picked":"SKIP","floor":30.0},{"not_picked":["DeusExMachina","MasterReality"],"picked":"Wish","floor":33.0},{"not_picked":["ThirdEye","FollowUp+1"],"picked":"MentalFortress+1","floor":35},{"not_picked":["TalkToTheHand+1","EmptyFist+1","PathToVictory"],"picked":"SKIP","floor":36},{"not_picked":["LikeWater","Establishment","EmptyFist"],"picked":"SKIP","floor":37},{"not_picked":["Conclude","BowlingBash","FearNoEvil"],"picked":"SKIP","floor":41},{"not_picked":["Halt+1","ClearTheMind+1","JustLucky+1"],"picked":"SKIP","floor":45},{"not_picked":["Prostrate+1","JustLucky+1","ThirdEye"],"picked":"SKIP","floor":46},{"not_picked":["BowlingBash+1","EmptyBody","DeusExMachina"],"picked":"SKIP","floor":48}],"player_experience":643812,"relics_obtained":[{"floor":7.0,"key":"Orichalcum"},{"floor":9.0,"key":"InkBottle"},{"floor":12.0,"key":"Akabeko"},{"floor":23.0,"key":"Mummified Hand"},{"floor":27.0,"key":"Bottled Lightning"}],"event_choices":[{"cards_removed":["Strike_P"],"damage_healed":0.0,"max_hp_gain":0.0,"max_hp_loss":0.0,"gold_gain":0.0,"event_name":"Golden Wing","player_choice":"Card Removal","floor":2.0,"gold_loss":0.0,"damage_taken":7.0},{"damage_healed":0.0,"max_hp_gain":0.0,"max_hp_loss":0.0,"gold_gain":0.0,"event_name":"Upgrade Shrine","player_choice":"Upgraded","floor":3.0,"gold_loss":0.0,"damage_taken":0.0,"cards_upgraded":["Eruption"]},{"damage_healed":0.0,"max_hp_gain":0.0,"max_hp_loss":0.0,"gold_gain":0.0,"event_name":"N\u0027loth","player_choice":"Traded Relic","floor":19.0,"relics_lost":["InkBottle"],"gold_loss":0.0,"damage_taken":0.0,"relics_obtained":["Nloth\u0027s Gift"]},{"damage_healed":0,"gold_gain":0,"player_choice":"Max HP","damage_taken":0,"max_hp_gain":0,"max_hp_loss":4,"event_name":"Winding Halls","floor":39,"gold_loss":0},{"damage_healed":0,"gold_gain":0,"player_choice":"Ignored","damage_taken":0,"max_hp_gain":0,"max_hp_loss":0,"event_name":"SecretPortal","floor":44,"gold_loss":0}],"is_beta":false,"boss_relics":[{"not_picked":["Ectoplasm","SlaversCollar"],"picked":"Cursed Key"},{"not_picked":["Velvet Choker","Philosopher\u0027s Stone"],"picked":"VioletLotus"}],"items_purged_floors":[20,38],"is_endless":false,"potions_floor_spawned":[4,11,13,16,21,23,25,27,29,36,37,41],"killed_by":"Time Eater","ascension_level":10}}