{"host":"luxqpzmfgmumo25y","time":1614038903,"event":{"mods":["BaseMod","Colored Map","Colored Powertips","DeckTracker","Downfall","Googly Eyes","Minty Spire (QoL Compilation)","StSLib"],"gold_per_floor":[115,55,68,86,19,19,53,70,96,108,33,49,49,59,59,159,159,148,73,73,24,40,40,53,53,53,73,73,73,89,102,102,202,202,221,221,221],"floor_reached":36,"language":"ENG","playtime":2696,"items_purged":["Defend_P"],"score":368,"play_id":"502fe17e-93af-47d5-b6c9-bd25896b5cd5","local_time":"20210223010823","is_ascension_mode":false,"campfire_choices":[{"floor":6,"key":"REST"},{"floor":15,"key":"REST"},{"data":"ClearTheMind","floor":23,"key":"SMITH"},{"floor":25,"key":"REST"},{"data":"LikeWater","floor":29,"key":"SMITH"},{"floor":32,"key":"REST"}],"circlet_count":0,"master_deck":["Strike_P","Strike_P","Strike_P","Strike_P","Defend_P","Defend_P","Defend_P","Eruption","Vigilance","Perseverance","EmptyBody","WindmillStrike","Perseverance","ClearTheMind+1","Adaptation","MentalFortress","Judgement","FlyingSleeves+1","LikeWater+1","LikeWater","Prostrate"],"relics":["HolyWater","Omamori","Nunchaku","Happy Flower","Busted Crown","Anchor","downfall:ExtraCursedKey"],"acts_visited":["Exordium","TheCity","TheBeyond"],"potions_floor_usage":[8,14,16,18,22,33,33,33],"damage_taken":[{"damage":10,"enemies":"Jaw Worm","floor":1,"turns":4},{"damage":0,"enemies":"Cultist","floor":3,"turns":3},{"damage":0,"enemies":"2 Louse","floor":4,"turns":3},{"damage":33,"enemies":"3 Sentries","floor":7,"turns":9},{"damage":20,"enemies":"Exordium Thugs","floor":8,"turns":5},{"damage":0,"enemies":"Looter","floor":10,"turns":3},{"damage":11,"enemies":"Large Slime","floor":12,"turns":6},{"damage":1,"enemies":"3 Louse","floor":14,"turns":5},{"damage":1,"enemies":"The Guardian","floor":16,"turns":14},{"damage":18,"enemies":"2 Thieves","floor":18,"turns":4},{"damage":7,"enemies":"Shell Parasite","floor":22,"turns":5},{"damage":13,"enemies":"Centurion and Healer","floor":24,"turns":7},{"damage":0,"enemies":"Snecko","floor":27,"turns":5},{"damage":16,"enemies":"Snake Plant","floor":30,"turns":7},{"damage":10,"enemies":"Sentry and Sphere","floor":31,"turns":7},{"damage":6,"enemies":"Champ","floor":33,"turns":12},{"damage":4,"enemies":"3 Darklings","floor":35,"turns":7},{"damage":103,"enemies":"2 Orb Walkers","floor":36,"turns":5}],"seed_played":"-2416179313899013741","potions_obtained":[{"floor":3,"key":"SteroidPotion"},{"floor":4,"key":"Swift Potion"},{"floor":7,"key":"PowerPotion"},{"floor":14,"key":"DuplicationPotion"},{"floor":18,"key":"Guardian:BlockOnCardUsePotion"},{"floor":22,"key":"CultistPotion"},{"floor":31,"key":"StancePotion"}],"is_trial":false,"path_per_floor":["M","?","M","M","$","R","E","M","T","M","$","M","?","M","R","B",null,"M","$","?","$","M","R","M","R","T","M","?","R","M","M","R","B",null,"M","?"],"character_chosen":"WATCHER","items_purchased":["Perseverance","LikeWater","PowerPotion"],"campfire_rested":4,"item_purchase_floors":[5,19,21],"current_hp_per_floor":[55,55,55,55,55,80,47,27,27,27,27,16,16,15,40,39,86,68,68,68,68,61,61,48,73,73,73,73,73,57,47,72,66,86,82,0,0],"gold":221,"neow_bonus":"TWENTY_PERCENT_HP_BONUS","is_daily":false,"chose_seed":false,"campfire_upgraded":2,"win_rate":0.0,"timestamp":1614038903,"path_taken":["M","?","?","M","$","R","E","M","T","M","$","?","?","M","R","BOSS","M","$","?","$","M","R","?","R","T","M","?","R","M","M","R","BOSS","M","?"],"items_purchased_type":["Card","Card","Potion"],"build_version":"2020-12-22","purchased_purges":1,"victory":false,"max_hp_per_floor":[86,86,86,86,86,86,86,86,86,86,86,86,86,86,86,86,86,86,86,86,86,86,86,86,86,86,86,86,86,86,86,86,86,86,86,86,86],"card_choices":[{"not_picked":["Protect","JustLucky"],"picked":"Perseverance","floor":1},{"not_picked":["InnerPeace","Fasting2"],"picked":"EmptyBody","floor":3},{"not_picked":["FlurryOfBlows","BowlingBash"],"picked":"WindmillStrike","floor":4},{"not_picked":["Protect","EmptyBody"],"picked":"ClearTheMind","floor":7},{"not_picked":["Sanctity","SashWhip","CutThroughFate"],"picked":"SKIP","floor":8},{"not_picked":["EmptyBody","Protect"],"picked":"Adaptation","floor":10},{"not_picked":["Collect","Evaluate","PathToVictory"],"picked":"SKIP","floor":12},{"not_picked":["Evaluate","ClearTheMind"],"picked":"MentalFortress","floor":14},{"not_picked":["Scrawl","Omniscience"],"picked":"Judgement","floor":16},{"not_picked":[],"picked":"FlyingSleeves+1","floor":18},{"not_picked":[],"picked":"LikeWater","floor":22},{"not_picked":["Evaluate"],"picked":"SKIP","floor":24},{"not_picked":["Perseverance"],"picked":"SKIP","floor":27},{"not_picked":["ClearTheMind"],"picked":"SKIP","floor":30},{"not_picked":["Evaluate"],"picked":"SKIP","floor":31},{"not_picked":[],"picked":"Prostrate","floor":35}],"player_experience":226667,"relics_obtained":[{"floor":7,"key":"Nunchaku"},{"floor":9,"key":"Happy Flower"},{"floor":26,"key":"Anchor"}],"event_choices":[{"damage_healed":0,"gold_gain":0,"player_choice":"Paid Gold","damage_taken":0,"relics_obtained":["Omamori"],"max_hp_gain":0,"max_hp_loss":0,"event_name":"WeMeetAgain","floor":2,"gold_loss":60},{"damage_healed":0,"gold_gain":0,"player_choice":"Ignored","damage_taken":0,"max_hp_gain":0,"max_hp_loss":0,"event_name":"Shining Light","floor":13,"gold_loss":0},{"damage_healed":0,"gold_gain":0,"player_choice":"Bought 0 Potions","damage_taken":0,"max_hp_gain":0,"max_hp_loss":0,"event_name":"The Woman in Blue","floor":20,"gold_loss":0},{"damage_healed":0,"gold_gain":0,"player_choice":"Fight","damage_taken":0,"max_hp_gain":0,"max_hp_loss":0,"event_name":"Mysterious Sphere","floor":36,"gold_loss":0}],"is_beta":false,"boss_relics":[{"not_picked":["Velvet Choker","Coffee Dripper"],"picked":"Busted Crown"},{"not_picked":["Calling Bell","bronze:MakeshiftBattery"],"picked":"HolyWater"}],"items_purged_floors":[11],"is_endless":false,"potions_floor_spawned":[3,4,7,14,18,22,31],"killed_by":"2 Orb Walkers","ascension_level":0}}