{"host":"rm0ctv8qd8mnbkg1","time":1614095688,"event":{"mods":["Act Like it!","Aspiration","BaseMod","Beaked The Cultist","BetterRewards","Colored Map","DNKmod","Dark Map","Defuse TimeMaze Blight","Friendly Minions","Gensokyo","Hubris","Marisa????????","Minty Spire (QoL Compilation)","MostiFishMod","Permanent Neow","Rare Cards Sparkle","Relic Sorter","Reliquary","Replay The Spire","Ruina","RumiaBox-????????","Shade Mod","Shop Mod","Spicy Shops","Spire Arcade","StSLib","The Animator","The Construct","The Servant 0.9.4","TheVacant","Wandering Minibosses","??????REMEMod"],"gold_per_floor":[10011,8924,8924,8935,7884,7884,7884,7884,7884,7884,8059,8090,8090,8101,8101,8200,8200,8213,8230,8230,8989,7907,8235,8235,8235,8235,8235,8252,7527,7527,7527,7527,7631,7631,7642,7661,7584,7584,7494,7526,7537,7537,7537,7537,7016,7042,7061,7090,7090,7090],"floor_reached":51,"language":"ENG","playtime":1390,"items_purged":[],"score":997,"play_id":"1ec5fc89-a61e-4242-a9f3-5352e4948540","local_time":"20210223155448","is_ascension_mode":false,"campfire_choices":[{"data":"ReplayUltimateDefense","floor":6,"key":"SMITH"},{"data":"MostiFishMod:GatherIntelligence","floor":8,"key":"SMITH"},{"data":"MostiFishMod:SeaWaves","floor":15,"key":"SMITH"},{"data":"Prostrate","floor":25,"key":"SMITH"},{"data":"Zap","floor":27,"key":"SMITH"},{"floor":32,"key":"REST"},{"data":"Mirror Shield","floor":44,"key":"SMITH"},{"data":"Capacitor","floor":49,"key":"SMITH"}],"circlet_count":0,"master_deck":["Strike_B","Strike_B+1","Strike_B+1","Strike_B","Defend_B+1","Defend_B+1","Defend_B","Defend_B","Zap+1","Dualcast+1","MostiFishMod:SeaWaves+1","MostiFishMod:GatherIntelligence+1","ReplayUltimateDefense+1","Dark Shackles","Beam Cell","Crystallizer","Outmaneuver+1","Flying Knee","Core Surge+1","Injury","Doubt","Die Die Die+1","Doom and Gloom+1","Machine Learning+1","Consecrate+1","Doubt","Prostrate+1","ruina:CobaltScar+1","Tantrum+1","REME_Repentance+1","ruina:Mimicry+1","Mirror Shield+1","BasicCrystalCard+1","Capacitor+1","animator:Curse_GriefSeed","Gensokyo:CustomPotion","Prostrate","MostiFishMod:StarHerder"],"relics":["Cracked Core","REME_ComplimentaryCards","DaveBox","BirthdayGift-Tetrahedron","aspiration:Nostalgia","Replay:M_StaffOfTheSnake","War Paint","Frozen Eye","Bag of Marbles","Carrot","Sling","Whetstone","Blue Candle","reliquary:TatteredRug","Molten Egg 2","Blood Vial","Replay:Grab Bag","reliquary:RustamsPendant","aspiration:WatcherSkillbook","aspiration:Stellarator","reliquary:RoseTintedGlasses","wanderingMiniBosses:MasterThiefsPresence","Replay:Wax Seal","hubris:EmptyBottle","reliquary:Sod","hubris:Zylophone","Old Coin","aspiration:HummingbirdHeart","reliquary:ShortFuse","Runic Capacitor","Anchor","RhineSuit","DataDisk","ReplayTheSpireMod:CursedCoin","GodSword3","hubris:Potato","Dodecahedron","Raider\u0027s Mask","DianDianMeat","reliquary:PrincelyHelmet"],"acts_visited":["Exordium","Exordium","ruina:Briah"],"potions_floor_usage":[21,45,45,46,50,50,50,50],"damage_taken":[{"damage":1,"enemies":"2 Louse","floor":1,"turns":1},{"damage":1,"enemies":"Jaw Worm","floor":4,"turns":1},{"damage":4,"enemies":"3 Sentries","floor":12,"turns":2},{"damage":1,"enemies":"Small Slimes","floor":14,"turns":1},{"damage":6,"enemies":"Hexaghost","floor":16,"turns":3},{"damage":3,"enemies":"ruina:2_Scarecrows","floor":18,"turns":2},{"damage":3,"enemies":"ruina:Nosferatu","floor":19,"turns":1},{"damage":9,"enemies":"ruina:KnightOfDespair","floor":21,"turns":4},{"damage":8,"enemies":"ruina:Mountain","floor":23,"turns":3},{"damage":0,"enemies":"ruina:QueenOfHate","floor":28,"turns":1},{"damage":5,"enemies":"ruina:Ozma","floor":33,"turns":3},{"damage":1,"enemies":"Gensokyo:3_Bats","floor":35,"turns":1},{"damage":0,"enemies":"Gensokyo:3_Boulders","floor":36,"turns":1},{"damage":3,"enemies":"Gensokyo:Doremy","floor":40,"turns":2},{"damage":0,"enemies":"Gensokyo:AtlasGolem","floor":41,"turns":1},{"damage":0,"enemies":"Gensokyo:Marisa","floor":46,"turns":1},{"damage":1,"enemies":"Gensokyo:Rafflesia","floor":47,"turns":2},{"damage":1,"enemies":"Gensokyo:Kasen","floor":48,"turns":2},{"damage":3,"enemies":"Gensokyo:Shinki","floor":50,"turns":4}],"seed_played":"-5286398877827830448","potions_obtained":[{"floor":4,"key":"EssenceOfDarkness"},{"floor":18,"key":"Strength Potion"},{"floor":21,"key":"Weak Potion"},{"floor":33,"key":"Dexterity Potion"},{"floor":36,"key":"BlessingOfTheForge"},{"floor":47,"key":"EntropicBrew"}],"is_trial":false,"path_per_floor":["M","$","?","M","$","R","?","R","T","?","?","E","?","M","R","B",null,"M","M","?","M","$","E","?","R","T","R","M","$","?","?","R","B",null,"M","M","$","?","?","E","M","?","T","R","$","E","M","E","R","B",null],"character_chosen":"DEFECT","items_purchased":["ReplayUltimateDefense","War Paint","Frozen Eye","Bag of Marbles","Dark Shackles","Carrot","Crystallizer","Sling","Whetstone","Blue Candle","Outmaneuver","Flying Knee","Core Surge","Replay:Wax Seal","ruina:CobaltScar","Tantrum+1","hubris:EmptyBottle","reliquary:Sod","hubris:Zylophone","reliquary:ShortFuse","Runic Capacitor","Anchor","ruina:Mimicry+1","DataDisk","Capacitor","ReplayTheSpireMod:CursedCoin","Prostrate","Dodecahedron","Raider\u0027s Mask","Fruit Juice"],"campfire_rested":1,"item_purchase_floors":[2,2,2,2,2,5,5,5,5,5,5,5,5,22,22,22,22,22,22,29,29,29,29,37,37,37,45,45,45,45],"current_hp_per_floor":[999,999,999,998,998,998,998,998,998,998,998,994,1000,999,999,994,1000,997,996,996,989,989,983,983,983,983,983,985,985,993,691,993,1008,1008,1007,1008,1008,1008,1008,1008,1008,1008,1008,1008,1018,1019,1018,1018,1018,1018],"gold":7090,"neow_bonus":"NOSTALGIA","is_daily":false,"chose_seed":false,"campfire_upgraded":7,"win_rate":0.0,"timestamp":1614095688,"path_taken":["M","$","?","M","$","R","?","R","T","?","?","E","?","M","R","BOSS","M","M","?","M","$","E","?","R","T","R","M","$","?","?","R","BOSS","M","M","$","?","?","E","M","?","T","R","$","E","M","E","R","BOSS"],"items_purchased_type":["Card","Relic","Relic","Relic","Card","Relic","Card","Relic","Relic","Relic","Card","Card","Card","Relic","Card","Card","Relic","Relic","Relic","Relic","Relic","Relic","Card","Relic","Card","Relic","Card","Relic","Relic","Potion"],"build_version":"2020-12-22","purchased_purges":0,"victory":true,"max_hp_per_floor":[1000,1000,1000,1000,1000,1000,1000,1000,1000,1000,1000,1000,1000,1000,1000,1000,1000,1000,1000,1000,1000,1000,1000,1000,1000,1000,1000,1000,1000,1008,1008,1008,1008,1008,1008,1008,1008,1008,1008,1008,1008,1008,1008,1008,1018,1019,1019,1019,1019,1019],"card_choices":[{"not_picked":["Ball Lightning","Leap"],"picked":"MostiFishMod:GatherIntelligence","floor":1},{"not_picked":["Outmaneuver","Compile Driver"],"picked":"Beam Cell","floor":4},{"not_picked":["Stack","Rebound+1"],"picked":"Die Die Die+1","floor":12},{"not_picked":["SashWhip+1","Coolheaded"],"picked":"Doom and Gloom+1","floor":14},{"not_picked":["MostiFishMod:Culaccino","MostiFishMod:StarOceanB"],"picked":"Machine Learning","floor":16},{"not_picked":["Panic Button","ClearTheMind","Reinforced Body+1"],"picked":"Consecrate+1","floor":18},{"not_picked":["Evaluate","Gash+1","Rebound+1","Steam"],"picked":"SKIP","floor":19},{"not_picked":["Rip and Tear+1","CrushJoints+1","Core Surge+1"],"picked":"Prostrate","floor":21},{"not_picked":["Undo","Panic Button+1","Barrage+1"],"picked":"REME_Repentance+1","floor":23},{"not_picked":["ReplayTheSpireMod:Reroute Power","Scrape+1","Replay:ManipulateFuture","Replay:DivineShield+1"],"picked":"SKIP","floor":28},{"not_picked":["MostiFishMod:KamiSmash+1","REME_CRH","Fission"],"picked":"Mirror Shield","floor":33},{"not_picked":["Protect","Sweeping Beam+1","InnerPeace+1"],"picked":"BasicCrystalCard+1","floor":35},{"not_picked":["PathToVictory+1","EmptyMind+1","Barrage+1","BasicCrystalCard+1"],"picked":"SKIP","floor":36},{"not_picked":["Gash+1","SpiritShield","Compile Driver+1","Turbo+1"],"picked":"SKIP","floor":40},{"not_picked":["Crystallizer+1","MostiFishMod:PushDownKick+1","Sweeping Beam+1","Evaluate"],"picked":"SKIP","floor":41},{"not_picked":["EmptyFist+1","BowlingBash+1","Leap"],"picked":"MostiFishMod:StarHerder","floor":46},{"not_picked":["DeceiveReality","Streamline+1","Auto Shields","Consecrate+1"],"picked":"SKIP","floor":47},{"not_picked":["Halt","Coolheaded+1","JustLucky+1","LikeWater"],"picked":"SKIP","floor":48}],"player_experience":286362,"relics_obtained":[{"floor":9,"key":"reliquary:TatteredRug"},{"floor":12,"key":"Blood Vial"},{"floor":21,"key":"wanderingMiniBosses:MasterThiefsPresence"},{"floor":23,"key":"Old Coin"},{"floor":26,"key":"aspiration:HummingbirdHeart"},{"floor":40,"key":"GodSword3"},{"floor":43,"key":"hubris:Potato"},{"floor":46,"key":"DianDianMeat"},{"floor":48,"key":"reliquary:PrincelyHelmet"}],"event_choices":[{"damage_healed":0,"gold_gain":0,"player_choice":"Ignored","damage_taken":0,"max_hp_gain":0,"max_hp_loss":0,"event_name":"Golden Wing","floor":3,"gold_loss":0},{"damage_healed":0,"gold_gain":175,"player_choice":"AGREE","damage_taken":0,"max_hp_gain":0,"max_hp_loss":0,"event_name":"Liars Game","floor":11,"gold_loss":0,"cards_obtained":["Doubt"]}],"is_beta":false,"boss_relics":[{"not_picked":["Replay:Drink Me","reliquary:RedPaperclip"],"picked":"Replay:Grab Bag"},{"not_picked":["Philosopher\u0027s Stone","ReplayTheSpireMod:DimensionalGlitch"],"picked":"reliquary:RustamsPendant"},{"not_picked":["EasyGame_NEW","Nuclear Battery"],"picked":"aspiration:WatcherSkillbook"},{"not_picked":["Snecko Heart","BloodWine"],"picked":"aspiration:Stellarator"},{"not_picked":["Painkiller Herb","OneHitWonderSystem"],"picked":"RhineSuit"}],"items_purged_floors":[],"is_endless":false,"potions_floor_spawned":[4,18,21,33,36,46,47],"ascension_level":0}}