{"host":"c1oza4x7xlyuasvd","time":1614079884,"event":{"mods":["ATMod(∞¢Ë™Mod)","Act Like it!","BaseMod","Better Vampires","Colored Powertips","Gensokyo","Marisa£®ÏF”Í°°ƒß¿Ì…≥£©","Minty Spire (QoL Compilation)","MostiFishMod","Reimu£®≤©¿ˆ¡È√Œ£©","StSLib","TestMod","The Animator","Waifu the Spire","Youmu£®ªÍ∆«—˝√Œ£©"],"gold_per_floor":[109,109,127,127,127,127,451,468,468,499,499,499,524,296,296,368,368,380,86,155,155,155,155,205,244,292,292,292],"floor_reached":27,"language":"ZHS","playtime":2972,"items_purged":["Strike_G"],"score":657,"play_id":"6d50304a-69d2-4818-83ae-f018ead96250","local_time":"20210223193124","is_ascension_mode":true,"campfire_choices":[{"data":"MostiFishMod:SephirahHod","floor":6,"key":"SMITH"},{"floor":11,"key":"RECALL"},{"data":"Prepared","floor":15,"key":"SMITH"},{"data":"MostiFishMod:Opportunism","floor":23,"key":"SMITH"}],"circlet_count":0,"master_deck":["AscendersBane","Strike_G","Strike_G","Strike_G","Defend_G","Defend_G","Defend_G","Survivor","MostiFishMod:SephirahHod+1","Prepared+1","Reflex","AT_FocusSwordFire","MostiFishMod:Opportunism+1","AT_KneejerkReflex","AT_WindRun+1","Backflip"],"relics":["Ring of the Snake","testmod-TestBox","AT_ATBox","DaveBox","testmod-StringDisintegrator","MostiFishMod:Hod","NeowsBlessing","SynthV:TestCard","Gensokyo:OccultBall","Gensokyo:Mercy","Eternal Feather","Happy Flower","testmod-Hope","SynthV:C4","testmod-PortableAltar","AT_MibuBalloonWealth","testmod-Register","Gensokyo:DayTheSeaSplit","testmod-AssaultLearning","Anchor"],"acts_visited":["Exordium","Gensokyo:Gensokyo"],"potions_floor_usage":[24],"damage_taken":[{"damage":0,"enemies":"Gensokyo:Gryphon","floor":1,"turns":1},{"damage":0,"enemies":"Gensokyo:Python","floor":3,"turns":1},{"damage":23,"enemies":"Gensokyo:Mamizou","floor":7,"turns":1},{"damage":0,"enemies":"Gensokyo:3_Fairies","floor":8,"turns":3},{"damage":0,"enemies":"Gensokyo:Aya","floor":10,"turns":5},{"damage":0,"enemies":"Gensokyo:Cirno","floor":13,"turns":5},{"damage":0,"enemies":"Gensokyo:Kokoro","floor":16,"turns":10},{"damage":6,"enemies":"Gensokyo:Chomper","floor":18,"turns":2},{"damage":6,"enemies":"Gensokyo:2_Gloops","floor":20,"turns":2},{"damage":27,"enemies":"Gensokyo:Koishi","floor":24,"turns":5},{"damage":13,"enemies":"Gensokyo:Wraith","floor":25,"turns":4},{"damage":24,"enemies":"Gensokyo:Reisen","floor":27,"turns":2}],"seed_played":"-463486139688626145","potions_obtained":[{"floor":7,"key":"BlessingOfTheForge"},{"floor":13,"key":"Block Potion"},{"floor":25,"key":"Energy Potion"}],"is_trial":false,"path_per_floor":["M","?","M","?","?","R","E","M","T","E","R","?","E","$","R","B",null,"M","$","M","?","?","R","E","M","T","E"],"character_chosen":"THE_SILENT","items_purchased":["SynthV:C4","AT_MibuBalloonWealth","testmod-Register"],"campfire_rested":0,"item_purchase_floors":[14,19,19],"current_hp_per_floor":[59,46,46,46,46,46,23,23,23,23,32,32,32,32,41,41,60,54,54,48,48,48,54,27,14,14,0,0],"gold":292,"neow_bonus":"THREE_ENEMY_KILL","is_daily":false,"chose_seed":false,"campfire_upgraded":3,"win_rate":0.0,"timestamp":1614079884,"path_taken":["M","?","M","?","?","R","E","M","T","E","R","?","E","?","R","BOSS","M","?","?","?","?","R","E","M","T","E"],"items_purchased_type":["Relic","Relic","Relic"],"build_version":"2020-12-22","purchased_purges":1,"victory":false,"max_hp_per_floor":[66,66,66,66,66,66,66,66,66,66,66,66,66,66,66,66,66,65,64,63,62,61,60,59,58,57,56,56],"card_choices":[{"not_picked":["Flying Knee","Masterful Stab","Outmaneuver"],"picked":"SKIP","floor":1},{"not_picked":["Backflip","Flying Knee","Skewer","Caltrops"],"picked":"Prepared","floor":3},{"not_picked":["AT_ThistleTea","Bane","Skewer","PiercingWail","AT_MyraUnstableElement"],"picked":"SKIP","floor":7},{"not_picked":["Acrobatics","AT_WomanClash","Cloak And Dagger","Blur"],"picked":"Reflex","floor":8},{"not_picked":["Noxious Fumes","AT_ShadowStep","Slice","Choke"],"picked":"AT_FocusSwordFire","floor":10},{"not_picked":["AT_ThistleTea","Eviscerate","Sucker Punch","Dagger Spray","Blade Dance"],"picked":"SKIP","floor":13},{"not_picked":["Grand Finale","Night Terror","Unload","MostiFishMod:AdrenalineArouse"],"picked":"MostiFishMod:Opportunism","floor":16},{"not_picked":["AT_WindFlip","Outmaneuver","Cloak And Dagger","Backflip"],"picked":"AT_KneejerkReflex","floor":18},{"not_picked":["Sucker Punch","Backflip+1","Quick Slash","Blade Dance","Poisoned Stab"],"picked":"SKIP","floor":20},{"not_picked":["Slice","AT_WindFlip","Quick Slash","Unload"],"picked":"AT_WindRun+1","floor":24},{"not_picked":["Blade Dance","Slice","Skewer","Poisoned Stab"],"picked":"Backflip","floor":25}],"player_experience":265022,"relics_obtained":[{"floor":1,"key":"SynthV:TestCard"},{"floor":7,"key":"Eternal Feather"},{"floor":10,"key":"AT_GoldPhoenixTree"},{"floor":13,"key":"testmod-Hope"},{"floor":16,"key":"Gensokyo:OccultBall"},{"floor":24,"key":"testmod-AssaultLearning"},{"floor":26,"key":"Anchor"}],"event_choices":[],"is_beta":false,"boss_relics":[{"not_picked":["Runic Pyramid","FeatherPendant"],"picked":"testmod-PortableAltar"}],"items_purged_floors":[14],"is_endless":false,"potions_floor_spawned":[7,13,18,20,25],"killed_by":"Gensokyo:Reisen","ascension_level":15}}