{"host":"3dgd3gfmqutz6web","time":1614048864,"event":{"mods":["Aspiration","BaseMod","BetterRewards","Downfall","Minty Spire (QoL Compilation)","Replay The Spire","Shop Mod","Spikes Relics","StSLib"],"gold_per_floor":[99,116,116,133,149,164,164,164,175,185,210,110,141,161,176,274,274,369,384,384,398,126,111,111,111,111,123,139,154,183,194,211,211,211,211],"floor_reached":33,"language":"ENG","playtime":2197,"items_purged":[],"score":310,"play_id":"b531b4a7-4418-452d-84b3-a5c74620218b","local_time":"20210222185424","is_ascension_mode":false,"campfire_choices":[{"data":"Guardian:CurlUp","floor":1,"key":"SMITH"},{"floor":8,"key":"RECALL"},{"floor":12,"key":"REST"},{"data":"Guardian:ChargeUp","floor":26,"key":"SMITH"}],"circlet_count":0,"master_deck":["Guardian:Strike_Guardian","Guardian:Strike_Guardian","Guardian:Strike_Guardian","Guardian:Defend_Guardian","Guardian:Defend_Guardian","Guardian:Defend_Guardian","Guardian:Defend_Guardian","Guardian:CurlUp+1","Guardian:TwinSlam","Guardian:ChargeUp+1","Guardian:FastForward","Guardian:PrimingBeam","Guardian:ChargeCore","Guardian:ChargeUp","Guardian:MultiBeam","Guardian:ChargeUp","Guardian:Preprogram","Guardian:SphericShield","Guardian:Recover","Guardian:TemporalStrike","Guardian:ConstructionForm","Guardian:RefractedBeam+1","Guardian:TimeCapacitor","Guardian:DonusPower","Guardian:ChargeUp","Guardian:WalkerClaw","Guardian:Clone","Guardian:ChargeCore","Guardian:FloatingOrbs","Guardian:Incinerate","Guardian:WalkerClaw"],"relics":["Guardian:ModeShifter","RoseTintedShades","Eternal Feather","downfall:HeartBlessingRed","Vajra","Ring of Chaos","Gremlin Horn","Anchor","CherryCoatedStake"],"acts_visited":["Exordium","TheCity"],"potions_floor_usage":[10,13,21],"damage_taken":[{"damage":0,"enemies":"2 Louse","floor":2,"turns":3},{"damage":0,"enemies":"Cultist","floor":4,"turns":4},{"damage":10,"enemies":"Small Slimes","floor":5,"turns":3},{"damage":11,"enemies":"Exordium Thugs","floor":6,"turns":6},{"damage":0,"enemies":"Large Slime","floor":9,"turns":4},{"damage":3,"enemies":"Red Slaver","floor":10,"turns":4},{"damage":11,"enemies":"Gremlin Nob","floor":11,"turns":5},{"damage":22,"enemies":"Replay:BlueRogue","floor":13,"turns":4},{"damage":0,"enemies":"downfall:LooterAlt","floor":14,"turns":3},{"damage":0,"enemies":"Blue Slaver","floor":15,"turns":5},{"damage":6,"enemies":"SI_SHIV_ARCHETYPE","floor":16,"turns":8},{"damage":8,"enemies":"3 Byrds","floor":19,"turns":5},{"damage":0,"enemies":"Spheric Guardian","floor":21,"turns":5},{"damage":0,"enemies":"downfall:FleeingMerchant","floor":22,"turns":4},{"damage":0,"enemies":"downfall:FleeingMerchant","floor":23,"turns":4},{"damage":5,"enemies":"Centurion and Healer","floor":27,"turns":6},{"damage":19,"enemies":"Cultist and Chosen","floor":28,"turns":5},{"damage":0,"enemies":"Snake Plant","floor":29,"turns":5},{"damage":9,"enemies":"Book of Stabbing","floor":30,"turns":6},{"damage":0,"enemies":"Snecko","floor":31,"turns":5},{"damage":10,"enemies":"Sentry and Sphere","floor":32,"turns":6},{"damage":57,"enemies":"DF_ARCHETYPE_CLAW","floor":33,"turns":8}],"seed_played":"5842584073426437625","potions_obtained":[{"floor":2,"key":"Block Potion"},{"floor":11,"key":"PowerPotion"},{"floor":13,"key":"SpeedPotion"},{"floor":15,"key":"SkillPotion"},{"floor":16,"key":"Languid Potion"},{"floor":27,"key":"Energy Potion"}],"is_trial":false,"path_per_floor":["R","M","?","M","M","M","T","R","M","M","E","R","E","M","M","B",null,"R","M","?","M","$","$","T","?","R","M","M","M","E","M","M","B"],"character_chosen":"GUARDIAN","items_purchased":["Gremlin Horn"],"campfire_rested":1,"item_purchase_floors":[22],"current_hp_per_floor":[88,88,88,88,78,67,67,67,67,64,53,88,66,66,66,60,88,88,80,80,80,80,80,80,80,88,83,64,64,55,55,48,0,0,0],"gold":211,"neow_bonus":"TEN_PERCENT_HP_BONUS","is_daily":false,"chose_seed":false,"campfire_upgraded":2,"win_rate":0.0,"timestamp":1614048864,"path_taken":["R","M","?","M","M","M","T","R","?","M","E","R","E","M","M","BOSS","R","M","?","M","?","$","T","?","R","?","M","M","E","M","M","BOSS"],"items_purchased_type":["Relic"],"build_version":"2020-12-22","purchased_purges":0,"victory":false,"max_hp_per_floor":[88,88,88,88,88,88,88,88,88,88,88,88,88,88,88,88,88,88,88,88,88,88,88,88,88,88,88,88,88,88,88,88,88,88,88],"card_choices":[{"not_picked":["Guardian:Preprogram","Guardian:Planning"],"picked":"Guardian:ChargeUp","floor":2},{"not_picked":["Guardian:RefractedBeam","Guardian:Incinerate"],"picked":"Guardian:PrimingBeam","floor":4},{"not_picked":["Guardian:Gem_Fragmented","Guardian:BronzeArmor"],"picked":"Guardian:ChargeCore","floor":5},{"not_picked":["Guardian:TemporalStrike","Guardian:SentryBeam"],"picked":"Guardian:ChargeUp","floor":6},{"not_picked":["Guardian:BronzeArmor","Guardian:ArmoredProtocol"],"picked":"Guardian:MultiBeam","floor":9},{"not_picked":["Guardian:PiercingHide","Guardian:Suspension"],"picked":"Guardian:ChargeUp","floor":10},{"not_picked":["Guardian:DonusPower","Guardian:Gem_Purple"],"picked":"Guardian:Preprogram","floor":11},{"not_picked":["Guardian:SpikerProtocol","Guardian:FloatingOrbs"],"picked":"Guardian:SphericShield","floor":13},{"not_picked":["Guardian:FloatingOrbs","Guardian:MultiBeam"],"picked":"Guardian:Recover","floor":14},{"not_picked":["Guardian:TemporalShield","Guardian:CrystalBeam"],"picked":"Guardian:TemporalStrike","floor":15},{"not_picked":["Guardian:TimeSifter","Guardian:StasisEngine"],"picked":"Guardian:ConstructionForm","floor":16},{"not_picked":["Guardian:FloatingOrbs+1","Guardian:TemporalShield"],"picked":"Guardian:Gem_Cyan","floor":19},{"not_picked":["Guardian:VentSteam","Guardian:TemporalStrike"],"picked":"Guardian:RefractedBeam+1","floor":21},{"not_picked":["Guardian:StasisStrike","Guardian:TimeBomb"],"picked":"Guardian:TimeCapacitor","floor":22},{"not_picked":["Guardian:Gem_Cyan","Guardian:Emergency"],"picked":"Guardian:DonusPower","floor":23},{"not_picked":["Guardian:Suspension","Guardian:ChargeCore"],"picked":"Guardian:WalkerClaw","floor":27},{"not_picked":["Guardian:TimeBomb+1","Guardian:Repulse+1"],"picked":"Guardian:Clone","floor":28},{"not_picked":["Guardian:PiercingHide","Guardian:Recover"],"picked":"Guardian:ChargeCore","floor":29},{"not_picked":["Guardian:Incinerate","Guardian:DonusPower"],"picked":"Guardian:FloatingOrbs","floor":30},{"not_picked":["Guardian:GuardianWhirl","Guardian:PrimingBeam"],"picked":"Guardian:Incinerate","floor":31},{"not_picked":["Guardian:RefractedBeam","Guardian:BronzeArmor"],"picked":"Guardian:WalkerClaw","floor":32}],"player_experience":249867,"relics_obtained":[{"floor":7,"key":"RoseTintedShades"},{"floor":11,"key":"Eternal Feather"},{"floor":13,"key":"Vajra"},{"floor":24,"key":"Anchor"},{"floor":30,"key":"CherryCoatedStake"}],"event_choices":[],"is_beta":false,"boss_relics":[{"not_picked":["Replay:Wanted Poster","Tiny House"],"picked":"Ring of Chaos"}],"items_purged_floors":[],"is_endless":false,"potions_floor_spawned":[2,11,13,15,16,27,28,29,31,32],"killed_by":"DF_ARCHETYPE_CLAW","ascension_level":0}}