{"host":"en4narc5947t7k9n","time":1614090718,"event":{"mods":["AchievementEnabler","BaseMod","Colored Map","Minty Spire (QoL Compilation)","SuperFastMode"],"gold_per_floor":[118,193,204,204,204,204,218,234,257,274,306,306,306,322,322,322,322],"floor_reached":16,"language":"KOR","playtime":648,"items_purged":[],"score":102,"play_id":"7b2046c8-6474-4469-a645-e17455af34ab","local_time":"20210223233158","is_ascension_mode":false,"campfire_choices":[{"data":"Seeing Red","floor":13,"key":"SMITH"},{"floor":15,"key":"RECALL"}],"circlet_count":0,"master_deck":["Strike_R","Strike_R","Strike_R","Strike_R","Defend_R","Defend_R","Defend_R","Defend_R","Bash","Cleave","Warcry+1","Clothesline+1","Bloodletting","Uppercut","Seeing Red+1","Brutality","Flex"],"relics":["Burning Blood","Omamori","Darkstone Periapt"],"acts_visited":["Exordium"],"potions_floor_usage":[10,11,16],"damage_taken":[{"damage":3,"enemies":"Cultist","floor":1,"turns":5},{"damage":6,"enemies":"Jaw Worm","floor":3,"turns":4},{"damage":3,"enemies":"2 Louse","floor":7,"turns":2},{"damage":15,"enemies":"Large Slime","floor":8,"turns":7},{"damage":7,"enemies":"2 Fungi Beasts","floor":10,"turns":3},{"damage":37,"enemies":"Gremlin Nob","floor":11,"turns":5},{"damage":18,"enemies":"Lots of Slimes","floor":14,"turns":3},{"damage":11,"enemies":"The Guardian","floor":16,"turns":3}],"seed_played":"2879467814544799072","potions_obtained":[{"floor":1,"key":"Regen Potion"},{"floor":7,"key":"SkillPotion"},{"floor":10,"key":"ElixirPotion"},{"floor":14,"key":"FearPotion"}],"is_trial":false,"path_per_floor":["M","?","M","?","?","?","M","M","T","M","E","?","R","M","R","B"],"character_chosen":"IRONCLAD","items_purchased":[],"campfire_rested":0,"item_purchase_floors":[],"current_hp_per_floor":[88,77,77,77,77,59,62,53,53,61,30,23,23,11,11,0,0],"gold":322,"neow_bonus":"TEN_PERCENT_HP_BONUS","is_daily":false,"chose_seed":false,"campfire_upgraded":1,"win_rate":0.0,"timestamp":1614090718,"path_taken":["M","?","M","?","?","?","M","M","T","M","E","?","R","M","R","BOSS"],"items_purchased_type":[],"build_version":"2020-12-22","purchased_purges":0,"victory":false,"max_hp_per_floor":[88,88,88,88,88,88,88,88,88,88,88,88,88,88,88,88,88],"card_choices":[{"not_picked":["Pummel","Rupture"],"picked":"Cleave","floor":1},{"not_picked":["Body Slam","Heavy Blade"],"picked":"Warcry","floor":3},{"not_picked":["Combust","Whirlwind"],"picked":"Bloodletting","floor":7},{"not_picked":["Headbutt","Cleave"],"picked":"Uppercut","floor":8},{"not_picked":["Blood for Blood","Thunderclap"],"picked":"Seeing Red","floor":10},{"not_picked":["True Grit","Warcry"],"picked":"Brutality","floor":11},{"not_picked":["Hemokinesis","Iron Wave"],"picked":"Flex","floor":14}],"player_experience":182801,"relics_obtained":[{"floor":11,"key":"Omamori"}],"event_choices":[{"damage_healed":0,"gold_gain":75,"player_choice":"Gather Gold","damage_taken":11,"max_hp_gain":0,"max_hp_loss":0,"event_name":"World of Goop","floor":2,"gold_loss":0},{"damage_healed":0,"gold_gain":0,"player_choice":"Ignored","damage_taken":0,"max_hp_gain":0,"max_hp_loss":0,"event_name":"Liars Game","floor":4,"gold_loss":0},{"damage_healed":0,"gold_gain":0,"cards_transformed":["Strike_R"],"player_choice":"Change","damage_taken":0,"max_hp_gain":0,"max_hp_loss":0,"event_name":"Living Wall","floor":5,"gold_loss":0,"cards_obtained":["Clothesline"]},{"damage_healed":0,"gold_gain":0,"player_choice":"Entered Light","damage_taken":18,"max_hp_gain":0,"max_hp_loss":0,"event_name":"Shining Light","floor":6,"gold_loss":0,"cards_upgraded":["Warcry","Clothesline"]},{"damage_healed":0,"gold_gain":0,"player_choice":"Success","damage_taken":7,"relics_obtained":["Darkstone Periapt"],"max_hp_gain":0,"max_hp_loss":0,"event_name":"Scrap Ooze","floor":12,"gold_loss":0}],"is_beta":false,"boss_relics":[],"items_purged_floors":[],"is_endless":false,"potions_floor_spawned":[1,7,10,14],"killed_by":"The Guardian","ascension_level":0}}