{"host":"5dk97cf2ubw2v967","time":1614069079,"event":{"mods":["AlwaysNeverKeys","BaseMod","Better Altar","Better Vampires","Block Reminder","Card Filter","Colored Powertips","Downfall","Googly Eyes","Highlight Path","Minty Spire (QoL Compilation)","Permanent Neow","Potion Indicator Mod","Quick Restart","Relic Filter","Relic Stats","Say the Spire","Spicy Shops","StSLib","Waifu the Spire","everything is the same but u backflip on backflip"],"gold_per_floor":[410,390,408,422,437,437,469,483,483,483,498,528,545,579,579,653,653,670,681,681,700,713,713,738,738,810,810,735,96,96,125,125,202,202,212,14,33,53,22,51,51,64,118,118,129,129,160,0,0,0,0],"floor_reached":50,"language":"ENG","playtime":2100,"items_purged":["Rage","Strike_R","Defend_R"],"score":1199,"play_id":"f19767a4-eeea-4601-98ea-aaad94d8b2b4","local_time":"20210223083119","is_ascension_mode":true,"campfire_choices":[{"data":"Inflame","floor":6,"key":"SMITH"},{"floor":10,"key":"REST"},{"floor":15,"key":"REST"},{"floor":23,"key":"REST"},{"floor":25,"key":"REST"},{"data":"Evolve","floor":27,"key":"SMITH"},{"data":"Inflame","floor":30,"key":"SMITH"},{"floor":32,"key":"REST"},{"floor":41,"key":"RECALL"},{"data":"Limit Break","floor":44,"key":"SMITH"},{"floor":46,"key":"REST"},{"floor":49,"key":"REST"}],"circlet_count":0,"master_deck":["AscendersBane","Strike_R","Strike_R","Strike_R","Defend_R","Defend_R","Defend_R","Bash","Spot Weakness","Sword Boomerang","Evolve+1","Inflame+1","Dropkick","Shrug It Off","Brutality","Sword Boomerang","Power Through","Feed","Feel No Pain+1","Fire Breathing+1","Warcry+1","Inflame+1","Battle Trance","Inflame","Cleave","Bloodletting","Intimidate","Limit Break+1","Feel No Pain+1","Intimidate+1","Sword Boomerang","Metallicize+1","Metallicize+1","Impervious","Fire Breathing+1"],"relics":["Burning Blood","Old Coin","Orichalcum","Red Skull","Oddly Smooth Stone","Prayer Wheel","bronze:MakeshiftBattery","StrikeDummy","Bottled Flame","Membership Card","Vajra","Akabeko","HandDrill","Frozen Egg 2","The Courier","Philosopher\u0027s Stone","ClockworkSouvenir","Bag of Marbles","Juzu Bracelet","Torii"],"acts_visited":["Exordium","TheCity","TheBeyond"],"potions_floor_usage":[3,7,11,12,16,16,24,31,31,35,37,40,40,42,48,48,48,50],"damage_taken":[{"damage":10,"enemies":"2 Louse","floor":1,"turns":3},{"damage":6,"enemies":"Cultist","floor":3,"turns":3},{"damage":4,"enemies":"Small Slimes","floor":4,"turns":4},{"damage":14,"enemies":"3 Louse","floor":5,"turns":3},{"damage":11,"enemies":"Gremlin Nob","floor":7,"turns":3},{"damage":20,"enemies":"Lots of Slimes","floor":8,"turns":5},{"damage":0,"enemies":"2 Fungi Beasts","floor":11,"turns":3},{"damage":16,"enemies":"3 Sentries","floor":12,"turns":5},{"damage":8,"enemies":"Exordium Thugs","floor":13,"turns":4},{"damage":28,"enemies":"Gremlin Nob","floor":14,"turns":4},{"damage":26,"enemies":"Slime Boss","floor":16,"turns":6},{"damage":28,"enemies":"Shell Parasite","floor":18,"turns":4},{"damage":17,"enemies":"2 Thieves","floor":19,"turns":5},{"damage":2,"enemies":"Cultist and Chosen","floor":21,"turns":5},{"damage":19,"enemies":"Sentry and Sphere","floor":22,"turns":5},{"damage":22,"enemies":"Gremlin Leader","floor":24,"turns":5},{"damage":36,"enemies":"Book of Stabbing","floor":31,"turns":4},{"damage":21,"enemies":"Champ","floor":33,"turns":8},{"damage":0,"enemies":"Orb Walker","floor":35,"turns":2},{"damage":18,"enemies":"3 Darklings","floor":37,"turns":2},{"damage":17,"enemies":"4 Shapes","floor":38,"turns":3},{"damage":18,"enemies":"Nemesis","floor":40,"turns":5},{"damage":13,"enemies":"Writhing Mass","floor":42,"turns":4},{"damage":0,"enemies":"3 Darklings","floor":45,"turns":4},{"damage":58,"enemies":"Reptomancer","floor":47,"turns":6},{"damage":83,"enemies":"Donu and Deca","floor":50,"turns":6}],"seed_played":"-8486195590427660396","potions_obtained":[{"floor":1,"key":"ColorlessPotion"},{"floor":2,"key":"GamblersBrew"},{"floor":5,"key":"Block Potion"},{"floor":11,"key":"Dexterity Potion"},{"floor":12,"key":"Fruit Juice"},{"floor":14,"key":"ColorlessPotion"},{"floor":18,"key":"ElixirPotion"},{"floor":22,"key":"Fire Potion"},{"floor":24,"key":"Swift Potion"},{"floor":33,"key":"Block Potion"},{"floor":35,"key":"SteroidPotion"},{"floor":38,"key":"champ:CounterPotion"},{"floor":40,"key":"DistilledChaos"}],"is_trial":false,"path_per_floor":["M","?","M","M","M","R","E","M","T","R","M","E","M","E","R","B",null,"M","M","?","M","M","R","E","R","T","R","?","$","R","E","R","B",null,"M","$","M","M","$","E","R","M","T","R","M","R","E","$","R","B"],"character_chosen":"IRONCLAD","items_purchased":["Membership Card","Vajra","Akabeko","HandDrill","Frozen Egg 2","ColorlessPotion","Bloodletting","Feel No Pain+1","ClockworkSouvenir","Metallicize+1","Fruit Juice","Fruit Juice","Torii","LiquidMemories"],"campfire_rested":7,"item_purchase_floors":[29,29,29,29,29,29,29,36,36,39,48,48,48,48],"current_hp_per_floor":[46,46,46,48,40,40,35,21,21,43,49,44,42,20,44,24,66,44,33,33,40,27,51,35,59,59,59,59,59,59,29,53,41,75,81,81,69,61,61,49,49,42,42,42,48,74,25,40,72,0,0],"gold":0,"neow_bonus":"ONE_RARE_RELIC","is_daily":false,"chose_seed":false,"campfire_upgraded":4,"win_rate":0.0,"timestamp":1614069079,"path_taken":["M","?","M","M","M","R","E","?","T","R","M","E","M","E","R","BOSS","M","M","?","M","M","R","E","R","T","R","?","$","R","E","R","BOSS","M","$","M","M","$","E","R","M","T","R","M","R","E","$","R","BOSS"],"items_purchased_type":["Relic","Relic","Relic","Relic","Relic","Potion","Card","Card","Relic","Card","Potion","Potion","Relic","Potion"],"build_version":"2020-12-22","purchased_purges":3,"victory":false,"max_hp_per_floor":[75,75,75,75,75,75,75,75,75,75,75,80,80,80,80,80,80,80,80,80,83,83,83,83,83,83,83,83,83,83,83,83,86,86,86,86,86,89,89,89,89,89,89,89,89,89,92,107,107,107,107],"relic_stats":{"Torii":6,"counters":[26,111],"Prayer Wheel":9,"HandDrill":[24],"Juzu Bracelet":0,"Orichalcum":[252],"obtain_stats":[{"Torii":48,"Oddly Smooth Stone":12,"Vajra":29,"The Courier":31,"Juzu Bracelet":47,"Orichalcum":7,"Frozen Egg 2":29,"Burning Blood":0,"Akabeko":29,"Old Coin":0,"ClockworkSouvenir":36,"Bottled Flame":26,"Prayer Wheel":14,"Philosopher\u0027s Stone":34,"HandDrill":29,"Bag of Marbles":40,"Membership Card":29,"StrikeDummy":24,"Red Skull":9,"bronze:MakeshiftBattery":17},{"Torii":25,"Oddly Smooth Stone":8,"Vajra":16,"The Courier":17,"Juzu Bracelet":25,"Orichalcum":5,"Frozen Egg 2":16,"Burning Blood":0,"Akabeko":16,"Old Coin":0,"ClockworkSouvenir":19,"Bottled Flame":16,"Prayer Wheel":10,"Philosopher\u0027s Stone":18,"HandDrill":16,"Bag of Marbles":22,"Membership Card":16,"StrikeDummy":16,"Red Skull":6,"bronze:MakeshiftBattery":11},{"Torii":105,"Oddly Smooth Stone":29,"Vajra":67,"The Courier":71,"Juzu Bracelet":105,"Orichalcum":16,"Frozen Egg 2":67,"Burning Blood":0,"Akabeko":67,"Old Coin":0,"ClockworkSouvenir":81,"Bottled Flame":67,"Prayer Wheel":37,"Philosopher\u0027s Stone":79,"HandDrill":67,"Bag of Marbles":91,"Membership Card":67,"StrikeDummy":67,"Red Skull":21,"bronze:MakeshiftBattery":43}],"Burning Blood":150},"card_choices":[{"not_picked":["Clothesline","Iron Wave"],"picked":"Spot Weakness","floor":1},{"not_picked":["Havoc","Shrug It Off"],"picked":"Sword Boomerang","floor":3},{"not_picked":["Feel No Pain","Rage"],"picked":"Evolve","floor":4},{"not_picked":["Shrug It Off","Warcry"],"picked":"Inflame","floor":5},{"not_picked":["Heavy Blade","Havoc"],"picked":"Dropkick","floor":7},{"not_picked":["Rampage","Spot Weakness"],"picked":"Rage","floor":8},{"not_picked":["Warcry","Entrench"],"picked":"Shrug It Off","floor":11},{"not_picked":["Second Wind","Body Slam"],"picked":"Brutality","floor":12},{"not_picked":["Flame Barrier","Shrug It Off"],"picked":"Sword Boomerang","floor":13},{"not_picked":["Exhume","Feel No Pain"],"picked":"Power Through","floor":14},{"not_picked":["Brutality","Barricade"],"picked":"Feed","floor":16},{"not_picked":["Rupture","Wild Strike"],"picked":"Feel No Pain+1","floor":18},{"not_picked":["Clothesline","True Grit"],"picked":"Fire Breathing+1","floor":18},{"not_picked":["Wild Strike","Thunderclap"],"picked":"Warcry+1","floor":19},{"not_picked":["Combust","Body Slam","Shrug It Off"],"picked":"SKIP","floor":19},{"not_picked":["Pummel","Twin Strike"],"picked":"Inflame","floor":21},{"not_picked":["Dual Wield","Ghostly Armor"],"picked":"Battle Trance","floor":21},{"not_picked":["Bloodletting","True Grit"],"picked":"Inflame","floor":22},{"not_picked":["Infernal Blade","Flame Barrier+1","Searing Blow"],"picked":"SKIP","floor":22},{"not_picked":["Uppercut","Pommel Strike"],"picked":"Cleave","floor":24},{"not_picked":["Cleave","Clothesline"],"picked":"Intimidate","floor":31},{"not_picked":["Reaper","Demon Form+1"],"picked":"Limit Break","floor":33},{"not_picked":["Intimidate","True Grit","Twin Strike"],"picked":"SKIP","floor":35},{"not_picked":["Shrug It Off","Rage","Clash"],"picked":"SKIP","floor":35},{"not_picked":["Spot Weakness","Body Slam"],"picked":"Intimidate+1","floor":37},{"not_picked":["Havoc","Clash","Corruption+1"],"picked":"SKIP","floor":37},{"not_picked":["Dark Embrace+1","Carnage"],"picked":"Sword Boomerang","floor":38},{"not_picked":["Whirlwind","Havoc+1","Heavy Blade"],"picked":"SKIP","floor":38},{"not_picked":["Reckless Charge","Iron Wave"],"picked":"Metallicize+1","floor":40},{"not_picked":["Cleave+1","Clash"],"picked":"Impervious","floor":42},{"not_picked":["Anger+1","Pommel Strike","Second Wind"],"picked":"SKIP","floor":42},{"not_picked":["Reckless Charge","Twin Strike"],"picked":"Fire Breathing+1","floor":45},{"not_picked":["Carnage","Anger","Body Slam"],"picked":"SKIP","floor":45},{"not_picked":["Perfected Strike+1","Anger","Sever Soul"],"picked":"SKIP","floor":47}],"player_experience":1341325,"relics_obtained":[{"floor":7,"key":"Orichalcum"},{"floor":9,"key":"Red Skull"},{"floor":12,"key":"Oddly Smooth Stone"},{"floor":14,"key":"Prayer Wheel"},{"floor":24,"key":"StrikeDummy"},{"floor":26,"key":"Bottled Flame"},{"floor":31,"key":"The Courier"},{"floor":40,"key":"Bag of Marbles"},{"floor":47,"key":"Juzu Bracelet"}],"event_choices":[{"damage_healed":0,"gold_gain":0,"player_choice":"Bought 1 Potion","damage_taken":0,"max_hp_gain":0,"max_hp_loss":0,"event_name":"The Woman in Blue","floor":2,"gold_loss":0},{"damage_healed":0,"gold_gain":0,"player_choice":"Ignored","damage_taken":0,"max_hp_gain":0,"max_hp_loss":0,"event_name":"Cursed Tome","floor":20,"gold_loss":0},{"cards_removed":["Strike_R"],"damage_healed":0,"gold_gain":0,"player_choice":"Gave Gold","damage_taken":0,"max_hp_gain":0,"max_hp_loss":0,"event_name":"Beggar","floor":28,"gold_loss":75}],"is_beta":false,"boss_relics":[{"not_picked":["Ectoplasm","Calling Bell"],"picked":"bronze:MakeshiftBattery"},{"not_picked":["Runic Dome","SacredBark"],"picked":"Philosopher\u0027s Stone"}],"items_purged_floors":[29,36,36],"is_endless":false,"potions_floor_spawned":[1,5,11,12,14,18,22,24,33,35,38,40],"killed_by":"Donu and Deca","ascension_level":20}}