{"host":"2q4w55ev63ot6isg","time":1614057557,"event":{"mods":["Aspiration","BaseMod","Downfall","Hubris","Marisa????????","Minty Spire (QoL Compilation)","Replay The Spire","StSLib","The Cursed","The Jungle","The Servant 0.9.4"],"gold_per_floor":[113,127,127,127,77,77,110,120,168,12,12,27,57,7,7,105,105,115,65,65,82,93,93,120,120,120,28,41,41,41,141,141,246,246,256,31,81,81,97,131,131,159,213,213,50,65,112,124,124,124],"floor_reached":51,"language":"ENG","playtime":1780,"items_purged":["Strike_B","Strike_B","Defend_B"],"score":1068,"play_id":"2244022f-7630-41d6-bcdb-b5b5aa31beb7","local_time":"20210222211917","is_ascension_mode":true,"campfire_choices":[{"data":"Eruption","floor":6,"key":"SMITH"},{"floor":11,"key":"REST"},{"data":"White Noise","floor":15,"key":"SMITH"},{"floor":23,"key":"REST"},{"floor":25,"key":"REST"},{"floor":30,"key":"REST"},{"data":"Reboot","floor":32,"key":"SMITH"},{"data":"ReplayTheSpireMod:Fabricate Wheel","floor":41,"key":"SMITH"},{"floor":44,"key":"REST"},{"data":"hubris:Despair","floor":49,"key":"PURGE"}],"circlet_count":0,"master_deck":["Strike_B+1","Strike_B+1","Defend_B","Defend_B","Defend_B","Gash+1","Ball Lightning","Vigilance","Eruption+1","Beam Cell","White Noise+1","Scrape+1","Reboot+1","Panic Button+1","Reboot","Gash","Go for the Eyes+1","Finesse+1","Steam Power","Panic Button+1","FTL+1","Turbo+1","Core Surge","Good Instincts","Magnetism+1","Go for the Eyes","Panic Button","Fission"],"relics":["Cracked Core","aspiration:Nostalgia","Replay:M_SmolderingBlood","Frozen Egg 2","bronze:BronzeIdol","Smiling Mask","Gremlin Food","Pondfish Scales","SlaversCollar","Carrot","WingedGreaves","hubris:BundleOfHerbs","Garlic","expansioncontent:StudyCardRelic","Whetstone","Du-Vu Doll","hubris:SlimyHat","Prayer Wheel","Dream Catcher","hubris:ToyBattleship","ReplayTheSpireMod:CursedCoin","Peace Pipe"],"acts_visited":["Exordium","TheCity","TheBeyond"],"potions_floor_usage":[7,16,33,40,42,47,48],"damage_taken":[{"damage":0,"enemies":"Small Slimes","floor":1,"turns":2},{"damage":10,"enemies":"2 Louse","floor":2,"turns":2},{"damage":0,"enemies":"Replay:BlueRogue","floor":7,"turns":4},{"damage":0,"enemies":"Cultist","floor":8,"turns":3},{"damage":11,"enemies":"Blue Slaver","floor":12,"turns":3},{"damage":4,"enemies":"3 Sentries","floor":13,"turns":6},{"damage":36,"enemies":"Fading Forest","floor":16,"turns":11},{"damage":15,"enemies":"3 Byrds","floor":18,"turns":3},{"damage":13,"enemies":"2 Thieves","floor":21,"turns":2},{"damage":22,"enemies":"Snake Plant","floor":22,"turns":3},{"damage":4,"enemies":"Book of Stabbing","floor":24,"turns":3},{"damage":0,"enemies":"Centurion and Healer","floor":28,"turns":3},{"damage":0,"enemies":"Colosseum Slavers","floor":31,"turns":1},{"damage":0,"enemies":"Colosseum Nobs","floor":31,"turns":3},{"damage":30,"enemies":"hubris:MusketHawk","floor":33,"turns":5},{"damage":0,"enemies":"Orb Walker","floor":35,"turns":1},{"damage":0,"enemies":"Mind Bloom Boss Battle","floor":37,"turns":2},{"damage":0,"enemies":"3 Darklings","floor":39,"turns":2},{"damage":8,"enemies":"Reptomancer","floor":40,"turns":3},{"damage":4,"enemies":"Giant Head","floor":42,"turns":3},{"damage":0,"enemies":"4 Shapes","floor":46,"turns":3},{"damage":3,"enemies":"2 Orb Walkers","floor":47,"turns":2},{"damage":0,"enemies":"Writhing Mass","floor":48,"turns":4},{"damage":21,"enemies":"Awakened One","floor":50,"turns":7}],"seed_played":"-3244661467460069160","potions_obtained":[{"floor":1,"key":"LifebloodPotion"},{"floor":7,"key":"Elixir"},{"floor":12,"key":"Block Potion"},{"floor":16,"key":"Elixir"},{"floor":18,"key":"FairyPotion"},{"floor":33,"key":"SpeedPotion"},{"floor":35,"key":"Flashbang"},{"floor":38,"key":"Slimebound:ThreeZeroPotion"},{"floor":40,"key":"Weak Potion"},{"floor":46,"key":"Weak Potion"},{"floor":47,"key":"SteroidPotion"}],"is_trial":false,"path_per_floor":["M","M","?","?","?","R","E","M","T","$","R","M","E","$","R","B",null,"M","$","?","M","M","R","E","R","T","$","M","$","R","?","R","B",null,"M","$","?","?","M","E","R","E","T","R","$","M","?","M","R","B",null],"character_chosen":"DEFECT","items_purchased":["Gremlin Food","Finesse","FTL","Whetstone","ReplayTheSpireMod:CursedCoin","Good Instincts","Magnetism+1"],"campfire_rested":5,"item_purchase_floors":[10,27,36,36,45,45,45],"current_hp_per_floor":[68,58,58,58,58,58,58,58,58,58,75,64,60,60,60,32,64,49,49,49,36,14,36,32,54,54,54,54,54,75,75,75,61,72,72,72,72,72,72,64,64,60,60,75,75,75,72,72,72,73],"gold":124,"neow_bonus":"NOSTALGIA","is_daily":false,"chose_seed":false,"campfire_upgraded":4,"win_rate":0.0,"timestamp":1614057557,"path_taken":["M","M","?","?","?","R","E","M","T","$","R","M","E","$","R","BOSS","M","$","?","M","?","R","E","R","T","$","M","$","R","?","R","BOSS","M","$","?","?","?","E","R","E","T","R","$","M","?","M","R","BOSS"],"items_purchased_type":["Relic","Card","Card","Relic","Relic","Card","Card"],"build_version":"2020-12-22","purchased_purges":3,"victory":true,"max_hp_per_floor":[75,75,75,75,75,75,75,75,75,75,75,75,75,75,75,75,75,75,75,75,75,75,75,75,75,75,75,75,75,75,75,75,75,75,75,75,75,75,75,75,75,75,75,75,75,75,75,75,75,75],"card_choices":[{"not_picked":["WreathOfFlame","Halt"],"picked":"Gash","floor":1},{"not_picked":["Storm","Coolheaded"],"picked":"Ball Lightning","floor":2},{"not_picked":["Turbo","Go for the Eyes"],"picked":"Beam Cell","floor":7},{"not_picked":["Headbutt","ReplayTheSpireMod:Reroute Power","Consume"],"picked":"SKIP","floor":8},{"not_picked":["Turbo","BasicCrystalCard"],"picked":"White Noise","floor":12},{"not_picked":["EmptyFist","Steam"],"picked":"Scrape","floor":13},{"not_picked":["Mirror Shield","Rainbow"],"picked":"Reboot","floor":16},{"not_picked":["aspiration:Polymerization","Rebound+1"],"picked":"Panic Button+1","floor":18},{"not_picked":["Static Discharge+1","Cold Snap+1"],"picked":"Gash","floor":21},{"not_picked":["Hello World+1","hubris:PowerSurge+1","Streamline"],"picked":"SKIP","floor":22},{"not_picked":["Static Discharge+1","Coolheaded"],"picked":"Go for the Eyes","floor":24},{"not_picked":["Sweeping Beam","Recycle","aspiration:Polymerization"],"picked":"SKIP","floor":28},{"not_picked":["Force Field+1","Skim+1"],"picked":"Steam Power","floor":31},{"not_picked":["Doom and Gloom+1","FIFO Queue+1"],"picked":"Panic Button+1","floor":35},{"not_picked":["Barrage+1","Stack"],"picked":"Turbo+1","floor":39},{"not_picked":["Compile Driver","Conserve Battery+1"],"picked":"ReplayTheSpireMod:Fabricate Wheel","floor":40},{"not_picked":["Hologram+1","Sweeping Beam+1","Loop+1"],"picked":"SKIP","floor":42},{"not_picked":["Conserve Battery+1","ReplayTheSpireMod:Calculation Training+1"],"picked":"Go for the Eyes","floor":46},{"not_picked":["ReplayTheSpireMod:Calculation Training+1","Skim"],"picked":"Panic Button","floor":46},{"not_picked":["ReplayGash+1","Steam Power+1"],"picked":"Fission","floor":48},{"not_picked":["Blizzard","Glacier+1","Barrage"],"picked":"SKIP","floor":48}],"player_experience":265553,"relics_obtained":[{"floor":7,"key":"bronze:BronzeIdol"},{"floor":9,"key":"Smiling Mask"},{"floor":13,"key":"Pondfish Scales"},{"floor":24,"key":"Carrot"},{"floor":26,"key":"WingedGreaves"},{"floor":31,"key":"hubris:BundleOfHerbs"},{"floor":31,"key":"Garlic"},{"floor":37,"key":"Du-Vu Doll"},{"floor":40,"key":"hubris:SlimyHat"},{"floor":42,"key":"Dream Catcher"},{"floor":43,"key":"hubris:ToyBattleship"},{"floor":47,"key":"Peace Pipe"}],"event_choices":[{"cards_removed":["Injury"],"damage_healed":0,"gold_gain":0,"player_choice":"Card Removal","damage_taken":0,"max_hp_gain":0,"max_hp_loss":0,"event_name":"The Cleric","floor":5,"gold_loss":50},{"damage_healed":0,"gold_gain":0,"player_choice":"Copied","damage_taken":0,"max_hp_gain":0,"max_hp_loss":0,"event_name":"Duplicator","floor":20,"gold_loss":0,"cards_obtained":["Reboot"]},{"damage_healed":0,"gold_gain":0,"player_choice":"Fight","damage_taken":0,"max_hp_gain":0,"max_hp_loss":0,"event_name":"Colosseum","floor":31,"gold_loss":0},{"damage_healed":0,"gold_gain":0,"player_choice":"Fought Nobs","damage_taken":0,"max_hp_gain":0,"max_hp_loss":0,"event_name":"Colosseum","floor":31,"gold_loss":0},{"damage_healed":0,"gold_gain":0,"player_choice":"Fight","damage_taken":0,"max_hp_gain":0,"max_hp_loss":0,"event_name":"MindBloom","floor":37,"gold_loss":0},{"damage_healed":0,"gold_gain":0,"player_choice":"Got Potions","damage_taken":0,"max_hp_gain":0,"max_hp_loss":0,"event_name":"Lab","floor":38,"gold_loss":0},{"damage_healed":0,"gold_gain":0,"player_choice":"Fight","damage_taken":0,"max_hp_gain":0,"max_hp_loss":0,"event_name":"Mysterious Sphere","floor":47,"gold_loss":0}],"is_beta":false,"boss_relics":[{"not_picked":["aspiration:MarisaSkillbook","Ring of Chaos"],"picked":"SlaversCollar"},{"not_picked":["Coffee Dripper","aspiration:BursterCore"],"picked":"expansioncontent:StudyCardRelic"}],"items_purged_floors":[14,19,45],"is_endless":false,"potions_floor_spawned":[1,7,12,16,18,21,31,33,35,40,46,47],"ascension_level":7}}