{"host":"1nniobf0g4s2td4e","time":1614096370,"event":{"mods":["2.2 Compatiblity","BaseMod","Minty Spire (QoL Compilation)","StSLib","SuperFastMode"],"gold_per_floor":[116,116,135,135,135,135,145,145,218,218,243,243,268,285,285,388,388,401,419,430,430,345,345,345,345],"floor_reached":24,"language":"ENG","playtime":781,"items_purged":[],"score":204,"play_id":"3d8a8141-8341-4072-ae34-ddaca98e7d67","local_time":"20210223100610","is_ascension_mode":false,"campfire_choices":[{"data":"Streamline","floor":6,"key":"SMITH"},{"data":"Hologram","floor":8,"key":"SMITH"},{"data":"Zap","floor":10,"key":"SMITH"},{"data":"All For One","floor":15,"key":"SMITH"},{"data":"Redo","floor":23,"key":"SMITH"}],"circlet_count":0,"master_deck":["Strike_B","Strike_B","Strike_B","Defend_B","Defend_B","Defend_B","Defend_B","Zap+1","Dualcast","Go for the Eyes+1","Streamline+1","Hologram+1","Auto Shields","Cold Snap","All For One+1","Machine Learning","Redo+1","Scrape","Skim"],"relics":["Cracked Core","NeowsBlessing","Centennial Puzzle","Ice Cream","SacredBark","Sundial"],"acts_visited":["Exordium","TheCity"],"potions_floor_usage":[16],"damage_taken":[{"damage":0,"enemies":"Jaw Worm","floor":1,"turns":1},{"damage":0,"enemies":"Cultist","floor":3,"turns":1},{"damage":0,"enemies":"Small Slimes","floor":7,"turns":1},{"damage":26,"enemies":"Gremlin Nob","floor":11,"turns":5},{"damage":26,"enemies":"3 Sentries","floor":13,"turns":6},{"damage":0,"enemies":"Exordium Thugs","floor":14,"turns":4},{"damage":10,"enemies":"Hexaghost","floor":16,"turns":9},{"damage":0,"enemies":"Shell Parasite","floor":18,"turns":5},{"damage":8,"enemies":"Chosen","floor":19,"turns":5},{"damage":36,"enemies":"Centurion and Healer","floor":20,"turns":8},{"damage":39,"enemies":"Slavers","floor":24,"turns":3}],"seed_played":"7086231931209363550","potions_obtained":[{"floor":1,"key":"FearPotion"},{"floor":11,"key":"PowerPotion"},{"floor":14,"key":"FearPotion"},{"floor":16,"key":"SpeedPotion"},{"floor":19,"key":"Strength Potion"}],"is_trial":false,"path_per_floor":["M","?","M","?","$","R","M","R","T","R","E","?","E","M","R","B",null,"M","M","M","?","?","R","E"],"character_chosen":"DEFECT","items_purchased":[],"campfire_rested":0,"item_purchase_floors":[],"current_hp_per_floor":[75,75,75,68,68,68,68,68,68,68,42,47,21,21,21,11,80,80,72,36,36,36,36,0,0],"gold":345,"neow_bonus":"THREE_ENEMY_KILL","is_daily":false,"chose_seed":false,"campfire_upgraded":5,"win_rate":0.0,"timestamp":1614096370,"path_taken":["M","?","?","?","$","R","M","R","T","R","E","?","E","M","R","BOSS","M","M","M","?","?","R","E"],"items_purchased_type":[],"build_version":"2020-12-22","purchased_purges":0,"victory":false,"max_hp_per_floor":[75,75,75,75,75,75,75,75,75,75,75,80,80,80,80,80,80,80,80,80,80,80,80,80,80],"card_choices":[{"not_picked":["Hello World","Aggregate"],"picked":"Go for the Eyes","floor":1},{"not_picked":["Static Discharge","Ball Lightning"],"picked":"Streamline","floor":3},{"not_picked":["Heatsinks","Stack"],"picked":"Hologram","floor":7},{"not_picked":["Rebound","All For One"],"picked":"Auto Shields","floor":11},{"not_picked":["Ball Lightning","Streamline"],"picked":"Cold Snap","floor":13},{"not_picked":["Leap","Gash"],"picked":"All For One","floor":14},{"not_picked":["All For One","Biased Cognition"],"picked":"Machine Learning","floor":16},{"not_picked":["Storm+1","Melter"],"picked":"Redo","floor":18},{"not_picked":["Go for the Eyes","Leap"],"picked":"Scrape","floor":19},{"not_picked":["Cold Snap","Barrage"],"picked":"Skim","floor":20}],"player_experience":780776,"relics_obtained":[{"floor":11,"key":"Centennial Puzzle"},{"floor":13,"key":"Ice Cream"}],"event_choices":[{"damage_healed":0,"gold_gain":0,"player_choice":"Upgraded","damage_taken":0,"max_hp_gain":0,"max_hp_loss":0,"event_name":"Upgrade Shrine","floor":2,"gold_loss":0,"cards_upgraded":["Go for the Eyes"]},{"cards_removed":["Strike_B"],"damage_healed":0,"gold_gain":0,"player_choice":"Card Removal","damage_taken":7,"max_hp_gain":0,"max_hp_loss":0,"event_name":"Golden Wing","floor":4,"gold_loss":0},{"damage_healed":0,"gold_gain":0,"player_choice":"Donut","damage_taken":0,"max_hp_gain":5,"max_hp_loss":0,"event_name":"Big Fish","floor":12,"gold_loss":0},{"damage_healed":0,"gold_gain":0,"player_choice":"Ignored","damage_taken":0,"max_hp_gain":0,"max_hp_loss":0,"event_name":"Vampires","floor":21,"gold_loss":0},{"damage_healed":0,"gold_gain":0,"player_choice":"Obtained Relic","damage_taken":0,"relics_obtained":["Sundial"],"max_hp_gain":0,"max_hp_loss":0,"event_name":"Addict","floor":22,"gold_loss":85}],"is_beta":false,"boss_relics":[{"not_picked":["Snecko Eye","Velvet Choker"],"picked":"SacredBark"}],"items_purged_floors":[],"is_endless":false,"potions_floor_spawned":[1,11,14,16,19],"killed_by":"Slavers","ascension_level":0}}