{"host":"nbofzmb1hl9rnais","time":1614120011,"event":{"mods":["BaseMod","Colored Map","Minty Spire (QoL Compilation)","StSLib"],"gold_per_floor":[110,110,124,49,49,83,83,112,112,137,37,55,68,68,68,68,68],"floor_reached":16,"language":"ENG","playtime":622,"items_purged":["Strike_B","Defend_B"],"score":150,"play_id":"bc3c9819-bc69-45e2-9ef2-466145775cca","local_time":"20210223144011","is_ascension_mode":true,"campfire_choices":[{"data":"Buffer","floor":7,"key":"SMITH"},{"data":"Zap","floor":15,"key":"SMITH"}],"circlet_count":0,"master_deck":["Strike_B","Strike_B","Strike_B","Defend_B+1","Defend_B+1","Zap+1","Dualcast","Cold Snap","Genetic Algorithm","Buffer+1","Genetic Algorithm","Consume","Multi-Cast","Rebound","Chill"],"relics":["Cracked Core","NeowsBlessing","Oddly Smooth Stone","Orichalcum","Kunai","Nunchaku"],"acts_visited":["Exordium"],"potions_floor_usage":[10,16],"damage_taken":[{"damage":0,"enemies":"Small Slimes","floor":1,"turns":1},{"damage":0,"enemies":"2 Louse","floor":3,"turns":1},{"damage":0,"enemies":"3 Sentries","floor":6,"turns":2},{"damage":4,"enemies":"Lagavulin","floor":8,"turns":9},{"damage":18,"enemies":"3 Sentries","floor":10,"turns":9},{"damage":0,"enemies":"Cultist","floor":12,"turns":3},{"damage":7,"enemies":"3 Louse","floor":13,"turns":5},{"damage":34,"enemies":"Slime Boss","floor":16,"turns":11}],"seed_played":"4006204956997294702","potions_obtained":[{"floor":1,"key":"ColorlessPotion"},{"floor":8,"key":"BlessingOfTheForge"},{"floor":10,"key":"Strength Potion"},{"floor":12,"key":"Strength Potion"}],"is_trial":false,"path_per_floor":["M","?","M","$","?","E","R","E","T","E","$","M","M","?","R","B"],"character_chosen":"DEFECT","items_purchased":[],"campfire_rested":0,"item_purchase_floors":[],"current_hp_per_floor":[75,60,60,60,60,60,60,56,56,38,38,38,31,31,31,0,0],"gold":68,"neow_bonus":"THREE_ENEMY_KILL","is_daily":false,"chose_seed":false,"campfire_upgraded":2,"win_rate":0.0,"timestamp":1614120011,"path_taken":["M","?","M","$","?","E","R","E","T","E","$","M","M","?","R","BOSS"],"items_purchased_type":[],"build_version":"2020-12-22","purchased_purges":2,"victory":false,"max_hp_per_floor":[75,75,75,75,75,75,75,75,75,75,75,75,75,75,75,75,75],"card_choices":[{"not_picked":["FTL","Stack"],"picked":"Cold Snap","floor":1},{"not_picked":["Compile Driver","Hologram"],"picked":"Genetic Algorithm","floor":3},{"not_picked":["Cold Snap","Leap"],"picked":"Genetic Algorithm","floor":6},{"not_picked":["Cold Snap","Meteor Strike"],"picked":"Consume","floor":8},{"not_picked":["Steam Power","Chill"],"picked":"Multi-Cast","floor":10},{"not_picked":["Fusion","Chill"],"picked":"Rebound","floor":12},{"not_picked":["Auto Shields","Reinforced Body"],"picked":"Chill","floor":13}],"player_experience":159482,"relics_obtained":[{"floor":6,"key":"Oddly Smooth Stone"},{"floor":8,"key":"Orichalcum"},{"floor":9,"key":"Kunai"},{"floor":10,"key":"Nunchaku"}],"event_choices":[{"damage_healed":0,"gold_gain":0,"player_choice":"Entered Light","damage_taken":15,"max_hp_gain":0,"max_hp_loss":0,"event_name":"Shining Light","floor":2,"gold_loss":0,"cards_upgraded":["Defend_B","Defend_B"]},{"damage_healed":0,"gold_gain":0,"cards_transformed":["Defend_B"],"player_choice":"Change","damage_taken":0,"max_hp_gain":0,"max_hp_loss":0,"event_name":"Living Wall","floor":5,"gold_loss":0,"cards_obtained":["Buffer"]},{"damage_healed":0,"gold_gain":0,"player_choice":"Bought 0 Potions","damage_taken":0,"max_hp_gain":0,"max_hp_loss":0,"event_name":"The Woman in Blue","floor":14,"gold_loss":0}],"is_beta":false,"boss_relics":[],"items_purged_floors":[4,11],"is_endless":false,"potions_floor_spawned":[1,8,10,12],"killed_by":"Slime Boss","ascension_level":1}}