{"host":"yqw1zpryoutrnocq","time":1614049175,"event":{"mods":["2.2 Compatiblity","AchievementEnabler","BaseMod","Colored Map","Custom Start","DeckTracker","Minty Spire (QoL Compilation)","StSLib","SuperFastMode"],"gold_per_floor":[369,369,389,404,404,404,436,436,463,463,487,6,17,34,34,137,137,157,175,90,90,102,102,21,21,21,21,34,52,77,91,91,188,188,200,218,68,68,118,118,118,118],"floor_reached":41,"language":"KOR","playtime":1345,"items_purged":[],"score":748,"play_id":"20941bd3-fd8f-4bb5-b590-0998e088c13f","local_time":"20210222205935","is_ascension_mode":true,"campfire_choices":[{"data":"Wild Strike","floor":6.0,"key":"SMITH"},{"data":"Battle Trance","floor":8.0,"key":"SMITH"},{"data":"Second Wind","floor":10.0,"key":"SMITH"},{"floor":15.0,"key":"REST"},{"data":"Corruption","floor":23.0,"key":"SMITH"},{"data":"Bludgeon","floor":27.0,"key":"SMITH"},{"floor":32.0,"key":"RECALL"},{"data":"Searing Blow+1","floor":40.0,"key":"SMITH"}],"circlet_count":0,"master_deck":["AscendersBane","Strike_R+1","Strike_R+1","Defend_R","Defend_R","Defend_R","Bash+1","Shrug It Off","Wild Strike+1","Battle Trance+1","Second Wind+1","Armaments+1","Dropkick","Dropkick","Bludgeon+1","Burning Pact+1","Corruption+1","Rage+1","Armaments+1","Entrench+1","Flame Barrier+1","Ghostly+1","Ghostly+1","Ghostly+1","Ghostly+1","Ghostly+1","Doubt","Fire Breathing+1","Offering+1","Immolate","Feel No Pain+1","Dual Wield+1","Searing Blow+2","Ghostly Armor+1","Limit Break+1","Flash of Steel","True Grit+1"],"relics":["Burning Blood","Whetstone","Smiling Mask","Orichalcum","Toxic Egg 2","Orrery","Cursed Key","Du-Vu Doll","Sundial","Centennial Puzzle","Astrolabe","Torii"],"acts_visited":["Exordium","TheCity","TheBeyond"],"potions_floor_usage":[41],"damage_taken":[{"damage":3.0,"enemies":"Jaw Worm","floor":1.0,"turns":5.0},{"damage":2.0,"enemies":"Cultist","floor":3.0,"turns":4.0},{"damage":7.0,"enemies":"Small Slimes","floor":4.0,"turns":3.0},{"damage":26.0,"enemies":"Gremlin Nob","floor":7.0,"turns":4.0},{"damage":14.0,"enemies":"Exordium Wildlife","floor":13.0,"turns":6.0},{"damage":1.0,"enemies":"Red Slaver","floor":14.0,"turns":4.0},{"damage":30.0,"enemies":"The Guardian","floor":16.0,"turns":11.0},{"damage":8.0,"enemies":"Shell Parasite","floor":18.0,"turns":4.0},{"damage":7.0,"enemies":"Spheric Guardian","floor":19.0,"turns":5.0},{"damage":27.0,"enemies":"Snake Plant","floor":22.0,"turns":5.0},{"damage":0.0,"enemies":"Chosen and Byrds","floor":28.0,"turns":5.0},{"damage":0.0,"enemies":"Sentry and Sphere","floor":29.0,"turns":6.0},{"damage":0.0,"enemies":"Book of Stabbing","floor":30.0,"turns":6.0},{"damage":11.0,"enemies":"Cultist and Chosen","floor":31.0,"turns":7.0},{"damage":33.0,"enemies":"Champ","floor":33.0,"turns":12.0},{"damage":10.0,"enemies":"3 Darklings","floor":35.0,"turns":6.0},{"damage":7.0,"enemies":"Orb Walker","floor":36.0,"turns":4.0},{"damage":6.0,"enemies":"Mind Bloom Boss Battle","floor":39.0,"turns":9.0},{"damage":71,"enemies":"Giant Head","floor":41,"turns":12}],"seed_played":"-1971667610205449083","potions_obtained":[{"floor":7.0,"key":"Block Potion"},{"floor":13.0,"key":"ColorlessPotion"},{"floor":16.0,"key":"ColorlessPotion"},{"floor":28.0,"key":"GamblersBrew"},{"floor":31.0,"key":"CultistPotion"},{"floor":36.0,"key":"Fire Potion"},{"floor":39.0,"key":"Weak Potion"}],"is_trial":false,"path_per_floor":["M","?","M","M","?","R","E","R","T","R","T","$","M","M","R","B",null,"M","M","?","?","M","R","$","?","T","R","M","M","E","M","R","B",null,"M","M","$","?","?","R","E"],"character_chosen":"IRONCLAD","items_purchased":["Toxic Egg 2","Orrery","Burning Pact+1","Flame Barrier+1","Limit Break+1","Flash of Steel"],"campfire_rested":1,"item_purchase_floors":[12,12,12,24,37,37],"current_hp_per_floor":[54,54,58,57,57,57,37,37,37,37,37,37,29,34,58,34,69,67,66,66,66,45,45,45,40,40,40,40,40,40,35,35,8,32,28,27,27,27,27,27,0,0],"gold":118,"neow_bonus":"TWO_FIFTY_GOLD","is_daily":false,"chose_seed":false,"campfire_upgraded":6,"win_rate":0.0,"timestamp":1614049175,"path_taken":["M","?","M","?","?","R","E","R","T","R","?","$","M","?","R","BOSS","M","M","?","?","?","R","?","?","T","R","M","M","E","M","R","BOSS","M","M","$","?","?","R","E"],"items_purchased_type":["Relic","Relic","Card","Card","Card","Card"],"build_version":"2020-12-22","purchased_purges":0,"victory":false,"max_hp_per_floor":[80,80,80,80,80,80,80,80,80,80,80,80,80,80,80,80,80,80,80,80,80,80,80,80,40,40,40,40,40,40,40,40,40,40,40,40,40,40,40,40,40,40],"card_choices":[{"not_picked":["Heavy Blade","Dark Embrace"],"picked":"Shrug It Off","floor":1.0},{"not_picked":["Heavy Blade","Havoc"],"picked":"Wild Strike","floor":3.0},{"not_picked":["Headbutt","Shrug It Off"],"picked":"Battle Trance","floor":4.0},{"not_picked":["Flex","Havoc"],"picked":"Second Wind","floor":7.0},{"not_picked":["Sword Boomerang","Hemokinesis"],"picked":"Armaments+1","floor":12.0},{"not_picked":["Perfected Strike","Clothesline"],"picked":"Dropkick","floor":12.0},{"not_picked":["Pommel Strike","Bludgeon"],"picked":"Dropkick","floor":12.0},{"not_picked":["Pommel Strike","Evolve"],"picked":"Bludgeon","floor":12.0},{"not_picked":["Clash","Dual Wield+1","Cleave"],"picked":"SKIP","floor":13.0},{"not_picked":["Armaments+1","Whirlwind","Shrug It Off+1"],"picked":"SKIP","floor":14.0},{"not_picked":["Demon Form","Immolate"],"picked":"Corruption","floor":16.0},{"not_picked":["Bloodletting+1","Fire Breathing"],"picked":"Rage+1","floor":18.0},{"not_picked":["Fire Breathing+1","Rampage"],"picked":"Armaments+1","floor":19.0},{"not_picked":["Pommel Strike","Metallicize"],"picked":"Entrench+1","floor":22.0},{"not_picked":["Hemokinesis","Perfected Strike","Searing Blow"],"picked":"SKIP","floor":28.0},{"not_picked":["Carnage","Whirlwind"],"picked":"Fire Breathing+1","floor":29.0},{"not_picked":["Evolve","Cleave","Perfected Strike"],"picked":"SKIP","floor":30.0},{"not_picked":["Headbutt","Warcry+1"],"picked":"Offering+1","floor":31.0},{"not_picked":["Reaper","Feed"],"picked":"Immolate","floor":33.0},{"not_picked":["Armaments+1","Burning Pact+1","Perfected Strike"],"picked":"SKIP","floor":35.0},{"not_picked":["Havoc+1","Wild Strike+1"],"picked":"Ghostly Armor+1","floor":36.0},{"not_picked":["Inflame","Reckless Charge+1"],"picked":"True Grit+1","floor":39.0}],"player_experience":360633,"relics_obtained":[{"floor":7.0,"key":"Whetstone"},{"floor":9.0,"key":"Smiling Mask"},{"floor":11.0,"key":"Orichalcum"},{"floor":26.0,"key":"Sundial"},{"floor":30.0,"key":"Centennial Puzzle"},{"floor":39.0,"key":"Torii"}],"event_choices":[{"cards_removed":["Strike_R"],"damage_healed":0.0,"max_hp_gain":0.0,"max_hp_loss":0.0,"gold_gain":0.0,"event_name":"Bonfire Elementals","player_choice":"Offered Basic","floor":2.0,"gold_loss":0.0,"damage_taken":0.0},{"damage_healed":0.0,"max_hp_gain":0.0,"max_hp_loss":0.0,"gold_gain":0.0,"event_name":"Living Wall","player_choice":"Grow","floor":5.0,"gold_loss":0.0,"damage_taken":0.0,"cards_upgraded":["Bash"]},{"damage_healed":0.0,"max_hp_gain":0.0,"max_hp_loss":0.0,"gold_gain":0.0,"event_name":"Addict","player_choice":"Obtained Relic","floor":20.0,"gold_loss":85.0,"damage_taken":0.0,"relics_obtained":["Du-Vu Doll"]},{"damage_healed":0.0,"max_hp_gain":0.0,"max_hp_loss":0.0,"gold_gain":0.0,"event_name":"N\u0027loth","player_choice":"Ignored","floor":21.0,"gold_loss":0.0,"damage_taken":0.0},{"damage_healed":0.0,"max_hp_gain":0.0,"max_hp_loss":40.0,"gold_gain":0.0,"event_name":"Ghosts","player_choice":"Became a Ghost","floor":25.0,"gold_loss":0.0,"damage_taken":0.0,"cards_obtained":["Ghostly","Ghostly","Ghostly","Ghostly","Ghostly"]},{"damage_healed":0.0,"max_hp_gain":0.0,"max_hp_loss":0.0,"gold_gain":0.0,"event_name":"Tomb of Lord Red Mask","player_choice":"Ignored","floor":38.0,"gold_loss":0.0,"damage_taken":0.0},{"damage_healed":0.0,"max_hp_gain":0.0,"max_hp_loss":0.0,"gold_gain":0.0,"event_name":"MindBloom","player_choice":"Fight","floor":39.0,"gold_loss":0.0,"damage_taken":0.0}],"is_beta":false,"boss_relics":[{"not_picked":["Fusion Hammer","Runic Cube"],"picked":"Cursed Key"},{"not_picked":["SacredBark","Philosopher\u0027s Stone"],"picked":"Astrolabe"}],"items_purged_floors":[],"is_endless":false,"potions_floor_spawned":[7,13,16,22,28,31,36,39],"killed_by":"Giant Head","ascension_level":12}}