{"host":"l4bxlkn39ih8kz7u","time":1614107241,"event":{"mods":["AchievementEnabler","Act Like it!","Ascension Unlocker","BaseMod","CapriCore","Custom Start","Gensokyo","GifTheSpireLib","HololiveMod","Lobotomy","LobotomyExtend","Minty Spire (QoL Compilation)","Quick Restart","Random Character Button","Ruina","Shop Mod","StSLib","SuperFastMode","The Alterego","Waifu the Spire"],"gold_per_floor":[118,137,155,168,184,184,216,216,240,251,271,285,305,156,156,260,260,260,260,260],"floor_reached":19,"language":"RUS","playtime":508,"items_purged":[],"score":223,"play_id":"4e522157-779f-40a5-bfc7-7451bfe62f7a","local_time":"20210223220721","is_ascension_mode":false,"campfire_choices":[],"circlet_count":0,"master_deck":["SpecialBullet","SpecialBullet","SpecialBullet","SpecialBullet","SpecialBullet","SpecialBullet","SpecialBullet","SpecialBullet","TrainingCode","SecurityCode","ExtractionCode","VoidDream","OldLady","CENSORED_ego","LifeForTheDareDevil","MHz","Ecstasy","Adoration+1"],"relics":["CogitoBucket","NeowsBlessing","LetterFromLob","Mango","Pen Nib","Theresia","Happy Flower","Cursed Key","ShedSkin_r","Frozen Eye"],"acts_visited":["Exordium","ruina:Briah"],"potions_floor_usage":[19,19],"damage_taken":[{"damage":0,"enemies":"Cultist","floor":1,"turns":1},{"damage":0,"enemies":"Jaw Worm","floor":2,"turns":1},{"damage":0,"enemies":"2 Louse","floor":3,"turns":1},{"damage":8,"enemies":"Blue Slaver","floor":4,"turns":3},{"damage":5,"enemies":"Exordium Wildlife","floor":5,"turns":2},{"damage":4,"enemies":"Lagavulin","floor":7,"turns":4},{"damage":2,"enemies":"Large Slime","floor":10,"turns":3},{"damage":5,"enemies":"Red Slaver","floor":11,"turns":2},{"damage":0,"enemies":"2 Fungi Beasts","floor":12,"turns":1},{"damage":0,"enemies":"Blue Slaver","floor":13,"turns":2},{"damage":0,"enemies":"Slime Boss","floor":16,"turns":3},{"damage":14,"enemies":"ruina:2_Scarecrows","floor":19,"turns":1}],"seed_played":"718088780905721442","potions_obtained":[{"floor":1,"key":"SkillPotion"},{"floor":4,"key":"FearPotion"},{"floor":10,"key":"Explosive Potion"}],"is_trial":false,"path_per_floor":["M","M","M","M","M","R","E","R","T","M","M","M","M","$","R","B",null,"M","M"],"character_chosen":"Angela","items_purchased":["Happy Flower"],"campfire_rested":0,"item_purchase_floors":[14],"current_hp_per_floor":[70,70,70,70,70,70,80,80,80,84,79,84,84,84,84,84,84,1,0,0],"gold":260,"neow_bonus":"THREE_ENEMY_KILL","is_daily":false,"chose_seed":false,"campfire_upgraded":0,"win_rate":0.0,"timestamp":1614107241,"path_taken":["M","M","M","M","M","R","E","R","T","M","M","M","M","$","R","BOSS","M","M"],"items_purchased_type":["Relic"],"build_version":"2020-12-22","purchased_purges":0,"victory":false,"max_hp_per_floor":[70,70,70,70,70,70,84,84,84,84,84,84,84,84,84,84,84,84,84,84],"card_choices":[{"not_picked":["Scorched","CherryBlossoms"],"picked":"VoidDream","floor":1},{"not_picked":["BlackSwan_ego","InTheNameOfLoveAndHate"],"picked":"SKIP","floor":1},{"not_picked":["GreedKing","UniverseFragment"],"picked":"OldLady","floor":2},{"not_picked":["TodaysExpression","Loneliness"],"picked":"SKIP","floor":2},{"not_picked":["BearPaw"],"picked":"CENSORED_ego","floor":3},{"not_picked":["FourthMatchFlame","SomewhereSpear"],"picked":"SKIP","floor":3},{"not_picked":["Reverberation"],"picked":"LifeForTheDareDevil","floor":4},{"not_picked":["OSAHOGD","FairyFestival"],"picked":"MHz","floor":4},{"not_picked":["SomewhereSpear"],"picked":"Ecstasy","floor":5},{"not_picked":["Laetitia_ego","Discord"],"picked":"SKIP","floor":7},{"not_picked":["TodaysExpression","Discord"],"picked":"SKIP","floor":10},{"not_picked":["Beak","TodaysExpression"],"picked":"SKIP","floor":11},{"not_picked":["LifeForTheDareDevil","Heaven","Penitence"],"picked":"SKIP","floor":12},{"not_picked":["CherryBlossom","BloodyDesire","Lantern"],"picked":"SKIP","floor":13},{"not_picked":["Justitia+1","SoundOfStar+1"],"picked":"Adoration+1","floor":16},{"not_picked":["Wellcheers","ShyLook","WallGazer"],"picked":"Singing Bowl","floor":16}],"player_experience":293391,"relics_obtained":[{"floor":1,"key":"LetterFromLob"},{"floor":7,"key":"Mango"},{"floor":9,"key":"Pen Nib"}],"event_choices":[],"is_beta":false,"boss_relics":[{"not_picked":["Snecko Eye","Fusion Hammer"],"picked":"Cursed Key"}],"items_purged_floors":[],"is_endless":false,"potions_floor_spawned":[1,4,10,12],"killed_by":"ruina:2_Scarecrows","ascension_level":0}}