{"host":"mljkxr5b6an9e5iz","time":1614118754,"event":{"mods":["AchievementEnabler","Aspiration","BaseMod","Colored Map","Conspire","Downfall","Hubris","Minty Spire (QoL Compilation)","Permanent Neow","Reliquary","Replay The Spire","StSLib"],"gold_per_floor":[0,10,85,104,104,116,116,135,135,162,179,179,179,190,209,304,304,304,304,318,333,418,418,443,456,456,456,38,67,79,79,79,79,79],"floor_reached":32,"language":"ENG","playtime":9162,"items_purged":[],"score":289,"play_id":"86551a7a-1ba0-4b15-bd26-a9d718876538","local_time":"20210223231914","is_ascension_mode":false,"campfire_choices":[{"data":"Slimebound:Split","floor":1,"key":"SMITH"},{"data":"Slimebound:GrowthPunch","floor":9,"key":"SMITH"},{"data":"Slimebound:FormOfPuddle","floor":13,"key":"SMITH"},{"data":"Slimebound:SlimeSlap","floor":18,"key":"SMITH"},{"floor":23,"key":"REST"},{"floor":26,"key":"REST"}],"circlet_count":0,"master_deck":["conspire:GhostlyStrike","conspire:GhostlyStrike","conspire:GhostlyStrike","Slimebound:Tackle","conspire:GhostlyDefend","conspire:GhostlyDefend","conspire:GhostlyDefend","conspire:GhostlyDefend","Slimebound:Split+1","Slimebound:CorrosiveSpit","Slimebound:FormOfPuddle+1","Slimebound:GrowthPunch+1","Slimebound:LeechEnergy","Slimebound:HauntingLick","Slimebound:GoopSpray","Slimebound:Grow","Slimebound:SlimeSlap+1","Slimebound:RejuvenatingLick","Slimebound:HauntingLick","Slimebound:LivingWall","Slimebound:SamplingLick","expansioncontent:StudyTheSpire","Slimebound:Replication"],"relics":["Slimebound:AbsorbEndCombat","Calipers","Counterbalance","hubris:Backtick","reliquary:GummyVitamins","conspire:TopHat","hubris:Icosahedron","Durian"],"acts_visited":["Exordium","TheCity"],"potions_floor_usage":[10,14,14,14,16,19,29,29,32],"damage_taken":[{"damage":0,"enemies":"Small Slimes","floor":2,"turns":3},{"damage":2,"enemies":"conspire:RoseBush","floor":4,"turns":3},{"damage":0,"enemies":"Jaw Worm","floor":6,"turns":5},{"damage":12,"enemies":"2 Fungi Beasts","floor":8,"turns":4},{"damage":3,"enemies":"Replay:BlueRogue","floor":10,"turns":5},{"damage":13,"enemies":"Lots of Slimes","floor":11,"turns":4},{"damage":1,"enemies":"Large Slime","floor":14,"turns":6},{"damage":1,"enemies":"downfall:LooterAlt","floor":15,"turns":4},{"damage":32,"enemies":"DF_ARCHETYPE_STREAMLINE","floor":16,"turns":8},{"damage":0,"enemies":"downfall:LooterAlt2","floor":19,"turns":2},{"damage":21,"enemies":"Spheric Guardian","floor":20,"turns":6},{"damage":10,"enemies":"Centurion and Healer","floor":21,"turns":10},{"damage":21,"enemies":"Snake Plant","floor":25,"turns":5},{"damage":5,"enemies":"downfall:FleeingMerchant","floor":28,"turns":4},{"damage":24,"enemies":"conspire:Head Lice","floor":29,"turns":8},{"damage":37,"enemies":"Shelled Parasite and Fungi","floor":30,"turns":10},{"damage":38,"enemies":"Centurion and Healer","floor":32,"turns":7}],"seed_played":"-488374969350331410","potions_obtained":[{"floor":4,"key":"Adrenaline Potion"},{"floor":11,"key":"SpeedPotion"},{"floor":12,"key":"EssenceOfSteel"},{"floor":12,"key":"Fruit Juice"},{"floor":14,"key":"Strength Potion"},{"floor":16,"key":"SmokeBomb"},{"floor":29,"key":"Swift Potion"},{"floor":30,"key":"ColorlessPotion"}],"is_trial":false,"path_per_floor":["R","M","?","M","?","M","T","M","R","E","M","?","R","M","M","B",null,"R","M","M","M","?","R","T","M","R","?","$","E","M","?","M"],"character_chosen":"SLIMEBOUND","items_purchased":["Slimebound:SamplingLick","expansioncontent:StudyTheSpire","Venom Potion","FearPotion","SkillPotion"],"campfire_rested":2,"item_purchase_floors":[28,28,28,28,28],"current_hp_per_floor":[65,65,65,65,65,65,65,55,55,60,53,53,53,65,68,42,70,70,70,52,50,38,59,59,44,65,65,64,53,24,24,0,0,0],"gold":79,"neow_bonus":"ONE_RARE_RELIC","is_daily":false,"chose_seed":false,"campfire_upgraded":4,"win_rate":0.0,"timestamp":1614118754,"path_taken":["R","M","?","M","?","M","T","?","R","E","M","?","R","?","M","BOSS","R","M","M","M","?","R","T","M","R","?","$","E","M","?","M"],"items_purchased_type":["Card","Card","Potion","Potion","Potion"],"build_version":"2020-12-22","purchased_purges":0,"victory":false,"max_hp_per_floor":[65,65,65,65,65,65,65,65,65,65,65,65,65,70,70,70,70,70,70,70,70,70,70,70,70,70,70,70,75,75,75,75,75,75],"card_choices":[{"not_picked":["Slimebound:SplitMire","Slimebound:ComboTackle"],"picked":"Slimebound:FormOfPuddle","floor":2},{"not_picked":["Slimebound:Schlurp","Slimebound:FinishingTackle"],"picked":"Slimebound:GrowthPunch","floor":4},{"not_picked":["Slimebound:LeechingTouch","Slimebound:GoopTackle"],"picked":"Slimebound:LeechEnergy","floor":6},{"not_picked":["Slimebound:ComboTackle","Slimebound:SlimeSpikes"],"picked":"Slimebound:HauntingLick","floor":8},{"not_picked":["Slimebound:SlimeTap","Slimebound:ComboTackle"],"picked":"Slimebound:GoopSpray","floor":10},{"not_picked":["Slimebound:Teamwork","Slimebound:SplitAcid","Slimebound:SplitLeeching"],"picked":"SKIP","floor":11},{"not_picked":["Slimebound:RainOfGoop","Slimebound:Schlurp"],"picked":"Slimebound:Grow","floor":14},{"not_picked":["Slimebound:LeechEnergy","Slimebound:FormOfPuddle","Slimebound:Repurpose"],"picked":"SKIP","floor":15},{"not_picked":["Slimebound:Overexert","Slimebound:CheckThePlaybook"],"picked":"Slimebound:SlimeSlap","floor":16},{"not_picked":["Slimebound:Prepare","Slimebound:LevelUp+1"],"picked":"Slimebound:RejuvenatingLick","floor":20},{"not_picked":["Slimebound:SplitBruiser","Slimebound:SplitAcid+1","Slimebound:LeadByExample"],"picked":"SKIP","floor":21},{"not_picked":["Slimebound:FlameTackle","Slimebound:LeadByExample"],"picked":"Slimebound:HauntingLick","floor":25},{"not_picked":["Slimebound:SlimeSlap","Slimebound:Dissolve+1"],"picked":"Slimebound:LivingWall","floor":28},{"not_picked":["Slimebound:LivingWall","Slimebound:ForwardTackle"],"picked":"Slimebound:Replication","floor":29},{"not_picked":["Slimebound:LeechEnergy","Slimebound:LivingWall","Slimebound:RollThrough"],"picked":"SKIP","floor":30}],"player_experience":29935,"relics_obtained":[{"floor":7,"key":"reliquary:Aerogel"},{"floor":10,"key":"Counterbalance"},{"floor":24,"key":"conspire:TopHat"},{"floor":29,"key":"Durian"}],"event_choices":[{"damage_healed":0,"gold_gain":0,"player_choice":"Agree","damage_taken":0,"max_hp_gain":0,"max_hp_loss":0,"event_name":"conspire:LoneGhost","floor":5,"gold_loss":0}],"is_beta":false,"boss_relics":[{"not_picked":["aspiration:SecretTechniqueScroll","conspire:SlowCooker"],"picked":"hubris:Backtick"}],"items_purged_floors":[],"is_endless":false,"potions_floor_spawned":[4,11,14,16,29,30],"killed_by":"Centurion and Healer","ascension_level":0}}