{"host":"vbnedsupt3437a3r","time":1614121722,"event":{"mods":["BaseMod","Minty Spire (QoL Compilation)"],"gold_per_floor":[109,128,140,156,176,16,29,54,54,109,121,135,135,145,145,242,242,261,272,285,10,22,22,49,59,59,59,74,74,74,86,86,190,190,206,226,243,292,306,306,326,326,326,286,286,302,302,319,319,319],"floor_reached":51,"language":"ENG","playtime":6700,"items_purged":["Strike_G"],"score":688,"play_id":"fbc60c99-9461-424a-b7b5-ef2f138718a4","local_time":"20210223150842","is_ascension_mode":true,"campfire_choices":[{"floor":15.0,"key":"REST"},{"data":"Acrobatics","floor":23.0,"key":"SMITH"},{"floor":27.0,"key":"REST"},{"data":"Footwork","floor":30.0,"key":"SMITH"},{"floor":32.0,"key":"REST"},{"data":"A Thousand Cuts","floor":40.0,"key":"SMITH"},{"data":"Adrenaline","floor":42.0,"key":"SMITH"},{"data":"Footwork","floor":45.0,"key":"SMITH"},{"floor":47.0,"key":"REST"},{"floor":49.0,"key":"REST"}],"circlet_count":0,"master_deck":["Strike_G","Strike_G","Strike_G","Strike_G","Defend_G","Defend_G","Defend_G","Defend_G","Defend_G","Survivor","Neutralize","Underhanded Strike","Dagger Spray","Caltrops","Backflip","Footwork+1","Burst","A Thousand Cuts+1","Footwork+1","Acrobatics+1","Slice","Infinite Blades+1","Dagger Throw","Reflex","Neutralize","Adrenaline+1","Underhanded Strike+1"],"relics":["Busted Crown","Toy Ornithopter","PreservedInsect","Bag of Marbles","Tiny Chest","Runic Pyramid","Sundial","Pear","Frozen Egg 2","HoveringKite","Strawberry","MealTicket"],"acts_visited":["Exordium","TheCity","TheBeyond"],"potions_floor_usage":[50,50,50],"damage_taken":[{"damage":0.0,"enemies":"2 Louse","floor":1.0,"turns":3.0},{"damage":0.0,"enemies":"Small Slimes","floor":2.0,"turns":4.0},{"damage":0.0,"enemies":"Cultist","floor":3.0,"turns":4.0},{"damage":10.0,"enemies":"Large Slime","floor":4.0,"turns":9.0},{"damage":5.0,"enemies":"Lots of Slimes","floor":5.0,"turns":6.0},{"damage":0.0,"enemies":"2 Fungi Beasts","floor":7.0,"turns":3.0},{"damage":28.0,"enemies":"Lagavulin","floor":8.0,"turns":9.0},{"damage":4.0,"enemies":"3 Sentries","floor":10.0,"turns":6.0},{"damage":5.0,"enemies":"Exordium Thugs","floor":11.0,"turns":5.0},{"damage":0.0,"enemies":"Large Slime","floor":12.0,"turns":6.0},{"damage":2.0,"enemies":"Blue Slaver","floor":14.0,"turns":5.0},{"damage":9.0,"enemies":"The Guardian","floor":16.0,"turns":15.0},{"damage":0.0,"enemies":"3 Byrds","floor":18.0,"turns":4.0},{"damage":2.0,"enemies":"Shell Parasite","floor":19.0,"turns":8.0},{"damage":16.0,"enemies":"Snake Plant","floor":20.0,"turns":6.0},{"damage":6.0,"enemies":"Chosen and Byrds","floor":22.0,"turns":9.0},{"damage":28.0,"enemies":"Book of Stabbing","floor":24.0,"turns":5.0},{"damage":18.0,"enemies":"Centurion and Healer","floor":25.0,"turns":5.0},{"damage":12.0,"enemies":"Shelled Parasite and Fungi","floor":28.0,"turns":6.0},{"damage":4.0,"enemies":"3 Cultists","floor":31.0,"turns":5.0},{"damage":34.0,"enemies":"Collector","floor":33.0,"turns":13.0},{"damage":17.0,"enemies":"3 Shapes","floor":35.0,"turns":4.0},{"damage":11.0,"enemies":"Orb Walker","floor":36.0,"turns":3.0},{"damage":22.0,"enemies":"4 Shapes","floor":37.0,"turns":5.0},{"damage":15.0,"enemies":"Sphere and 2 Shapes","floor":39.0,"turns":6.0},{"damage":0.0,"enemies":"Maw","floor":41.0,"turns":7.0},{"damage":22.0,"enemies":"4 Shapes","floor":46.0,"turns":4.0},{"damage":20.0,"enemies":"Jaw Worm Horde","floor":48.0,"turns":4.0},{"damage":38,"enemies":"Donu and Deca","floor":50,"turns":8}],"seed_played":"-1940713840923084435","potions_obtained":[{"floor":3.0,"key":"GamblersBrew"},{"floor":4.0,"key":"LiquidMemories"},{"floor":8.0,"key":"Dexterity Potion"},{"floor":11.0,"key":"LiquidBronze"},{"floor":12.0,"key":"GamblersBrew"},{"floor":14.0,"key":"Energy Potion"},{"floor":20.0,"key":"Explosive Potion"},{"floor":28.0,"key":"Strength Potion"},{"floor":31.0,"key":"BlessingOfTheForge"},{"floor":44.0,"key":"LiquidBronze"},{"floor":44.0,"key":"CultistPotion"},{"floor":44.0,"key":"Poison Potion"},{"floor":46.0,"key":"Ancient Potion"},{"floor":48.0,"key":"ColorlessPotion"}],"is_trial":false,"path_per_floor":["M","M","M","M","M","$","M","E","T","?","M","M","?","M","R","B",null,"M","M","M","$","M","R","E","M","T","R","M","?","R","M","R","B",null,"M","M","M","T","M","R","M","R","T","?","R","M","R","M","R","B",null],"character_chosen":"THE_SILENT","items_purchased":["Caltrops","Backflip","Sundial","Slice"],"campfire_rested":5,"item_purchase_floors":[6,6,21,21],"current_hp_per_floor":[70,70,70,60,55,55,55,27,27,23,18,23,23,21,42,33,70,70,68,52,52,46,46,28,10,10,34,22,22,22,18,42,18,80,63,57,35,42,27,27,27,27,27,27,27,15,41,21,47,24],"gold":319,"neow_bonus":"BOSS_RELIC","is_daily":false,"chose_seed":false,"campfire_upgraded":5,"win_rate":0.0,"timestamp":1614121722,"path_taken":["M","M","M","M","M","$","M","E","T","?","M","M","?","M","R","BOSS","M","M","M","$","M","R","E","?","T","R","M","?","R","M","R","BOSS","M","?","M","?","M","R","M","R","T","?","R","M","R","?","R","BOSS"],"items_purchased_type":["Card","Card","Relic","Card"],"build_version":"2020-12-22","purchased_purges":1,"victory":true,"max_hp_per_floor":[70,70,70,70,70,70,70,70,70,70,70,70,70,70,70,70,70,70,70,70,70,70,70,80,80,80,80,80,80,80,80,80,80,80,80,80,80,87,87,87,87,87,87,87,87,87,87,87,87,87],"card_choices":[{"not_picked":["Backflip"],"picked":"SKIP","floor":1.0},{"not_picked":[],"picked":"Underhanded Strike","floor":2.0},{"not_picked":["Backflip"],"picked":"SKIP","floor":3.0},{"not_picked":["Backflip"],"picked":"SKIP","floor":3.0},{"not_picked":["Slice"],"picked":"SKIP","floor":4.0},{"not_picked":[],"picked":"Dagger Spray","floor":5.0},{"not_picked":["Quick Slash"],"picked":"SKIP","floor":7.0},{"not_picked":[],"picked":"Footwork","floor":8.0},{"not_picked":["Sucker Punch"],"picked":"SKIP","floor":11.0},{"not_picked":["Underhanded Strike"],"picked":"SKIP","floor":12.0},{"not_picked":[],"picked":"Burst","floor":14.0},{"not_picked":[],"picked":"A Thousand Cuts","floor":16.0},{"not_picked":[],"picked":"Footwork","floor":18.0},{"not_picked":["Quick Slash+1"],"picked":"SKIP","floor":19.0},{"not_picked":[],"picked":"Acrobatics","floor":20.0},{"not_picked":[],"picked":"Infinite Blades+1","floor":22.0},{"not_picked":["Dagger Spray"],"picked":"SKIP","floor":24.0},{"not_picked":[],"picked":"Dagger Throw","floor":25.0},{"not_picked":[],"picked":"Reflex","floor":28.0},{"not_picked":["Outmaneuver"],"picked":"SKIP","floor":31.0},{"not_picked":[],"picked":"Adrenaline","floor":33.0},{"not_picked":["Outmaneuver+1"],"picked":"SKIP","floor":35.0},{"not_picked":["Slice+1"],"picked":"SKIP","floor":36.0},{"not_picked":["Deadly Poison+1"],"picked":"SKIP","floor":37.0},{"not_picked":[],"picked":"Underhanded Strike+1","floor":39.0},{"not_picked":["Quick Slash"],"picked":"SKIP","floor":41.0},{"not_picked":["Acrobatics+1"],"picked":"SKIP","floor":46.0},{"not_picked":["Deadly Poison+1"],"picked":"SKIP","floor":48.0}],"player_experience":192534,"relics_obtained":[{"floor":8.0,"key":"Toy Ornithopter"},{"floor":9.0,"key":"PreservedInsect"},{"floor":10.0,"key":"Bag of Marbles"},{"floor":24.0,"key":"Pear"},{"floor":26.0,"key":"Frozen Egg 2"},{"floor":38.0,"key":"Strawberry"},{"floor":43.0,"key":"MealTicket"}],"event_choices":[{"damage_healed":0.0,"max_hp_gain":0.0,"max_hp_loss":0.0,"gold_gain":0.0,"event_name":"Dead Adventurer","player_choice":"Searched \u00271\u0027 times","floor":10.0,"gold_loss":0.0,"damage_taken":0.0},{"damage_healed":0.0,"max_hp_gain":0.0,"max_hp_loss":0.0,"gold_gain":0.0,"event_name":"WeMeetAgain","player_choice":"Gave Potion","floor":13.0,"gold_loss":0.0,"damage_taken":0.0,"relics_obtained":["Tiny Chest"]},{"damage_healed":0.0,"max_hp_gain":0.0,"max_hp_loss":0.0,"gold_gain":0.0,"event_name":"Match and Keep!","player_choice":"1 cards matched","floor":29.0,"gold_loss":0.0,"damage_taken":0.0,"cards_obtained":["Neutralize"]},{"damage_healed":0.0,"max_hp_gain":0.0,"max_hp_loss":0.0,"gold_gain":0.0,"event_name":"The Woman in Blue","player_choice":"Bought 3 Potions","floor":44.0,"gold_loss":0.0,"damage_taken":0.0}],"is_beta":false,"boss_relics":[{"not_picked":["Tiny House","Fusion Hammer"],"picked":"Runic Pyramid"},{"not_picked":["Velvet Choker","Calling Bell"],"picked":"HoveringKite"}],"items_purged_floors":[6],"is_endless":false,"potions_floor_spawned":[3,4,8,11,12,14,20,28,31,46,48],"ascension_level":1}}