{"host":"1y3caoxlf2txzqg0","time":1614107693,"event":{"mods":["Alarm Clock","BaseMod","Colored Map","DeckTracker","Downfall","GifTheSpireLib","Minty Spire (QoL Compilation)","Rare Cards Sparkle","Relic Stats","Spire Birthday Party","StSLib"],"gold_per_floor":[99,119,135,146,24,52,115,27,24,36,58,55,67,110,142,256,268,80,111,123,51,66,85,85,103,122,114,114,133,166,184,204,308,308,308,325,229,229,245,265,311,311,333,333,375,393,431,453,476,476,476,476],"floor_reached":50,"language":"DEU","playtime":9772,"items_purged":[],"score":665,"play_id":"96e66772-f02b-4694-a949-31c4bad8a2b1","local_time":"20210223201453","is_ascension_mode":false,"campfire_choices":[{"floor":1.0,"key":"RECALL"},{"data":"hexamod:RadiantFlame","floor":8.0,"key":"SMITH"},{"data":"hexamod:GhostflameBarrier","floor":13.0,"key":"SMITH"},{"data":"hexamod:VolcanoVisage","floor":18.0,"key":"SMITH"},{"floor":28.0,"key":"REST"},{"floor":35.0,"key":"REST"},{"floor":42.0,"key":"REST"}],"circlet_count":0,"master_deck":["hexamod:Strike","hexamod:Strike","hexamod:Strike","hexamod:Strike","hexamod:Defend","hexamod:Defend","hexamod:Defend","hexamod:Sear","hexamod:Float","hexamod:SwordOfDarkness","hexamod:ThermalTransfer+1","hexamod:InspiringFlames","hexamod:AdvancingGuard+1","hexamod:GhostflameBarrier+1","hexamod:RadiantFlame+1","hexamod:Incineration+1","hexamod:FlamesFromBeyond","hexamod:PowerFromBeyond","hexamod:EmpoweredFlame+1","hexamod:HexaLevel","hexamod:VolcanoVisage+1","hexamod:NightmareGuise+1","hexamod:Again+1","hexamod:FirstSeal","hexamod:VolcanoVisage","hexamod:FirstSeal","hexamod:HeatCrush","hexamod:SecondSeal","hexamod:ThirdSeal","hexamod:FourthSeal","hexamod:FirstSeal","hexamod:FourthSeal","hexamod:BurningTouch+1","hexamod:ExtraCrispy+1","hexamod:HeatShield+1","hexamod:ForkedFlame","hexamod:SixthSeal","hexamod:HeatCrush","hexamod:Incineration","hexamod:TimeWarp","Pain","hexamod:GhostflameBarrier+1","hexamod:AdvancingGuard+1","hexamod:HeatCrush+1","hexamod:HauntingEcho","hexamod:HauntingEcho","hexamod:Hexaguard+1","hexamod:HeatCrush+1"],"relics":["hexamod:SpiritBrand","Bag of Marbles","MawBank","downfall:HeartBlessingBlue","Bottled Lightning","Snecko Eye","downfall:HeartBlessingGreen","downfall:HeartBlessingRed","Slimebound:PreparedRelic","Gremlin Horn","Fusion Hammer","WarpedTongs","Blood Vial","FossilizedHelix","Kunai"],"acts_visited":["Exordium","TheCity","TheBeyond"],"potions_floor_usage":[49,50,50],"damage_taken":[{"damage":0.0,"enemies":"Cultist","floor":2.0,"turns":4.0},{"damage":1.0,"enemies":"Jaw Worm","floor":3.0,"turns":2.0},{"damage":2.0,"enemies":"2 Louse","floor":4.0,"turns":3.0},{"damage":0.0,"enemies":"downfall:FleeingMerchant","floor":5.0,"turns":4.0},{"damage":6.0,"enemies":"3 Sentries","floor":6.0,"turns":8.0},{"damage":0.0,"enemies":"downfall:FleeingMerchant","floor":9.0,"turns":4.0},{"damage":10.0,"enemies":"Exordium Thugs","floor":11.0,"turns":4.0},{"damage":0.0,"enemies":"downfall:FleeingMerchant","floor":12.0,"turns":4.0},{"damage":6.0,"enemies":"Gremlin Nob","floor":14.0,"turns":3.0},{"damage":16.0,"enemies":"3 Louse","floor":15.0,"turns":3.0},{"damage":37.0,"enemies":"WA_ARCHETYPE_RETAIN","floor":16.0,"turns":8.0},{"damage":5.0,"enemies":"Shell Parasite","floor":19.0,"turns":3.0},{"damage":0.0,"enemies":"downfall:FleeingMerchant","floor":21.0,"turns":4.0},{"damage":9.0,"enemies":"Chosen","floor":22.0,"turns":6.0},{"damage":0.0,"enemies":"Shelled Parasite and Fungi","floor":23.0,"turns":5.0},{"damage":11.0,"enemies":"Snake Plant","floor":25.0,"turns":3.0},{"damage":14.0,"enemies":"3 Cultists","floor":26.0,"turns":4.0},{"damage":7.0,"enemies":"Chosen and Byrds","floor":29.0,"turns":6.0},{"damage":30.0,"enemies":"Gremlin Leader","floor":30.0,"turns":6.0},{"damage":14.0,"enemies":"Sentry and Sphere","floor":31.0,"turns":4.0},{"damage":9.0,"enemies":"Centurion and Healer","floor":32.0,"turns":6.0},{"damage":69.0,"enemies":"SI_MIRROR_ARCHETYPE","floor":33.0,"turns":9.0},{"damage":0.0,"enemies":"Orb Walker","floor":36.0,"turns":3.0},{"damage":19.0,"enemies":"downfall:FleeingMerchant","floor":37.0,"turns":4.0},{"damage":34.0,"enemies":"3 Darklings","floor":39.0,"turns":4.0},{"damage":20.0,"enemies":"Maw","floor":40.0,"turns":8.0},{"damage":31.0,"enemies":"Spire Growth","floor":43.0,"turns":5.0},{"damage":9.0,"enemies":"Reptomancer","floor":45.0,"turns":6.0},{"damage":0.0,"enemies":"4 Shapes","floor":46.0,"turns":3.0},{"damage":43.0,"enemies":"Giant Head","floor":47.0,"turns":9.0},{"damage":20.0,"enemies":"Sphere and 2 Shapes","floor":48.0,"turns":6.0},{"damage":15,"enemies":"Spire Growth","floor":49,"turns":5},{"damage":93,"enemies":"DF_ARCHETYPE_ORBS","floor":50,"turns":10}],"seed_played":"-8956686984039864432","potions_obtained":[{"floor":2.0,"key":"Strength Potion"},{"floor":3.0,"key":"Swift Potion"},{"floor":11.0,"key":"FairyPotion"},{"floor":16.0,"key":"EssenceOfSteel"},{"floor":22.0,"key":"hexamod:EctoCoolerPotion"},{"floor":25.0,"key":"Strength Potion"},{"floor":29.0,"key":"Fruit Juice"},{"floor":30.0,"key":"sneckomod:MuddlingPotion"},{"floor":31.0,"key":"hexamod:DoubleChargePotion"},{"floor":31.0,"key":"GamblersBrew"},{"floor":32.0,"key":"Regen Potion"},{"floor":33.0,"key":"Explosive Potion"},{"floor":33.0,"key":"Block Potion"},{"floor":36.0,"key":"Weak Potion"},{"floor":37.0,"key":"DistilledChaos"},{"floor":39.0,"key":"Fruit Juice"},{"floor":39.0,"key":"Dexterity Potion"},{"floor":39.0,"key":"Dexterity Potion"},{"floor":40.0,"key":"Block Potion"},{"floor":43.0,"key":"BlessingOfTheForge"},{"floor":43.0,"key":"bronze:BurnAndBuffPotion"},{"floor":45.0,"key":"DuplicationPotion"},{"floor":45.0,"key":"hexamod:SoulburnPotion"},{"floor":46.0,"key":"Weak Potion"},{"floor":46.0,"key":"Strength Potion"},{"floor":47.0,"key":"DuplicationPotion"},{"floor":48.0,"key":"Dexterity Potion"},{"floor":48.0,"key":"SkillPotion"},{"floor":49,"key":"Slimebound:ThreeZeroPotion"}],"is_trial":false,"path_per_floor":["R","M","M","M","$","E","T","R","$","?","M","$","R","E","M","B",null,"R","M","?","$","M","M","T","M","M","?","R","M","E","M","M","B",null,"R","M","$","?","M","M","T","R","M","?","E","M","E","M","M","B"],"character_chosen":"THE_SPIRIT","items_purchased":["hexamod:GhostflameBarrier","hexamod:RadiantFlame","hexamod:FirstSeal","hexamod:TimeWarp"],"campfire_rested":3,"item_purchase_floors":[5,5,21,37],"current_hp_per_floor":[70,70,69,67,67,61,61,71,71,71,61,61,61,55,39,2,80,80,75,75,75,66,73,73,69,62,55,79,85,69,69,74,27,85,85,85,80,80,58,38,38,65,50,50,57,80,46,49,57,0,0,0],"gold":476,"neow_bonus":"RANDOM_COMMON_RELIC","is_daily":false,"chose_seed":false,"campfire_upgraded":3,"win_rate":0.0,"timestamp":1614107693,"path_taken":["R","M","M","M","$","E","T","R","$","?","?","?","R","E","M","BOSS","R","M","?","$","M","M","T","M","?","?","R","M","E","M","M","BOSS","R","M","$","?","M","M","T","R","?","?","E","M","E","M","M","BOSS"],"items_purchased_type":["Card","Card","Card","Card"],"build_version":"2020-12-22","purchased_purges":0,"victory":false,"max_hp_per_floor":[70,70,70,70,70,70,70,80,80,80,80,80,80,80,80,80,80,80,80,80,80,80,80,80,80,80,80,80,85,85,85,85,85,85,85,85,85,85,90,90,90,90,90,90,90,90,90,90,90,90,90,90],"relic_stats":{"Blood Vial":14,"Gremlin Horn":[14,14],"counters":[33,166],"Snecko Eye":[211,198,186,217],"Kunai":[3],"MawBank":180,"obtain_stats":[{"downfall:HeartBlessingRed":18,"Gremlin Horn":30,"downfall:HeartBlessingGreen":18,"MawBank":6,"WarpedTongs":38,"Blood Vial":41,"downfall:HeartBlessingBlue":8,"Snecko Eye":17,"Slimebound:PreparedRelic":24,"Fusion Hammer":34,"Bag of Marbles":0,"Bottled Lightning":14,"Kunai":47,"hexamod:SpiritBrand":0,"FossilizedHelix":45},{"downfall:HeartBlessingRed":11,"Gremlin Horn":19,"downfall:HeartBlessingGreen":11,"MawBank":5,"WarpedTongs":24,"Blood Vial":26,"downfall:HeartBlessingBlue":5,"Snecko Eye":11,"Slimebound:PreparedRelic":15,"Fusion Hammer":22,"Bag of Marbles":0,"Bottled Lightning":9,"Kunai":30,"hexamod:SpiritBrand":0,"FossilizedHelix":28},{"downfall:HeartBlessingRed":47,"Gremlin Horn":84,"downfall:HeartBlessingGreen":47,"MawBank":21,"WarpedTongs":110,"Blood Vial":122,"downfall:HeartBlessingBlue":21,"Snecko Eye":47,"Slimebound:PreparedRelic":65,"Fusion Hammer":103,"Bag of Marbles":0,"Bottled Lightning":36,"Kunai":145,"hexamod:SpiritBrand":0,"FossilizedHelix":133}],"WarpedTongs":[56]},"card_choices":[{"not_picked":["hexamod:ThirdSeal","hexamod:HauntingEcho"],"picked":"hexamod:SwordOfDarkness","floor":2.0},{"not_picked":["hexamod:Firestarter","hexamod:GhostShield"],"picked":"hexamod:ThermalTransfer","floor":3.0},{"not_picked":["hexamod:GhostOfSpireFuture","hexamod:RetreatToShadows"],"picked":"hexamod:InspiringFlames","floor":4.0},{"not_picked":["hexamod:EtherealExpedition","hexamod:ChargedBarrage"],"picked":"hexamod:AdvancingGuard","floor":5.0},{"not_picked":["hexamod:HeatShield","hexamod:GhostOfSpireFuture"],"picked":"hexamod:Incineration","floor":6.0},{"not_picked":["hexamod:HeatMetal","hexamod:Firestarter"],"picked":"hexamod:FlamesFromBeyond","floor":9.0},{"not_picked":["hexamod:Again","hexamod:GhostLash"],"picked":"hexamod:PowerFromBeyond","floor":11.0},{"not_picked":["hexamod:Again","hexamod:ShieldOfDarkness"],"picked":"hexamod:EmpoweredFlame","floor":12.0},{"not_picked":["hexamod:UnleashSpirits","hexamod:EtherealExpedition"],"picked":"hexamod:HexaLevel","floor":14.0},{"not_picked":["hexamod:RetreatToShadows","hexamod:RainOfEmbers","hexamod:ChargedBarrage"],"picked":"SKIP","floor":15.0},{"not_picked":["hexamod:ForkedFlame","hexamod:GhostOfSpirePresent"],"picked":"hexamod:VolcanoVisage","floor":16.0},{"not_picked":["hexamod:ThermalTransfer","hexamod:SpectralAdrenaline"],"picked":"hexamod:NightmareGuise","floor":19.0},{"not_picked":["hexamod:ThermalTransfer","hexamod:ChargedBarrage"],"picked":"hexamod:Again+1","floor":21.0},{"not_picked":["hexamod:Firestarter","hexamod:NightmareGuise"],"picked":"hexamod:VolcanoVisage","floor":22.0},{"not_picked":["hexamod:NightmareGuise","hexamod:SpectralAdrenaline"],"picked":"hexamod:FirstSeal","floor":23.0},{"not_picked":["hexamod:GhostLash","hexamod:NecessarySacrifice"],"picked":"hexamod:SwordOfDarkness+1","floor":25.0},{"not_picked":["hexamod:Firestarter+1","hexamod:BacktrackSmack"],"picked":"hexamod:HeatCrush","floor":26.0},{"not_picked":["hexamod:Hexaguard","hexamod:GhostShield+1"],"picked":"hexamod:FourthSeal","floor":29.0},{"not_picked":["hexamod:Rewind","hexamod:ExtraCrispy","hexamod:DynamicBlow"],"picked":"SKIP","floor":29.0},{"not_picked":["hexamod:EtherealExpedition","hexamod:GhostflameBarrier"],"picked":"hexamod:BurningTouch+1","floor":30.0},{"not_picked":["hexamod:PhantomFireball","hexamod:ThirdSeal"],"picked":"hexamod:ExtraCrispy+1","floor":31.0},{"not_picked":["hexamod:ThermalTransfer","hexamod:InspiringFlames","hexamod:EmpoweredFlame"],"picked":"SKIP","floor":31.0},{"not_picked":["hexamod:SpectralAdrenaline","hexamod:GhostShield"],"picked":"hexamod:HeatShield+1","floor":32.0},{"not_picked":["hexamod:NightmareStrike","hexamod:EmpoweredFlame","hexamod:Rewind+1"],"picked":"SKIP","floor":32.0},{"not_picked":["hexamod:ParanormalForm","hexamod:TimeWarp"],"picked":"hexamod:ForkedFlame","floor":33.0},{"not_picked":["hexamod:WildfireWeapon","hexamod:HexaLevel"],"picked":"hexamod:SixthSeal","floor":33.0},{"not_picked":["hexamod:ShieldOfDarkness","hexamod:SpectralAdrenaline+1","hexamod:SwordOfDarkness"],"picked":"SKIP","floor":36.0},{"not_picked":["hexamod:GhostOfSpirePast+1","hexamod:AdvancingGuard"],"picked":"hexamod:HeatCrush","floor":37.0},{"not_picked":["hexamod:DynamicBlow+1","hexamod:GhostLash+1"],"picked":"hexamod:Incineration","floor":37.0},{"not_picked":["hexamod:FirstSeal","hexamod:BurningTouch+1","hexamod:ChargedBarrage+1"],"picked":"SKIP","floor":39.0},{"not_picked":["hexamod:FastForward+1","hexamod:Again+1"],"picked":"hexamod:GhostflameBarrier+1","floor":40.0},{"not_picked":["hexamod:BacktrackSmack+1","hexamod:PhantomCloak","hexamod:RainOfEmbers+1"],"picked":"SKIP","floor":40.0},{"not_picked":["hexamod:NightmareStrike","hexamod:SpectralAdrenaline+1"],"picked":"hexamod:AdvancingGuard+1","floor":43.0},{"not_picked":["hexamod:GhostOfSpirePresent","hexamod:StepThrough+1"],"picked":"hexamod:HeatCrush","floor":45.0},{"not_picked":["hexamod:FlamesFromBeyond+1","hexamod:FastForward+1"],"picked":"hexamod:HauntingEcho","floor":46.0},{"not_picked":["hexamod:RetreatToShadows+1","hexamod:Hexaguard"],"picked":"hexamod:HauntingEcho","floor":47.0},{"not_picked":["hexamod:AdvancingGuard+1","hexamod:CatchUp+1"],"picked":"hexamod:Hexaguard+1","floor":48.0},{"not_picked":["hexamod:BacktrackSmack+1","hexamod:HeatMetal+1"],"picked":"hexamod:HeatCrush+1","floor":48.0},{"not_picked":["hexamod:HeatMetal","hexamod:BurningTouch","hexamod:BacktrackSmack"],"picked":"SKIP","floor":49}],"player_experience":1046785,"relics_obtained":[{"floor":6.0,"key":"MawBank"},{"floor":14.0,"key":"Bottled Lightning"},{"floor":24.0,"key":"Slimebound:PreparedRelic"},{"floor":30.0,"key":"Gremlin Horn"},{"floor":41.0,"key":"Blood Vial"},{"floor":45.0,"key":"FossilizedHelix"},{"floor":47.0,"key":"Kunai"}],"event_choices":[{"cards_removed":["hexamod:Defend"],"damage_healed":0.0,"max_hp_gain":0.0,"max_hp_loss":0.0,"gold_gain":0.0,"event_name":"Bonfire Elementals","player_choice":"Offered Basic","floor":10.0,"gold_loss":0.0,"damage_taken":0.0},{"damage_healed":0.0,"max_hp_gain":0.0,"max_hp_loss":0.0,"gold_gain":0.0,"event_name":"NoteForYourself","player_choice":"Ignored","floor":20.0,"gold_loss":0.0,"damage_taken":0.0},{"damage_healed":0.0,"max_hp_gain":0.0,"max_hp_loss":0.0,"gold_gain":0.0,"event_name":"Accursed Blacksmith","player_choice":"Rummage","floor":38.0,"gold_loss":0.0,"damage_taken":0.0,"relics_obtained":["WarpedTongs"],"cards_obtained":["Pain"]}],"is_beta":false,"boss_relics":[{"not_picked":["Coffee Dripper","Astrolabe"],"picked":"Snecko Eye"},{"not_picked":["Calling Bell","Runic Pyramid"],"picked":"Fusion Hammer"}],"items_purged_floors":[],"is_endless":false,"potions_floor_spawned":[2,3,11,16,22,25,32,39,40,46,47,48,49],"killed_by":"DF_ARCHETYPE_ORBS","ascension_level":0}}