{"host":"0xtpc43j5kblke7u","time":1614055104,"event":{"mods":["AchievementEnabler","BaseMod","Colored Map","Highlight Path","Minty Spire (QoL Compilation)"],"gold_per_floor":[112,112,123,24,35,35,65,65,65,65,76,76,26,57,57,162,162,176,176,18,18,34,34,34,34],"floor_reached":24,"language":"ENG","playtime":1204,"items_purged":["Strike_G"],"score":303,"play_id":"eb031844-1081-436d-a9e9-adc6b711075b","local_time":"20210222233824","is_ascension_mode":true,"campfire_choices":[{"data":"Dagger Spray","floor":6.0,"key":"SMITH"},{"floor":8.0,"key":"REST"},{"data":"Neutralize","floor":10.0,"key":"SMITH"},{"data":"Well Laid Plans","floor":12.0,"key":"SMITH"},{"data":"Bane","floor":15.0,"key":"SMITH"},{"floor":23,"key":"REST"}],"circlet_count":0,"master_deck":["AscendersBane","Strike_G","Defend_G","Defend_G","Defend_G","Defend_G","Defend_G","Survivor","Neutralize+1","Well Laid Plans+1","Dagger Throw","Footwork","Dagger Spray+1","Deadly Poison","Bane+1","Venomology","Noxious Fumes+1","Flying Knee"],"relics":["Ring of the Serpent","Orichalcum","Bird Faced Urn","Frozen Egg 2","The Courier"],"acts_visited":["Exordium","TheCity"],"potions_floor_usage":[18,22,22,24,24],"damage_taken":[{"damage":0.0,"enemies":"Jaw Worm","floor":1.0,"turns":4.0},{"damage":0.0,"enemies":"Cultist","floor":3.0,"turns":4.0},{"damage":6.0,"enemies":"2 Louse","floor":5.0,"turns":2.0},{"damage":20.0,"enemies":"Gremlin Nob","floor":7.0,"turns":5.0},{"damage":2.0,"enemies":"Blue Slaver","floor":11.0,"turns":4.0},{"damage":21.0,"enemies":"Lagavulin","floor":14.0,"turns":6.0},{"damage":25.0,"enemies":"The Guardian","floor":16.0,"turns":12.0},{"damage":28,"enemies":"Spheric Guardian","floor":18,"turns":7},{"damage":39,"enemies":"2 Thieves","floor":22,"turns":4},{"damage":44,"enemies":"Slavers","floor":24,"turns":2}],"seed_played":"3096987760562535364","potions_obtained":[{"floor":1.0,"key":"CunningPotion"},{"floor":11.0,"key":"Energy Potion"},{"floor":14.0,"key":"Regen Potion"},{"floor":16.0,"key":"SpeedPotion"},{"floor":18,"key":"PowerPotion"}],"is_trial":false,"path_per_floor":["M","?","M","$","M","R","E","R","T","R","M","R","?","E","R","B",null,"M","?","$","?","M","R","E"],"character_chosen":"THE_SILENT","items_purchased":["Footwork","Dagger Spray","Regen Potion","Flying Knee"],"campfire_rested":2,"item_purchase_floors":[4,4,20,20],"current_hp_per_floor":[63,63,63,63,57,57,37,58,58,58,60,60,60,43,43,37,62,38,38,38,38,13,34,0,0],"gold":34,"neow_bonus":"RANDOM_COMMON_RELIC","is_daily":false,"chose_seed":false,"campfire_upgraded":4,"win_rate":0.0,"timestamp":1614055104,"path_taken":["M","?","?","?","M","R","E","R","T","R","?","R","?","E","R","BOSS","M","?","$","?","?","R","E"],"items_purchased_type":["Card","Card","Potion","Card"],"build_version":"2020-12-22","purchased_purges":1,"victory":false,"max_hp_per_floor":[70,70,70,70,70,70,70,70,70,70,70,70,70,70,70,70,70,70,70,70,70,70,70,70,70],"card_choices":[{"not_picked":["Leg Sweep","Dagger Spray"],"picked":"Well Laid Plans","floor":1.0},{"not_picked":["Outmaneuver","Poisoned Stab"],"picked":"Dagger Throw","floor":3.0},{"not_picked":["Prepared","Concentrate","Flechettes"],"picked":"SKIP","floor":5.0},{"not_picked":["Concentrate","Choke"],"picked":"Deadly Poison","floor":7.0},{"not_picked":["Outmaneuver","Dagger Spray","Blade Dance"],"picked":"SKIP","floor":11.0},{"not_picked":["Blade Dance","Deadly Poison"],"picked":"Bane","floor":14.0},{"not_picked":["Night Terror","Wraith Form v2+1"],"picked":"Venomology","floor":16.0},{"not_picked":["Reflex+1","Predator"],"picked":"Noxious Fumes+1","floor":18},{"not_picked":["Deadly Poison","Slice+1","Outmaneuver"],"picked":"SKIP","floor":22}],"player_experience":701505,"relics_obtained":[{"floor":7.0,"key":"Bird Faced Urn"},{"floor":9.0,"key":"Frozen Egg 2"},{"floor":14.0,"key":"The Courier"}],"event_choices":[{"cards_removed":["Strike_G"],"damage_healed":0.0,"max_hp_gain":0.0,"max_hp_loss":0.0,"gold_gain":0.0,"event_name":"Purifier","player_choice":"Purged","floor":2.0,"gold_loss":0.0,"damage_taken":0.0},{"cards_removed":["Strike_G"],"damage_healed":0.0,"max_hp_gain":0.0,"max_hp_loss":0.0,"gold_gain":0.0,"event_name":"The Cleric","player_choice":"Card Removal","floor":13.0,"gold_loss":50.0,"damage_taken":0.0},{"damage_healed":0,"gold_gain":0,"player_choice":"Ignored","damage_taken":0,"max_hp_gain":0,"max_hp_loss":0,"event_name":"Vampires","floor":19,"gold_loss":0},{"cards_removed":["Strike_G"],"damage_healed":0,"gold_gain":0,"player_choice":"Offered Basic","damage_taken":0,"max_hp_gain":0,"max_hp_loss":0,"event_name":"Bonfire Elementals","floor":21,"gold_loss":0}],"is_beta":false,"boss_relics":[{"not_picked":["Astrolabe","WristBlade"],"picked":"Ring of the Serpent"}],"items_purged_floors":[20],"is_endless":false,"potions_floor_spawned":[1,11,14,16,18],"killed_by":"Slavers","ascension_level":10}}