{"host":"bplbr8uekuotory4","time":1614065416,"event":{"mods":["Act Like it!","BaseMod","Custom Start","GungeonMod","Hermit","KinomotoSakuraMod(ƒæ÷Æ±æ”£)","Marisa£®ÏF”Í°°ƒß¿Ì…≥£©","Minty Spire (QoL Compilation)","Prisma Mod","Quick Restart","Reimu£®≤©¿ˆ¡È√Œ£©","SOS£®Àπ∞Õ¥Ô÷Æ◊”£©","Spicy Shops","StSLib","TestMod","The Blackbeard","The Cursed","The Mystic","The Saiyan","The Senshi","The Servant 0.9.4","Yuri Mod","[IsaacMod]“‘»ˆº‚À˛"],"gold_per_floor":[113,38,38,38,121,147,147,172,252,563,576,576,217,197,197,274,274,310,325,325,0,0,0,33,33,33,53,103,134,145,62,62,133,133,149,149,74,126,126,157,173,201,201,216,128,153,72,91,91,91,91,91,0,34,34],"floor_reached":56,"language":"ZHS","playtime":1021,"items_purged":["Strike_G","Pride","Defend_G","Defend_G","Defend_G","Strike_G","Defend_G"],"score":2821,"play_id":"13456af4-69ef-4616-a285-f0d3099a24e3","local_time":"20210223153016","is_ascension_mode":true,"campfire_choices":[{"data":"Neutralize","floor":7,"key":"SMITH"},{"floor":10,"key":"REST"},{"data":"Terror","floor":12,"key":"SMITH"},{"data":"Noxious Fumes","floor":15,"key":"SMITH"},{"data":"Adrenaline","floor":23,"key":"SMITH"},{"data":"Burst","floor":25,"key":"SMITH"},{"data":"Blade Dance","floor":32,"key":"SMITH"},{"floor":49,"key":"RECALL"},{"data":"Adrenaline","floor":52,"key":"SMITH"}],"circlet_count":0,"master_deck":["AscendersBane","Strike_G","Survivor","Neutralize+1","Escape Plan","Terror+1","Noxious Fumes+1","Adrenaline+1","Concentrate+1","Leg Sweep+1","Endless Agony+1","Blade Dance+1","Backstab","Burst+1","Distraction+1","Adrenaline+1"],"relics":["Ring of the Snake","testmod-TestBox","HushsDoor","MaYiHuaBei","testmod-ArcanaOfDestiny","NeowsBlessing","RuthlessExorcism:ReiMu","DemoMod:GlassGuonStoneRelic","Gambling Chip","BloodDonationMachine","DemoMod:MeatBun","Toolbox","Astrolabe","DemoMod:GundromedaStrain","testmod-IndustrialRevolution","DemoMod:MonsterBlood","Pantograph","Tea:ReiMu","Chaos","Membership Card","GuppysHead","GuppysHairball","SatanicBible","DemoMod:Orange","EdensBlessing","InkBottle","PureWhite:ReiMu","DemoMod:BigBoy","Bag of Preparation","ClockworkSouvenir","DemoMod:AgedBell","testmod-RainbowHikingShoes"],"acts_visited":["Exordium","TheCity","TheBeyond","TheEnding"],"potions_floor_usage":[14,16,30,50,55,55],"damage_taken":[{"damage":0,"enemies":"Cultist","floor":1,"turns":1},{"damage":0,"enemies":"3 Sentries","floor":6,"turns":1},{"damage":0,"enemies":"Lagavulin","floor":8,"turns":1},{"damage":0,"enemies":"2 Louse","floor":11,"turns":1},{"damage":0,"enemies":"Hexaghost","floor":16,"turns":5},{"damage":0,"enemies":"Spheric Guardian","floor":18,"turns":1},{"damage":0,"enemies":"3 Byrds","floor":19,"turns":1},{"damage":0,"enemies":"Book of Stabbing","floor":24,"turns":2},{"damage":0,"enemies":"Shelled Parasite and Fungi","floor":27,"turns":1},{"damage":0,"enemies":"Slavers","floor":29,"turns":1},{"damage":0,"enemies":"Centurion and Healer","floor":30,"turns":1},{"damage":0,"enemies":"Collector","floor":33,"turns":1},{"damage":0,"enemies":"3 Darklings","floor":35,"turns":1},{"damage":0,"enemies":"2 Orb Walkers","floor":38,"turns":1},{"damage":0,"enemies":"Reptomancer","floor":40,"turns":1},{"damage":0,"enemies":"3 Shapes","floor":41,"turns":2},{"damage":0,"enemies":"Giant Head","floor":42,"turns":1},{"damage":0,"enemies":"Spire Growth","floor":44,"turns":1},{"damage":0,"enemies":"Mind Bloom Boss Battle","floor":46,"turns":1},{"damage":0,"enemies":"4 Shapes","floor":48,"turns":1},{"damage":0,"enemies":"Awakened One","floor":50,"turns":4},{"damage":0,"enemies":"Shield and Spear","floor":54,"turns":1},{"damage":0,"enemies":"The Heart","floor":55,"turns":1}],"seed_played":"6285192994816324207","potions_obtained":[{"floor":6,"key":"SkillPotion"},{"floor":11,"key":"testmod-SpacePotion"},{"floor":14,"key":"testmod-SpacePotion"},{"floor":29,"key":"Dexterity Potion"},{"floor":30,"key":"testmod-SpacePotion"},{"floor":33,"key":"Swift Potion"}],"is_trial":false,"path_per_floor":["M","$","?","?","?","E","R","E","T","R","M","R","$","?","R","B",null,"M","M","?","$","?","R","E","R","T","M","?","E","M","$","R","B",null,"M","?","$","?","?","E","M","E","T","M","$","?","$","M","R","B",null,"R","$","E","B",null],"character_chosen":"THE_SILENT","items_purchased":["DemoMod:MeatBun","Toolbox","Noxious Fumes","DemoMod:GundromedaStrain","testmod-IndustrialRevolution","Backstab","Chaos","GuppysHead","GuppysHairball","SatanicBible","Bag of Preparation","ClockworkSouvenir","DemoMod:AgedBell"],"campfire_rested":1,"item_purchase_floors":[13,13,13,21,21,21,31,34,34,34,47,53,53],"current_hp_per_floor":[59,59,59,59,44,44,44,44,44,22,22,22,36,36,36,36,55,55,55,55,55,61,61,68,68,68,68,68,68,68,68,68,68,31,31,29,29,41,41,41,41,41,41,41,41,41,41,41,41,41,41,41,41,41,41],"gold":34,"neow_bonus":"THREE_ENEMY_KILL","is_daily":false,"chose_seed":false,"campfire_upgraded":7,"win_rate":0.0,"timestamp":1614065416,"path_taken":["M","$","?","?","?","E","R","E","T","R","M","R","$","?","R","BOSS","M","M","?","$","?","R","E","R","T","M","?","E","M","$","R","BOSS","M","?","$","?","?","E","M","E","T","M","?","?","$","M","R","BOSS","R","$","E","BOSS"],"items_purchased_type":["Relic","Relic","Card","Relic","Relic","Card","Card","Relic","Relic","Relic","Relic","Relic","Relic"],"build_version":"2020-12-22","purchased_purges":7,"victory":true,"max_hp_per_floor":[66,66,66,66,66,66,66,66,66,66,66,66,66,66,66,66,61,61,61,61,61,61,61,68,68,68,68,68,68,68,68,68,68,31,31,29,29,41,41,41,41,41,41,41,41,41,41,41,41,41,41,41,41,41,41],"card_choices":[{"not_picked":["Quick Slash","Blur"],"picked":"Escape Plan","floor":1},{"not_picked":["Dodge and Roll","Underhanded Strike","Predator"],"picked":"SKIP","floor":6},{"not_picked":["Dagger Throw","Blade Dance","Leg Sweep"],"picked":"SKIP","floor":8},{"not_picked":["Night Terror","Sucker Punch"],"picked":"Terror","floor":11},{"not_picked":["Bullet Time","Venomology"],"picked":"Adrenaline","floor":16},{"not_picked":["Dash","Slice"],"picked":"Blade Dance","floor":18},{"not_picked":["Prepared","Bouncing Flask+1","Sucker Punch"],"picked":"SKIP","floor":19},{"not_picked":["Backflip","PiercingWail"],"picked":"Burst","floor":24},{"not_picked":["Underhanded Strike","Sucker Punch","Dagger Throw"],"picked":"SKIP","floor":27},{"not_picked":["Acrobatics","Dagger Spray","Prepared"],"picked":"SKIP","floor":29},{"not_picked":["Dodge and Roll","Catalyst+1"],"picked":"Distraction+1","floor":30},{"not_picked":["Storm of Steel","Doppelganger"],"picked":"Adrenaline","floor":33},{"not_picked":["Catalyst","Outmaneuver","Well Laid Plans"],"picked":"SKIP","floor":35},{"not_picked":["Deadly Poison","Poisoned Stab","Underhanded Strike"],"picked":"SKIP","floor":40},{"not_picked":["Deadly Poison+1","Blade Dance","Underhanded Strike"],"picked":"SKIP","floor":41},{"not_picked":["Setup","Tactician","Prepared"],"picked":"SKIP","floor":42},{"not_picked":["Expertise","Choke+1","Flying Knee"],"picked":"SKIP","floor":44},{"not_picked":["Backflip","Underhanded Strike+1","Burst"],"picked":"SKIP","floor":48},{"not_picked":["Prepared","Eviscerate","Underhanded Strike+1"],"picked":"SKIP","floor":54}],"player_experience":1180234,"relics_obtained":[{"floor":6,"key":"Gambling Chip"},{"floor":8,"key":"BloodDonationMachine"},{"floor":24,"key":"DemoMod:MonsterBlood"},{"floor":26,"key":"Pantograph"},{"floor":29,"key":"Tea:ReiMu"},{"floor":38,"key":"DemoMod:Orange"},{"floor":40,"key":"EdensBlessing"},{"floor":42,"key":"InkBottle"},{"floor":43,"key":"PureWhite:ReiMu"},{"floor":46,"key":"DemoMod:BigBoy"},{"floor":54,"key":"testmod-RainbowHikingShoes"}],"event_choices":[{"damage_healed":0,"gold_gain":0,"player_choice":"Box","damage_taken":0,"relics_obtained":["RuthlessExorcism:ReiMu"],"max_hp_gain":0,"max_hp_loss":0,"event_name":"Big Fish","floor":3,"gold_loss":0,"cards_obtained":["Regret"]},{"cards_removed":["Regret"],"damage_healed":0,"gold_gain":0,"player_choice":"Forget","damage_taken":0,"max_hp_gain":0,"max_hp_loss":0,"event_name":"Living Wall","floor":4,"gold_loss":0},{"damage_healed":0,"gold_gain":0,"player_choice":"Bought 1 Potion","damage_taken":0,"max_hp_gain":0,"max_hp_loss":0,"event_name":"The Woman in Blue","floor":14,"gold_loss":0},{"damage_healed":6,"gold_gain":0,"player_choice":"Full Heal","damage_taken":0,"max_hp_gain":0,"max_hp_loss":0,"event_name":"Wheel of Change","floor":22,"gold_loss":0},{"damage_healed":0,"gold_gain":100,"player_choice":"Bet on Murderer","damage_taken":0,"max_hp_gain":0,"max_hp_loss":0,"event_name":"The Joust","floor":28,"gold_loss":50},{"damage_healed":0,"gold_gain":0,"player_choice":"Max HP","damage_taken":0,"max_hp_gain":0,"max_hp_loss":2,"event_name":"Winding Halls","floor":36,"gold_loss":0},{"damage_healed":0,"gold_gain":0,"player_choice":"Fight","damage_taken":0,"max_hp_gain":0,"max_hp_loss":0,"event_name":"Mysterious Sphere","floor":38,"gold_loss":0},{"damage_healed":0,"gold_gain":0,"player_choice":"Ignored","damage_taken":0,"max_hp_gain":0,"max_hp_loss":0,"event_name":"Tomb of Lord Red Mask","floor":39,"gold_loss":0},{"damage_healed":0,"gold_gain":0,"player_choice":"Fight","damage_taken":0,"max_hp_gain":0,"max_hp_loss":0,"event_name":"MindBloom","floor":46,"gold_loss":0}],"is_beta":false,"boss_relics":[{"not_picked":["testmod-KeyOfTheVoid","SlaversCollar"],"picked":"Astrolabe"},{"not_picked":[]},{"not_picked":["Prayer Wheel","ChampionBelt"],"picked":"Membership Card"},{"not_picked":[]}],"items_purged_floors":[2,13,17,21,34,37,45],"is_endless":false,"potions_floor_spawned":[6,11,29,30,33,38,40,48],"ascension_level":16}}