{"host":"2c84cb4cp1emursg","time":1614050992,"event":{"mods":["Act Like it!","BaseMod","Better Third Choice","Bossed Relics","Hallownest","Hermit","Minty Spire (QoL Compilation)","Permanent Neow","Shapeshifter Mod","StSLib"],"gold_per_floor":[209,220,239,239,252,284,284,214,240,271,271,304,318,1,1,100,100,115,115,115,126,138,138,168,24,97,107,107,120,120,147,147,252,252,265,265,265],"floor_reached":36,"language":"ENG","playtime":2743,"items_purged":[],"score":466,"play_id":"41818a1a-5b12-4940-a44a-f0f078dd2989","local_time":"20210222202952","is_ascension_mode":true,"campfire_choices":[{"data":"StSShapeShifter:Garden","floor":7,"key":"SMITH"},{"data":"Apotheosis","floor":15,"key":"SMITH"},{"data":"StSShapeShifter:Flood","floor":23,"key":"SMITH"},{"data":"StSShapeShifter:SunflowerShuriken","floor":28,"key":"SMITH"},{"data":"StSShapeShifter:UnicornForm","floor":32,"key":"SMITH"}],"circlet_count":0,"master_deck":["StSShapeShifter:ShapeShifter_Strike+1","StSShapeShifter:ShapeShifter_Strike","StSShapeShifter:ShapeShifter_Strike","StSShapeShifter:ShapeShifter_Strike","StSShapeShifter:ShapeShifter_Strike+1","StSShapeShifter:ShapeShifter_Defend","StSShapeShifter:ShapeShifter_Defend","StSShapeShifter:ShapeShifter_Defend","StSShapeShifter:ShapeShifter_Defend","StSShapeShifter:ShapeShifter_Defend","StSShapeShifter:Tortoise_Form","StSShapeShifter:Lynx_Form","StSShapeShifter:Garden+1","StSShapeShifter:DragonForm","StSShapeShifter:ThornToss","StSShapeShifter:SunflowerShuriken+1","StSShapeShifter:OakBlade","Apotheosis+1","StSShapeShifter:Flood+1","StSShapeShifter:PantherForm","StSShapeShifter:UnicornForm+1","StSShapeShifter:Maul","StSShapeShifter:TopazSkin+1","StSShapeShifter:AdaptiveStrikes","StSShapeShifter:BurstingSpore"],"relics":["StSShapeShifter:AnimalHeart","StSShapeShifter:TheShapeShiftersMagnolia","MealTicket","Hallownest:StagBellRelic1","PreservedInsect","Omamori","Hallownest:DreamNailRelic","Unceasing Top","Whetstone","StSShapeShifter:LemurHeaddress","StSShapeShifter:EmeraldPantherFigurine","Oddly Smooth Stone","Meat on the Bone","Kunai","Black Star"],"acts_visited":["Hallownest:Greenpath","Hallownest:CityofTears","Hallownest:KingdomsEdge"],"potions_floor_usage":[10,13,13,22,27,30,31],"damage_taken":[{"damage":7,"enemies":"Hallownest:2_MossCreeps","floor":1,"turns":6},{"damage":7,"enemies":"2_ Uuma","floor":2,"turns":6},{"damage":5,"enemies":"Hallownest:2_Baldur","floor":3,"turns":3},{"damage":0,"enemies":"Hallownest:2_Tiktiks_1_Baldur_1_Crawlid","floor":5,"turns":1},{"damage":3,"enemies":"Hallownest:eliteVengeflyKing","floor":6,"turns":4},{"damage":11,"enemies":"Hallownest:eliteCrystalGuardian","floor":10,"turns":5},{"damage":10,"enemies":"Hallownest:eliteVengeflyKing","floor":12,"turns":7},{"damage":24,"enemies":"Hallownest:Guard_and_Warrior","floor":13,"turns":5},{"damage":15,"enemies":"Hallownest:BossBrokenVessel","floor":16,"turns":9},{"damage":0,"enemies":"Hallownest:3_Youths","floor":18,"turns":4},{"damage":0,"enemies":"Hallownest:2_Mistakes","floor":21,"turns":3},{"damage":20,"enemies":"Hallownest:3_Mistakes","floor":22,"turns":5},{"damage":0,"enemies":"Hallownest:eliteSoulWarrior","floor":24,"turns":7},{"damage":10,"enemies":"Hallownest:Master_and_Novice","floor":27,"turns":2},{"damage":4,"enemies":"Hallownest:2_Flukemon","floor":29,"turns":5},{"damage":12,"enemies":"Hallownest:2_Flukemon","floor":30,"turns":5},{"damage":20,"enemies":"Hallownest:eliteWatcherKnight","floor":31,"turns":13},{"damage":41,"enemies":"Hallownest:BossMantisLord","floor":33,"turns":10},{"damage":5,"enemies":"Hallownest:Shield_Heavy","floor":35,"turns":5},{"damage":38,"enemies":"Hallownest:Shield_Heavy","floor":36,"turns":6},{"damage":34,"enemies":"Hallownest:Shield_Heavy","floor":36,"turns":6},{"damage":28,"enemies":"Hallownest:Shield_Heavy","floor":36,"turns":3}],"seed_played":"-5884624064655389452","potions_obtained":[{"floor":2,"key":"FearPotion"},{"floor":5,"key":"Weak Potion"},{"floor":6,"key":"Strength Potion"},{"floor":16,"key":"Fire Potion"},{"floor":18,"key":"GamblersBrew"},{"floor":21,"key":"Explosive Potion"},{"floor":24,"key":"AttackPotion"}],"is_trial":false,"path_per_floor":["M","M","M","?","M","E","R","?","T","E","?","E","M","$","R","B",null,"M","?","?","M","M","R","E","$","T","M","R","M","?","E","R","B",null,"M","?"],"character_chosen":"SHAPESHIFTER","items_purchased":["Whetstone","Apotheosis","Oddly Smooth Stone"],"campfire_rested":0,"item_purchase_floors":[14,14,25],"current_hp_per_floor":[71,66,61,52,52,49,49,49,49,40,40,30,6,21,21,6,78,78,78,78,78,60,60,62,77,77,67,67,63,51,45,45,16,78,73,0,0],"gold":265,"neow_bonus":"HUNDRED_GOLD","is_daily":false,"chose_seed":false,"campfire_upgraded":5,"win_rate":0.0,"timestamp":1614050992,"path_taken":["M","M","M","?","M","E","R","?","T","E","?","E","M","$","R","BOSS","M","?","?","?","?","R","E","$","T","M","R","M","?","E","R","BOSS","M","?"],"items_purchased_type":["Relic","Card","Relic"],"build_version":"2020-12-22","purchased_purges":0,"victory":false,"max_hp_per_floor":[78,78,78,78,78,78,78,78,78,78,78,78,78,78,78,78,78,78,78,78,78,78,78,78,78,78,78,78,78,78,78,78,78,78,78,78,78],"card_choices":[{"not_picked":["StSShapeShifter:OakBlade","StSShapeShifter:BloomingSlash"],"picked":"StSShapeShifter:Garden","floor":1},{"not_picked":["StSShapeShifter:BladeOfGrass","StSShapeShifter:PoisonIvy","StSShapeShifter:SquirrelForm"],"picked":"SKIP","floor":2},{"not_picked":["StSShapeShifter:VileMushroom","StSShapeShifter:FlowerShield"],"picked":"StSShapeShifter:DragonForm","floor":3},{"not_picked":["StSShapeShifter:BulwarkOfDiscovery","StSShapeShifter:MonkeyForm"],"picked":"StSShapeShifter:ThornToss","floor":5},{"not_picked":["StSShapeShifter:BaskInBloom","StSShapeShifter:Rest"],"picked":"StSShapeShifter:SunflowerShuriken","floor":6},{"not_picked":["StSShapeShifter:Bonk","StSShapeShifter:IntimidatingAura"],"picked":"StSShapeShifter:OakBlade","floor":10},{"not_picked":["StSShapeShifter:BloomingSlash","StSShapeShifter:BurstingSpore","StSShapeShifter:HummingbirdForm"],"picked":"SKIP","floor":12},{"not_picked":["StSShapeShifter:PoisonIvy","StSShapeShifter:EmbraceTheCycle","StSShapeShifter:TopazSkin"],"picked":"SKIP","floor":13},{"not_picked":["StSShapeShifter:RhinoCalfForm","StSShapeShifter:Tornado"],"picked":"StSShapeShifter:Flood","floor":16},{"not_picked":["StSShapeShifter:Maul","StSShapeShifter:PoisonIvy+1"],"picked":"StSShapeShifter:PantherForm","floor":18},{"not_picked":["StSShapeShifter:BaskInBloom","StSShapeShifter:Rest+1","StSShapeShifter:Rabid"],"picked":"SKIP","floor":21},{"not_picked":["StSShapeShifter:DeerForm","StSShapeShifter:Rest"],"picked":"StSShapeShifter:Maul","floor":22},{"not_picked":["StSShapeShifter:WaspSwarmForm","StSShapeShifter:Earthquake","StSShapeShifter:ShiftingStrike+1"],"picked":"SKIP","floor":24},{"not_picked":["StSShapeShifter:LeapingSlash","StSShapeShifter:Roar"],"picked":"StSShapeShifter:TopazSkin+1","floor":27},{"not_picked":["StSShapeShifter:MonkeyForm+1","StSShapeShifter:ThornToss","StSShapeShifter:PorcupineForm"],"picked":"SKIP","floor":29},{"not_picked":["StSShapeShifter:EagleForm+1","StSShapeShifter:FesteringBite"],"picked":"StSShapeShifter:AdaptiveStrikes","floor":31},{"not_picked":["StSShapeShifter:ForestFire","StSShapeShifter:Evolution+1"],"picked":"StSShapeShifter:BurstingSpore","floor":35}],"player_experience":594189,"relics_obtained":[{"floor":6,"key":"MealTicket"},{"floor":9,"key":"PreservedInsect"},{"floor":10,"key":"Omamori"},{"floor":12,"key":"Unceasing Top"},{"floor":24,"key":"StSShapeShifter:EmeraldPantherFigurine"},{"floor":26,"key":"Meat on the Bone"},{"floor":31,"key":"Kunai"}],"event_choices":[],"is_beta":false,"boss_relics":[{"not_picked":["Calling Bell","Runic Pyramid"],"picked":"StSShapeShifter:LemurHeaddress"},{"not_picked":["Fusion Hammer","Busted Crown"],"picked":"Black Star"}],"items_purged_floors":[],"is_endless":false,"potions_floor_spawned":[2,5,6,16,18,21,24,30,36],"killed_by":"Hallownest:Shield_Heavy","ascension_level":1}}