{"host":"0r455zfix56tawas","time":1614096784,"event":{"mods":["AlwaysNeverKeys","BaseMod","Colored Powertips","Downfall","Highlight Path","Minty Spire (QoL Compilation)","Permanent Neow","StSLib","The Necromancer","The Servant 0.9.4"],"gold_per_floor":[0,18,30,30,40,40,40,60,91,105,38,70,70,84,94,198,198,198,208,221,421,440,470,495,395,414,514,110,110,124,124,138,234,234,234,248,267,282,282,282,282,282,297,297,309,309,359,371,381,381,381,381],"floor_reached":50,"language":"ENG","playtime":2887,"items_purged":[],"score":630,"play_id":"6aa9b216-0952-47d3-885d-01d97345ec02","local_time":"20210223171304","is_ascension_mode":false,"campfire_choices":[{"data":"hexamod:ForkedFlame","floor":1.0,"key":"SMITH"},{"data":"hexamod:Float","floor":6.0,"key":"SMITH"},{"data":"hexamod:EmpoweredFlame","floor":13.0,"key":"SMITH"},{"data":"hexamod:GhostOfSpireFuture","floor":18.0,"key":"SMITH"},{"data":"hexamod:VolcanoVisage","floor":25,"key":"SMITH"},{"data":"hexamod:TimeWarp","floor":29,"key":"SMITH"},{"data":"hexamod:UnlimitedPower","floor":35,"key":"SMITH"},{"data":"hexamod:VolcanoVisage","floor":44,"key":"SMITH"},{"data":"hexamod:VolcanoVisage","floor":46,"key":"SMITH"}],"circlet_count":0,"master_deck":["hexamod:Strike","hexamod:Strike","hexamod:Defend","hexamod:Defend","hexamod:Defend","hexamod:Defend","hexamod:Sear","hexamod:Float+1","hexamod:ForkedFlame+1","hexamod:FirstSeal","hexamod:GhostOfSpireFuture+1","hexamod:FastForward","hexamod:FastForward","hexamod:EmpoweredFlame+1","hexamod:FastForward","hexamod:FastForward+1","hexamod:TimeOfNeed+1","hexamod:VolcanoVisage+1","hexamod:SoulSteal+1","hexamod:FirstSeal","hexamod:VolcanoVisage+1","J.A.X.","hexamod:VolcanoVisage+1","hexamod:NightmareGuise","hexamod:TimeWarp+1","hexamod:PhantomCloak+1","hexamod:ExtraCrispy+1","expansioncontent:StudyTheSpire+1","hexamod:SkipABeat","hexamod:UnlimitedPower+1","hexamod:EmpoweredFlame+1","hexamod:FastForward","hexamod:FirstSeal","hexamod:SkipABeat","hexamod:FastForward"],"relics":["hexamod:SpiritBrand","Incense Burner","Vajra","Anchor","Sozu","War Paint","downfall:HeartBlessingBlue","MutagenicStrength","Membership Card","Frozen Egg 2","Philosopher\u0027s Stone","Eternal Feather","Pocketwatch"],"acts_visited":["Exordium","TheCity","TheBeyond"],"potions_floor_usage":[38,50,50],"damage_taken":[{"damage":0.0,"enemies":"Jaw Worm","floor":2.0,"turns":3.0},{"damage":0.0,"enemies":"2 Louse","floor":3.0,"turns":2.0},{"damage":0.0,"enemies":"Cultist","floor":5.0,"turns":3.0},{"damage":0.0,"enemies":"Exordium Wildlife","floor":8.0,"turns":4.0},{"damage":17.0,"enemies":"3 Sentries","floor":9.0,"turns":6.0},{"damage":2.0,"enemies":"Blue Slaver","floor":10.0,"turns":4.0},{"damage":0.0,"enemies":"downfall:FleeingMerchant","floor":11.0,"turns":4.0},{"damage":26.0,"enemies":"Gremlin Nob","floor":12.0,"turns":4.0},{"damage":0.0,"enemies":"Gremlin Gang","floor":14.0,"turns":3.0},{"damage":17.0,"enemies":"Exordium Thugs","floor":15.0,"turns":4.0},{"damage":0.0,"enemies":"SI_SHIV_ARCHETYPE","floor":16.0,"turns":6.0},{"damage":5.0,"enemies":"downfall:LooterAlt2","floor":19.0,"turns":4.0},{"damage":0.0,"enemies":"Spheric Guardian","floor":20.0,"turns":4.0},{"damage":18.0,"enemies":"Snecko","floor":22.0,"turns":6.0},{"damage":25.0,"enemies":"Slavers","floor":23.0,"turns":5.0},{"damage":24,"enemies":"Shelled Parasite and Fungi","floor":26,"turns":6},{"damage":4,"enemies":"downfall:Augmenter","floor":27,"turns":5},{"damage":10,"enemies":"downfall:FleeingMerchant","floor":28,"turns":4},{"damage":19,"enemies":"Centurion and Healer","floor":30,"turns":5},{"damage":14,"enemies":"Snake Plant","floor":32,"turns":4},{"damage":31,"enemies":"WA_ARCHETYPE_CALM","floor":33,"turns":10},{"damage":0,"enemies":"3 Darklings","floor":36,"turns":4},{"damage":8,"enemies":"Orb Walker","floor":37,"turns":4},{"damage":10,"enemies":"4 Shapes","floor":38,"turns":4},{"damage":1,"enemies":"Maw","floor":43,"turns":6},{"damage":12,"enemies":"3 Darklings","floor":45,"turns":4},{"damage":38,"enemies":"3 Darklings","floor":47,"turns":6},{"damage":26,"enemies":"4 Shapes","floor":48,"turns":5},{"damage":8,"enemies":"Spire Growth","floor":49,"turns":5},{"damage":48,"enemies":"DF_ARCHETYPE_ORBS","floor":50,"turns":5}],"seed_played":"490248692935180633","potions_obtained":[{"floor":2.0,"key":"CultistPotion"},{"floor":8.0,"key":"BlessingOfTheForge"},{"floor":12.0,"key":"SkillPotion"},{"floor":15.0,"key":"DistilledChaos"}],"is_trial":false,"path_per_floor":["R","M","M","?","M","R","T","M","E","M","$","E","R","M","M","B",null,"R","M","M","?","M","E","T","R","M","?","$","R","M","?","M","B",null,"R","M","M","M","?","?","T","?","M","R","M","R","?","M","M","B"],"character_chosen":"THE_SPIRIT","items_purchased":["hexamod:FastForward","Membership Card","Frozen Egg 2","hexamod:ExtraCrispy+1","expansioncontent:StudyTheSpire+1"],"campfire_rested":0,"item_purchase_floors":[11,28,28,28,28],"current_hp_per_floor":[70,70,70,75,75,75,75,75,65,70,75,56,56,63,53,60,75,75,75,75,75,71,60,60,70,60,63,67,67,55,55,55,38,85,85,85,85,75,75,68,68,68,85,85,80,85,61,42,48,0,0,0],"gold":381,"neow_bonus":"THREE_RARE_CARDS","is_daily":false,"chose_seed":false,"campfire_upgraded":9,"win_rate":0.0,"timestamp":1614096784,"path_taken":["R","M","M","?","M","R","T","M","E","M","?","E","R","M","M","BOSS","R","M","M","?","M","E","T","R","?","?","$","R","M","?","M","BOSS","R","M","?","M","?","?","T","?","?","R","M","R","?","M","M","BOSS"],"items_purchased_type":["Card","Relic","Relic","Card","Card"],"build_version":"2020-12-22","purchased_purges":0,"victory":false,"max_hp_per_floor":[70,70,70,75,75,75,75,75,75,75,75,75,75,75,75,75,75,75,75,75,75,75,75,75,85,85,85,85,85,85,85,85,85,85,85,85,85,85,85,85,85,85,85,85,85,85,85,85,85,85,85,85],"card_choices":[{"not_picked":["hexamod:TimeWarp","hexamod:HexaLevel"],"picked":"hexamod:ForkedFlame","floor":0.0},{"not_picked":["hexamod:ShieldOfDarkness","hexamod:SuperheatedStrike"],"picked":"hexamod:FirstSeal","floor":2.0},{"not_picked":["hexamod:InspiringFlames","hexamod:Again","hexamod:SuperheatedStrike"],"picked":"SKIP","floor":3.0},{"not_picked":["hexamod:FourthSeal","hexamod:Haunt"],"picked":"hexamod:GhostOfSpireFuture","floor":5.0},{"not_picked":["hexamod:InspiringFlames","hexamod:ShieldOfDarkness"],"picked":"hexamod:FastForward","floor":8.0},{"not_picked":["hexamod:HeatShield","hexamod:ChargedBarrage"],"picked":"hexamod:FastForward","floor":9.0},{"not_picked":["hexamod:GhostLash","hexamod:HauntingEcho"],"picked":"hexamod:EmpoweredFlame","floor":10.0},{"not_picked":["hexamod:HauntingEcho","hexamod:SwordOfDarkness"],"picked":"hexamod:FastForward","floor":11.0},{"not_picked":["hexamod:CatchUp","hexamod:GhostOfSpireFuture"],"picked":"hexamod:TimeOfNeed","floor":12.0},{"not_picked":["hexamod:SpectersWail","hexamod:SpectralAdrenaline","hexamod:PowerFromBeyond"],"picked":"SKIP","floor":14.0},{"not_picked":["hexamod:InspiringFlames","hexamod:SuperheatedStrike","hexamod:GhostShield"],"picked":"SKIP","floor":15.0},{"not_picked":["hexamod:HexaLevel","hexamod:ParanormalForm"],"picked":"hexamod:VolcanoVisage","floor":16.0},{"not_picked":["hexamod:NightmareGuise","hexamod:RainOfEmbers"],"picked":"hexamod:SoulSteal","floor":19.0},{"not_picked":["hexamod:SpectralSpark","hexamod:GhostOfSpirePast"],"picked":"hexamod:FirstSeal","floor":20.0},{"not_picked":["hexamod:HeatMetal+1","hexamod:SwordOfDarkness","hexamod:NightmareStrike"],"picked":"SKIP","floor":22.0},{"not_picked":["hexamod:SpectralSpark+1","hexamod:HauntingEcho"],"picked":"hexamod:VolcanoVisage","floor":23.0},{"not_picked":["hexamod:GhostShield","hexamod:BurningTouch+1","hexamod:NightmareStrike"],"picked":"SKIP","floor":26},{"not_picked":[],"picked":"J.A.X.","floor":27},{"not_picked":["hexamod:EmpoweredFlame","hexamod:Rewind"],"picked":"hexamod:VolcanoVisage","floor":27},{"not_picked":["hexamod:SpectersWail","hexamod:GhostflameBarrier"],"picked":"hexamod:PhantomCloak+1","floor":28},{"not_picked":["hexamod:HeatShield","hexamod:SwordOfDarkness+1","hexamod:SpectersWail"],"picked":"SKIP","floor":30},{"not_picked":["hexamod:ThermalTransfer","hexamod:GhostLash"],"picked":"hexamod:SkipABeat","floor":32},{"not_picked":["hexamod:UnleashSpirits","hexamod:ForkedFlame"],"picked":"hexamod:UnlimitedPower","floor":33},{"not_picked":["hexamod:GhostShield","hexamod:InspiringFlames+1"],"picked":"hexamod:EmpoweredFlame+1","floor":36},{"not_picked":["hexamod:NightmareGuise","hexamod:FlamesFromBeyond"],"picked":"hexamod:FastForward","floor":37},{"not_picked":["hexamod:RetreatToShadows","hexamod:BurningTouch+1","hexamod:Hexaguard"],"picked":"SKIP","floor":38},{"not_picked":["hexamod:SwordOfDarkness","hexamod:HeatMetal"],"picked":"hexamod:SkipABeat","floor":43},{"not_picked":["hexamod:Firestarter","hexamod:PhantomCloak+1","hexamod:SecondSeal"],"picked":"SKIP","floor":45},{"not_picked":["hexamod:RecurringNightmare+1","hexamod:Rewind+1"],"picked":"hexamod:FastForward","floor":48},{"not_picked":["hexamod:NightmareGuise+1","hexamod:DynamicBlow","hexamod:NightmareStrike"],"picked":"SKIP","floor":49}],"player_experience":1017662,"relics_obtained":[{"floor":7.0,"key":"Incense Burner"},{"floor":9.0,"key":"Vajra"},{"floor":12.0,"key":"Anchor"},{"floor":23.0,"key":"War Paint"},{"floor":27,"key":"MutagenicStrength"},{"floor":41,"key":"Eternal Feather"},{"floor":47,"key":"Pocketwatch"}],"event_choices":[{"damage_healed":0.0,"max_hp_gain":5.0,"max_hp_loss":0.0,"gold_gain":0.0,"event_name":"Big Fish","player_choice":"Donut","floor":4.0,"gold_loss":0.0,"damage_taken":0.0},{"damage_healed":0,"gold_gain":0,"player_choice":"Ignored","damage_taken":0,"max_hp_gain":0,"max_hp_loss":0,"event_name":"NoteForYourself","floor":31,"gold_loss":0}],"is_beta":false,"boss_relics":[{"not_picked":["Empty Cage","Cursed Key"],"picked":"Sozu"},{"not_picked":["SlaversCollar","Astrolabe"],"picked":"Philosopher\u0027s Stone"}],"items_purged_floors":[],"is_endless":false,"potions_floor_spawned":[2,8,12,15,16,23,26,27,30,32,33,36,37,45],"killed_by":"DF_ARCHETYPE_ORBS","ascension_level":0}}