{"host":"cbu6enf2xtq4r7r3","time":1614107151,"event":{"mods":["2.2 Compatiblity","AlwaysNeverKeys","BaseMod","Better Match","Better Note","Better Sensory Stone","Better Skull","Better Third Choice","Colored Map","Colored Powertips","Defuse TimeMaze Blight","Emptier Cage","Minty Spire (QoL Compilation)","Permanent Neow","Quick Restart","Random Character Button","Relic Sorter","Reorder Act Four","Shop Mod","StSLib"],"gold_per_floor":[117,136,136,148,162,195,195,93,93,107,107,125,155,155,155,258,258,269,269,194,204,221,221,249,249,249,282,39,39,70,89,89,187,187,207,207,222,241,293,318,318,318,318,332,237,237,252,0,0,0],"floor_reached":51,"language":"ENG","playtime":1875,"items_purged":["Strike_B","Lockon"],"score":964,"play_id":"6ff604da-7f05-490a-afbd-fd2eb31307af","local_time":"20210223200551","is_ascension_mode":true,"campfire_choices":[{"data":"Zap","floor":7,"key":"SMITH"},{"data":"Self Repair","floor":11,"key":"SMITH"},{"data":"Creative AI","floor":15,"key":"SMITH"},{"data":"Glacier","floor":23,"key":"SMITH"},{"data":"Buffer","floor":25,"key":"SMITH"},{"data":"Conserve Battery","floor":32,"key":"SMITH"},{"data":"Lockon","floor":41,"key":"SMITH"},{"data":"Panacea","floor":46,"key":"SMITH"},{"data":"Defend_B","floor":49,"key":"SMITH"}],"circlet_count":0,"master_deck":["Defend_B","Defend_B","Defend_B","Defend_B+1","Zap+1","Dualcast","Ball Lightning","Self Repair+1","Lockon+1","Cold Snap","Creative AI+1","Conserve Battery+1","Buffer+1","White Noise+1","White Noise+1","BootSequence+1","Reinforced Body+1","Glacier+1","Chill","Buffer+1","BootSequence","Core Surge","Electrodynamics+1","Steam+1","Panacea+1"],"relics":["Cracked Core","Cables","Darkstone Periapt","Matryoshka","Sozu","Frozen Egg 2","DataDisk","Bottled Lightning","Eternal Feather","PreservedInsect","Letter Opener","Busted Crown","Turnip","Bronze Scales","Lantern","Pocketwatch","Red Mask"],"acts_visited":["Exordium","TheCity","TheBeyond"],"potions_floor_usage":[6,16,16],"damage_taken":[{"damage":2,"enemies":"2 Louse","floor":1,"turns":3},{"damage":2,"enemies":"Small Slimes","floor":2,"turns":3},{"damage":6,"enemies":"Jaw Worm","floor":4,"turns":2},{"damage":2,"enemies":"3 Louse","floor":5,"turns":3},{"damage":21,"enemies":"3 Sentries","floor":6,"turns":7},{"damage":7,"enemies":"Blue Slaver","floor":10,"turns":2},{"damage":0,"enemies":"2 Fungi Beasts","floor":12,"turns":3},{"damage":22,"enemies":"Lagavulin","floor":13,"turns":6},{"damage":7,"enemies":"Hexaghost","floor":16,"turns":7},{"damage":0,"enemies":"Chosen","floor":18,"turns":4},{"damage":0,"enemies":"Spheric Guardian","floor":21,"turns":6},{"damage":18,"enemies":"Snake Plant","floor":22,"turns":4},{"damage":16,"enemies":"Slavers","floor":24,"turns":6},{"damage":14,"enemies":"Gremlin Leader","floor":27,"turns":7},{"damage":0,"enemies":"Book of Stabbing","floor":30,"turns":6},{"damage":0,"enemies":"3 Cultists","floor":31,"turns":1},{"damage":0,"enemies":"Champ","floor":33,"turns":8},{"damage":0,"enemies":"3 Shapes","floor":35,"turns":3},{"damage":0,"enemies":"Orb Walker","floor":37,"turns":4},{"damage":0,"enemies":"Sphere and 2 Shapes","floor":38,"turns":3},{"damage":0,"enemies":"2 Orb Walkers","floor":39,"turns":2},{"damage":0,"enemies":"Nemesis","floor":40,"turns":6},{"damage":11,"enemies":"4 Shapes","floor":44,"turns":4},{"damage":0,"enemies":"Jaw Worm Horde","floor":47,"turns":2},{"damage":0,"enemies":"Time Eater","floor":50,"turns":12}],"seed_played":"-2476198726312828246","potions_obtained":[{"floor":4,"key":"Dexterity Potion"},{"floor":10,"key":"Regen Potion"},{"floor":12,"key":"LiquidBronze"},{"floor":13,"key":"LiquidMemories"}],"is_trial":false,"path_per_floor":["M","M","?","M","M","E","R","$","T","M","R","M","E","?","R","B",null,"M","?","?","M","M","R","E","R","T","E","$","?","E","M","R","B",null,"M","?","M","M","?","E","R","?","T","M","$","R","M","?","R","B",null],"character_chosen":"DEFECT","items_purchased":["Cold Snap","PreservedInsect","Panacea"],"campfire_rested":0,"item_purchase_floors":[8,28,45],"current_hp_per_floor":[73,71,71,65,63,49,49,49,49,49,49,59,47,40,40,43,75,75,75,75,75,67,67,61,61,61,57,57,57,67,67,75,75,75,75,75,75,75,75,75,75,75,75,74,74,75,75,75,75,75],"gold":0,"neow_bonus":"REMOVE_CARD","is_daily":false,"chose_seed":false,"campfire_upgraded":9,"win_rate":0.0,"timestamp":1614107151,"path_taken":["M","M","?","M","M","E","R","$","T","M","R","M","E","?","R","BOSS","M","?","?","M","M","R","E","R","T","E","$","?","E","?","R","BOSS","M","?","M","M","?","E","R","?","T","M","$","R","?","?","R","BOSS"],"items_purchased_type":["Card","Relic","Card"],"build_version":"2020-12-22","purchased_purges":2,"victory":true,"max_hp_per_floor":[75,75,75,75,75,75,75,75,75,75,75,75,75,75,75,75,75,75,75,75,75,75,75,75,75,75,75,75,75,75,75,75,75,75,75,75,75,75,75,75,75,75,75,75,75,75,75,75,75,75],"card_choices":[{"not_picked":["Barrage","Turbo"],"picked":"Rebound","floor":1},{"not_picked":["Melter","Force Field"],"picked":"Ball Lightning","floor":2},{"not_picked":["Stack","Auto Shields","Aggregate"],"picked":"SKIP","floor":4},{"not_picked":["Auto Shields","Steam"],"picked":"Self Repair","floor":5},{"not_picked":["Hello World","Compile Driver"],"picked":"Lockon","floor":6},{"not_picked":["Self Repair","Sunder"],"picked":"Lockon","floor":10},{"not_picked":["Hologram","Go for the Eyes"],"picked":"Creative AI","floor":12},{"not_picked":["Fission","Steam"],"picked":"Conserve Battery","floor":13},{"not_picked":["Meteor Strike","Reboot"],"picked":"Buffer","floor":16},{"not_picked":["Steam","Genetic Algorithm"],"picked":"White Noise+1","floor":18},{"not_picked":["Hello World+1","Blizzard+1"],"picked":"BootSequence+1","floor":20},{"not_picked":["FTL+1","Scrape+1"],"picked":"Reinforced Body+1","floor":20},{"not_picked":["Leap","Capacitor"],"picked":"Glacier","floor":21},{"not_picked":["Streamline","Scrape"],"picked":"Chill","floor":22},{"not_picked":["FTL","Multi-Cast"],"picked":"Buffer+1","floor":24},{"not_picked":["Redo+1","Go for the Eyes","Heatsinks+1"],"picked":"SKIP","floor":27},{"not_picked":["Conserve Battery","BootSequence"],"picked":"Core Surge","floor":30},{"not_picked":["Coolheaded","Streamline+1","Genetic Algorithm"],"picked":"SKIP","floor":31},{"not_picked":["Echo Form+1","Thunder Strike"],"picked":"Electrodynamics+1","floor":33},{"not_picked":["Double Energy+1"],"picked":"SKIP","floor":35},{"not_picked":["Sweeping Beam+1"],"picked":"SKIP","floor":37},{"not_picked":["Ball Lightning+1"],"picked":"SKIP","floor":38},{"not_picked":[],"picked":"Steam+1","floor":40},{"not_picked":["Sweeping Beam+1"],"picked":"SKIP","floor":44},{"not_picked":["Beam Cell"],"picked":"SKIP","floor":47}],"player_experience":164554,"relics_obtained":[{"floor":6,"key":"Cables"},{"floor":9,"key":"Darkstone Periapt"},{"floor":13,"key":"Matryoshka"},{"floor":24,"key":"Frozen Egg 2"},{"floor":26,"key":"DataDisk"},{"floor":26,"key":"Bottled Lightning"},{"floor":27,"key":"Eternal Feather"},{"floor":30,"key":"Letter Opener"},{"floor":39,"key":"Turnip"},{"floor":40,"key":"Bronze Scales"},{"floor":43,"key":"Lantern"},{"floor":43,"key":"Pocketwatch"}],"event_choices":[{"cards_removed":["Strike_B"],"damage_healed":0,"gold_gain":0,"player_choice":"Forget","damage_taken":0,"max_hp_gain":0,"max_hp_loss":0,"event_name":"Living Wall","floor":3,"gold_loss":0},{"cards_removed":["Strike_B"],"damage_healed":0,"gold_gain":0,"player_choice":"Card Removal","damage_taken":7,"max_hp_gain":0,"max_hp_loss":0,"event_name":"Golden Wing","floor":14,"gold_loss":0},{"damage_healed":0,"gold_gain":0,"player_choice":"Copied","damage_taken":0,"max_hp_gain":0,"max_hp_loss":0,"event_name":"Duplicator","floor":19,"gold_loss":0,"cards_obtained":["White Noise"]},{"damage_healed":0,"gold_gain":0,"player_choice":"2","damage_taken":0,"max_hp_gain":0,"max_hp_loss":0,"event_name":"betterMatch:BetterMatch","floor":20,"gold_loss":0,"cards_obtained":["betterMatch:UncommonCard","betterMatch:UncommonCard"]},{"cards_removed":["White Noise"],"damage_healed":0,"gold_gain":0,"player_choice":"Take \u0026 Give","damage_taken":0,"max_hp_gain":0,"max_hp_loss":0,"event_name":"betterNote:BetterNote","floor":29,"gold_loss":0,"cards_obtained":["BootSequence"]},{"damage_healed":0,"gold_gain":3,"player_choice":"1","damage_taken":0,"max_hp_gain":0,"max_hp_loss":0,"event_name":"betterStone:BetterStone","floor":36,"gold_loss":0},{"damage_healed":0,"gold_gain":0,"player_choice":"Fight","damage_taken":0,"max_hp_gain":0,"max_hp_loss":0,"event_name":"Mysterious Sphere","floor":39,"gold_loss":0},{"cards_removed":["Rebound"],"damage_healed":0,"gold_gain":0,"player_choice":"Removed Attack","damage_taken":0,"max_hp_gain":0,"max_hp_loss":0,"event_name":"Falling","floor":42,"gold_loss":0},{"damage_healed":0,"gold_gain":0,"player_choice":"Paid","damage_taken":0,"relics_obtained":["Red Mask"],"max_hp_gain":0,"max_hp_loss":0,"event_name":"Tomb of Lord Red Mask","floor":48,"gold_loss":252}],"is_beta":false,"boss_relics":[{"not_picked":["Nuclear Battery","Inserter"],"picked":"Sozu"},{"not_picked":["FrozenCore","Runic Pyramid"],"picked":"Busted Crown"}],"items_purged_floors":[8,28],"is_endless":false,"potions_floor_spawned":[4,10,12,13,18,27,35,38,44,47],"ascension_level":1}}