{"host":"Joker2kill","time":1614112732,"event":{"mods":["BaseMod","Bestiary","Colored Map","Curses Come First","Minty Spire (QoL Compilation)","StSLib"],"gold_per_floor":[119,119,119,129,28,61,61,87,113,113,139,149,167,185,185,280,280,291,306,405,417,429,429,429,429],"floor_reached":24,"language":"ENG","playtime":2902,"items_purged":[],"score":322,"play_id":"d6999560-e52a-42c0-bf9a-ebf038f0afac","local_time":"20210223153852","is_ascension_mode":true,"campfire_choices":[{"data":"After Image","floor":7.0,"key":"SMITH"},{"data":"Caltrops","floor":10.0,"key":"SMITH"},{"floor":15.0,"key":"REST"},{"floor":23,"key":"REST"}],"circlet_count":0,"master_deck":["Strike_G","Strike_G","Strike_G","Strike_G","Strike_G","Defend_G","Defend_G","Defend_G","Defend_G","Survivor","Neutralize","Calculated Gamble","Neutralize","After Image+1","Blur","Caltrops+1","Backflip","Prepared","PiercingWail","Dodge and Roll","Corpse Explosion","Night Terror","Escape Plan+1","Bouncing Flask+1","Blur"],"relics":["Ring of the Snake","NeowsBlessing","Blood Vial","Bag of Preparation","Omamori","Pen Nib","Sozu"],"acts_visited":["Exordium","TheCity"],"potions_floor_usage":[],"damage_taken":[{"damage":0.0,"enemies":"Small Slimes","floor":1.0,"turns":1.0},{"damage":0.0,"enemies":"2 Louse","floor":4.0,"turns":1.0},{"damage":0.0,"enemies":"Gremlin Nob","floor":6.0,"turns":1.0},{"damage":10.0,"enemies":"3 Sentries","floor":8.0,"turns":13.0},{"damage":46.0,"enemies":"Lagavulin","floor":11.0,"turns":15.0},{"damage":0.0,"enemies":"Cultist","floor":12.0,"turns":4.0},{"damage":0.0,"enemies":"Large Slime","floor":13.0,"turns":6.0},{"damage":0.0,"enemies":"3 Louse","floor":14.0,"turns":3.0},{"damage":11.0,"enemies":"Hexaghost","floor":16.0,"turns":10.0},{"damage":26.0,"enemies":"Spheric Guardian","floor":18.0,"turns":6.0},{"damage":0,"enemies":"3 Byrds","floor":19,"turns":2},{"damage":16,"enemies":"Shelled Parasite and Fungi","floor":21,"turns":9},{"damage":14,"enemies":"Centurion and Healer","floor":22,"turns":7},{"damage":43,"enemies":"Gremlin Leader","floor":24,"turns":7}],"seed_played":"6430612026288662256","potions_obtained":[{"floor":1.0,"key":"AttackPotion"},{"floor":11.0,"key":"Regen Potion"},{"floor":12.0,"key":"Block Potion"},{"floor":14.0,"key":"ColorlessPotion"},{"floor":16.0,"key":"Dexterity Potion"}],"is_trial":false,"path_per_floor":["M","?","?","M","$","E","R","E","T","R","E","M","M","M","R","B",null,"M","M","?","M","M","R","E"],"character_chosen":"THE_SILENT","items_purchased":["Caltrops","Backflip"],"campfire_rested":2,"item_purchase_floors":[5,5],"current_hp_per_floor":[70,63,63,63,63,63,63,55,55,55,11,27,29,31,52,43,70,44,46,46,32,20,41,0,0],"gold":429,"neow_bonus":"THREE_ENEMY_KILL","is_daily":false,"chose_seed":false,"campfire_upgraded":2,"win_rate":0.0,"timestamp":1614112732,"path_taken":["M","?","?","M","$","E","R","E","T","R","E","M","M","?","R","BOSS","M","M","?","M","M","R","E"],"items_purchased_type":["Card","Card"],"build_version":"2020-12-18","purchased_purges":0,"victory":false,"max_hp_per_floor":[70,70,70,70,70,70,70,70,70,70,70,70,70,70,70,70,70,70,70,70,70,70,70,70,70],"card_choices":[{"not_picked":["Skewer","Underhanded Strike"],"picked":"Calculated Gamble","floor":1.0},{"not_picked":["Dagger Spray","Deflect"],"picked":"Blur","floor":4.0},{"not_picked":["Choke","Catalyst"],"picked":"Prepared","floor":6.0},{"not_picked":["Dodge and Roll","Prepared"],"picked":"PiercingWail","floor":8.0},{"not_picked":["Prepared","Bane"],"picked":"Dodge and Roll","floor":11.0},{"not_picked":["Concentrate","Dodge and Roll","All Out Attack"],"picked":"SKIP","floor":12.0},{"not_picked":["Dodge and Roll","Dagger Throw","Skewer"],"picked":"SKIP","floor":13.0},{"not_picked":["Bane","Predator"],"picked":"Corpse Explosion","floor":14.0},{"not_picked":["Corpse Explosion","Grand Finale"],"picked":"Night Terror","floor":16.0},{"not_picked":["Underhanded Strike","Sucker Punch"],"picked":"Escape Plan+1","floor":18.0},{"not_picked":["Dodge and Roll","Blade Dance","Dagger Spray+1"],"picked":"SKIP","floor":19},{"not_picked":["Prepared","PiercingWail"],"picked":"Bouncing Flask+1","floor":21},{"not_picked":["Deflect","Night Terror"],"picked":"Blur","floor":22}],"player_experience":355763,"relics_obtained":[{"floor":6.0,"key":"Blood Vial"},{"floor":8.0,"key":"Bag of Preparation"},{"floor":9.0,"key":"Omamori"},{"floor":11.0,"key":"Pen Nib"}],"event_choices":[{"cards_removed":["Defend_G"],"damage_healed":0.0,"max_hp_gain":0.0,"max_hp_loss":0.0,"gold_gain":0.0,"event_name":"Golden Wing","player_choice":"Card Removal","floor":2.0,"gold_loss":0.0,"damage_taken":7.0},{"damage_healed":0.0,"max_hp_gain":0.0,"max_hp_loss":0.0,"gold_gain":0.0,"event_name":"Match and Keep!","player_choice":"2 cards matched","floor":3.0,"gold_loss":0.0,"damage_taken":0.0,"cards_obtained":["Neutralize","After Image"]},{"damage_healed":0,"gold_gain":99,"player_choice":"Stole From Cult","damage_taken":0,"max_hp_gain":0,"max_hp_loss":0,"event_name":"Nest","floor":20,"gold_loss":0}],"is_beta":true,"boss_relics":[{"not_picked":["Busted Crown","Snecko Eye"],"picked":"Sozu"}],"items_purged_floors":[],"is_endless":false,"potions_floor_spawned":[1,11,12,14,16,18],"killed_by":"Gremlin Leader","ascension_level":4}}