{"host":"en4narc5947t7k9n","time":1614115078,"event":{"mods":["AchievementEnabler","BaseMod","Colored Map","Minty Spire (QoL Compilation)","SuperFastMode"],"gold_per_floor":[111,131,149,161,175,205,221,221,221,237,237,249,249,308,308,308,308],"floor_reached":16,"language":"KOR","playtime":941,"items_purged":[],"score":106,"play_id":"c086e725-b6cd-4362-9cf1-55ca18c6f358","local_time":"20210224061758","is_ascension_mode":false,"campfire_choices":[{"floor":8,"key":"RECALL"},{"floor":11,"key":"REST"},{"data":"Grand Finale","floor":13,"key":"SMITH"},{"data":"Neutralize","floor":15,"key":"SMITH"}],"circlet_count":0,"master_deck":["Strike_G","Strike_G","Strike_G","Strike_G","Strike_G","Defend_G","Defend_G","Defend_G","Defend_G","Defend_G","Survivor","Neutralize+1","Dodge and Roll","Acrobatics","Slice","Backflip","Infinite Blades","Quick Slash","Bane","All Out Attack","Grand Finale+1"],"relics":["Ring of the Snake","Toy Ornithopter","Darkstone Periapt","Ancient Tea Set"],"acts_visited":["Exordium"],"potions_floor_usage":[5,6,16],"damage_taken":[{"damage":9,"enemies":"Cultist","floor":1,"turns":7},{"damage":0,"enemies":"Small Slimes","floor":2,"turns":4},{"damage":0,"enemies":"2 Louse","floor":3,"turns":6},{"damage":7,"enemies":"Exordium Wildlife","floor":4,"turns":9},{"damage":4,"enemies":"3 Louse","floor":5,"turns":5},{"damage":34,"enemies":"3 Sentries","floor":6,"turns":15},{"damage":8,"enemies":"Large Slime","floor":7,"turns":7},{"damage":14,"enemies":"Lots of Slimes","floor":10,"turns":5},{"damage":0,"enemies":"Blue Slaver","floor":12,"turns":3},{"damage":44,"enemies":"The Guardian","floor":16,"turns":9}],"seed_played":"-1227627644389261512","potions_obtained":[{"floor":1,"key":"Regen Potion"},{"floor":5,"key":"Swift Potion"},{"floor":7,"key":"DuplicationPotion"}],"is_trial":false,"path_per_floor":["M","M","M","M","M","E","M","R","T","M","R","M","R","?","R","B"],"character_chosen":"THE_SILENT","items_purchased":[],"campfire_rested":1,"item_purchase_floors":[],"current_hp_per_floor":[61,61,61,54,69,40,32,32,32,18,39,39,39,39,39,0,0],"gold":308,"neow_bonus":"RANDOM_COMMON_RELIC","is_daily":false,"chose_seed":false,"campfire_upgraded":2,"win_rate":0.0,"timestamp":1614115078,"path_taken":["M","M","?","?","M","E","M","R","T","M","R","M","R","?","R","BOSS"],"items_purchased_type":[],"build_version":"2020-12-22","purchased_purges":0,"victory":false,"max_hp_per_floor":[70,70,70,70,70,70,70,70,70,70,70,70,70,70,70,70,70],"card_choices":[{"not_picked":["Predator","Dagger Spray"],"picked":"Dodge and Roll","floor":1},{"not_picked":["Sucker Punch","Skewer"],"picked":"Acrobatics","floor":2},{"not_picked":["Footwork","Poisoned Stab"],"picked":"Slice","floor":3},{"not_picked":["Dagger Throw","Eviscerate"],"picked":"Backflip","floor":4},{"not_picked":["Sucker Punch","Skewer"],"picked":"Infinite Blades","floor":5},{"not_picked":["Acrobatics","Setup"],"picked":"Quick Slash","floor":6},{"not_picked":["Dagger Spray","Prepared"],"picked":"Bane","floor":7},{"not_picked":["Dodge and Roll","Slice"],"picked":"All Out Attack","floor":10},{"not_picked":["Sucker Punch","Eviscerate"],"picked":"Grand Finale","floor":12}],"player_experience":188506,"relics_obtained":[{"floor":6,"key":"Darkstone Periapt"},{"floor":9,"key":"Ancient Tea Set"}],"event_choices":[{"damage_healed":0,"gold_gain":59,"player_choice":"Gained Gold","damage_taken":0,"max_hp_gain":0,"max_hp_loss":0,"event_name":"Golden Wing","floor":14,"gold_loss":0}],"is_beta":false,"boss_relics":[],"items_purged_floors":[],"is_endless":false,"potions_floor_spawned":[1,5,7],"killed_by":"The Guardian","ascension_level":0}}