{"host":"ZORRO","time":1614070805,"event":{"mods":["Aspiration","BaseMod","Colored Powertips","Downfall","Hermit","Hubris","Infinite Spire","Jorbs\u0027s Wanderer Trilogy","Minty Spire (QoL Compilation)","Replay The Spire","StSLib","The Cursed","The Necromancer","The Runesmith"],"gold_per_floor":[99,115,134,134,17,17,17,37,60,60,60,16,16,41,71,185,185,185,229,259,301,332,374,374,376,413,263,291,316,316,316,347,466,466,466,505,505,538,538,570,596,596,598,634,672,703,758,758,782,812,812,812],"floor_reached":50,"language":"ENG","playtime":6016,"items_purged":[],"score":595,"play_id":"65f0d0b5-deaa-4c65-9a2e-f17b2836ad92","local_time":"20210223100005","is_ascension_mode":false,"campfire_choices":[{"data":"Slimebound:ItLooksTasty","floor":6,"key":"SMITH"},{"data":"Slimebound:CorrosiveSpit","floor":11,"key":"SMITH"},{"data":"Slimebound:TongueLash","floor":35,"key":"SMITH"},{"floor":42,"key":"REST"}],"circlet_count":0,"master_deck":["Slimebound:Strike_Slimebound","Slimebound:Strike_Slimebound","Slimebound:Strike_Slimebound","Slimebound:Tackle","Slimebound:Defend_Slimebound","Slimebound:Defend_Slimebound","Slimebound:Defend_Slimebound","Slimebound:Defend_Slimebound","Slimebound:Split","Slimebound:CorrosiveSpit+1","Slimebound:ItLooksTasty+1","Slimebound:SplitAcid+1","Slimebound:Prepare","Slimebound:TongueLash+1","Slimebound:LevelUp","Slimebound:GoopSpray","Slimebound:SplitMire","Slimebound:ItLooksTasty","Slimebound:LeechingTouch","Slimebound:GrowthPunch","Slimebound:LeechEnergy","Slimebound:OneTwoCombo","Slimebound:Prepare","Slimebound:SamplingLick","Slimebound:HauntingLick","Slimebound:Schlurp","Slimebound:LeechLife","Slimebound:LivingWall","Slimebound:LeechEnergy","Slimebound:Repurpose","Slimebound:Grow","hubris:NaturalOne","Slimebound:MassRepurpose","Slimebound:Prepare","Slimebound:Schlurp+1","Slimebound:TongueLash+1","Parasite","Slimebound:LeechEnergy","Slimebound:SamplingLick","Slimebound:PressTheAttack+1","Slimebound:OneTwoCombo","Slimebound:AcidTongue","Slimebound:GoopSpray","Doubt","Slimebound:LeadByExample"],"relics":["Slimebound:AbsorbEndCombat","Replay:Bandana","infinitespire:Midas Blood","hubris:Reverence","aspiration:SecretTechniqueScroll","Dream Catcher","Anchor","aspiration:RitualStick","Bronze Scales","hubris:Icosahedron","bronze:MakeshiftBattery","Blood Vial","Blue Candle","Bag of Preparation","ReplayTheSpireMod:TigerMarble"],"acts_visited":["Exordium","TheCity","TheBeyond"],"potions_floor_usage":[16,16,16,21,38,45,46,50],"damage_taken":[{"damage":2,"enemies":"Jaw Worm","floor":2,"turns":5},{"damage":8,"enemies":"Cultist","floor":3,"turns":4},{"damage":5,"enemies":"downfall:FleeingMerchant","floor":5,"turns":4},{"damage":7,"enemies":"Small Slimes","floor":8,"turns":3},{"damage":7,"enemies":"Blue Slaver","floor":9,"turns":4},{"damage":10,"enemies":"downfall:FleeingMerchant","floor":12,"turns":4},{"damage":3,"enemies":"Red Slaver","floor":14,"turns":3},{"damage":16,"enemies":"Exordium Thugs","floor":15,"turns":4},{"damage":21,"enemies":"WA_ARCHETYPE_RETAIN","floor":16,"turns":6},{"damage":15,"enemies":"Shell Parasite","floor":19,"turns":4},{"damage":0,"enemies":"3 Byrds","floor":20,"turns":3},{"damage":27,"enemies":"Snake Plant","floor":21,"turns":5},{"damage":8,"enemies":"3 Cultists","floor":22,"turns":5},{"damage":24,"enemies":"Gremlin Leader","floor":23,"turns":6},{"damage":16,"enemies":"Centurion and Healer","floor":26,"turns":5},{"damage":9,"enemies":"Snake Plant","floor":28,"turns":4},{"damage":18,"enemies":"Shelled Parasite and Fungi","floor":29,"turns":5},{"damage":11,"enemies":"Sentry and Sphere","floor":32,"turns":5},{"damage":32,"enemies":"IC_MUSHROOM_ARCHETYPE","floor":33,"turns":10},{"damage":22,"enemies":"3 Darklings","floor":36,"turns":4},{"damage":13,"enemies":"Orb Walker","floor":38,"turns":3},{"damage":9,"enemies":"Writhing Mass","floor":40,"turns":4},{"damage":22,"enemies":"Maw","floor":44,"turns":8},{"damage":27,"enemies":"Nemesis","floor":45,"turns":5},{"damage":9,"enemies":"Transient","floor":46,"turns":5},{"damage":24,"enemies":"Reptomancer","floor":47,"turns":7},{"damage":1,"enemies":"Sphere and 2 Shapes","floor":49,"turns":4},{"damage":141,"enemies":"SI_POISON_ARCHETYPE","floor":50,"turns":5}],"seed_played":"-7871082660548090411","potions_obtained":[{"floor":3,"key":"Strength Potion"},{"floor":9,"key":"FearPotion"},{"floor":15,"key":"ColorlessPotion"},{"floor":16,"key":"DuplicationPotion"},{"floor":21,"key":"Fruit Juice"},{"floor":26,"key":"SpeedPotion"},{"floor":28,"key":"DistilledChaos"},{"floor":29,"key":"Block Potion"},{"floor":33,"key":"BlessingOfTheForge"},{"floor":38,"key":"DistilledChaos"},{"floor":47,"key":"Doom Potion"},{"floor":49,"key":"Fire Potion"}],"is_trial":false,"path_per_floor":["R","M","M","?","$","R","T","M","M","?","R","$","T","M","M","B",null,"R","M","M","M","M","E","T","?","M","?","M","M","T","?","M","B",null,"R","M","AVR","M","?","M","T","R","?","M","E","M","E","?","M","B"],"character_chosen":"SLIMEBOUND","items_purchased":["Slimebound:TongueLash","Slimebound:LevelUp","Slimebound:LeechingTouch"],"campfire_rested":1,"item_purchase_floors":[5,5,12],"current_hp_per_floor":[65,63,59,59,62,62,62,58,57,57,57,55,55,56,48,35,65,65,58,65,47,47,31,31,17,9,80,71,71,71,71,80,62,80,80,61,61,54,54,65,65,80,75,60,43,52,38,80,80,0,0,0],"gold":812,"neow_bonus":"","is_daily":false,"chose_seed":false,"campfire_upgraded":3,"win_rate":0.0,"timestamp":1614070805,"path_taken":["R","M","M","?","$","R","T","M","M","?","R","$","?","M","M","BOSS","R","M","M","M","M","E","T","?","M","?","?","M","?","?","M","BOSS","R","M","AVR","M","?","?","T","R","?","M","E","M","E","?","M","BOSS"],"items_purchased_type":["Card","Card","Card"],"build_version":"2020-11-17","purchased_purges":0,"victory":false,"max_hp_per_floor":[65,65,65,65,65,65,65,65,65,65,65,65,65,65,65,65,65,65,65,65,70,70,70,70,70,70,80,80,80,80,80,80,80,80,80,80,80,80,80,80,80,80,80,80,80,80,80,80,80,80,80,80],"card_choices":[{"not_picked":["Slimebound:ViciousTackle","Slimebound:SlimeTap"],"picked":"Slimebound:ItLooksTasty","floor":2},{"not_picked":["Slimebound:Nibble","Slimebound:SlimeTap"],"picked":"Slimebound:SplitAcid","floor":3},{"not_picked":["Slimebound:FlameTackle","Slimebound:BestDefense"],"picked":"Slimebound:Prepare","floor":5},{"not_picked":["Slimebound:RollThrough","Slimebound:ComboTackle"],"picked":"Slimebound:GoopSpray","floor":8},{"not_picked":["Slimebound:RollThrough","Slimebound:SplitBruiser"],"picked":"Slimebound:SplitMire","floor":9},{"not_picked":["Slimebound:SplitAcid","Slimebound:GoopSpray"],"picked":"Slimebound:ItLooksTasty","floor":12},{"not_picked":["Slimebound:DisruptingSlam","Slimebound:SlimeTap"],"picked":"Slimebound:GrowthPunch","floor":14},{"not_picked":["Slimebound:MinionMaster","Slimebound:BestDefense"],"picked":"Slimebound:LeechEnergy","floor":15},{"not_picked":["Slimebound:MinionMaster","Slimebound:FirmFortitude"],"picked":"Slimebound:OneTwoCombo","floor":16},{"not_picked":["Slimebound:ComboTackle","Slimebound:GoopSpray"],"picked":"Slimebound:Prepare","floor":19},{"not_picked":["Slimebound:SplitMire","Slimebound:SlimeBrawl"],"picked":"Slimebound:SamplingLick","floor":20},{"not_picked":["Slimebound:ForwardTackle","Slimebound:ViciousTackle"],"picked":"Slimebound:HauntingLick","floor":21},{"not_picked":["Slimebound:DisruptingSlam+1","Slimebound:Prepare+1"],"picked":"Slimebound:Schlurp","floor":22},{"not_picked":["Slimebound:ProtectTheBoss","Slimebound:SplitAcid+1"],"picked":"Slimebound:LeechLife","floor":23},{"not_picked":["Slimebound:SplitBruiser","Slimebound:FinishingTackle"],"picked":"Slimebound:LivingWall","floor":26},{"not_picked":["Slimebound:SlimeBarrage","Slimebound:SplitBruiser"],"picked":"Slimebound:LeechEnergy","floor":28},{"not_picked":["Slimebound:FirmFortitude","Slimebound:ComboTackle"],"picked":"Slimebound:Repurpose","floor":29},{"not_picked":["Slimebound:GoopSpray","Slimebound:ItLooksTasty+1"],"picked":"Slimebound:Grow","floor":32},{"not_picked":["Slimebound:PrepareCrush","Slimebound:RallyTheTroops"],"picked":"Slimebound:MassRepurpose","floor":33},{"not_picked":["Slimebound:LevelUp","Slimebound:SpikyOuterGoop"],"picked":"Slimebound:Prepare","floor":36},{"not_picked":["Slimebound:LivingWall","Slimebound:RollThrough+1"],"picked":"Slimebound:Schlurp+1","floor":38},{"not_picked":["Slimebound:LivingWall+1","Slimebound:LevelUp"],"picked":"Slimebound:LeechEnergy","floor":40},{"not_picked":["Slimebound:RollThrough+1","Slimebound:SlimeSpikes+1"],"picked":"Slimebound:SamplingLick","floor":42},{"not_picked":["Slimebound:DouseInSlime","Slimebound:Nibble"],"picked":"Slimebound:PressTheAttack+1","floor":44},{"not_picked":["Slimebound:MassFeed","Slimebound:FirmFortitude"],"picked":"Slimebound:OneTwoCombo","floor":45},{"not_picked":["Slimebound:PressTheAttack","Slimebound:LeechingTouch"],"picked":"Slimebound:AcidTongue","floor":46},{"not_picked":["Slimebound:FinishingTackle","Slimebound:SplitAcid+1"],"picked":"Slimebound:GoopSpray","floor":47},{"not_picked":["Slimebound:SplitBruiser","Slimebound:Chomp+1"],"picked":"Slimebound:LeadByExample","floor":49}],"player_experience":0,"relics_obtained":[{"floor":4,"key":"Replay:Bandana"},{"floor":7,"key":"infinitespire:Midas Blood"},{"floor":13,"key":"hubris:Reverence"},{"floor":23,"key":"Dream Catcher"},{"floor":24,"key":"Anchor"},{"floor":30,"key":"Bronze Scales"},{"floor":41,"key":"Blood Vial"},{"floor":45,"key":"Bag of Preparation"},{"floor":47,"key":"ReplayTheSpireMod:TigerMarble"}],"event_choices":[],"is_beta":true,"boss_relics":[{"not_picked":["aspiration:RunicSpoon","Snecko Eye"],"picked":"aspiration:SecretTechniqueScroll"},{"not_picked":["Runic Pyramid","Replay:Wanted Poster"],"picked":"bronze:MakeshiftBattery"}],"items_purged_floors":[],"is_endless":false,"potions_floor_spawned":[3,9,15,16,21,26,28,29,32,33,38,47,49],"killed_by":"SI_POISON_ARCHETYPE","ascension_level":0}}