{"host":"ws4mzzemcqsz5e2k","time":1614068355,"event":{"mods":["Act Like it!","BaseMod","Bossed Relics","Colored Powertips","Minty Spire (QoL Compilation)","Quick Restart","Relic Filter Mod","StSLib","[IsaacMod]ÒÔÈö¼âËþ"],"gold_per_floor":[112,37,56,76,1,36,36,63,63,92,167,167,187,204,204,276,276,296,309,327,339,339,339,11,43,67,100,100,125,225,225,225,300,300,315,108,124,137,137,137,172,184,251,298,310,355,367,399,411,498,510,510],"floor_reached":51,"language":"ZHS","playtime":2477,"items_purged":["Defend_P","Strike_P"],"score":2097,"play_id":"142d5e97-234a-47df-a096-3b7aa1d59323","local_time":"20210223161915","daily_mods":["Heirloom","Elite Swarm","Uncertain Future"],"is_ascension_mode":true,"campfire_choices":[{"data":"Eruption","floor":7.0,"key":"SMITH"},{"data":"FlurryOfBlows","floor":12.0,"key":"SMITH"},{"data":"EmptyMind","floor":15.0,"key":"SMITH"},{"data":"FlurryOfBlows","floor":23.0,"key":"SMITH"},{"floor":28.0,"key":"REST"},{"floor":32.0,"key":"REST"},{"data":"TalkToTheHand","floor":40.0,"key":"SMITH"},{"data":"FearNoEvil","floor":42.0,"key":"SMITH"},{"data":"Strike_P","floor":49.0,"key":"SMITH"}],"circlet_count":0,"master_deck":["AscendersBane","Strike_P","Strike_P+1","Defend_P+1","Defend_P","Eruption+1","Vigilance+1","FlurryOfBlows+1","FlurryOfBlows+1","DevaForm","EmptyMind+1","FearNoEvil+1","Blasphemy+1","TalkToTheHand+1","Vault+1","Vault+1"],"relics":["PureWater","HushsDoor","Leech","CloakClasp","Lantern","Turnip","Bag of Marbles","Pear","VioletLotus","MutagenicStrength","Toxic Egg 2","Thread and Needle","BelialBook","Art of War","Oddly Smooth Stone","EdensBlessing","AnarchistCookbook","Black Star","Membership Card","MawBank","D6","Akabeko","Omamori","Bronze Scales","War Paint","Eternal Feather","PreservedInsect"],"acts_visited":["Exordium","TheCity","TheBeyond"],"potions_floor_usage":[],"damage_taken":[{"damage":0.0,"enemies":"Jaw Worm","floor":1.0,"turns":3.0},{"damage":0.0,"enemies":"Small Slimes","floor":3.0,"turns":2.0},{"damage":0.0,"enemies":"2 Louse","floor":4.0,"turns":2.0},{"damage":13.0,"enemies":"Lagavulin","floor":6.0,"turns":4.0},{"damage":0.0,"enemies":"Gremlin Nob","floor":8.0,"turns":3.0},{"damage":12.0,"enemies":"3 Sentries","floor":10.0,"turns":8.0},{"damage":0.0,"enemies":"2 Fungi Beasts","floor":13.0,"turns":2.0},{"damage":0.0,"enemies":"Exordium Thugs","floor":14.0,"turns":2.0},{"damage":42.0,"enemies":"The Guardian","floor":16.0,"turns":6.0},{"damage":5.0,"enemies":"2 Thieves","floor":18.0,"turns":3.0},{"damage":0.0,"enemies":"Spheric Guardian","floor":19.0,"turns":3.0},{"damage":36.0,"enemies":"Shelled Parasite and Fungi","floor":20.0,"turns":4.0},{"damage":1.0,"enemies":"Centurion and Healer","floor":21.0,"turns":3.0},{"damage":14.0,"enemies":"Gremlin Leader","floor":25.0,"turns":6.0},{"damage":8.0,"enemies":"Book of Stabbing","floor":27.0,"turns":2.0},{"damage":16.0,"enemies":"Slavers","floor":29.0,"turns":3.0},{"damage":9.0,"enemies":"Colosseum Slavers","floor":30.0,"turns":2.0},{"damage":0.0,"enemies":"Colosseum Nobs","floor":30.0,"turns":2.0},{"damage":23.0,"enemies":"Automaton","floor":33.0,"turns":5.0},{"damage":6.0,"enemies":"3 Darklings","floor":35.0,"turns":4.0},{"damage":0.0,"enemies":"Orb Walker","floor":37.0,"turns":3.0},{"damage":0.0,"enemies":"Jaw Worm Horde","floor":38.0,"turns":4.0},{"damage":1.0,"enemies":"Giant Head","floor":41.0,"turns":5.0},{"damage":3.0,"enemies":"Reptomancer","floor":44.0,"turns":4.0},{"damage":0.0,"enemies":"Giant Head","floor":46.0,"turns":6.0},{"damage":0.0,"enemies":"3 Darklings","floor":48.0,"turns":3.0},{"damage":23.0,"enemies":"Donu and Deca","floor":50.0,"turns":7.0},{"damage":142,"enemies":"Awakened One","floor":51,"turns":11}],"seed_played":"1795457126518623522","potions_obtained":[{"floor":1.0,"key":"DuplicationPotion"},{"floor":3.0,"key":"Dexterity Potion"},{"floor":18.0,"key":"FairyPotion"},{"floor":44.0,"key":"Energy Potion"}],"is_trial":true,"path_per_floor":["M","?","M","M","$","E","R","E","T","E","?","R","M","M","R","B",null,"M","M","M","M","?","R","$","E","T","E","R","E","?","?","R","B",null,"M","$","M","M","?","R","E","R","T","E","?","E","?","M","R","B","B"],"character_chosen":"WATCHER","items_purchased":["Toxic Egg 2","FearNoEvil","Membership Card"],"campfire_rested":2,"item_purchase_floors":[24,24,36],"current_hp_per_floor":[63,63,64,65,65,55,55,57,57,61,50,50,52,54,54,17,63,61,64,32,34,34,34,34,25,25,18,41,27,22,22,45,27,65,62,62,64,68,68,68,71,71,71,71,56,61,61,63,72,55,0,0],"gold":510,"neow_bonus":"","is_daily":false,"chose_seed":false,"campfire_upgraded":7,"win_rate":0.0,"timestamp":1614068355,"path_taken":["M","?","M","M","$","E","R","E","T","E","?","R","M","?","R","BOSS","M","M","M","M","?","R","$","E","T","E","R","E","?","?","R","BOSS","M","$","M","M","?","R","E","R","T","E","?","E","?","M","R","BOSS","BOSS"],"items_purchased_type":["Relic","Card","Relic"],"build_version":"2020-12-22","purchased_purges":2,"victory":false,"max_hp_per_floor":[68,68,68,68,68,68,68,68,68,78,78,78,78,78,78,78,78,78,78,78,78,78,78,78,78,78,78,78,78,78,78,78,78,78,78,78,78,78,78,78,78,78,78,78,78,78,74,74,74,74,74,74],"card_choices":[{"not_picked":["Study","ForeignInfluence"],"picked":"Bomb","floor":1.0},{"not_picked":["JustLucky","Study"],"picked":"FlurryOfBlows","floor":3.0},{"not_picked":["FlurryOfBlows","SashWhip","BowlingBash"],"picked":"SKIP","floor":4.0},{"not_picked":["SashWhip","BowlingBash"],"picked":"FlurryOfBlows","floor":4.0},{"not_picked":["Judgement","Omniscience"],"picked":"DevaForm","floor":6.0},{"not_picked":["Devotion","Judgement","Brilliance"],"picked":"SKIP","floor":8.0},{"not_picked":["DevaForm","Establishment","SpiritShield"],"picked":"SKIP","floor":10.0},{"not_picked":["EmptyFist","Wireheading"],"picked":"EmptyMind","floor":13.0},{"not_picked":["Wallop","CrushJoints","WaveOfTheHand"],"picked":"SKIP","floor":14.0},{"not_picked":["CutThroughFate","SandsOfTime","EmptyBody"],"picked":"SKIP","floor":18.0},{"not_picked":["CutThroughFate","SandsOfTime","EmptyBody"],"picked":"SKIP","floor":18.0},{"not_picked":["SashWhip","Consecrate","FlurryOfBlows"],"picked":"SKIP","floor":19.0},{"not_picked":["Consecrate+1","FlurryOfBlows","Pray"],"picked":"SKIP","floor":20.0},{"not_picked":["Halt","BattleHymn","CutThroughFate"],"picked":"SKIP","floor":21.0},{"not_picked":["DevaForm","Brilliance","Omniscience+1"],"picked":"SKIP","floor":25.0},{"not_picked":["SpiritShield+1","Wish+1"],"picked":"Blasphemy+1","floor":27.0},{"not_picked":["Brilliance","Judgement+1","Wish+1"],"picked":"SKIP","floor":29.0},{"not_picked":["Collect+1","CutThroughFate"],"picked":"TalkToTheHand","floor":30.0},{"not_picked":["Scrawl+1","Brilliance"],"picked":"Vault+1","floor":33.0},{"not_picked":["Wireheading+1","Protect+1","FearNoEvil"],"picked":"SKIP","floor":35.0},{"not_picked":["SignatureMove+1","ThirdEye+1","Halt+1"],"picked":"SKIP","floor":37.0},{"not_picked":["Evaluate+1","EmptyFist","EmptyBody+1"],"picked":"SKIP","floor":38.0},{"not_picked":["Ragnarok","Establishment","Devotion"],"picked":"SKIP","floor":41.0},{"not_picked":["Brilliance","Alpha+1","DeusExMachina+1"],"picked":"SKIP","floor":44.0},{"not_picked":["Establishment","ConjureBlade+1"],"picked":"Vault+1","floor":46.0},{"not_picked":["Collect+1","EmptyFist","Consecrate"],"picked":"SKIP","floor":48.0}],"player_experience":1582654,"relics_obtained":[{"floor":6.0,"key":"Lantern"},{"floor":8.0,"key":"Turnip"},{"floor":9.0,"key":"Bag of Marbles"},{"floor":10.0,"key":"Pear"},{"floor":25.0,"key":"Thread and Needle"},{"floor":26.0,"key":"BelialBook"},{"floor":27.0,"key":"Art of War"},{"floor":29.0,"key":"Oddly Smooth Stone"},{"floor":30.0,"key":"EdensBlessing"},{"floor":30.0,"key":"AnarchistCookbook"},{"floor":41.0,"key":"MawBank"},{"floor":41.0,"key":"D6"},{"floor":43.0,"key":"Akabeko"},{"floor":44.0,"key":"Omamori"},{"floor":44.0,"key":"Bronze Scales"},{"floor":46.0,"key":"Eternal Feather"},{"floor":46.0,"key":"PreservedInsect"}],"event_choices":[{"cards_removed":["Defend_P"],"damage_healed":0.0,"max_hp_gain":0.0,"max_hp_loss":0.0,"gold_gain":0.0,"event_name":"The Cleric","player_choice":"Card Removal","floor":2.0,"gold_loss":75.0,"damage_taken":0.0},{"damage_healed":0.0,"max_hp_gain":0.0,"max_hp_loss":0.0,"gold_gain":75.0,"event_name":"World of Goop","player_choice":"Gather Gold","floor":11.0,"gold_loss":0.0,"damage_taken":11.0},{"damage_healed":0.0,"max_hp_gain":0.0,"max_hp_loss":0.0,"gold_gain":0.0,"event_name":"Drug Dealer","player_choice":"Inject Mutagens","floor":22.0,"gold_loss":0.0,"damage_taken":0.0,"relics_obtained":["MutagenicStrength"]},{"damage_healed":0.0,"max_hp_gain":0.0,"max_hp_loss":0.0,"gold_gain":0.0,"event_name":"Colosseum","player_choice":"Fight","floor":30.0,"gold_loss":0.0,"damage_taken":0.0},{"damage_healed":0.0,"max_hp_gain":0.0,"max_hp_loss":0.0,"gold_gain":0.0,"event_name":"Colosseum","player_choice":"Fought Nobs","floor":30.0,"gold_loss":0.0,"damage_taken":0.0},{"damage_healed":0.0,"max_hp_gain":0.0,"max_hp_loss":0.0,"gold_gain":0.0,"event_name":"Cursed Tome","player_choice":"Ignored","floor":31.0,"gold_loss":0.0,"damage_taken":0.0},{"cards_removed":["Strike_P"],"damage_healed":0.0,"max_hp_gain":0.0,"max_hp_loss":0.0,"gold_gain":0.0,"event_name":"Falling","player_choice":"Removed Attack","floor":39.0,"gold_loss":0.0,"damage_taken":0.0},{"damage_healed":0.0,"max_hp_gain":0.0,"max_hp_loss":4.0,"gold_gain":0.0,"event_name":"Winding Halls","player_choice":"Max HP","floor":47.0,"gold_loss":0.0,"damage_taken":0.0}],"is_beta":false,"boss_relics":[{"not_picked":["Calling Bell","Tiny House"],"picked":"VioletLotus"},{"not_picked":[]},{"not_picked":["HolyWater","Cursed Key"],"picked":"Black Star"},{"not_picked":[]}],"items_purged_floors":[5,36],"is_endless":true,"potions_floor_spawned":[1,3,8,14,18,29,30,30,35,41,44,48,50],"killed_by":"Awakened One","ascension_level":20}}