{"host":"1v3mnj67s3trvm6y","time":1614048713,"event":{"mods":["BaseMod","Challenge The Spire","Minty Spire (QoL Compilation)","StSLib","The Cursed"],"gold_per_floor":[119,130,148,223,223,257,257,257,257,35,49,0,0,0,0],"floor_reached":14,"language":"ENG","playtime":517,"items_purged":["TheCursedMod:Strike_TheCursed"],"score":90,"play_id":"a31648c7-8b4d-473e-b32f-a27fdfb44a1f","local_time":"20210223115153","is_ascension_mode":false,"campfire_choices":[{"data":"TheCursedMod:ReleasedKnowledge","floor":7,"key":"SMITH"},{"floor":13,"key":"REST"}],"circlet_count":0,"master_deck":["TheCursedMod:Strike_TheCursed","TheCursedMod:Strike_TheCursed","TheCursedMod:Strike_TheCursed","TheCursedMod:Defend_TheCursed","TheCursedMod:Defend_TheCursed","TheCursedMod:Defend_TheCursed","TheCursedMod:CursedWand","TheCursedMod:CleanUpWorkshop+1","TheCursedMod:Dregs","TheCursedMod:ReleasedKnowledge+1","TheCursedMod:RapidMovement","TheCursedMod:SpitefulPray","TheCursedMod:SpitefulPray","TheCursedMod:SoulReap","TheCursedMod:CursedShiv"],"relics":["TheCursedMod:BlackMagic101","Vajra","Blood Vial","Strawberry"],"acts_visited":["Exordium"],"potions_floor_usage":[],"damage_taken":[{"damage":0.0,"enemies":"Cultist","floor":1.0,"turns":4.0},{"damage":0.0,"enemies":"Small Slimes","floor":2.0,"turns":4.0},{"damage":0.0,"enemies":"2 Louse","floor":3.0,"turns":4.0},{"damage":13.0,"enemies":"Exordium Wildlife","floor":5.0,"turns":5.0},{"damage":40,"enemies":"3 Sentries","floor":6,"turns":15},{"damage":3,"enemies":"Red Slaver","floor":11,"turns":4},{"damage":53,"enemies":"Gremlin Nob","floor":14,"turns":5}],"seed_played":"-9135550367277249954","potions_obtained":[{"floor":1.0,"key":"SmokeBomb"},{"floor":3.0,"key":"Ancient Potion"},{"floor":11,"key":"SkillPotion"}],"is_trial":false,"path_per_floor":["M","M","M","?","M","E","R","?","T","$","M","$","R","E"],"character_chosen":"THE_CURSED","items_purchased":["Strawberry","TheCursedMod:CursedShiv"],"campfire_rested":1,"item_purchase_floors":[10,12],"current_hp_per_floor":[75,75,75,64,51,11,11,4,4,11,10,10,34,0,0],"gold":0,"neow_bonus":"UPGRADE_CARD","is_daily":false,"chose_seed":false,"campfire_upgraded":1,"win_rate":0.0,"timestamp":1614048713,"path_taken":["M","M","?","?","M","E","R","?","T","?","?","$","R","E"],"items_purchased_type":["Relic","Card"],"build_version":"2020-12-22","purchased_purges":1,"victory":false,"max_hp_per_floor":[75,75,75,75,75,75,75,75,75,82,82,82,82,82,82],"card_choices":[{"not_picked":["TheCursedMod:CircleOfAmplification","TheCursedMod:CursedShiv"],"picked":"TheCursedMod:ReleasedKnowledge","floor":1.0},{"not_picked":["TheCursedMod:SurpriseAttack","TheCursedMod:TroublousMinions"],"picked":"TheCursedMod:RapidMovement","floor":2.0},{"not_picked":["TheCursedMod:CursedBlade","TheCursedMod:RavingStaff"],"picked":"TheCursedMod:SpitefulPray","floor":3.0},{"not_picked":["TheCursedMod:SaltUponWound","TheCursedMod:Stigma"],"picked":"TheCursedMod:SpitefulPray","floor":6},{"not_picked":["TheCursedMod:CursedBoomerang","TheCursedMod:EmpowerCircles"],"picked":"TheCursedMod:SoulReap","floor":11}],"player_experience":1604575,"relics_obtained":[{"floor":6,"key":"Vajra"},{"floor":9,"key":"Blood Vial"}],"event_choices":[{"damage_healed":0.0,"max_hp_gain":0.0,"max_hp_loss":0.0,"gold_gain":75.0,"event_name":"World of Goop","player_choice":"Gather Gold","floor":4.0,"gold_loss":0.0,"damage_taken":11.0},{"cards_removed":["TheCursedMod:Defend_TheCursed"],"damage_healed":0,"gold_gain":0,"player_choice":"Card Removal","damage_taken":7,"max_hp_gain":0,"max_hp_loss":0,"event_name":"Golden Wing","floor":8,"gold_loss":0}],"is_beta":false,"boss_relics":[],"items_purged_floors":[10],"is_endless":false,"potions_floor_spawned":[1,3,11],"killed_by":"Gremlin Nob","ascension_level":0}}