{"host":"e7sl0pd4xxdbbdh2","time":1614050382,"event":{"mods":["AchievementEnabler","BaseMod","Colored Map","Colored Powertips","Minty Spire (QoL Compilation)","StSLib"],"gold_per_floor":[113,129,17,67,78,78,113,125,125,138,58,74,103,103,103,182,182,193,193,193,206,56,56,91,91,162,197,197,215,58,90,102,186,198,229,241,264,150,203,203,237,237,317,347,361,390,390,718,718,718,718,718,718,13,48,48],"floor_reached":57,"language":"SPA","playtime":6147,"items_purged":["Dagger Throw"],"score":3293,"play_id":"d12805d6-9b1b-440b-b64c-12f04ce28bee","local_time":"20210223001942","is_ascension_mode":true,"campfire_choices":[{"data":"Wraith Form v2","floor":6.0,"key":"SMITH"},{"floor":15.0,"key":"REST"},{"floor":23.0,"key":"RECALL"},{"floor":25.0,"key":"REST"},{"floor":28.0,"key":"REST"},{"floor":32.0,"key":"REST"},{"floor":40.0,"key":"REST"},{"floor":42.0,"key":"REST"},{"floor":47.0,"key":"REST"},{"floor":49.0,"key":"REST"},{"floor":53.0,"key":"REST"}],"circlet_count":0,"master_deck":["AscendersBane","Survivor","Neutralize","Phantasmal Killer","Backflip","Crippling Poison","Wraith Form v2+1","Crippling Poison","Tactician","After Image","Cloak And Dagger","Dagger Spray","Deflect","Dagger Throw","Leg Sweep","Die Die Die","Deadly Poison","Acrobatics","Tactician","Acrobatics","Corpse Explosion","Reflex+1","Footwork+1","Burst","Accuracy","Necronomicurse","Calculated Gamble","Venomology","Blur","Cloak And Dagger+1","Footwork","Dodge and Roll","Adrenaline+1","Leg Sweep","Catalyst","Well Laid Plans","Underhanded Strike","Wraith Form v2","Night Terror","Calculated Gamble","Caltrops+1"],"relics":["Pandora\u0027s Box","Prayer Wheel","WingedGreaves","Dead Branch","Fusion Hammer","Necronomicon","Happy Flower","PreservedInsect","ClockworkSouvenir","MawBank","Black Star","Unceasing Top","Ornamental Fan","Pocketwatch","StrikeDummy","Juzu Bracelet","Torii","Akabeko","The Courier","Meat on the Bone","Old Coin","OrangePellets","Strawberry","Mango","Ninja Scroll","InkBottle"],"acts_visited":["Exordium","TheCity","TheBeyond","TheEnding"],"potions_floor_usage":[55,55,55,56,56,56,56,56],"damage_taken":[{"damage":0.0,"enemies":"2 Louse","floor":1.0,"turns":2.0},{"damage":0.0,"enemies":"Cultist","floor":2.0,"turns":2.0},{"damage":5.0,"enemies":"Small Slimes","floor":5.0,"turns":2.0},{"damage":9.0,"enemies":"3 Sentries","floor":7.0,"turns":8.0},{"damage":2.0,"enemies":"2 Fungi Beasts","floor":8.0,"turns":3.0},{"damage":2.0,"enemies":"Lots of Slimes","floor":10.0,"turns":2.0},{"damage":1.0,"enemies":"Exordium Wildlife","floor":12.0,"turns":4.0},{"damage":27.0,"enemies":"Gremlin Nob","floor":13.0,"turns":4.0},{"damage":0.0,"enemies":"Slime Boss","floor":16.0,"turns":4.0},{"damage":0.0,"enemies":"Spheric Guardian","floor":18.0,"turns":3.0},{"damage":0.0,"enemies":"3 Byrds","floor":21.0,"turns":3.0},{"damage":19.0,"enemies":"Gremlin Leader","floor":24.0,"turns":8.0},{"damage":2.0,"enemies":"Book of Stabbing","floor":27.0,"turns":6.0},{"damage":3.0,"enemies":"Snecko","floor":29.0,"turns":5.0},{"damage":0.0,"enemies":"Gremlin Leader","floor":31.0,"turns":4.0},{"damage":9.0,"enemies":"Automaton","floor":33.0,"turns":9.0},{"damage":1.0,"enemies":"3 Shapes","floor":35.0,"turns":3.0},{"damage":3.0,"enemies":"3 Darklings","floor":37.0,"turns":4.0},{"damage":36.0,"enemies":"2 Orb Walkers","floor":39.0,"turns":7.0},{"damage":0.0,"enemies":"Giant Head","floor":41.0,"turns":9.0},{"damage":0.0,"enemies":"Nemesis","floor":44.0,"turns":9.0},{"damage":0.0,"enemies":"4 Shapes","floor":45.0,"turns":5.0},{"damage":0.0,"enemies":"Giant Head","floor":46.0,"turns":7.0},{"damage":0.0,"enemies":"Reptomancer","floor":48.0,"turns":5.0},{"damage":25.0,"enemies":"Awakened One","floor":50.0,"turns":22.0},{"damage":22.0,"enemies":"Donu and Deca","floor":51.0,"turns":12.0},{"damage":40,"enemies":"Shield and Spear","floor":55,"turns":8},{"damage":26,"enemies":"The Heart","floor":56,"turns":12}],"seed_played":"-3518273234590411816","potions_obtained":[{"floor":7.0,"key":"Regen Potion"},{"floor":8.0,"key":"Swift Potion"},{"floor":13.0,"key":"FearPotion"},{"floor":16.0,"key":"EntropicBrew"},{"floor":21.0,"key":"Block Potion"},{"floor":27.0,"key":"LiquidBronze"},{"floor":31.0,"key":"PowerPotion"},{"floor":33.0,"key":"Block Potion"}],"is_trial":false,"path_per_floor":["M","M","$","?","M","R","E","M","T","M","$","M","E","?","R","B",null,"M","?","?","M","$","R","E","R","T","E","R","M","$","E","R","B",null,"M","?","M","$","?","R","E","R","T","E","M","E","R","E","R","B","B",null,"R","$","E","B",null],"character_chosen":"THE_SILENT","items_purchased":["Dagger Throw","Deflect","CunningPotion","Venomology","ClockworkSouvenir","Well Laid Plans","Underhanded Strike","EntropicBrew","Energy Potion","OrangePellets","Strawberry","Mango","Calculated Gamble"],"campfire_rested":9,"item_purchase_floors":[3,3,11,22,30,38,38,54,54,54,54,54,54],"current_hp_per_floor":[59,59,59,59,54,54,45,43,43,41,41,40,25,25,44,44,61,61,61,40,40,40,40,21,40,40,38,57,54,54,54,66,57,64,63,63,60,60,24,43,43,62,62,62,62,62,66,66,66,41,31,57,66,87,47,33],"gold":48,"neow_bonus":"BOSS_RELIC","is_daily":false,"chose_seed":false,"campfire_upgraded":1,"win_rate":0.0,"timestamp":1614050382,"path_taken":["M","M","$","?","M","R","E","M","T","M","?","M","E","?","R","BOSS","M","?","?","M","$","R","E","R","T","E","R","M","$","E","R","BOSS","M","?","?","$","?","R","E","R","T","E","M","E","R","E","R","BOSS","BOSS","R","$","E","BOSS"],"items_purchased_type":["Card","Card","Potion","Card","Relic","Card","Card","Potion","Potion","Relic","Relic","Relic","Card"],"build_version":"2020-12-22","purchased_purges":1,"victory":true,"max_hp_per_floor":[66,66,66,66,66,66,66,66,66,66,66,66,66,66,66,66,66,66,66,66,66,66,66,66,66,66,66,66,66,66,66,66,66,66,66,66,66,66,66,66,66,66,66,66,66,66,66,66,66,66,66,66,66,87,87,87],"card_choices":[{"not_picked":["Predator","Riddle With Holes"],"picked":"Cloak And Dagger","floor":1.0},{"not_picked":["Calculated Gamble","Prepared"],"picked":"Dagger Spray","floor":2.0},{"not_picked":["Bane","Deadly Poison"],"picked":"Dagger Throw","floor":5.0},{"not_picked":["Dodge and Roll","Slice"],"picked":"Leg Sweep","floor":7.0},{"not_picked":["Blade Dance","PiercingWail"],"picked":"Die Die Die","floor":8.0},{"not_picked":["Predator","Dodge and Roll"],"picked":"Deadly Poison","floor":8.0},{"not_picked":["Underhanded Strike","Flying Knee"],"picked":"Acrobatics","floor":10.0},{"not_picked":["Calculated Gamble","Flying Knee"],"picked":"Tactician","floor":10.0},{"not_picked":["Terror","Quick Slash","Underhanded Strike"],"picked":"SKIP","floor":12.0},{"not_picked":["Distraction","Slice","Sucker Punch"],"picked":"SKIP","floor":12.0},{"not_picked":["Setup","Finisher"],"picked":"Acrobatics","floor":13.0},{"not_picked":["Grand Finale","Die Die Die"],"picked":"Corpse Explosion","floor":16.0},{"not_picked":["Noxious Fumes","Choke"],"picked":"Reflex+1","floor":18.0},{"not_picked":["Deadly Poison","Heel Hook"],"picked":"Footwork+1","floor":18.0},{"not_picked":["Finisher","Slice"],"picked":"Calculated Gamble","floor":21.0},{"not_picked":["Underhanded Strike+1","Sucker Punch","Poisoned Stab"],"picked":"SKIP","floor":21.0},{"not_picked":["Flechettes","Sucker Punch"],"picked":"Blur","floor":24.0},{"not_picked":["A Thousand Cuts","Bouncing Flask","Bane"],"picked":"SKIP","floor":27.0},{"not_picked":["Noxious Fumes","Flechettes"],"picked":"Cloak And Dagger+1","floor":29.0},{"not_picked":["Setup","Riddle With Holes"],"picked":"Footwork","floor":29.0},{"not_picked":["Underhanded Strike","Accuracy"],"picked":"Dodge and Roll","floor":31.0},{"not_picked":["Die Die Die","Corpse Explosion"],"picked":"Adrenaline","floor":33.0},{"not_picked":["Dagger Throw","Deadly Poison"],"picked":"Leg Sweep","floor":35.0},{"not_picked":["Outmaneuver","Deflect","Quick Slash"],"picked":"SKIP","floor":35.0},{"not_picked":["Poisoned Stab","Sucker Punch"],"picked":"Catalyst","floor":37.0},{"not_picked":["Eviscerate+1","Acrobatics","All Out Attack"],"picked":"SKIP","floor":37.0},{"not_picked":["Cloak And Dagger","Prepared+1"],"picked":"Wraith Form v2","floor":41.0},{"not_picked":["Slice+1","Deadly Poison","Dagger Spray+1"],"picked":"SKIP","floor":44.0},{"not_picked":["Outmaneuver","Deflect","Heel Hook"],"picked":"SKIP","floor":45.0},{"not_picked":["Dagger Throw+1","Envenom","Distraction"],"picked":"SKIP","floor":45.0},{"not_picked":["Noxious Fumes+1","PiercingWail"],"picked":"Night Terror","floor":46.0},{"not_picked":["Prepared","All Out Attack","Dagger Throw"],"picked":"SKIP","floor":48.0},{"not_picked":["Backflip","All Out Attack"],"picked":"Caltrops+1","floor":55}],"player_experience":1688276,"relics_obtained":[{"floor":7.0,"key":"Prayer Wheel"},{"floor":9.0,"key":"WingedGreaves"},{"floor":13.0,"key":"Dead Branch"},{"floor":20.0,"key":"Necronomicon"},{"floor":24.0,"key":"Happy Flower"},{"floor":27.0,"key":"PreservedInsect"},{"floor":31.0,"key":"MawBank"},{"floor":39.0,"key":"Unceasing Top"},{"floor":41.0,"key":"Ornamental Fan"},{"floor":41.0,"key":"Pocketwatch"},{"floor":43.0,"key":"StrikeDummy"},{"floor":44.0,"key":"Juzu Bracelet"},{"floor":44.0,"key":"Torii"},{"floor":46.0,"key":"Akabeko"},{"floor":46.0,"key":"The Courier"},{"floor":48.0,"key":"Meat on the Bone"},{"floor":48.0,"key":"Old Coin"},{"floor":55,"key":"Ninja Scroll"},{"floor":55,"key":"InkBottle"}],"event_choices":[{"damage_healed":0.0,"max_hp_gain":0.0,"max_hp_loss":0.0,"gold_gain":50.0,"event_name":"Golden Shrine","player_choice":"Pray","floor":4.0,"gold_loss":0.0,"damage_taken":0.0},{"cards_removed":["Choke"],"damage_healed":0.0,"max_hp_gain":0.0,"max_hp_loss":0.0,"gold_gain":0.0,"event_name":"Purifier","player_choice":"Purged","floor":14.0,"gold_loss":0.0,"damage_taken":0.0},{"damage_healed":0.0,"max_hp_gain":0.0,"max_hp_loss":0.0,"gold_gain":0.0,"cards_transformed":["Dagger Spray","Endless Agony"],"event_name":"Drug Dealer","player_choice":"Became Test Subject","floor":19.0,"gold_loss":0.0,"damage_taken":0.0,"cards_obtained":["Burst","Accuracy"]},{"damage_healed":0.0,"max_hp_gain":0.0,"max_hp_loss":0.0,"gold_gain":0.0,"event_name":"Cursed Tome","player_choice":"Obtained Book","floor":20.0,"gold_loss":0.0,"damage_taken":21.0},{"damage_healed":0.0,"max_hp_gain":0.0,"max_hp_loss":0.0,"gold_gain":0.0,"event_name":"Accursed Blacksmith","player_choice":"Forge","floor":36.0,"gold_loss":0.0,"damage_taken":0.0,"cards_upgraded":["Adrenaline"]},{"damage_healed":0.0,"max_hp_gain":0.0,"max_hp_loss":0.0,"gold_gain":0.0,"event_name":"Mysterious Sphere","player_choice":"Fight","floor":39.0,"gold_loss":0.0,"damage_taken":0.0}],"is_beta":false,"boss_relics":[{"not_picked":["Runic Pyramid","Cursed Key"],"picked":"Fusion Hammer"},{"not_picked":["WristBlade","Sozu"],"picked":"Black Star"}],"items_purged_floors":[22],"is_endless":false,"potions_floor_spawned":[7,8,13,16,21,27,31,33,35,37,45,48,55],"ascension_level":20}}