{"host":"0utx1lcxgx5vu4k0","time":1614053836,"event":{"mods":["BaseMod","Colored Powertips","Minty Spire (QoL Compilation)","Permanent Neow","Relic Stats","StSLib"],"gold_per_floor":[363,363,376,12,43,92,122,211,211,69,69,96,206,263,263,467,467,480,480,35,78,78,78,132,148,148,51,51,88,132,199,199,305,305,320,320,373,373,423,423,492,492,518,561,633,669,268,321,321,346,346,346,24,85,85],"floor_reached":56,"language":"ENG","playtime":3606,"items_purged":["Strike_B","Strike_B"],"score":1731,"play_id":"17759067-ac11-460a-a158-138fc2d743ee","local_time":"20210222231716","is_ascension_mode":true,"campfire_choices":[{"data":"HandOfGreed","floor":11,"key":"SMITH"},{"data":"Rip and Tear","floor":15,"key":"SMITH"},{"data":"1","floor":23,"key":"LIFT"},{"data":"Steam Power","floor":28,"key":"SMITH"},{"data":"Hologram","floor":32,"key":"SMITH"},{"floor":40,"key":"RECALL"},{"floor":42,"key":"DIG"},{"floor":49,"key":"DIG"},{"floor":52,"key":"DIG"}],"circlet_count":0,"master_deck":["Defend_B","Defend_B","Defend_B","Defend_B","Zap+1","Dualcast","Compile Driver","Cold Snap","HandOfGreed+1","Cold Snap","Rip and Tear+1","FTL","Chill","Self Repair+1","Loop+1","Loop+1","Creative AI+1","Reinforced Body","Thunder Strike","Steam Power+1","Darkness+1","Coolheaded","White Noise+1","Hologram+1","Coolheaded+1","Echo Form+1","Hologram+1","Recycle+1","Loop+1","Chill+1","Leap+1","Biased Cognition+1","Undo+1","Skim+1","Static Discharge+1","Capacitor+1"],"relics":["Cracked Core","Lee\u0027s Waffle","Frozen Egg 2","Happy Flower","DataDisk","Cables","MealTicket","Philosopher\u0027s Stone","Girya","Oddly Smooth Stone","Medical Kit","Omamori","Emotion Chip","Mummified Hand","CeramicFish","Cursed Key","Shovel","Blood Vial","Akabeko","Pocketwatch","Lantern","Vajra","Gremlin Horn","InkBottle","Orrery","Mercury Hourglass"],"acts_visited":["Exordium","TheCity","TheBeyond","TheEnding"],"potions_floor_usage":[8,13,18,24,25,29,33,33,37,41,50,50,55,55],"damage_taken":[{"damage":2,"enemies":"Jaw Worm","floor":1,"turns":3},{"damage":1,"enemies":"Cultist","floor":3,"turns":3},{"damage":0,"enemies":"2 Louse","floor":5,"turns":3},{"damage":24,"enemies":"Gremlin Nob","floor":6,"turns":4},{"damage":6,"enemies":"2 Fungi Beasts","floor":7,"turns":4},{"damage":7,"enemies":"3 Sentries","floor":8,"turns":7},{"damage":11,"enemies":"Gremlin Nob","floor":12,"turns":4},{"damage":0,"enemies":"Lots of Slimes","floor":13,"turns":8},{"damage":0,"enemies":"Lagavulin","floor":14,"turns":5},{"damage":20,"enemies":"Slime Boss","floor":16,"turns":15},{"damage":3,"enemies":"Chosen","floor":18,"turns":4},{"damage":29,"enemies":"Shell Parasite","floor":21,"turns":4},{"damage":55,"enemies":"Slavers","floor":24,"turns":9},{"damage":24,"enemies":"Snake Plant","floor":25,"turns":3},{"damage":0,"enemies":"Cultist and Chosen","floor":29,"turns":4},{"damage":0,"enemies":"Snecko","floor":30,"turns":6},{"damage":24,"enemies":"Book of Stabbing","floor":31,"turns":5},{"damage":13,"enemies":"Collector","floor":33,"turns":10},{"damage":0,"enemies":"Orb Walker","floor":35,"turns":2},{"damage":19,"enemies":"3 Darklings","floor":37,"turns":5},{"damage":36,"enemies":"Writhing Mass","floor":39,"turns":5},{"damage":9,"enemies":"Reptomancer","floor":41,"turns":4},{"damage":0,"enemies":"Nemesis","floor":44,"turns":6},{"damage":5,"enemies":"Jaw Worm Horde","floor":45,"turns":6},{"damage":0,"enemies":"Giant Head","floor":46,"turns":5},{"damage":0,"enemies":"Spire Growth","floor":48,"turns":4},{"damage":11,"enemies":"Time Eater","floor":50,"turns":12},{"damage":0,"enemies":"Shield and Spear","floor":54,"turns":6},{"damage":7,"enemies":"The Heart","floor":55,"turns":8}],"seed_played":"3595313211943408559","potions_obtained":[{"floor":3,"key":"Dexterity Potion"},{"floor":7,"key":"GamblersBrew"},{"floor":8,"key":"Swift Potion"},{"floor":16,"key":"Regen Potion"},{"floor":21,"key":"AttackPotion"},{"floor":29,"key":"Explosive Potion"},{"floor":30,"key":"PotionOfCapacity"},{"floor":35,"key":"Strength Potion"},{"floor":39,"key":"Dexterity Potion"},{"floor":41,"key":"SteroidPotion"},{"floor":48,"key":"Fire Potion"}],"is_trial":false,"path_per_floor":["M","?","M","$","M","E","M","E","T","$","R","E","M","E","R","B",null,"M","?","$","M","?","R","E","M","T","$","R","M","M","E","R","B",null,"M","?","M","?","M","R","E","R","T","E","M","E","$","M","R","B",null,"R","$","E","B",null],"character_chosen":"DEFECT","items_purchased":["HandOfGreed","Lee\u0027s Waffle","Explosive Potion","Chill","Oddly Smooth Stone","Medical Kit","Omamori","Coolheaded","Fire Potion","Lantern","Vajra","Orrery","PotionOfCapacity","Swift Potion","Static Discharge+1"],"campfire_rested":0,"item_purchase_floors":[4,4,4,10,20,20,20,27,27,47,47,53,53,53,53],"current_hp_per_floor":[66,66,65,75,75,51,45,38,38,38,38,27,37,47,47,37,66,73,73,75,56,56,56,26,12,12,27,27,37,47,33,33,30,64,64,64,65,65,49,49,50,50,50,72,75,75,75,75,75,75,75,75,75,75,75],"gold":85,"neow_bonus":"TWO_FIFTY_GOLD","is_daily":false,"chose_seed":false,"campfire_upgraded":4,"win_rate":0.0,"timestamp":1614053836,"path_taken":["M","?","M","$","M","E","?","E","T","$","R","E","M","E","R","BOSS","M","?","$","M","?","R","E","M","T","$","R","M","M","E","R","BOSS","M","?","M","?","?","R","E","R","T","E","M","E","$","M","R","BOSS","R","$","E","BOSS"],"items_purchased_type":["Card","Relic","Potion","Card","Relic","Relic","Relic","Card","Potion","Relic","Relic","Relic","Potion","Potion","Card"],"build_version":"2020-12-22","purchased_purges":2,"victory":true,"max_hp_per_floor":[68,68,68,75,75,75,75,75,75,75,75,75,75,75,75,75,75,75,75,75,75,75,75,75,75,75,75,75,75,75,75,75,75,75,75,75,75,75,75,75,75,75,75,75,75,75,75,75,75,75,75,75,75,75,75],"relic_stats":{"Lee\u0027s Waffle":10,"Happy Flower":[46],"Gremlin Horn":[1,1],"counters":[29,163],"CeramicFish":108,"Medical Kit":[36],"Cursed Key":1,"Cables":[133,30,79,24,0],"Mercury Hourglass":[24],"Blood Vial":4,"Emotion Chip":[54,16,28,10,0],"Shovel":3,"Mummified Hand":[193],"MealTicket":17,"obtain_stats":[{"Lantern":47,"Gremlin Horn":49,"CeramicFish":31,"Vajra":47,"Cursed Key":34,"Blood Vial":42,"Emotion Chip":24,"Shovel":41,"Mummified Hand":26,"MealTicket":14,"Philosopher\u0027s Stone":17,"Cracked Core":0,"InkBottle":52,"Girya":19,"Lee\u0027s Waffle":4,"Happy Flower":8,"Oddly Smooth Stone":20,"Omamori":20,"Frozen Egg 2":6,"Medical Kit":20,"Akabeko":44,"Cables":12,"Mercury Hourglass":54,"DataDisk":9,"Orrery":53,"Pocketwatch":46},{"Lantern":25,"Gremlin Horn":26,"CeramicFish":17,"Vajra":25,"Cursed Key":18,"Blood Vial":22,"Emotion Chip":13,"Shovel":22,"Mummified Hand":14,"MealTicket":9,"Philosopher\u0027s Stone":10,"Cracked Core":0,"InkBottle":27,"Girya":11,"Lee\u0027s Waffle":2,"Happy Flower":6,"Oddly Smooth Stone":11,"Omamori":11,"Frozen Egg 2":4,"Medical Kit":11,"Akabeko":23,"Cables":7,"Mercury Hourglass":28,"DataDisk":6,"Orrery":27,"Pocketwatch":25},{"Lantern":133,"Gremlin Horn":137,"CeramicFish":91,"Vajra":133,"Cursed Key":101,"Blood Vial":117,"Emotion Chip":73,"Shovel":117,"Mummified Hand":76,"MealTicket":41,"Philosopher\u0027s Stone":56,"Cracked Core":0,"InkBottle":149,"Girya":60,"Lee\u0027s Waffle":6,"Happy Flower":24,"Oddly Smooth Stone":60,"Omamori":60,"Frozen Egg 2":13,"Medical Kit":60,"Akabeko":122,"Cables":28,"Mercury Hourglass":155,"DataDisk":24,"Orrery":149,"Pocketwatch":133}],"InkBottle":[14],"Pocketwatch":[6]},"card_choices":[{"not_picked":["Rebound","Heatsinks"],"picked":"Compile Driver","floor":1},{"not_picked":["Skim","Chaos"],"picked":"Cold Snap","floor":3},{"not_picked":["Go for the Eyes","Hyperbeam"],"picked":"Cold Snap","floor":5},{"not_picked":["Steam Power","Hologram"],"picked":"Rip and Tear","floor":6},{"not_picked":["Streamline","Ball Lightning"],"picked":"FTL","floor":7},{"not_picked":["Storm+1","Ball Lightning","Blizzard"],"picked":"SKIP","floor":8},{"not_picked":["Skim","Stack"],"picked":"Self Repair+1","floor":12},{"not_picked":["Redo","Machine Learning+1"],"picked":"Loop+1","floor":13},{"not_picked":["Rip and Tear","Barrage"],"picked":"Loop+1","floor":14},{"not_picked":["Machine Learning+1","Fission"],"picked":"Creative AI+1","floor":16},{"not_picked":["Rip and Tear","Conserve Battery","Stack"],"picked":"SKIP","floor":18},{"not_picked":["Barrage","Streamline+1"],"picked":"Reinforced Body","floor":21},{"not_picked":["Cold Snap","Creative AI+1","Darkness+1"],"picked":"SKIP","floor":24},{"not_picked":["Cold Snap","Creative AI+1"],"picked":"Darkness+1","floor":24},{"not_picked":["Leap","Beam Cell+1","Sweeping Beam"],"picked":"SKIP","floor":25},{"not_picked":["FTL","Consume"],"picked":"White Noise+1","floor":29},{"not_picked":["Melter","Go for the Eyes+1"],"picked":"Hologram","floor":30},{"not_picked":["Turbo+1","Stack"],"picked":"Coolheaded+1","floor":31},{"not_picked":["Meteor Strike","Thunder Strike"],"picked":"Echo Form+1","floor":33},{"not_picked":["Cold Snap+1","Turbo","Rebound+1"],"picked":"SKIP","floor":35},{"not_picked":["Rebound","Doom and Gloom+1"],"picked":"Hologram+1","floor":37},{"not_picked":["Doom and Gloom","Hologram"],"picked":"Recycle+1","floor":39},{"not_picked":["Sunder+1","Turbo"],"picked":"Loop+1","floor":41},{"not_picked":["Chaos","Amplify"],"picked":"Chill+1","floor":44},{"not_picked":["Beam Cell","Sweeping Beam"],"picked":"Leap+1","floor":45},{"not_picked":["Conserve Battery+1","Sweeping Beam"],"picked":"Biased Cognition+1","floor":46},{"not_picked":["Consume+1","Fusion+1"],"picked":"Undo+1","floor":48},{"not_picked":["Lockon+1","Ball Lightning+1"],"picked":"Skim+1","floor":53},{"not_picked":["Self Repair+1","Sweeping Beam"],"picked":"Capacitor+1","floor":54}],"player_experience":85477,"relics_obtained":[{"floor":6,"key":"Frozen Egg 2"},{"floor":8,"key":"Happy Flower"},{"floor":9,"key":"DataDisk"},{"floor":12,"key":"Cables"},{"floor":14,"key":"MealTicket"},{"floor":24,"key":"Emotion Chip"},{"floor":26,"key":"Mummified Hand"},{"floor":31,"key":"CeramicFish"},{"floor":41,"key":"Shovel"},{"floor":42,"key":"Blood Vial"},{"floor":44,"key":"Akabeko"},{"floor":46,"key":"Pocketwatch"},{"floor":49,"key":"Gremlin Horn"},{"floor":52,"key":"InkBottle"},{"floor":54,"key":"Mercury Hourglass"}],"event_choices":[{"damage_healed":0,"gold_gain":0,"player_choice":"Upgraded","damage_taken":0,"max_hp_gain":0,"max_hp_loss":0,"event_name":"Upgrade Shrine","floor":2,"gold_loss":0,"cards_upgraded":["Zap"]},{"damage_healed":0,"gold_gain":0,"player_choice":"Opened","damage_taken":0,"relics_obtained":["Girya"],"max_hp_gain":0,"max_hp_loss":0,"event_name":"The Mausoleum","floor":19,"gold_loss":0},{"damage_healed":0,"gold_gain":0,"cards_transformed":["Strike_B","Strike_B"],"player_choice":"Became Test Subject","damage_taken":0,"max_hp_gain":0,"max_hp_loss":0,"event_name":"Drug Dealer","floor":22,"gold_loss":0,"cards_obtained":["Thunder Strike","Steam Power"]},{"damage_healed":0,"gold_gain":0,"player_choice":"Ignored","damage_taken":0,"max_hp_gain":0,"max_hp_loss":0,"event_name":"Tomb of Lord Red Mask","floor":36,"gold_loss":0},{"damage_healed":0,"gold_gain":0,"player_choice":"0 cards matched","damage_taken":0,"max_hp_gain":0,"max_hp_loss":0,"event_name":"Match and Keep!","floor":38,"gold_loss":0,"cards_obtained":[]}],"is_beta":false,"boss_relics":[{"not_picked":["Calling Bell","SacredBark"],"picked":"Philosopher\u0027s Stone"},{"not_picked":["Empty Cage","Astrolabe"],"picked":"Cursed Key"}],"items_purged_floors":[10,47],"is_endless":false,"potions_floor_spawned":[3,7,8,12,16,21,29,30,35,39,41,48],"ascension_level":5}}