{"host":"dz5pb68w9r4hdro8","time":1614077499,"event":{"mods":["AchievementEnabler","BaseMod","Better Skull","Better Third Choice","Challenge The Spire","Colored Map","Colored Powertips","DeckTracker","Googly Eyes","Highlight Path","Minty Spire (QoL Compilation)","Permanent Neow","Quick Restart","StSLib","SuperFastMode"],"gold_per_floor":[112,187,201,213,388,415,415,434,434,461,473,3,3,17,17,120,120,134,152,152,168,68,68,96,96,96,123,136,149,24,58,58,158,158,176,26,38,38,38],"floor_reached":38,"language":"ENG","playtime":1931,"items_purged":["Strike_G","Strike_G","Strike_G","Doubt"],"score":573,"play_id":"1ea87992-a92e-4c78-8e81-aa029b8d85bb","local_time":"20210223025139","is_ascension_mode":true,"campfire_choices":[{"floor":7,"key":"REST"},{"floor":13,"key":"REST"},{"floor":15,"key":"REST"},{"floor":23,"key":"REST"},{"data":"Accuracy","floor":25,"key":"SMITH"},{"data":"After Image","floor":32,"key":"SMITH"}],"circlet_count":0,"master_deck":["Defend_G","Defend_G","Defend_G","Defend_G","Defend_G","Survivor","Neutralize","Blade Dance","Blade Dance","Outmaneuver","Backflip","Blur","Accuracy+1","Night Terror+1","After Image+1","Choke+1","Backflip+1","Concentrate+1","Footwork","Wraith Form v2","A Thousand Cuts","Skewer+1"],"relics":["Black Star","Tough Bandages","Gremlin Horn","Pocketwatch","Paper Crane","Letter Opener","Toxic Egg 2","Empty Cage","Incense Burner","Bottled Tornado","TungstenRod","Bottled Lightning","Happy Flower","Turnip","Bag of Preparation","Prayer Wheel","Sozu"],"acts_visited":["Exordium","TheCity","TheBeyond"],"potions_floor_usage":[6,16,27],"damage_taken":[{"damage":5,"enemies":"Small Slimes","floor":1,"turns":4},{"damage":8,"enemies":"Jaw Worm","floor":3,"turns":3},{"damage":4,"enemies":"Cultist","floor":4,"turns":4},{"damage":48,"enemies":"3 Sentries","floor":6,"turns":12},{"damage":6,"enemies":"Blue Slaver","floor":8,"turns":4},{"damage":20,"enemies":"Lagavulin","floor":10,"turns":9},{"damage":0,"enemies":"Large Slime","floor":11,"turns":5},{"damage":12,"enemies":"Exordium Wildlife","floor":14,"turns":4},{"damage":23,"enemies":"Slime Boss","floor":16,"turns":8},{"damage":17,"enemies":"Chosen","floor":18,"turns":10},{"damage":8,"enemies":"Spheric Guardian","floor":19,"turns":5},{"damage":42,"enemies":"Snake Plant","floor":21,"turns":3},{"damage":0,"enemies":"Gremlin Leader","floor":24,"turns":8},{"damage":0,"enemies":"Slavers","floor":27,"turns":2},{"damage":1,"enemies":"3 Cultists","floor":28,"turns":4},{"damage":0,"enemies":"Shelled Parasite and Fungi","floor":29,"turns":3},{"damage":10,"enemies":"Book of Stabbing","floor":31,"turns":5},{"damage":0,"enemies":"Champ","floor":33,"turns":12},{"damage":4,"enemies":"3 Shapes","floor":35,"turns":2},{"damage":10,"enemies":"3 Darklings","floor":37,"turns":4},{"damage":56,"enemies":"2 Orb Walkers","floor":38,"turns":4}],"seed_played":"-430778935739513351","potions_obtained":[{"floor":1,"key":"Regen Potion"},{"floor":10,"key":"Ancient Potion"},{"floor":14,"key":"Block Potion"},{"floor":24,"key":"CunningPotion"},{"floor":27,"key":"GhostInAJar"},{"floor":28,"key":"Dexterity Potion"},{"floor":33,"key":"GhostInAJar"}],"is_trial":false,"path_per_floor":["M","?","M","M","?","E","R","M","T","E","M","$","R","M","R","B",null,"M","M","?","M","$","R","E","R","T","E","M","M","$","E","R","B",null,"M","$","M","?"],"character_chosen":"THE_SILENT","items_purchased":["Accuracy","Toxic Egg 2","Night Terror+1"],"campfire_rested":4,"item_purchase_floors":[12,12,12],"current_hp_per_floor":[65,54,46,42,42,9,30,24,24,4,4,4,25,13,34,11,70,53,45,45,3,3,24,24,24,24,24,23,23,23,13,13,13,70,66,66,56,0,0],"gold":38,"neow_bonus":"BOSS_RELIC","is_daily":false,"chose_seed":false,"campfire_upgraded":2,"win_rate":0.0,"timestamp":1614077499,"path_taken":["M","?","M","M","?","E","R","M","T","E","M","?","R","M","R","BOSS","M","M","?","M","$","R","E","R","T","E","M","M","?","E","R","BOSS","M","$","M","?"],"items_purchased_type":["Card","Relic","Card"],"build_version":"2020-12-22","purchased_purges":4,"victory":false,"max_hp_per_floor":[70,70,70,70,70,70,70,70,70,70,70,70,70,70,70,70,70,70,70,70,70,70,70,70,70,70,70,70,70,70,70,70,70,70,70,70,70,70,70],"card_choices":[{"not_picked":["Expertise","Infinite Blades"],"picked":"Blade Dance","floor":1},{"not_picked":["Underhanded Strike","Slice"],"picked":"Blade Dance","floor":3},{"not_picked":["Distraction","Setup"],"picked":"Outmaneuver","floor":4},{"not_picked":["Outmaneuver","Underhanded Strike"],"picked":"Backflip","floor":6},{"not_picked":["Escape Plan","Dash"],"picked":"Blur","floor":8},{"not_picked":["Finisher","Prepared","Leg Sweep"],"picked":"SKIP","floor":10},{"not_picked":["Expertise","Deadly Poison","Setup"],"picked":"SKIP","floor":11},{"not_picked":["Heel Hook","All Out Attack","Eviscerate"],"picked":"SKIP","floor":14},{"not_picked":["Unload","Grand Finale"],"picked":"After Image","floor":16},{"not_picked":["Escape Plan+1","Tactician+1"],"picked":"Choke+1","floor":18},{"not_picked":["Well Laid Plans","Reflex+1"],"picked":"Backflip+1","floor":19},{"not_picked":["Cloak And Dagger+1","Tactician+1"],"picked":"Concentrate+1","floor":21},{"not_picked":["Tactician+1","PiercingWail+1"],"picked":"Footwork","floor":24},{"not_picked":["Well Laid Plans","Sucker Punch+1"],"picked":"Wraith Form v2","floor":27},{"not_picked":["Sucker Punch","Flying Knee","Backstab+1"],"picked":"SKIP","floor":28},{"not_picked":["Prepared+1","Eviscerate","Backstab"],"picked":"SKIP","floor":29},{"not_picked":["Bane","Footwork","Prepared+1"],"picked":"SKIP","floor":31},{"not_picked":["Unload","Doppelganger+1"],"picked":"A Thousand Cuts","floor":33},{"not_picked":["Sucker Punch","Backflip+1","Outmaneuver+1"],"picked":"SKIP","floor":35},{"not_picked":["Tactician+1","Unload","Deflect+1"],"picked":"SKIP","floor":35},{"not_picked":["Sucker Punch","Backflip+1","Outmaneuver+1"],"picked":"SKIP","floor":35},{"not_picked":["Tactician+1","Unload","Deflect+1"],"picked":"SKIP","floor":35},{"not_picked":["Blade Dance+1","Dagger Throw+1"],"picked":"Skewer+1","floor":37},{"not_picked":["Dodge and Roll+1","Acrobatics+1","Poisoned Stab+1"],"picked":"SKIP","floor":37}],"player_experience":451978,"relics_obtained":[{"floor":6,"key":"Tough Bandages"},{"floor":6,"key":"Gremlin Horn"},{"floor":9,"key":"Pocketwatch"},{"floor":10,"key":"Paper Crane"},{"floor":10,"key":"Letter Opener"},{"floor":24,"key":"Bottled Tornado"},{"floor":24,"key":"TungstenRod"},{"floor":26,"key":"Bottled Lightning"},{"floor":27,"key":"Happy Flower"},{"floor":27,"key":"Turnip"},{"floor":31,"key":"Bag of Preparation"},{"floor":31,"key":"Prayer Wheel"}],"event_choices":[{"damage_healed":0,"gold_gain":75,"player_choice":"Gold","damage_taken":11,"max_hp_gain":0,"max_hp_loss":0,"event_name":"betterThird:BetterGoop","floor":2,"gold_loss":0},{"damage_healed":0,"gold_gain":175,"player_choice":"AGREE","damage_taken":213,"max_hp_gain":0,"max_hp_loss":0,"event_name":"betterThird:BetterSerpent","floor":5,"gold_loss":0},{"damage_healed":0,"gold_gain":0,"player_choice":"Gave Potion","damage_taken":0,"relics_obtained":["Incense Burner"],"max_hp_gain":0,"max_hp_loss":0,"event_name":"WeMeetAgain","floor":20,"gold_loss":0},{"damage_healed":0,"gold_gain":0,"player_choice":"Fight","damage_taken":0,"max_hp_gain":0,"max_hp_loss":0,"event_name":"Mysterious Sphere","floor":38,"gold_loss":0}],"is_beta":false,"boss_relics":[{"not_picked":["Cursed Key","Fusion Hammer"],"picked":"Empty Cage"},{"not_picked":["Runic Pyramid","HoveringKite"],"picked":"Sozu"}],"items_purged_floors":[12,22,30,36],"is_endless":false,"potions_floor_spawned":[1,10,14,24,27,28,33,35],"killed_by":"2 Orb Walkers","ascension_level":1}}