{"host":"nwd160me4iqdtr8u","time":1614120258,"event":{"mods":["AchievementEnabler","Act Like it!","BaseMod","Colored Map","DeckTracker","Hallownest","Keyboard Shortcuts","Minty Spire (QoL Compilation)","Quick Restart","Rare Cards Sparkle","Smile Girya","StSLib","SuperFastMode","The Bug Knight","everything is the same but u backflip on backflip"],"gold_per_floor":[119,137,156,173,98,98,24,24,24,55,70,89,89,121,121,121,121],"floor_reached":16,"language":"KOR","playtime":739,"items_purged":["HollowMod:NailStrikeStart"],"score":153,"play_id":"25f8928d-04c2-4560-a041-89bc26fb4738","local_time":"20210224074418","is_ascension_mode":true,"campfire_choices":[{"data":"HollowMod:SoulSplash","floor":6,"key":"SMITH"},{"floor":15,"key":"REST"}],"circlet_count":0,"master_deck":["HollowMod:NailStrikeStart","HollowMod:NailStrikeStart","HollowMod:NailStrikeStart","HollowMod:QuickDashStart","HollowMod:QuickDashStart","HollowMod:QuickDashStart","HollowMod:FocusHealStart","HollowMod:PogoStrike","HollowMod:SoulSplash+1","HollowMod:QuirrelsAssistance","HollowMod:PureNailStrike","HollowMod:MonarchWings","HollowMod:SoulStrike","HollowMod:HornetsHelp","HollowMod:MonarchWings","HollowMod:InfectionAssault"],"relics":["HollowMod:VesselMask","Prayer Wheel","Hallownest:BankAccountRelic","Shuriken","HollowMod:PaleOreRelic","Dream Catcher","Tiny Chest"],"acts_visited":["Hallownest:Greenpath"],"potions_floor_usage":[10,12,16],"damage_taken":[{"damage":0,"enemies":"Hallownest:monsterHuskWarrior","floor":1,"turns":3},{"damage":2,"enemies":"Hallownest:2_Baldur","floor":2,"turns":3},{"damage":0,"enemies":"Hallownest:2_MossCreeps","floor":3,"turns":5},{"damage":2,"enemies":"Hallownest:monsterMossCharger","floor":4,"turns":6},{"damage":25,"enemies":"Hallownest:eliteMossKnight","floor":10,"turns":10},{"damage":13,"enemies":"Hallownest:MossCreep_and_Mosskin","floor":11,"turns":6},{"damage":5,"enemies":"Hallownest:1_Baldur_1_Crawlid_1_Warrior","floor":12,"turns":6},{"damage":9,"enemies":"Hallownest:eliteCrystalGuardian","floor":14,"turns":5},{"damage":42,"enemies":"Hallownest:BossBrokenVessel","floor":16,"turns":7}],"seed_played":"8753973069364433529","potions_obtained":[{"floor":2,"key":"GamblersBrew"},{"floor":3,"key":"Ancient Potion"},{"floor":4,"key":"SteroidPotion"},{"floor":10,"key":"Block Potion"}],"is_trial":false,"path_per_floor":["M","M","M","?","?","R","$","?","T","E","M","M","T","E","R","B"],"character_chosen":"THE_BUGKNIGHT","items_purchased":["HollowMod:MonarchWings"],"campfire_rested":1,"item_purchase_floors":[7],"current_hp_per_floor":[68,66,68,66,66,66,66,66,66,41,34,29,29,20,40,0,0],"gold":121,"neow_bonus":"ONE_RARE_RELIC","is_daily":false,"chose_seed":false,"campfire_upgraded":1,"win_rate":0.0,"timestamp":1614120258,"path_taken":["M","M","M","?","?","R","$","?","T","E","M","M","?","E","R","BOSS"],"items_purchased_type":["Card"],"build_version":"2020-12-22","purchased_purges":1,"victory":false,"max_hp_per_floor":[68,68,68,68,68,68,68,68,68,68,68,68,68,68,68,68,68],"card_choices":[{"not_picked":["HollowMod:WraithStrike","HollowMod:InfectedCysts"],"picked":"HollowMod:SoulSplash","floor":1},{"not_picked":["HollowMod:InfectedCysts","HollowMod:InfectionAssault","HollowMod:GrimmsGift"],"picked":"SKIP","floor":1},{"not_picked":["HollowMod:ShadowDash","HollowMod:SiblingsSouls","HollowMod:BlackTendrils"],"picked":"SKIP","floor":2},{"not_picked":["HollowMod:LifebloodCocoon","HollowMod:DoubleDash","HollowMod:InfectionAssault"],"picked":"SKIP","floor":2},{"not_picked":["HollowMod:SoulSplash","HollowMod:DashSlash"],"picked":"HollowMod:QuirrelsAssistance","floor":3},{"not_picked":["HollowMod:BlackTendrils","HollowMod:CornifersMapStart"],"picked":"HollowMod:PureNailStrike","floor":3},{"not_picked":["HollowMod:WraithStrike","HollowMod:PureNailStrike","HollowMod:GoodIntentions"],"picked":"SKIP","floor":4},{"not_picked":["HollowMod:NewJinnsSoul","HollowMod:ShadowDash","HollowMod:GoodIntentions"],"picked":"SKIP","floor":4},{"not_picked":["HollowMod:DescendingDark","HollowMod:SoulShaman","HollowMod:SoulVessel"],"picked":"SKIP","floor":10},{"not_picked":["HollowMod:ShadowDash","HollowMod:CornifersMapStart"],"picked":"HollowMod:SoulStrike","floor":11},{"not_picked":["HollowMod:DescendingDark","HollowMod:DreamGate"],"picked":"HollowMod:HornetsHelp","floor":11},{"not_picked":["HollowMod:VengefulVoid","HollowMod:GoodIntentions","HollowMod:FallenFury"],"picked":"SKIP","floor":12},{"not_picked":["HollowMod:InfectedAttack","HollowMod:DescendingDark","HollowMod:CycloneSlash"],"picked":"SKIP","floor":12},{"not_picked":["HollowMod:SharpenedNail","HollowMod:NewInfectedGuardian"],"picked":"HollowMod:MonarchWings","floor":14},{"not_picked":["HollowMod:SoulEater","HollowMod:MawleksShell"],"picked":"HollowMod:InfectionAssault","floor":15}],"player_experience":517098,"relics_obtained":[{"floor":9,"key":"Shuriken"},{"floor":10,"key":"HollowMod:PaleOreRelic"},{"floor":13,"key":"Dream Catcher"},{"floor":14,"key":"Tiny Chest"}],"event_choices":[],"is_beta":false,"boss_relics":[],"items_purged_floors":[7],"is_endless":false,"potions_floor_spawned":[2,3,4,10],"killed_by":"Hallownest:BossBrokenVessel","ascension_level":9}}