{"host":"yhhyog5h1q67ienp","time":1614046471,"event":{"mods":["AchievementEnabler","BaseMod","Block Reminder","Colored Map","Colored Powertips","Minty Spire (QoL Compilation)","Quick Restart","Relic Stats","StSLib","ojb\u0027s Better Paths Mod","ojb\u0027s Info Mod"],"gold_per_floor":[99,24,0,0,0,0,0,0,0,0,0,0,0,0],"floor_reached":13,"language":"ENG","playtime":1343,"items_purged":[],"score":186,"play_id":"fc1b1cb5-5bed-44c0-80df-619113de14c8","local_time":"20210222231431","is_ascension_mode":true,"campfire_choices":[{"floor":7,"key":"REST"}],"circlet_count":0,"master_deck":["AscendersBane","Strike_R","Strike_R","Strike_R","Strike_R","Defend_R","Defend_R","Defend_R","Defend_R","Bash","Disarm","True Grit","Dropkick","Dropkick","Fire Breathing+1","Whirlwind","Barricade"],"relics":["Ectoplasm","StrikeDummy","Art of War","Strawberry"],"acts_visited":["Exordium"],"potions_floor_usage":[6,10,13],"damage_taken":[{"damage":7,"enemies":"Jaw Worm","floor":1,"turns":4},{"damage":0,"enemies":"Small Slimes","floor":4,"turns":3},{"damage":0,"enemies":"Cultist","floor":5,"turns":3},{"damage":50,"enemies":"3 Sentries","floor":6,"turns":15},{"damage":9,"enemies":"Blue Slaver","floor":8,"turns":3},{"damage":20,"enemies":"Lagavulin","floor":10,"turns":7},{"damage":31,"enemies":"Gremlin Nob","floor":13,"turns":3}],"seed_played":"-6294778628982080866","potions_obtained":[{"floor":5,"key":"EssenceOfSteel"},{"floor":8,"key":"BlessingOfTheForge"},{"floor":10,"key":"SkillPotion"}],"is_trial":false,"path_per_floor":["M","?","$","M","M","E","R","M","T","E","$","?","E"],"character_chosen":"IRONCLAD","items_purchased":["True Grit"],"campfire_rested":1,"item_purchase_floors":[3],"current_hp_per_floor":[61,61,61,61,61,11,33,24,24,11,11,11,0,0],"gold":0,"neow_bonus":"BOSS_RELIC","is_daily":false,"chose_seed":false,"campfire_upgraded":0,"win_rate":0.0,"timestamp":1614046471,"path_taken":["M","?","$","M","M","E","R","M","T","E","?","?","E"],"items_purchased_type":["Card"],"build_version":"2020-12-22","purchased_purges":0,"victory":false,"max_hp_per_floor":[75,75,75,75,75,75,75,75,75,82,82,82,82,82],"relic_stats":{"counters":[7,38],"Ectoplasm":169,"Art of War":[2],"obtain_stats":[{"Strawberry":10,"Ectoplasm":0,"Art of War":9,"StrikeDummy":6,"Burning Blood":0},{"Strawberry":6,"Ectoplasm":0,"Art of War":5,"StrikeDummy":4,"Burning Blood":0},{"Strawberry":35,"Ectoplasm":0,"Art of War":28,"StrikeDummy":25,"Burning Blood":0}]},"card_choices":[{"not_picked":["Havoc","Dual Wield"],"picked":"Disarm","floor":1},{"not_picked":["Clash","Perfected Strike"],"picked":"Dropkick","floor":4},{"not_picked":["Heavy Blade","Cleave"],"picked":"Dropkick","floor":5},{"not_picked":["Clothesline","Cleave"],"picked":"Fire Breathing","floor":6},{"not_picked":["Searing Blow","Power Through"],"picked":"Whirlwind","floor":8},{"not_picked":["Clash","Demon Form"],"picked":"Barricade","floor":10}],"player_experience":1528515,"relics_obtained":[{"floor":6,"key":"StrikeDummy"},{"floor":9,"key":"Art of War"},{"floor":10,"key":"Strawberry"}],"event_choices":[{"cards_removed":["Strike_R"],"damage_healed":0,"gold_gain":0,"player_choice":"Card Removal","damage_taken":0,"max_hp_gain":0,"max_hp_loss":0,"event_name":"The Cleric","floor":2,"gold_loss":75},{"damage_healed":0,"gold_gain":0,"player_choice":"Upgraded","damage_taken":0,"max_hp_gain":0,"max_hp_loss":0,"event_name":"Upgrade Shrine","floor":12,"gold_loss":0,"cards_upgraded":["Fire Breathing"]}],"is_beta":false,"boss_relics":[],"items_purged_floors":[],"is_endless":false,"potions_floor_spawned":[5,8,10],"killed_by":"Gremlin Nob","ascension_level":20}}