{"host":"4yf2n7l3ni368tvf","time":1614074329,"event":{"mods":["AchievementEnabler","BaseMod","Colored Map","DeckTracker","Keyboard Shortcuts","Minty Spire (QoL Compilation)","SuperFastMode"],"gold_per_floor":[127,153,165,188,200,256,286,298,310,336,363,416,443,525,537,670,682,708,720,732,732],"floor_reached":20,"language":"KOR","playtime":869,"items_purged":[],"score":233,"play_id":"c8cfaddc-194a-463b-b758-d2872a577990","local_time":"20210223185849","is_ascension_mode":true,"campfire_choices":[{"floor":8,"key":"REST"},{"data":"Barricade","floor":15,"key":"SMITH"}],"circlet_count":0,"master_deck":["Strike_R","Strike_R","Strike_R","Strike_R","Strike_R","Defend_R","Defend_R","Defend_R","Defend_R","Bash","Battle Trance","Shrug It Off","Flame Barrier","Cleave","Seeing Red","Pommel Strike","Twin Strike","Infernal Blade","Barricade+1","Double Tap","Pommel Strike"],"relics":["Black Blood","MawBank","Golden Idol","Bronze Scales","Tiny Chest","Question Card","Pear","Blood Vial"],"acts_visited":["Exordium","TheCity"],"potions_floor_usage":[12,12,16,16,20],"damage_taken":[{"damage":5,"enemies":"Small Slimes","floor":1,"turns":3},{"damage":12,"enemies":"Jaw Worm","floor":2,"turns":3},{"damage":3,"enemies":"Cultist","floor":4,"turns":4},{"damage":50,"enemies":"3 Sentries","floor":6,"turns":14},{"damage":1,"enemies":"Blue Slaver","floor":7,"turns":4},{"damage":0,"enemies":"2 Fungi Beasts","floor":10,"turns":3},{"damage":11,"enemies":"Looter","floor":11,"turns":3},{"damage":17,"enemies":"Lagavulin","floor":12,"turns":6},{"damage":2,"enemies":"Red Slaver","floor":13,"turns":3},{"damage":20,"enemies":"3 Sentries","floor":14,"turns":8},{"damage":31,"enemies":"Slime Boss","floor":16,"turns":8},{"damage":42,"enemies":"2 Thieves","floor":18,"turns":5},{"damage":48,"enemies":"Shell Parasite","floor":20,"turns":7}],"seed_played":"-4622411787065342553","potions_obtained":[{"floor":1,"key":"EssenceOfSteel"},{"floor":2,"key":"SteroidPotion"},{"floor":7,"key":"HeartOfIron"},{"floor":14,"key":"SteroidPotion"},{"floor":16,"key":"Weak Potion"}],"is_trial":false,"path_per_floor":["M","M","?","M","?","E","M","R","T","M","M","E","M","?","R","B",null,"M","T","M"],"character_chosen":"IRONCLAD","items_purchased":[],"campfire_rested":1,"item_purchase_floors":[],"current_hp_per_floor":[80,74,74,77,74,30,35,57,57,63,58,47,51,47,47,22,69,39,39,0,0],"gold":732,"neow_bonus":"RANDOM_COMMON_RELIC","is_daily":false,"chose_seed":false,"campfire_upgraded":1,"win_rate":0.0,"timestamp":1614074329,"path_taken":["M","M","?","M","?","E","M","R","T","M","?","E","?","?","R","BOSS","M","?","M"],"items_purchased_type":[],"build_version":"2020-12-22","purchased_purges":0,"victory":false,"max_hp_per_floor":[80,80,80,80,74,74,74,74,74,74,74,74,74,84,84,84,84,84,84,84,84],"card_choices":[{"not_picked":["Rupture","True Grit"],"picked":"Battle Trance","floor":1},{"not_picked":["Warcry","Pommel Strike"],"picked":"Shrug It Off","floor":2},{"not_picked":["Uppercut","Blood for Blood"],"picked":"Flame Barrier","floor":4},{"not_picked":["Corruption","Rupture"],"picked":"Cleave","floor":6},{"not_picked":["Combust","Anger"],"picked":"Seeing Red","floor":7},{"not_picked":["Wild Strike","Armaments"],"picked":"Pommel Strike","floor":10},{"not_picked":["Anger","Iron Wave"],"picked":"Twin Strike","floor":11},{"not_picked":["Warcry","Seeing Red"],"picked":"Infernal Blade","floor":12},{"not_picked":["Dual Wield","Shrug It Off","Body Slam"],"picked":"Barricade","floor":13},{"not_picked":["Brutality","Offering","Immolate"],"picked":"Double Tap","floor":16},{"not_picked":["Havoc","Sword Boomerang","Wild Strike"],"picked":"Pommel Strike","floor":18}],"player_experience":274595,"relics_obtained":[{"floor":6,"key":"Bronze Scales"},{"floor":9,"key":"Tiny Chest"},{"floor":12,"key":"Question Card"},{"floor":14,"key":"Pear"},{"floor":19,"key":"Blood Vial"}],"event_choices":[{"damage_healed":0,"gold_gain":0,"player_choice":"Ignored","damage_taken":0,"max_hp_gain":0,"max_hp_loss":0,"event_name":"Liars Game","floor":3,"gold_loss":0},{"damage_healed":0,"gold_gain":0,"player_choice":"Lose Max HP","damage_taken":0,"relics_obtained":["Golden Idol"],"max_hp_gain":0,"max_hp_loss":6,"event_name":"Golden Idol","floor":5,"gold_loss":0},{"damage_healed":0,"gold_gain":0,"player_choice":"Searched \u00272\u0027 times","damage_taken":0,"max_hp_gain":0,"max_hp_loss":0,"event_name":"Dead Adventurer","floor":14,"gold_loss":0}],"is_beta":false,"boss_relics":[{"not_picked":["Snecko Eye","SacredBark"],"picked":"Black Blood"}],"items_purged_floors":[],"is_endless":false,"potions_floor_spawned":[1,2,7,11,14,16],"killed_by":"Shell Parasite","ascension_level":5}}