{"host":"sav7uxregyirlf69","time":1614055652,"event":{"mods":["AchievementEnabler","BaseMod","Colored Map","DeckTracker","Keyboard Shortcuts","Minty Spire (QoL Compilation)","READ ME - Guardian Mod","StSLib","SuperFastMode"],"gold_per_floor":[109,109,384,396,191,191,116,116,164,207,234,271,283,323,335,347,347],"floor_reached":16,"language":"KOR","playtime":176,"items_purged":["Regret"],"score":282,"play_id":"139ec3c4-5ab9-4a17-8fce-e2ed18d88cd4","local_time":"20210223134732","is_ascension_mode":true,"campfire_choices":[{"data":"Perfected Strike","floor":6,"key":"SMITH"},{"data":"Seeing Red","floor":8,"key":"SMITH"},{"data":"Dual Wield","floor":13,"key":"SMITH"},{"data":"Dark Embrace","floor":15,"key":"SMITH"}],"circlet_count":0,"master_deck":["AscendersBane","Strike_R","Strike_R","Strike_R","Strike_R","Strike_R+1","Defend_R","Defend_R+1","Defend_R","Bash","Shrug It Off","Perfected Strike+1","Seeing Red+1","Pommel Strike","Dual Wield+1","Dark Embrace+1"],"relics":["Burning Blood","NeowsBlessing","MawBank","Pear","Happy Flower","Art of War"],"acts_visited":["Exordium"],"potions_floor_usage":[12,16,16],"damage_taken":[{"damage":0,"enemies":"Jaw Worm","floor":1,"turns":1},{"damage":0,"enemies":"2 Louse","floor":4,"turns":1},{"damage":0,"enemies":"3 Sentries","floor":10,"turns":1},{"damage":0,"enemies":"Cultist","floor":11,"turns":2},{"damage":35,"enemies":"Lagavulin","floor":12,"turns":7},{"damage":37,"enemies":"3 Sentries","floor":14,"turns":7},{"damage":26,"enemies":"Slime Boss","floor":16,"turns":3}],"seed_played":"879242423533088136","potions_obtained":[{"floor":10,"key":"Strength Potion"},{"floor":14,"key":"Regen Potion"}],"is_trial":false,"path_per_floor":["M","?","?","M","$","R","?","R","T","E","M","E","R","E","R","B"],"character_chosen":"IRONCLAD","items_purchased":["Seeing Red","Block Potion"],"campfire_rested":0,"item_purchase_floors":[5,5],"current_hp_per_floor":[74,51,51,57,57,57,57,57,57,73,79,50,50,19,19,0,0],"gold":347,"neow_bonus":"THREE_ENEMY_KILL","is_daily":false,"chose_seed":false,"campfire_upgraded":4,"win_rate":0.0,"timestamp":1614055652,"path_taken":["M","?","?","?","$","R","?","R","T","E","M","E","R","E","R","BOSS"],"items_purchased_type":["Card","Potion"],"build_version":"2020-12-22","purchased_purges":1,"victory":false,"max_hp_per_floor":[75,75,75,75,75,75,75,75,75,85,85,85,85,85,85,85,85],"card_choices":[{"not_picked":["Thunderclap","Battle Trance"],"picked":"Shrug It Off","floor":1},{"not_picked":["True Grit","Thunderclap"],"picked":"Perfected Strike","floor":4},{"not_picked":["Pummel","Body Slam","Thunderclap"],"picked":"SKIP","floor":10},{"not_picked":["Anger","Headbutt"],"picked":"Pommel Strike","floor":11},{"not_picked":["Cleave","Double Tap"],"picked":"Dual Wield","floor":12},{"not_picked":["Combust","Havoc"],"picked":"Dark Embrace","floor":14}],"player_experience":1667946,"relics_obtained":[{"floor":9,"key":"MawBank"},{"floor":10,"key":"Pear"},{"floor":12,"key":"Happy Flower"},{"floor":14,"key":"Art of War"}],"event_choices":[{"damage_healed":0,"gold_gain":0,"player_choice":"Entered Light","damage_taken":23,"max_hp_gain":0,"max_hp_loss":0,"event_name":"Shining Light","floor":2,"gold_loss":0,"cards_upgraded":["Strike_R","Defend_R"]},{"damage_healed":0,"gold_gain":275,"player_choice":"Desecrate","damage_taken":0,"max_hp_gain":0,"max_hp_loss":0,"event_name":"Golden Shrine","floor":3,"gold_loss":0,"cards_obtained":["Regret"]},{"cards_removed":["Defend_R"],"damage_healed":0,"gold_gain":0,"player_choice":"Card Removal","damage_taken":0,"max_hp_gain":0,"max_hp_loss":0,"event_name":"The Cleric","floor":7,"gold_loss":75}],"is_beta":false,"boss_relics":[],"items_purged_floors":[5],"is_endless":false,"potions_floor_spawned":[10,11,14],"killed_by":"Slime Boss","ascension_level":20}}