{"host":"9brt9rggm379u2p7","time":1614094456,"event":{"mods":["AchievementEnabler","BaseMod","Highlight Path","Minty Spire (QoL Compilation)","Permanent Neow","Quick Restart","SuperFastMode"],"gold_per_floor":[119,135,135,149,149,149,173,217,217,217,150,169,169,210,210,210,210],"floor_reached":16,"language":"ENG","playtime":472,"items_purged":[],"score":220,"play_id":"8f00dc31-b7d1-42c0-906d-af77ceb24dbd","local_time":"20210224003416","is_ascension_mode":true,"campfire_choices":[{"data":"Armaments","floor":6.0,"key":"SMITH"},{"data":"Perfected Strike","floor":10,"key":"SMITH"},{"data":"Corruption","floor":13,"key":"SMITH"},{"data":"Feel No Pain","floor":15,"key":"SMITH"}],"circlet_count":0,"master_deck":["AscendersBane","Strike_R","Strike_R","Strike_R","Strike_R","Strike_R","Defend_R","Defend_R","Defend_R","Defend_R","Perfected Strike+1","Corruption+1","Armaments+1","Feel No Pain+1","Shrug It Off"],"relics":["Burning Blood","Lizard Tail","Golden Idol","Smiling Mask","HornCleat","Bird Faced Urn"],"acts_visited":["Exordium"],"potions_floor_usage":[8,8,14,14,16],"damage_taken":[{"damage":6.0,"enemies":"Jaw Worm","floor":1.0,"turns":5.0},{"damage":10.0,"enemies":"Small Slimes","floor":2.0,"turns":4.0},{"damage":2.0,"enemies":"2 Louse","floor":4.0,"turns":4.0},{"damage":5.0,"enemies":"2 Fungi Beasts","floor":7.0,"turns":3.0},{"damage":36,"enemies":"Gremlin Nob","floor":8,"turns":5},{"damage":7,"enemies":"Exordium Thugs","floor":12,"turns":4},{"damage":7,"enemies":"3 Sentries","floor":14,"turns":11},{"damage":53,"enemies":"Hexaghost","floor":16,"turns":9}],"seed_played":"638433054289250433","potions_obtained":[{"floor":2.0,"key":"Ancient Potion"},{"floor":7.0,"key":"EssenceOfSteel"},{"floor":12,"key":"EntropicBrew"}],"is_trial":false,"path_per_floor":["M","M","?","M","?","R","M","E","T","R","?","M","R","E","R","B"],"character_chosen":"IRONCLAD","items_purchased":[],"campfire_rested":0,"item_purchase_floors":[],"current_hp_per_floor":[68,64,57,61,38,38,39,9,9,9,9,8,8,7,7,0,0],"gold":210,"neow_bonus":"ONE_RARE_RELIC","is_daily":false,"chose_seed":false,"campfire_upgraded":4,"win_rate":0.0,"timestamp":1614094456,"path_taken":["M","M","?","M","?","R","M","E","T","R","?","?","R","E","R","BOSS"],"items_purchased_type":[],"build_version":"2020-12-22","purchased_purges":0,"victory":false,"max_hp_per_floor":[68,68,68,68,68,68,68,68,68,68,68,68,68,68,68,68,68],"card_choices":[{"not_picked":["Thunderclap","Body Slam"],"picked":"Perfected Strike","floor":1.0},{"not_picked":["Body Slam","Anger"],"picked":"Corruption","floor":2.0},{"not_picked":["Clothesline","Blood for Blood"],"picked":"Armaments","floor":4.0},{"not_picked":["Rage","Iron Wave","Sword Boomerang"],"picked":"SKIP","floor":7.0},{"not_picked":["Iron Wave","Feed"],"picked":"Feel No Pain","floor":8},{"not_picked":["Cleave","Body Slam"],"picked":"Shrug It Off","floor":12},{"not_picked":["Warcry","Metallicize","Disarm"],"picked":"SKIP","floor":14}],"player_experience":436791,"relics_obtained":[{"floor":8,"key":"Smiling Mask"},{"floor":9,"key":"HornCleat"},{"floor":14,"key":"Bird Faced Urn"}],"event_choices":[{"cards_removed":["Bash"],"damage_healed":0.0,"max_hp_gain":0.0,"max_hp_loss":0.0,"gold_gain":0.0,"event_name":"Golden Wing","player_choice":"Card Removal","floor":3.0,"gold_loss":0.0,"damage_taken":7.0},{"damage_healed":0.0,"max_hp_gain":0.0,"max_hp_loss":0.0,"gold_gain":0.0,"event_name":"Golden Idol","player_choice":"Take Damage","floor":5.0,"gold_loss":0.0,"damage_taken":23.0,"relics_obtained":["Golden Idol"]},{"damage_healed":0,"gold_gain":0,"player_choice":"Left Gold","damage_taken":0,"max_hp_gain":0,"max_hp_loss":0,"event_name":"World of Goop","floor":11,"gold_loss":67}],"is_beta":false,"boss_relics":[],"items_purged_floors":[],"is_endless":false,"potions_floor_spawned":[2,7,12],"killed_by":"Hexaghost","ascension_level":20}}