{"host":"9eojso4kl4lidi9b","time":1614112167,"event":{"mods":["BaseMod","Beaked The Cultist","Better Skull","Colored Map","Colored Powertips","Conspire","Downfall","GifTheSpireLib","Minty Spire (QoL Compilation)","Random Character Button","Small Relic Pack","StSLib","Stuff the Spire","The Blackbeard","The Necromancer","The Poker Player","The Wild Card","Trackpad","Unceasing Turn Reminder","Yuri Mod"],"gold_per_floor":[99,114,129,129,144,174,174,189,200,269,281,28,43,73,88,188,188,188,203,218,218,218,218,218,218,248,148,163,193,208,223,238,338,338,338,353,366,279,294,144,169,169,184,214,229,244,294,294,309,309],"floor_reached":51,"language":"ENG","playtime":1758,"items_purged":["Strike_R"],"score":1006,"play_id":"be770332-2ddf-4795-97e8-0ec3fd4f6d85","local_time":"20210223142927","daily_mods":["Heirloom","Vintage","Elite Swarm"],"is_ascension_mode":false,"campfire_choices":[{"data":"Strike_R","floor":1,"key":"SMITH"},{"floor":11,"key":"REST"},{"data":"Offering","floor":18,"key":"SMITH"},{"floor":27,"key":"REST"},{"data":"Thunderclap","floor":35,"key":"SMITH"}],"circlet_count":0,"master_deck":["Strike_R+1","Strike_R","Strike_R","Strike_R","Defend_R","Defend_R","Defend_R","Defend_R","Immolate","Thunderclap+1","Rampage","Heavy Blade","Demon Form+1","Offering+1","Anger","Bash","Anger","Anger","Anger","Anger+1","Spot Weakness+1","expansioncontent:YouAreMine+1","Anger","Anger+1"],"relics":["StuffTheSpire:OccultApparatus","StuffTheSpire:BottledHeartBeat","Dream Catcher","Matryoshka","HornCleat","Bird Faced Urn","Regal Pillow","trackpad:Compendium","trackpad:FieryHotPepper","MawBank","StrikeDummy","Art of War","Gremlin Horn","Ancient Tea Set","trackpad:Trackpad","trackpad:ToughGloves","trackpad:BottledAnger","MutagenicStrength","Akabeko","StuffTheSpire:PointBlank","Toxic Egg 2","downfall:HeartBlessingGreen","StuffTheSpire:Mouthbags","conspire:BottledYoYo","trackpad:AdjectivePendant","Bag of Marbles","Dead Branch","Mark of Pain","conspire:DeflatedDodgeball","Pocketwatch","Vajra","Mango","Sling","Toy Ornithopter","MealTicket","Red Skull","Guardian:PocketSentry","trackpad:StainlessSteel","StoneCalendar","trackpad:CultistFigurine"],"acts_visited":["Exordium","TheCity","TheBeyond"],"potions_floor_usage":[6,16,16,20,28,28,33,49],"damage_taken":[{"damage":4,"enemies":"2 Louse","floor":2,"turns":3},{"damage":6,"enemies":"Cultist","floor":3,"turns":3},{"damage":8,"enemies":"Jaw Worm","floor":5,"turns":4},{"damage":40,"enemies":"Lagavulin","floor":6,"turns":9},{"damage":12,"enemies":"Blue Slaver","floor":8,"turns":2},{"damage":12,"enemies":"conspire:MimicChest","floor":9,"turns":5},{"damage":0,"enemies":"downfall:FleeingMerchant","floor":12,"turns":4},{"damage":0,"enemies":"Looter","floor":13,"turns":1},{"damage":9,"enemies":"3 Sentries","floor":14,"turns":2},{"damage":0,"enemies":"Large Slime","floor":15,"turns":4},{"damage":9,"enemies":"IC_STATUS_ARCHETYPE","floor":16,"turns":4},{"damage":6,"enemies":"Spheric Guardian","floor":19,"turns":2},{"damage":5,"enemies":"downfall:LooterAlt2","floor":20,"turns":2},{"damage":27,"enemies":"Book of Stabbing","floor":26,"turns":3},{"damage":0,"enemies":"3 Cultists","floor":28,"turns":2},{"damage":6,"enemies":"Gremlin Leader","floor":29,"turns":3},{"damage":7,"enemies":"Snecko","floor":30,"turns":3},{"damage":18,"enemies":"Centurion and Healer","floor":31,"turns":2},{"damage":0,"enemies":"Snake Plant","floor":32,"turns":1},{"damage":28,"enemies":"SI_MIRROR_ARCHETYPE","floor":33,"turns":4},{"damage":0,"enemies":"3 Shapes","floor":36,"turns":1},{"damage":9,"enemies":"2 Orb Walkers","floor":37,"turns":3},{"damage":6,"enemies":"downfall:FleeingMerchant","floor":38,"turns":4},{"damage":0,"enemies":"Orb Walker","floor":39,"turns":1},{"damage":0,"enemies":"Jaw Worm Horde","floor":43,"turns":1},{"damage":6,"enemies":"Giant Head","floor":44,"turns":3},{"damage":10,"enemies":"Maw","floor":45,"turns":4},{"damage":0,"enemies":"Sphere and 2 Shapes","floor":46,"turns":1},{"damage":6,"enemies":"Sphere and 2 Shapes","floor":47,"turns":1},{"damage":6,"enemies":"Transient","floor":49,"turns":4},{"damage":6,"enemies":"DF_ARCHETYPE_ORBS","floor":50,"turns":3}],"seed_played":"-7386017133472573341","potions_obtained":[{"floor":2,"key":"DistilledChaos"},{"floor":5,"key":"Explosive Potion"},{"floor":13,"key":"Swift Potion"},{"floor":14,"key":"Slimebound:ThreeZeroPotion"},{"floor":15,"key":"bronze:BurnAndBuffPotion"},{"floor":16,"key":"AttackPotion"},{"floor":26,"key":"hexamod:SoulburnPotion"},{"floor":28,"key":"Strength Potion"},{"floor":30,"key":"Energy Potion"},{"floor":32,"key":"hexamod:SoulburnPotion"},{"floor":44,"key":"ElixirPotion"},{"floor":45,"key":"Strength Potion"},{"floor":49,"key":"Slimebound:ThreeZeroPotion"}],"is_trial":false,"path_per_floor":["R","M","M","?","M","E","T","M","?","?","R","$","M","E","M","B",null,"R","M","M","?","?","?","T","?","E","R","M","E","M","M","M","B",null,"R","M","?","$","M","$","T","?","M","E","M","M","?","?","M","B",null],"character_chosen":"IRONCLAD","items_purchased":["StrikeDummy","Vajra","Spot Weakness+1","expansioncontent:YouAreMine","Sling"],"campfire_rested":2,"item_purchase_floors":[12,38,38,38,40],"current_hp_per_floor":[80,80,80,80,78,44,44,38,32,32,71,79,80,77,80,79,80,80,80,80,80,80,80,80,80,61,80,80,80,79,71,77,57,83,83,83,83,83,100,100,100,110,110,110,108,110,110,110,110,104],"gold":309,"neow_bonus":"","is_daily":true,"chose_seed":false,"campfire_upgraded":3,"win_rate":0.0,"timestamp":1614112167,"path_taken":["R","M","M","?","M","E","T","?","?","?","R","$","M","E","M","BOSS","R","M","M","?","?","?","T","?","E","R","M","E","?","M","M","BOSS","R","M","?","$","M","$","T","?","?","E","M","M","?","?","M","BOSS"],"items_purchased_type":["Relic","Relic","Card","Card","Relic"],"build_version":"2020-12-22","purchased_purges":1,"victory":true,"max_hp_per_floor":[80,80,80,80,80,80,80,80,80,80,80,80,80,80,80,80,80,80,80,80,80,80,80,80,80,80,80,80,80,80,83,83,83,83,83,83,86,86,100,100,100,110,110,110,110,110,110,110,110,110],"card_choices":[{"not_picked":["Limit Break","Impervious"],"picked":"Immolate","floor":6},{"not_picked":["StuffTheSpire:Slingshot","Pommel Strike"],"picked":"Thunderclap","floor":9},{"not_picked":["StuffTheSpire:Slingshot","Havoc"],"picked":"Rampage","floor":11},{"not_picked":["StuffTheSpire:Slingshot","Hemokinesis"],"picked":"Heavy Blade","floor":12},{"not_picked":["Reaper","Feed"],"picked":"Demon Form","floor":14},{"not_picked":["Brutality","Corruption"],"picked":"Offering","floor":16},{"not_picked":["Fiend Fire","conspire:Purge+1","Anger"],"picked":"Feed","floor":26},{"not_picked":["Clothesline+1","StuffTheSpire:Incineration","conspire:ExplosiveBarrier+1"],"picked":"Anger","floor":27},{"not_picked":["Impervious+1","Juggernaut","Corruption"],"picked":"Anger","floor":29},{"not_picked":["Exhume+1","Brutality","Fiend Fire"],"picked":"Anger","floor":33},{"not_picked":["Intimidate+1","StuffTheSpire:RockThrow+1","Heavy Blade"],"picked":"Anger","floor":37},{"not_picked":["StuffTheSpire:RagingBull+1","Metallicize+1","StuffTheSpire:Resist"],"picked":"Anger+1","floor":38},{"not_picked":["Brutality","Fiend Fire","Exhume+1"],"picked":"Anger","floor":44},{"not_picked":["Anger+1","Dropkick","Combust"],"picked":"Anger+1","floor":47}],"player_experience":1106222,"relics_obtained":[{"floor":2,"key":"Dream Catcher"},{"floor":3,"key":"Matryoshka"},{"floor":5,"key":"HornCleat"},{"floor":6,"key":"Bird Faced Urn"},{"floor":7,"key":"Regal Pillow"},{"floor":7,"key":"trackpad:Compendium"},{"floor":8,"key":"trackpad:FieryHotPepper"},{"floor":9,"key":"MawBank"},{"floor":13,"key":"Art of War"},{"floor":14,"key":"Gremlin Horn"},{"floor":15,"key":"Ancient Tea Set"},{"floor":19,"key":"trackpad:ToughGloves"},{"floor":20,"key":"trackpad:BottledAnger"},{"floor":24,"key":"Akabeko"},{"floor":24,"key":"StuffTheSpire:PointBlank"},{"floor":26,"key":"Toxic Egg 2"},{"floor":28,"key":"StuffTheSpire:Mouthbags"},{"floor":29,"key":"conspire:BottledYoYo"},{"floor":30,"key":"trackpad:AdjectivePendant"},{"floor":31,"key":"Bag of Marbles"},{"floor":32,"key":"Dead Branch"},{"floor":36,"key":"conspire:DeflatedDodgeball"},{"floor":37,"key":"Pocketwatch"},{"floor":39,"key":"Mango"},{"floor":41,"key":"Toy Ornithopter"},{"floor":43,"key":"MealTicket"},{"floor":44,"key":"Red Skull"},{"floor":45,"key":"Guardian:PocketSentry"},{"floor":46,"key":"trackpad:StainlessSteel"},{"floor":47,"key":"StoneCalendar"},{"floor":49,"key":"trackpad:CultistFigurine"}],"event_choices":[{"damage_healed":0,"gold_gain":57,"player_choice":"Gained Gold","damage_taken":0,"max_hp_gain":0,"max_hp_loss":0,"event_name":"Golden Wing","floor":10,"gold_loss":0},{"damage_healed":0,"gold_gain":0,"player_choice":"Inject Mutagens","damage_taken":0,"relics_obtained":["MutagenicStrength"],"max_hp_gain":0,"max_hp_loss":0,"event_name":"Drug Dealer","floor":22,"gold_loss":0},{"damage_healed":0,"gold_gain":0,"player_choice":"Ignored","damage_taken":0,"max_hp_gain":0,"max_hp_loss":0,"event_name":"Vampires","floor":23,"gold_loss":0},{"damage_healed":0,"gold_gain":0,"player_choice":"Forge","damage_taken":0,"max_hp_gain":0,"max_hp_loss":0,"event_name":"Accursed Blacksmith","floor":25,"gold_loss":0,"cards_upgraded":["Demon Form"]},{"damage_healed":0,"gold_gain":0,"player_choice":"Fight","damage_taken":0,"max_hp_gain":0,"max_hp_loss":0,"event_name":"Mysterious Sphere","floor":37,"gold_loss":0},{"cards_removed":["Feed"],"damage_healed":0,"gold_gain":0,"player_choice":"Offered Rare","damage_taken":0,"max_hp_gain":10,"max_hp_loss":0,"event_name":"Bonfire Elementals","floor":42,"gold_loss":0}],"is_beta":false,"boss_relics":[{"not_picked":["Runic Dome","Philosopher\u0027s Stone"],"picked":"trackpad:Trackpad"},{"not_picked":["StuffTheSpire:RunicHypercube","Pandora\u0027s Box"],"picked":"Mark of Pain"}],"items_purged_floors":[38],"is_endless":false,"potions_floor_spawned":[2,5,13,14,15,16,26,28,30,32,44,45,46,47,49],"ascension_level":0}}