{"host":"00olc56ucl6mk3pv","time":1614084926,"event":{"mods":["AchievementEnabler","BaseMod","Keyboard Shortcuts","Minty Spire (QoL Compilation)","Quick Restart","SuperFastMode"],"gold_per_floor":[112,122,122,135,135,135,166,184,184,198,24,43,43,62,62,137,137,151,61,61,61,77,77,77,21,21,21,121,135,135,168,168,240,240,257,271,74,99,114,114,143,143,143,143,168,186,186,20,20,20,20],"floor_reached":52,"language":"KOR","playtime":1904,"items_purged":["Strike_B"],"score":2081,"play_id":"35104186-9026-4ba5-907f-c806729a4e30","local_time":"20210223215526","is_ascension_mode":true,"campfire_choices":[{"data":"Chaos","floor":6.0,"key":"SMITH"},{"data":"Coolheaded","floor":13.0,"key":"SMITH"},{"floor":15.0,"key":"REST"},{"data":"Ghostly","floor":23.0,"key":"SMITH"},{"data":"Ghostly","floor":27.0,"key":"SMITH"},{"floor":30.0,"key":"REST"},{"data":"Defragment","floor":32.0,"key":"SMITH"},{"data":"Apotheosis","floor":40.0,"key":"SMITH"},{"floor":42.0,"key":"DIG"},{"floor":44,"key":"DIG"},{"floor":49,"key":"DIG"}],"circlet_count":0,"master_deck":["AscendersBane","Strike_B","Defend_B","Defend_B","Defend_B","Defend_B","Zap+1","Dualcast","Chaos+1","Defragment+1","Ball Lightning+1","Coolheaded","Sweeping Beam+1","Coolheaded+1","Defragment","Genetic Algorithm","Reboot","Loop","Capacitor","Ghostly","Ghostly+1","Ghostly+1","Compile Driver","Skim","Stack+1","Reinforced Body+1","Electrodynamics","Turbo","Hologram+1","Apotheosis+1","Turbo","White Noise","Aggregate+1","Consume","Storm","Skim+1","Force Field","Consume+1","Compile Driver","Thunder Strike"],"relics":["Cracked Core","MealTicket","Sundial","Empty Cage","PreservedInsect","FossilizedHelix","Shuriken","Lizard Tail","Cursed Key","Shovel","Letter Opener","Strawberry","Whetstone","Orichalcum","Orrery","Bronze Scales"],"acts_visited":["Exordium","TheCity","TheBeyond"],"potions_floor_usage":[50,51],"damage_taken":[{"damage":5.0,"enemies":"Small Slimes","floor":1.0,"turns":3.0},{"damage":9.0,"enemies":"2 Louse","floor":2.0,"turns":3.0},{"damage":0.0,"enemies":"Cultist","floor":4.0,"turns":3.0},{"damage":35.0,"enemies":"3 Sentries","floor":7.0,"turns":6.0},{"damage":12.0,"enemies":"Looter","floor":8.0,"turns":3.0},{"damage":0.0,"enemies":"3 Louse","floor":10.0,"turns":2.0},{"damage":14.0,"enemies":"Large Slime","floor":12.0,"turns":5.0},{"damage":25.0,"enemies":"Gremlin Gang","floor":14.0,"turns":3.0},{"damage":16.0,"enemies":"The Guardian","floor":16.0,"turns":11.0},{"damage":27.0,"enemies":"3 Byrds","floor":18.0,"turns":5.0},{"damage":9.0,"enemies":"Spheric Guardian","floor":22.0,"turns":6.0},{"damage":9.0,"enemies":"Colosseum Slavers","floor":28.0,"turns":6.0},{"damage":9.0,"enemies":"Colosseum Nobs","floor":28.0,"turns":5.0},{"damage":13.0,"enemies":"Snake Plant","floor":29.0,"turns":5.0},{"damage":6.0,"enemies":"Gremlin Leader","floor":31.0,"turns":8.0},{"damage":0.0,"enemies":"Champ","floor":33.0,"turns":16.0},{"damage":0.0,"enemies":"3 Shapes","floor":35.0,"turns":4.0},{"damage":0.0,"enemies":"3 Darklings","floor":36.0,"turns":5.0},{"damage":12.0,"enemies":"Mind Bloom Boss Battle","floor":38.0,"turns":6.0},{"damage":0.0,"enemies":"Transient","floor":39.0,"turns":6.0},{"damage":0.0,"enemies":"Reptomancer","floor":41.0,"turns":6.0},{"damage":17,"enemies":"Nemesis","floor":45,"turns":7},{"damage":0,"enemies":"Maw","floor":46,"turns":6},{"damage":18,"enemies":"Time Eater","floor":50,"turns":14},{"damage":0,"enemies":"Donu and Deca","floor":51,"turns":6}],"seed_played":"5449677082610682795","potions_obtained":[{"floor":1.0,"key":"Regen Potion"},{"floor":8.0,"key":"Explosive Potion"},{"floor":10.0,"key":"LiquidMemories"},{"floor":12.0,"key":"Swift Potion"},{"floor":31.0,"key":"SmokeBomb"},{"floor":38.0,"key":"LiquidMemories"},{"floor":39.0,"key":"Energy Potion"},{"floor":41.0,"key":"Dexterity Potion"},{"floor":45,"key":"PowerPotion"}],"is_trial":false,"path_per_floor":["M","M","?","M","?","R","E","M","T","M","$","M","R","M","R","B",null,"M","$","?","?","M","R","?","$","T","R","?","M","R","E","R","B",null,"M","M","$","?","M","R","E","R","T","R","E","M","?","$","R","B","B",null],"character_chosen":"DEFECT","items_purchased":["Coolheaded","Defragment","Loop","Compile Driver","Apotheosis","Orrery"],"campfire_rested":2,"item_purchase_floors":[11,11,19,25,37,48],"current_hp_per_floor":[59,50,50,50,71,71,36,24,24,24,39,25,25,9,30,14,57,30,45,45,35,26,26,19,34,34,34,16,3,15,9,9,9,32,32,32,40,28,28,28,28,35,35,35,18,18,18,33,33,15,15],"gold":20,"neow_bonus":"UPGRADE_CARD","is_daily":false,"chose_seed":false,"campfire_upgraded":6,"win_rate":0.0,"timestamp":1614084926,"path_taken":["M","M","?","M","?","R","E","M","T","M","$","M","R","M","R","BOSS","M","$","?","?","M","R","?","$","T","R","?","M","R","E","R","BOSS","M","M","$","?","M","R","E","R","T","R","E","M","?","$","R","BOSS","BOSS"],"items_purchased_type":["Card","Card","Card","Card","Card","Relic"],"build_version":"2020-12-22","purchased_purges":1,"victory":true,"max_hp_per_floor":[71,71,71,71,71,71,71,71,71,71,71,71,71,71,71,71,71,71,71,71,35,35,35,40,40,40,40,40,40,40,40,40,40,40,40,40,40,40,40,40,40,47,47,47,47,47,47,47,47,47,47],"card_choices":[{"not_picked":["Skim","Redo"],"picked":"Chaos","floor":1.0},{"not_picked":["Scrape","Barrage"],"picked":"Doom and Gloom","floor":2.0},{"not_picked":["BootSequence","Gash"],"picked":"Defragment","floor":4.0},{"not_picked":["Hello World","Coolheaded"],"picked":"Ball Lightning","floor":7.0},{"not_picked":["Core Surge","Cold Snap"],"picked":"Coolheaded","floor":8.0},{"not_picked":["Melter","Streamline"],"picked":"Sweeping Beam","floor":10.0},{"not_picked":["Stack","Leap"],"picked":"Genetic Algorithm","floor":12.0},{"not_picked":["Cold Snap","Barrage","Sweeping Beam"],"picked":"SKIP","floor":14.0},{"not_picked":["Multi-Cast","Echo Form"],"picked":"Reboot","floor":16.0},{"not_picked":["Reprogram","Barrage","Ball Lightning"],"picked":"SKIP","floor":18.0},{"not_picked":["Go for the Eyes","FTL"],"picked":"Compile Driver","floor":22.0},{"not_picked":["Tempest","Ball Lightning"],"picked":"Skim","floor":28.0},{"not_picked":["Leap","Undo"],"picked":"Stack+1","floor":29.0},{"not_picked":["Redo","Genetic Algorithm"],"picked":"Reinforced Body+1","floor":31.0},{"not_picked":["Hyperbeam","Fission"],"picked":"Electrodynamics","floor":33.0},{"not_picked":["Streamline","Static Discharge"],"picked":"Turbo","floor":35.0},{"not_picked":["Leap","Coolheaded"],"picked":"Hologram+1","floor":36.0},{"not_picked":["Conserve Battery","Coolheaded"],"picked":"Turbo","floor":38.0},{"not_picked":["Go for the Eyes","Lockon"],"picked":"White Noise","floor":39.0},{"not_picked":["Lockon","Genetic Algorithm"],"picked":"Aggregate+1","floor":41.0},{"not_picked":["Hyperbeam","Steam+1"],"picked":"Consume","floor":45},{"not_picked":["Beam Cell","Hologram+1"],"picked":"Storm","floor":46},{"not_picked":["Hologram","Rebound"],"picked":"Skim+1","floor":48},{"not_picked":["Hello World","Aggregate"],"picked":"Force Field","floor":48},{"not_picked":["Beam Cell","Steam+1"],"picked":"Consume+1","floor":48},{"not_picked":["Beam Cell+1","Aggregate"],"picked":"Compile Driver","floor":48},{"not_picked":["Cold Snap","Sunder"],"picked":"Thunder Strike","floor":48}],"player_experience":610918,"relics_obtained":[{"floor":7.0,"key":"MealTicket"},{"floor":9.0,"key":"Sundial"},{"floor":26.0,"key":"PreservedInsect"},{"floor":28.0,"key":"FossilizedHelix"},{"floor":28.0,"key":"Shuriken"},{"floor":31.0,"key":"Lizard Tail"},{"floor":38.0,"key":"Shovel"},{"floor":41.0,"key":"Letter Opener"},{"floor":42.0,"key":"Strawberry"},{"floor":44,"key":"Whetstone"},{"floor":45,"key":"Orichalcum"},{"floor":49,"key":"Bronze Scales"}],"event_choices":[{"damage_healed":0.0,"max_hp_gain":0.0,"max_hp_loss":0.0,"gold_gain":0.0,"event_name":"Liars Game","player_choice":"Ignored","floor":3.0,"gold_loss":0.0,"damage_taken":0.0},{"cards_removed":["Doom and Gloom"],"damage_healed":21.0,"max_hp_gain":0.0,"max_hp_loss":0.0,"gold_gain":0.0,"event_name":"Bonfire Elementals","player_choice":"Offered Uncommon","floor":5.0,"gold_loss":0.0,"damage_taken":0.0},{"damage_healed":0.0,"max_hp_gain":0.0,"max_hp_loss":0.0,"gold_gain":0.0,"event_name":"The Library","player_choice":"Read","floor":20.0,"gold_loss":0.0,"damage_taken":0.0,"cards_obtained":["Capacitor"]},{"damage_healed":0.0,"max_hp_gain":0.0,"max_hp_loss":36.0,"gold_gain":0.0,"event_name":"Ghosts","player_choice":"Became a Ghost","floor":21.0,"gold_loss":0.0,"damage_taken":0.0,"cards_obtained":["Ghostly","Ghostly","Ghostly"]},{"damage_healed":0.0,"max_hp_gain":5.0,"max_hp_loss":0.0,"gold_gain":0.0,"event_name":"Forgotten Altar","player_choice":"Shed Blood","floor":24.0,"gold_loss":0.0,"damage_taken":12.0},{"damage_healed":0.0,"max_hp_gain":0.0,"max_hp_loss":0.0,"gold_gain":0.0,"event_name":"Colosseum","player_choice":"Fight","floor":28.0,"gold_loss":0.0,"damage_taken":0.0},{"damage_healed":0.0,"max_hp_gain":0.0,"max_hp_loss":0.0,"gold_gain":0.0,"event_name":"Colosseum","player_choice":"Fought Nobs","floor":28.0,"gold_loss":0.0,"damage_taken":0.0},{"damage_healed":0.0,"max_hp_gain":0.0,"max_hp_loss":0.0,"gold_gain":0.0,"event_name":"MindBloom","player_choice":"Fight","floor":38.0,"gold_loss":0.0,"damage_taken":0.0},{"cards_removed":["Compile Driver"],"damage_healed":0,"gold_gain":0,"player_choice":"Removed Attack","damage_taken":0,"max_hp_gain":0,"max_hp_loss":0,"event_name":"Falling","floor":47,"gold_loss":0}],"is_beta":false,"boss_relics":[{"not_picked":["SlaversCollar","Nuclear Battery"],"picked":"Empty Cage"},{"not_picked":["Busted Crown","Fusion Hammer"],"picked":"Cursed Key"}],"items_purged_floors":[11],"is_endless":false,"potions_floor_spawned":[1,8,10,12,28,31,38,39,41,45,46],"ascension_level":20}}