{"host":"hqxy2g3i5ker09hc","time":1614039101,"event":{"mods":["2.2 Compatiblity","AlwaysNeverKeys","Aspiration","BaseMod","Beaked The Cultist","Better Match","Better Note","Better Sensory Stone","Better Silent Start","Better Third Choice","Better-Laid Plans","CCEM2","CatGirl Mod","Chen","Conspire","Downfall","GifTheSpireLib","Gold Saver","Hermit","Hubris","Hyrulean Relics","Ironclad Rager","Koishi","Mathemortician","Minty Spire (QoL Compilation)","MostiFishMod","Permanent Neow","Quarter Circle Forward PUNCH!","Quick Restart","Railgun Mod","Relic Stats","Remilia_Scarlet Moed?????·?????3.3.5","Replay The Spire","Robot Space Explorer","Shop Mod","Small Relic Pack","Spikes Relics","StSLib","Stuff the Spire","The Animator","The Bug Knight","The Forsaken","The Wild Card"],"gold_per_floor":[368,378,391,666,666,666,682,682,682,702,287,287,313,323,323,421,421,436,456,220,234,246,272,272,289,315,70,70,70,70,88,88,187,187,187],"floor_reached":34,"language":"ENG","playtime":2683,"items_purged":["Regret"],"score":649,"play_id":"f6dec59d-4352-47a5-8bad-0430a0923688","local_time":"20210223011141","is_ascension_mode":false,"campfire_choices":[{"data":"RemiliaMod:CFx","floor":6,"key":"SMITH"},{"data":"RemiliaMod:CPXRNL","floor":8,"key":"SMITH"},{"data":"conspire:Banana","floor":15,"key":"SMITH"},{"floor":24,"key":"REST"},{"data":"MostiFishMod:MusicBox","floor":30,"key":"SMITH"},{"floor":32,"key":"DIG"}],"circlet_count":0,"master_deck":["RemiliaMod:Scratch","RemiliaMod:Scratch","RemiliaMod:Scratch","RemiliaMod:Defend","RemiliaMod:Defend","RemiliaMod:Defend","RemiliaMod:Defend","RemiliaMod:CNLCSZL","RemiliaMod:CAattack","RemiliaMod:CJNXRFZ","RemiliaMod:CFx+1","RemiliaMod:CPXRNL+1","conspire:Banana+1","RemiliaMod:CPQHZZ","RemiliaMod:CFTAttack","RemiliaMod:CPHwYb","RemiliaMod:CFHGJ","Discovery","MostiFishMod:LegendTransform","MostiFishMod:MusicBox+1","Guardian:AncientConstruct","MostiFishMod:EE1D","MostiFishMod:EE1D","MostiFishMod:EE1D"],"relics":["RemiliaMod:RXiangDui","RemiliaMod:RFkXt","RemiliaMod:RWYXT","Juzu Bracelet","DaveBox","SynthV:TestCard","conspire:DecoderRing","StuffTheSpire:RubySignet","Pondfish Scales","PrismaticShard","ArrowTower","qcfpunch:Broken_Tusk","Snack Pack","qcfpunch:Army_Boots","EE1DDrone"],"acts_visited":["Exordium","TheCity","TheBeyond"],"potions_floor_usage":[13,21],"damage_taken":[{"damage":12,"enemies":"2 Louse","floor":1,"turns":4},{"damage":0,"enemies":"Cultist","floor":2,"turns":3},{"damage":0,"enemies":"Small Slimes","floor":3,"turns":5},{"damage":0,"enemies":"Looter","floor":7,"turns":2},{"damage":0,"enemies":"Exordium Thugs","floor":10,"turns":4},{"damage":2,"enemies":"Lagavulin","floor":13,"turns":4},{"damage":0,"enemies":"Exordium Wildlife","floor":14,"turns":5},{"damage":39,"enemies":"The Guardian","floor":16,"turns":10},{"damage":0,"enemies":"conspire:FuzzyDice","floor":18,"turns":4},{"damage":10,"enemies":"Chosen","floor":19,"turns":3},{"damage":19,"enemies":"3 Cultists","floor":21,"turns":4},{"damage":5,"enemies":"Snecko","floor":22,"turns":4},{"damage":44,"enemies":"Gremlin Leader","floor":23,"turns":4},{"damage":17,"enemies":"Snake Plant","floor":25,"turns":4},{"damage":0,"enemies":"Sentry and Sphere","floor":31,"turns":3},{"damage":2,"enemies":"Pondfish","floor":33,"turns":8}],"seed_played":"-6155273383936420642","potions_obtained":[{"floor":1,"key":"Milkshake"},{"floor":2,"key":"Strength Potion"},{"floor":10,"key":"ColorlessPotion"},{"floor":16,"key":"Block Potion"},{"floor":18,"key":"EssenceOfSteel"},{"floor":25,"key":"Languid Potion"}],"is_trial":false,"path_per_floor":["M","M","M","?","?","R","M","R","T","M","$","?","E","M","R","B",null,"M","M","$","M","M","E","R","M","T","$","$","?","R","M","R","B",null],"character_chosen":"Remilia_Scarlet_Modee","items_purchased":["conspire:Banana","StuffTheSpire:RubySignet","PrismaticShard","Discovery","Snack Pack"],"campfire_rested":1,"item_purchase_floors":[11,11,20,20,27],"current_hp_per_floor":[64,75,75,75,75,75,75,75,75,75,75,75,77,79,79,46,81,83,83,83,71,89,62,89,86,86,86,86,93,93,95,95,97,97,97],"gold":187,"neow_bonus":"HUNDRED_GOLD","is_daily":false,"chose_seed":false,"campfire_upgraded":4,"win_rate":0.0,"timestamp":1614039101,"path_taken":["M","M","M","?","?","R","M","R","T","M","$","?","E","M","R","BOSS","M","M","$","M","M","E","R","M","T","?","$","?","R","M","R","BOSS"],"items_purchased_type":["Card","Relic","Relic","Card","Relic"],"build_version":"2020-12-22","purchased_purges":1,"victory":false,"max_hp_per_floor":[75,75,75,75,75,75,75,75,75,75,75,75,77,79,79,81,81,83,85,85,87,89,91,91,93,93,93,93,93,93,95,95,97,97,97],"relic_stats":{"counters":[16,71],"Juzu Bracelet":1,"obtain_stats":[{"qcfpunch:Army_Boots":32,"DaveBox":0,"RemiliaMod:RFkXt":0,"Juzu Bracelet":0,"RemiliaMod:RXiangDui":0,"PrismaticShard":20,"Pondfish Scales":13,"SynthV:TestCard":1,"qcfpunch:Broken_Tusk":26,"EE1DDrone":34,"RemiliaMod:RWYXT":0,"conspire:DecoderRing":9,"StuffTheSpire:RubySignet":11,"Snack Pack":27,"ArrowTower":23},{"qcfpunch:Army_Boots":15,"DaveBox":0,"RemiliaMod:RFkXt":0,"Juzu Bracelet":0,"RemiliaMod:RXiangDui":0,"PrismaticShard":10,"Pondfish Scales":6,"SynthV:TestCard":1,"qcfpunch:Broken_Tusk":14,"EE1DDrone":16,"RemiliaMod:RWYXT":0,"conspire:DecoderRing":4,"StuffTheSpire:RubySignet":5,"Snack Pack":14,"ArrowTower":13},{"qcfpunch:Army_Boots":63,"DaveBox":0,"RemiliaMod:RFkXt":0,"Juzu Bracelet":0,"RemiliaMod:RXiangDui":0,"PrismaticShard":44,"Pondfish Scales":22,"SynthV:TestCard":4,"qcfpunch:Broken_Tusk":60,"EE1DDrone":71,"RemiliaMod:RWYXT":0,"conspire:DecoderRing":14,"StuffTheSpire:RubySignet":18,"Snack Pack":60,"ArrowTower":56}]},"card_choices":[{"not_picked":["RemiliaMod:CJNSP","RemiliaMod:CJDB"],"picked":"RemiliaMod:CJNXRFZ","floor":1},{"not_picked":["RemiliaMod:CFPDMJ","RemiliaMod:CD6B","RemiliaMod:CMPA","RemiliaMod:CPFPDLL"],"picked":"RemiliaMod:CMPC","floor":2},{"not_picked":["RemiliaMod:CJNWYXD2","RemiliaMod:CJNYSFZ","RemiliaMod:CMPA","RemiliaMod:CD6B"],"picked":"RemiliaMod:CFx","floor":3},{"not_picked":["RemiliaMod:CJNGSYD","RemiliaMod:CXXSJ","RemiliaMod:CFPLL","RemiliaMod:CD6B"],"picked":"RemiliaMod:CPXRNL","floor":7},{"not_picked":["RemiliaMod:CJNNPSJ","RemiliaMod:CFPLL","RemiliaMod:CD6B","RemiliaMod:CJNLLFZ","RemiliaMod:CJNMJFZ"],"picked":"SKIP","floor":10},{"not_picked":["RemiliaMod:CPFPDLL","RemiliaMod:CJNWYXD2","RemiliaMod:CFx","RemiliaMod:CHQS"],"picked":"RemiliaMod:CPQHZZ","floor":13},{"not_picked":["RemiliaMod:CJNXRFZ","RemiliaMod:CJNWYXD","RemiliaMod:CJDB","RemiliaMod:CPFPDLL"],"picked":"RemiliaMod:CFTAttack","floor":14},{"not_picked":["RemiliaMod:CWYRF","RemiliaMod:CBYZLC","RemiliaMod:CDXSJ","RemiliaMod:CYYRS"],"picked":"RemiliaMod:CPHwYb","floor":16},{"not_picked":["RemiliaMod:CFxAttack+1","RemiliaMod:CDB","RemiliaMod:CJNXRFZ+1","RemiliaMod:CJNSJDF"],"picked":"RemiliaMod:CMPB","floor":18},{"not_picked":["RemiliaMod:CJNLLFZ+1","RemiliaMod:CDB","RemiliaMod:CJNYSFZ","RemiliaMod:CFPMJ"],"picked":"RemiliaMod:CFHGJ","floor":19},{"not_picked":["RobotSpaceExplorer:PlasmaMissile","theForsaken:Preservation","Koishi:StingingMind","theForsaken:CowardsBrand","FlurryOfBlows"],"picked":"SKIP","floor":21},{"not_picked":["Hologram","hexamod:Incineration","HollowMod:SoulStrike","beaked:Daydream+1"],"picked":"MostiFishMod:LegendTransform","floor":22},{"not_picked":["Tantrum","bronze:GetLatest+1","hexamod:GhostShield","theWildCard:BladeOfGenerations","hermit:HoleUp+1"],"picked":"SKIP","floor":23},{"not_picked":["beaked:Windmill","Guardian:PiercingHide","theCatGirl:Misfire","theWildCard:Patience"],"picked":"MostiFishMod:MusicBox","floor":25},{"not_picked":["Body Slam","Turbo","animator:MumenRider","Guardian:Gem_Green","Predator+1"],"picked":"SKIP","floor":31},{"not_picked":["MostiFishMod:Kaleido","Slimebound:OneTwoCombo","theextravagant:SnakeEyes","champ:MurderStrike"],"picked":"Guardian:AncientConstruct","floor":33}],"player_experience":741200,"relics_obtained":[{"floor":1,"key":"SynthV:TestCard"},{"floor":9,"key":"conspire:DecoderRing"},{"floor":13,"key":"Pondfish Scales"},{"floor":23,"key":"ArrowTower"},{"floor":26,"key":"qcfpunch:Broken_Tusk"},{"floor":32,"key":"qcfpunch:Army_Boots"}],"event_choices":[{"damage_healed":0,"gold_gain":275,"player_choice":"Desecrate","damage_taken":0,"max_hp_gain":0,"max_hp_loss":0,"event_name":"Golden Shrine","floor":4,"gold_loss":0,"cards_obtained":["Regret"]},{"cards_removed":["RemiliaMod:Scratch"],"damage_healed":0,"gold_gain":0,"player_choice":"Offered Basic","damage_taken":0,"max_hp_gain":0,"max_hp_loss":0,"event_name":"Bonfire Elementals","floor":12,"gold_loss":0}],"is_beta":false,"boss_relics":[{"not_picked":["CCEMRelics:DefectiveTurbocharger","StuffTheSpire:RunicHypercube","GuanYuAspect"]},{"not_picked":["Cursed Key","ReplayTheSpireMod:DimensionalGlitch"],"picked":"EE1DDrone"}],"items_purged_floors":[11],"is_endless":false,"potions_floor_spawned":[1,2,10,14,16,18,21,22,25,31],"ascension_level":0}}