{"host":"birdoosa9v9yfc1w","time":1614067349,"event":{"mods":["2.2 Compatiblity","BaseMod","Bossed Relics","Colored Map","Colored Powertips","Dark Map","Halation","Highlight Path","Minty Spire (QoL Compilation)","Rare Cards Sparkle","Relic Filter","SacredBarkPlus","StSLib","The Jungle","Thrall Mod"],"gold_per_floor":[12,28,45,57,57,57,86,86,111,138,103,131,165,179,179,284,284,295,415,428,428,428,428],"floor_reached":22,"language":"ENG","playtime":937,"items_purged":[],"score":370,"play_id":"db7612a7-a90f-49ce-bb37-6b648c781873","local_time":"20210223030229","is_ascension_mode":true,"campfire_choices":[{"data":"Vitalitytotem","floor":6,"key":"SMITH"},{"data":"Earthshock","floor":8,"key":"SMITH"},{"data":"Maelstromportal","floor":15,"key":"SMITH"}],"circlet_count":0,"master_deck":["AscendersBane","Strike_Thrall","Strike_Thrall","Strike_Thrall","Strike_Thrall","Strike_Thrall","Defend_Thrall","Defend_Thrall","Defend_Thrall","Defend_Thrall","Defend_Thrall","Lightningbolt","Thecoin","Earthshock+1","Vitalitytotem+1","Totemicsmash","Rumblingelemental","Lavaburst","Airelemental","Maelstromportal+1","Eternalsentinel","Doomhammer"],"relics":["Totem","Bag of Marbles","Ancient Tea Set","Tiny Chest","Odd Mushroom","halation:LettersToHer","Philosopher\u0027s Stone"],"acts_visited":["Exordium","Exordium"],"potions_floor_usage":[21,22],"damage_taken":[{"damage":0,"enemies":"Cultist","floor":1,"turns":3},{"damage":2,"enemies":"2 Louse","floor":2,"turns":2},{"damage":0,"enemies":"Small Slimes","floor":3,"turns":3},{"damage":13,"enemies":"Blue Slaver","floor":4,"turns":4},{"damage":30,"enemies":"Lagavulin","floor":7,"turns":6},{"damage":0,"enemies":"Gremlin Nob","floor":10,"turns":2},{"damage":30,"enemies":"The Mushroom Lair","floor":12,"turns":4},{"damage":23,"enemies":"Lagavulin","floor":13,"turns":7},{"damage":0,"enemies":"Large Slime","floor":14,"turns":3},{"damage":45,"enemies":"The Guardian","floor":16,"turns":8},{"damage":25,"enemies":"theJungle:5_Spyders","floor":18,"turns":5},{"damage":9,"enemies":"theJungle:MUSHROOMGANG","floor":20,"turns":2},{"damage":44,"enemies":"theJungle:2_Flameangoes","floor":21,"turns":6},{"damage":12,"enemies":"theJungle:JungleHuntersEncounter","floor":22,"turns":2}],"seed_played":"-2531680018420030278","potions_obtained":[{"floor":3,"key":"SkillPotion"},{"floor":4,"key":"PowerPotion"},{"floor":7,"key":"SmokeBomb"}],"is_trial":false,"path_per_floor":["M","M","M","M","$","R","E","R","T","E","?","?","E","M","R","B",null,"M","?","M","M","M"],"character_chosen":"THRALL","items_purchased":[],"campfire_rested":0,"item_purchase_floors":[],"current_hp_per_floor":[77,75,79,66,66,66,60,60,60,60,81,62,63,71,71,46,75,54,42,37,5,0,0],"gold":428,"neow_bonus":"TWENTY_PERCENT_HP_BONUS","is_daily":false,"chose_seed":false,"campfire_upgraded":3,"win_rate":0.0,"timestamp":1614067349,"path_taken":["M","M","M","M","?","R","E","R","T","E","?","?","E","M","R","BOSS","M","?","M","M","M"],"items_purchased_type":[],"build_version":"2020-12-22","purchased_purges":0,"victory":false,"max_hp_per_floor":[84,84,84,84,84,84,84,84,84,84,84,84,84,84,84,84,84,84,84,84,84,84,84],"card_choices":[{"not_picked":["Drakkaridefender","Healingwave"],"picked":"Earthshock","floor":1},{"not_picked":["Earthshock","Murksparkeel"],"picked":"Vitalitytotem","floor":2},{"not_picked":["Jinyu","Wartbringer"],"picked":"Totemicsmash","floor":3},{"not_picked":["Fireguard","Drakkaridefender"],"picked":"Rumblingelemental","floor":4},{"not_picked":["Lightningbolt","Witchsapprentice"],"picked":"Lavaburst","floor":7},{"not_picked":["Elementaryreaction","Manatidetotem"],"picked":"Airelemental","floor":10},{"not_picked":["Dunemaul","Elementaryreaction","Likkim"],"picked":"SKIP","floor":13},{"not_picked":["Frostshock","Crackle"],"picked":"Maelstromportal","floor":14},{"not_picked":["Unstable","Whiteeyes"],"picked":"Eternalsentinel","floor":16},{"not_picked":["Lightningstorm","Reincarnate+1"],"picked":"Doomhammer","floor":18},{"not_picked":["Fireelemental","Forkedlightning+1","Zap"],"picked":"SKIP","floor":20}],"player_experience":658555,"relics_obtained":[{"floor":7,"key":"Bag of Marbles"},{"floor":9,"key":"Ancient Tea Set"},{"floor":10,"key":"Tiny Chest"},{"floor":12,"key":"Odd Mushroom"},{"floor":13,"key":"halation:LettersToHer"}],"event_choices":[{"damage_healed":21,"gold_gain":0,"player_choice":"Healed","damage_taken":0,"max_hp_gain":0,"max_hp_loss":0,"event_name":"The Cleric","floor":11,"gold_loss":35},{"damage_healed":0,"gold_gain":0,"player_choice":"Fought Mushrooms","damage_taken":0,"max_hp_gain":0,"max_hp_loss":0,"event_name":"Mushrooms","floor":12,"gold_loss":0}],"is_beta":false,"boss_relics":[{"not_picked":["halation:Yufonium","Ectoplasm"],"picked":"Philosopher\u0027s Stone"}],"items_purged_floors":[],"is_endless":false,"potions_floor_spawned":[3,4,7,10],"killed_by":"theJungle:JungleHuntersEncounter","ascension_level":12}}