{"host":"n4fty02wqqi95laq","time":1614067973,"event":{"mods":["BaseMod","Highlight Path","Minty Spire (QoL Compilation)","Quick Restart","Rare Cards Sparkle","StSLib"],"gold_per_floor":[119,119,134,145,157,157,186,198,237,54,80,80,80,96,96,175,175,186,186,186,216,127,157,168,202,202,216,242,242,262,199,199,278,278,294,319,319,333,555,587,587,587,587,354,383,408,427,455,455,455,455,455,455,68,97,97],"floor_reached":57,"language":"ZHS","playtime":2112,"items_purged":["Defend_P","Defend_P","Strike_P","Strike_P","Defend_P"],"score":3233,"play_id":"975eab84-8d6b-4202-854a-7b55f79de641","local_time":"20210223161253","is_ascension_mode":true,"campfire_choices":[{"data":"Apotheosis","floor":6.0,"key":"SMITH"},{"data":"Eruption","floor":8.0,"key":"SMITH"},{"data":"Meditate","floor":13.0,"key":"SMITH"},{"data":"Study","floor":15.0,"key":"SMITH"},{"data":"MentalFortress","floor":32.0,"key":"SMITH"},{"floor":42.0,"key":"RECALL"},{"floor":49.0,"key":"REST"},{"floor":53.0,"key":"REST"}],"circlet_count":0,"master_deck":["AscendersBane","Eruption+1","Vigilance","Apotheosis+1","CutThroughFate","WheelKick","Ragnarok","Wallop","Meditate+1","FearNoEvil","Crescendo","Prostrate","Study+1","Establishment","Pray+1","Swivel","ForeignInfluence","Tantrum","MentalFortress+1","Prostrate","BowlingBash+1","Devotion+1","InnerPeace","ConjureBlade","Pray+1","Scrawl","TalkToTheHand+1"],"relics":["HolyWater","MawBank","Membership Card","Toy Ornithopter","Meat on the Bone","Red Mask","Frozen Egg 2","Molten Egg 2","Eternal Feather","Tiny Chest","Fusion Hammer","Thread and Needle","PreservedInsect","Boot","Pen Nib","Incense Burner","Ornamental Fan","Bronze Scales","TeardropLocket","Medical Kit","Mummified Hand","Sundial"],"acts_visited":["Exordium","TheCity","TheBeyond","TheEnding"],"potions_floor_usage":[55,56,56],"damage_taken":[{"damage":7.0,"enemies":"Jaw Worm","floor":1.0,"turns":4.0},{"damage":1.0,"enemies":"Cultist","floor":3.0,"turns":3.0},{"damage":7.0,"enemies":"Small Slimes","floor":4.0,"turns":3.0},{"damage":0.0,"enemies":"Red Slaver","floor":5.0,"turns":2.0},{"damage":4.0,"enemies":"Gremlin Nob","floor":7.0,"turns":3.0},{"damage":0.0,"enemies":"Lagavulin","floor":11.0,"turns":5.0},{"damage":0.0,"enemies":"Exordium Thugs","floor":14.0,"turns":3.0},{"damage":0.0,"enemies":"Slime Boss","floor":16.0,"turns":5.0},{"damage":13.0,"enemies":"3 Byrds","floor":18.0,"turns":4.0},{"damage":0.0,"enemies":"Masked Bandits","floor":21.0,"turns":2.0},{"damage":1.0,"enemies":"Slavers","floor":23.0,"turns":2.0},{"damage":10.0,"enemies":"Shell Parasite","floor":24.0,"turns":4.0},{"damage":0.0,"enemies":"Book of Stabbing","floor":25.0,"turns":2.0},{"damage":0.0,"enemies":"Snecko","floor":27.0,"turns":2.0},{"damage":20.0,"enemies":"Gremlin Leader","floor":28.0,"turns":5.0},{"damage":4.0,"enemies":"Shelled Parasite and Fungi","floor":30.0,"turns":2.0},{"damage":16.0,"enemies":"Champ","floor":33.0,"turns":6.0},{"damage":0.0,"enemies":"Orb Walker","floor":35.0,"turns":2.0},{"damage":0.0,"enemies":"Mind Bloom Boss Battle","floor":36.0,"turns":3.0},{"damage":32.0,"enemies":"3 Shapes","floor":38.0,"turns":4.0},{"damage":0.0,"enemies":"Reptomancer","floor":40.0,"turns":2.0},{"damage":0.0,"enemies":"Giant Head","floor":45.0,"turns":4.0},{"damage":0.0,"enemies":"Sphere and 2 Shapes","floor":47.0,"turns":3.0},{"damage":35.0,"enemies":"Reptomancer","floor":48.0,"turns":3.0},{"damage":0.0,"enemies":"Time Eater","floor":50.0,"turns":5.0},{"damage":34.0,"enemies":"Awakened One","floor":51.0,"turns":6.0},{"damage":6,"enemies":"Shield and Spear","floor":55,"turns":3},{"damage":54,"enemies":"The Heart","floor":56,"turns":6}],"seed_played":"-8647901646093827921","potions_obtained":[{"floor":4.0,"key":"Strength Potion"},{"floor":5.0,"key":"SpeedPotion"},{"floor":7.0,"key":"SkillPotion"},{"floor":21.0,"key":"SmokeBomb"},{"floor":25.0,"key":"LiquidBronze"},{"floor":30.0,"key":"Dexterity Potion"},{"floor":35.0,"key":"Swift Potion"},{"floor":38.0,"key":"LiquidBronze"},{"floor":40.0,"key":"CultistPotion"},{"floor":47.0,"key":"BottledMiracle"},{"floor":55,"key":"Ancient Potion"}],"is_trial":false,"path_per_floor":["M","?","M","M","M","R","E","R","T","$","E","?","R","M","R","B",null,"M","?","T","?","$","E","M","E","T","M","E","?","M","$","R","B",null,"M","?","T","M","?","E","?","R","T","$","E","T","M","E","R","B","B",null,"R","$","E","B",null],"character_chosen":"WATCHER","items_purchased":["Membership Card","MentalFortress","Incense Burner","Medical Kit","TalkToTheHand+1","GamblersBrew","Mummified Hand"],"campfire_rested":2,"item_purchase_floors":[10,22,44,54,54,54,54],"current_hp_per_floor":[54,54,53,46,46,46,42,42,42,42,42,38,38,38,38,38,56,43,43,43,48,48,52,42,42,42,42,34,34,42,42,57,41,57,57,57,57,37,37,42,42,57,57,57,57,57,57,34,62,62,40,57,62,62,56,24],"gold":97,"neow_bonus":"RANDOM_COLORLESS_2","is_daily":false,"chose_seed":false,"campfire_upgraded":5,"win_rate":0.0,"timestamp":1614067973,"path_taken":["M","?","M","?","M","R","E","R","T","?","E","?","R","?","R","BOSS","M","?","?","?","$","E","M","E","T","M","E","?","?","$","R","BOSS","M","?","?","?","?","E","?","R","T","$","E","?","M","E","R","BOSS","BOSS","R","$","E","BOSS"],"items_purchased_type":["Relic","Card","Relic","Relic","Card","Potion","Relic"],"build_version":"2020-12-22","purchased_purges":5,"victory":true,"max_hp_per_floor":[62,62,62,62,62,62,62,62,62,62,62,62,62,62,62,62,62,62,62,62,62,62,62,62,62,62,62,62,62,62,62,62,62,62,62,62,62,62,62,62,62,62,62,62,62,62,62,62,62,62,62,62,62,62,62,62],"card_choices":[{"not_picked":["Mayhem","Metamorphosis"],"picked":"Apotheosis","floor":0.0},{"not_picked":["JustLucky","Sanctity"],"picked":"CutThroughFate","floor":1.0},{"not_picked":["PathToVictory","EmptyBody"],"picked":"Wallop","floor":3.0},{"not_picked":["CrushJoints","Wallop"],"picked":"Meditate","floor":4.0},{"not_picked":["WheelKick","CrushJoints"],"picked":"FearNoEvil","floor":5.0},{"not_picked":["DeceiveReality","Alpha"],"picked":"Crescendo","floor":7.0},{"not_picked":["ThirdEye","PathToVictory"],"picked":"Prostrate","floor":11.0},{"not_picked":["SashWhip","Collect"],"picked":"Study","floor":14.0},{"not_picked":["ConjureBlade","Vault"],"picked":"Establishment","floor":16.0},{"not_picked":["FlurryOfBlows","Protect"],"picked":"Pray+1","floor":18.0},{"not_picked":["CarveReality","SashWhip+1"],"picked":"Tantrum","floor":21.0},{"not_picked":["EmptyBody","CutThroughFate+1","EmptyFist"],"picked":"SKIP","floor":23.0},{"not_picked":["ClearTheMind","EmptyBody","Halt"],"picked":"SKIP","floor":24.0},{"not_picked":["CrushJoints+1","FlyingSleeves+1"],"picked":"Prostrate","floor":25.0},{"not_picked":["BattleHymn+1","Crescendo","FollowUp+1"],"picked":"SKIP","floor":27.0},{"not_picked":["LikeWater+1","FollowUp+1","BowlingBash+1"],"picked":"SKIP","floor":28.0},{"not_picked":["LikeWater+1","FollowUp+1"],"picked":"BowlingBash+1","floor":28.0},{"not_picked":["WaveOfTheHand","ClearTheMind"],"picked":"InnerPeace","floor":30.0},{"not_picked":["Ragnarok+1","LessonLearned+1"],"picked":"ConjureBlade","floor":33.0},{"not_picked":["EmptyFist+1","ClearTheMind","Halt"],"picked":"SKIP","floor":35.0},{"not_picked":["FlurryOfBlows+1","FollowUp+1"],"picked":"Pray+1","floor":36.0},{"not_picked":["Wireheading+1","PathToVictory+1","DeceiveReality"],"picked":"SKIP","floor":38.0},{"not_picked":["Tantrum+1","Indignation"],"picked":"Scrawl","floor":40.0},{"not_picked":["ReachHeaven+1","BowlingBash+1","Meditate"],"picked":"SKIP","floor":45.0},{"not_picked":["Swivel+1","WaveOfTheHand","LikeWater+1"],"picked":"SKIP","floor":47.0},{"not_picked":["Indignation","Study+1","ClearTheMind+1"],"picked":"SKIP","floor":48.0},{"not_picked":["Crescendo+1","SignatureMove+1","ClearTheMind"],"picked":"SKIP","floor":55}],"player_experience":740592,"relics_obtained":[{"floor":7.0,"key":"MawBank"},{"floor":11.0,"key":"Toy Ornithopter"},{"floor":20.0,"key":"Meat on the Bone"},{"floor":21.0,"key":"Red Mask"},{"floor":23.0,"key":"Frozen Egg 2"},{"floor":25.0,"key":"Molten Egg 2"},{"floor":26.0,"key":"Eternal Feather"},{"floor":28.0,"key":"Tiny Chest"},{"floor":36.0,"key":"Thread and Needle"},{"floor":37.0,"key":"PreservedInsect"},{"floor":40.0,"key":"Boot"},{"floor":43.0,"key":"Pen Nib"},{"floor":45.0,"key":"Ornamental Fan"},{"floor":46.0,"key":"Bronze Scales"},{"floor":48.0,"key":"TeardropLocket"},{"floor":55,"key":"Sundial"}],"event_choices":[{"damage_healed":0.0,"max_hp_gain":0.0,"max_hp_loss":0.0,"gold_gain":0.0,"event_name":"Match and Keep!","player_choice":"2 cards matched","floor":2.0,"gold_loss":0.0,"damage_taken":0.0,"cards_obtained":["WheelKick","Ragnarok"]},{"damage_healed":0.0,"max_hp_gain":0.0,"max_hp_loss":0.0,"gold_gain":0.0,"event_name":"The Woman in Blue","player_choice":"Bought 0 Potions","floor":12.0,"gold_loss":0.0,"damage_taken":0.0},{"damage_healed":0.0,"max_hp_gain":0.0,"max_hp_loss":0.0,"gold_gain":0.0,"cards_transformed":["Strike_P","Defend_P"],"event_name":"Drug Dealer","player_choice":"Became Test Subject","floor":19.0,"gold_loss":0.0,"damage_taken":0.0,"cards_obtained":["Swivel","ForeignInfluence"]},{"damage_healed":0.0,"max_hp_gain":0.0,"max_hp_loss":0.0,"gold_gain":0.0,"event_name":"Masked Bandits","player_choice":"Fought Bandits","floor":21.0,"gold_loss":0.0,"damage_taken":0.0},{"damage_healed":0.0,"max_hp_gain":0.0,"max_hp_loss":0.0,"gold_gain":0.0,"event_name":"Match and Keep!","player_choice":"1 cards matched","floor":29.0,"gold_loss":0.0,"damage_taken":0.0,"cards_obtained":["Devotion"]},{"damage_healed":0.0,"max_hp_gain":0.0,"max_hp_loss":0.0,"gold_gain":0.0,"event_name":"MindBloom","player_choice":"Fight","floor":36.0,"gold_loss":0.0,"damage_taken":0.0},{"damage_healed":0.0,"max_hp_gain":0.0,"max_hp_loss":0.0,"gold_gain":222.0,"event_name":"Tomb of Lord Red Mask","player_choice":"Wore Mask","floor":39.0,"gold_loss":0.0,"damage_taken":0.0},{"cards_removed":["Strike_P"],"damage_healed":0.0,"max_hp_gain":0.0,"max_hp_loss":0.0,"gold_gain":0.0,"event_name":"Purifier","player_choice":"Purged","floor":41.0,"gold_loss":0.0,"damage_taken":0.0}],"is_beta":false,"boss_relics":[{"not_picked":["Snecko Eye","Philosopher\u0027s Stone"],"picked":"HolyWater"},{"not_picked":["Velvet Choker","Runic Dome"],"picked":"Fusion Hammer"}],"items_purged_floors":[10,22,31,44,54],"is_endless":false,"potions_floor_spawned":[4,5,7,14,18,21,25,30,35,38,40,47,55],"ascension_level":20}}