{"host":"mtzcgy6hqz1ze1d8","time":1614040819,"event":{"mods":["AchievementEnabler","BaseMod","Colored Map","DeckTracker","Keyboard Shortcuts","Minty Spire (QoL Compilation)","Permanent Neow","StSLib","SuperFastMode"],"gold_per_floor":[119,194,207,226,226,226,241,241,241,271,236,82,113,113,113,191,191,191,116,131,131,45,45,58,58,58,1,1,36,50,65,65,139,189,199,211,227,247,247,274,274,299,326,226,226,226],"floor_reached":45,"language":"KOR","playtime":1107,"items_purged":["Strike_R","Strike_R"],"score":982,"play_id":"c2bc8a7a-d900-4390-81e1-52361edaaf02","local_time":"20210223094019","is_ascension_mode":true,"campfire_choices":[{"data":"Fire Breathing","floor":6.0,"key":"SMITH"},{"data":"Bash","floor":8.0,"key":"SMITH"},{"data":"Second Wind","floor":15.0,"key":"SMITH"},{"data":"Evolve","floor":23.0,"key":"SMITH"},{"floor":25.0,"key":"REST"},{"data":"Immolate","floor":32.0,"key":"SMITH"},{"floor":41.0,"key":"REST"}],"circlet_count":0,"master_deck":["AscendersBane","Strike_R","Defend_R+1","Defend_R","Defend_R+1","Defend_R+1","Bash+1","Fire Breathing+1","Wild Strike","Second Wind+1","Immolate+1","Evolve+1","Barricade","Wild Strike"],"relics":["Burning Blood","Omamori","Paper Frog","Meat on the Bone","Odd Mushroom","Du-Vu Doll","Velvet Choker","Necronomicon","Boot","FossilizedHelix","Tiny House","War Paint","Frozen Egg 2"],"acts_visited":["Exordium","TheCity","TheBeyond"],"potions_floor_usage":[45],"damage_taken":[{"damage":8.0,"enemies":"2 Louse","floor":1.0,"turns":4.0},{"damage":4.0,"enemies":"Jaw Worm","floor":3.0,"turns":6.0},{"damage":1.0,"enemies":"Cultist","floor":4.0,"turns":3.0},{"damage":2.0,"enemies":"Looter","floor":7.0,"turns":4.0},{"damage":54.0,"enemies":"The Mushroom Lair","floor":10.0,"turns":6.0},{"damage":20.0,"enemies":"3 Sentries","floor":13.0,"turns":4.0},{"damage":48.0,"enemies":"Hexaghost","floor":16.0,"turns":8.0},{"damage":0.0,"enemies":"3 Byrds","floor":18.0,"turns":2.0},{"damage":22.0,"enemies":"Shell Parasite","floor":20.0,"turns":4.0},{"damage":31.0,"enemies":"Centurion and Healer","floor":24.0,"turns":4.0},{"damage":12.0,"enemies":"Gremlin Leader","floor":29.0,"turns":4.0},{"damage":0.0,"enemies":"Snecko","floor":30.0,"turns":2.0},{"damage":0.0,"enemies":"3 Cultists","floor":31.0,"turns":3.0},{"damage":84.0,"enemies":"Automaton","floor":33.0,"turns":8.0},{"damage":0.0,"enemies":"3 Darklings","floor":35.0,"turns":2.0},{"damage":0.0,"enemies":"Orb Walker","floor":36.0,"turns":3.0},{"damage":22.0,"enemies":"3 Darklings","floor":37.0,"turns":3.0},{"damage":0.0,"enemies":"Jaw Worm Horde","floor":38.0,"turns":1.0},{"damage":108.0,"enemies":"Reptomancer","floor":40.0,"turns":5.0},{"damage":30.0,"enemies":"Nemesis","floor":42.0,"turns":5.0},{"damage":53,"enemies":"Spire Growth","floor":45,"turns":3}],"seed_played":"8640800594941433558","potions_obtained":[{"floor":1.0,"key":"SmokeBomb"},{"floor":13.0,"key":"SmokeBomb"},{"floor":16.0,"key":"PowerPotion"},{"floor":28.0,"key":"LiquidMemories"},{"floor":33.0,"key":"Dexterity Potion"},{"floor":34.0,"key":"FairyPotion"},{"floor":40.0,"key":"PowerPotion"}],"is_trial":false,"path_per_floor":["M","?","M","M","?","R","M","R","T","?","?","$","E","?","R","B",null,"M","?","M","?","$","R","M","R","T","$","?","E","M","M","R","B",null,"M","M","M","M","?","E","R","E","T","$","M"],"character_chosen":"IRONCLAD","items_purchased":["DuplicationPotion","Evolve","Explosive Potion"],"campfire_rested":2,"item_purchase_floors":[12,22,27],"current_hp_per_floor":[66,55,57,62,62,62,66,66,66,30,48,48,46,51,51,21,65,71,71,55,34,34,34,21,45,45,45,45,51,57,63,63,47,77,83,85,69,75,75,23,48,36,36,36,0,0],"gold":226,"neow_bonus":"RANDOM_COMMON_RELIC","is_daily":false,"chose_seed":false,"campfire_upgraded":5,"win_rate":0.0,"timestamp":1614040819,"path_taken":["M","?","M","M","?","R","?","R","T","?","?","?","E","?","R","BOSS","M","?","M","?","$","R","M","R","T","?","?","E","M","M","R","BOSS","M","M","M","M","?","E","R","E","T","?","M"],"items_purchased_type":["Potion","Card","Potion"],"build_version":"2020-12-22","purchased_purges":2,"victory":false,"max_hp_per_floor":[75,75,75,75,75,75,75,75,75,75,75,75,75,80,80,80,80,80,80,80,80,80,80,80,80,80,80,80,80,80,80,80,80,85,85,85,85,85,85,85,85,85,85,85,85,85],"card_choices":[{"not_picked":["Havoc","Heavy Blade"],"picked":"Fire Breathing","floor":1.0},{"not_picked":["Twin Strike","Shrug It Off"],"picked":"Wild Strike","floor":3.0},{"not_picked":["Perfected Strike","Spot Weakness","Dropkick"],"picked":"SKIP","floor":4.0},{"not_picked":["Whirlwind","Perfected Strike"],"picked":"Second Wind","floor":7.0},{"not_picked":["Carnage","Pommel Strike","Body Slam"],"picked":"SKIP","floor":13.0},{"not_picked":["Offering","Juggernaut"],"picked":"Immolate","floor":16.0},{"not_picked":["Entrench","Headbutt","Bloodletting"],"picked":"SKIP","floor":20.0},{"not_picked":["Rupture+1","Shrug It Off","Perfected Strike"],"picked":"SKIP","floor":24.0},{"not_picked":["Pommel Strike","Sword Boomerang","Dropkick"],"picked":"SKIP","floor":29.0},{"not_picked":["Thunderclap+1","Havoc","Heavy Blade"],"picked":"SKIP","floor":30.0},{"not_picked":["Sentinel","Flex","Warcry"],"picked":"SKIP","floor":31.0},{"not_picked":["Immolate","Limit Break"],"picked":"Barricade","floor":33.0},{"not_picked":["Heavy Blade","Shrug It Off","Wild Strike"],"picked":"SKIP","floor":35.0},{"not_picked":["True Grit+1","Pommel Strike"],"picked":"Wild Strike","floor":36.0},{"not_picked":["Havoc+1","Uppercut+1","Dropkick+1"],"picked":"SKIP","floor":37.0},{"not_picked":["Iron Wave","True Grit","Inflame+1"],"picked":"SKIP","floor":38.0},{"not_picked":["Impervious","Perfected Strike","Seeing Red"],"picked":"SKIP","floor":40.0},{"not_picked":["Clash","Iron Wave","Perfected Strike"],"picked":"SKIP","floor":42.0}],"player_experience":308676,"relics_obtained":[{"floor":9.0,"key":"Meat on the Bone"},{"floor":10.0,"key":"Odd Mushroom"},{"floor":13.0,"key":"Du-Vu Doll"},{"floor":21.0,"key":"Necronomicon"},{"floor":26.0,"key":"Boot"},{"floor":29.0,"key":"FossilizedHelix"},{"floor":40.0,"key":"War Paint"},{"floor":42.0,"key":"Frozen Egg 2"}],"event_choices":[{"damage_healed":0.0,"max_hp_gain":0.0,"max_hp_loss":0.0,"gold_gain":75.0,"event_name":"World of Goop","player_choice":"Gather Gold","floor":2.0,"gold_loss":0.0,"damage_taken":11.0},{"damage_healed":0.0,"max_hp_gain":0.0,"max_hp_loss":0.0,"gold_gain":0.0,"event_name":"WeMeetAgain","player_choice":"Gave Potion","floor":5.0,"gold_loss":0.0,"damage_taken":0.0,"relics_obtained":["Paper Frog"]},{"damage_healed":0.0,"max_hp_gain":0.0,"max_hp_loss":0.0,"gold_gain":0.0,"event_name":"Mushrooms","player_choice":"Fought Mushrooms","floor":10.0,"gold_loss":0.0,"damage_taken":0.0},{"damage_healed":18.0,"max_hp_gain":0.0,"max_hp_loss":0.0,"gold_gain":0.0,"event_name":"The Cleric","player_choice":"Healed","floor":11.0,"gold_loss":35.0,"damage_taken":0.0},{"damage_healed":0.0,"max_hp_gain":5.0,"max_hp_loss":0.0,"gold_gain":0.0,"event_name":"Big Fish","player_choice":"Donut","floor":14.0,"gold_loss":0.0,"damage_taken":0.0},{"cards_removed":["Strike_R"],"damage_healed":0.0,"max_hp_gain":0.0,"max_hp_loss":0.0,"gold_gain":0.0,"event_name":"Beggar","player_choice":"Gave Gold","floor":19.0,"gold_loss":75.0,"damage_taken":0.0},{"damage_healed":0.0,"max_hp_gain":0.0,"max_hp_loss":0.0,"gold_gain":0.0,"event_name":"Cursed Tome","player_choice":"Obtained Book","floor":21.0,"gold_loss":0.0,"damage_taken":21.0},{"damage_healed":0.0,"max_hp_gain":0.0,"max_hp_loss":0.0,"gold_gain":0.0,"event_name":"Lab","player_choice":"Got Potions","floor":28.0,"gold_loss":0.0,"damage_taken":0.0},{"cards_removed":["Strike_R"],"damage_healed":0.0,"max_hp_gain":0.0,"max_hp_loss":0.0,"gold_gain":0.0,"event_name":"Purifier","player_choice":"Purged","floor":39.0,"gold_loss":0.0,"damage_taken":0.0}],"is_beta":false,"boss_relics":[{"not_picked":["Runic Dome","Ectoplasm"],"picked":"Velvet Choker"},{"not_picked":["Cursed Key","Black Blood"],"picked":"Tiny House"}],"items_purged_floors":[12,44],"is_endless":false,"potions_floor_spawned":[1,13,16,18,30,31,33,35,40,42],"killed_by":"Spire Growth","ascension_level":20}}