{"host":"8rgpnls124hwjv5t","time":1614080178,"event":{"mods":["BaseMod","Colored Map","Colored Powertips","DeckTracker","Highlight Path","Minty Spire (QoL Compilation)","Permanent Neow","Quick Restart","Relic Stats","StSLib"],"gold_per_floor":[116,134,148,148,104,137,137,170,170,184,22,52,80,92,92,165,165,175,3,18,18,37,37,37,37,37,37,57,72,72,72],"floor_reached":30,"language":"ENG","playtime":2514,"items_purged":[],"score":536,"play_id":"b2535a86-a8b0-49b8-a509-fcd1e0ba0890","local_time":"20210223063618","is_ascension_mode":true,"campfire_choices":[{"data":"Skewer","floor":7,"key":"SMITH"},{"data":"Burst","floor":15,"key":"SMITH"},{"data":"Outmaneuver","floor":23,"key":"SMITH"},{"data":"Phantasmal Killer","floor":25,"key":"SMITH"},{"data":"Tools of the Trade","floor":27,"key":"SMITH"}],"circlet_count":0,"master_deck":["AscendersBane","Strike_G","Strike_G","Strike_G","Strike_G","Defend_G","Defend_G","Defend_G","Defend_G","Defend_G","Survivor","Neutralize","Slice","Skewer+1","Underhanded Strike","Phantasmal Killer+1","Escape Plan","Burst+1","PiercingWail","Infinite Blades","Leg Sweep","Tools of the Trade+1","Outmaneuver+1","Deflect","Flechettes","Finisher","Caltrops"],"relics":["Runic Pyramid","Eternal Feather","Mummified Hand","Sundial","OrangePellets","Odd Mushroom","Toy Ornithopter","SacredBark","Potion Belt","Enchiridion","CaptainsWheel"],"acts_visited":["Exordium","TheCity"],"potions_floor_usage":[8,13,16],"damage_taken":[{"damage":0,"enemies":"Small Slimes","floor":1,"turns":4},{"damage":3,"enemies":"2 Louse","floor":2,"turns":3},{"damage":0,"enemies":"Jaw Worm","floor":3,"turns":4},{"damage":10,"enemies":"Lagavulin","floor":6,"turns":5},{"damage":15,"enemies":"3 Sentries","floor":8,"turns":7},{"damage":0,"enemies":"Exordium Wildlife","floor":10,"turns":4},{"damage":8,"enemies":"The Mushroom Lair","floor":12,"turns":5},{"damage":0,"enemies":"Gremlin Nob","floor":13,"turns":3},{"damage":0,"enemies":"Looter","floor":14,"turns":4},{"damage":6,"enemies":"Hexaghost","floor":16,"turns":9},{"damage":21,"enemies":"Chosen","floor":18,"turns":6},{"damage":24,"enemies":"2 Thieves","floor":20,"turns":5},{"damage":11,"enemies":"Snecko","floor":22,"turns":8},{"damage":10,"enemies":"Chosen and Byrds","floor":28,"turns":7},{"damage":14,"enemies":"Snake Plant","floor":29,"turns":5},{"damage":5,"enemies":"Gremlin Leader","floor":30,"turns":2}],"seed_played":"8198267805472418014","potions_obtained":[{"floor":1,"key":"Regen Potion"},{"floor":3,"key":"FearPotion"},{"floor":13,"key":"Fruit Juice"},{"floor":14,"key":"FearPotion"},{"floor":28,"key":"SpeedPotion"}],"is_trial":false,"path_per_floor":["M","M","M","?","$","E","R","E","T","M","$","?","E","M","R","B",null,"M","$","M","?","M","R","?","R","T","R","M","M","E"],"character_chosen":"THE_SILENT","items_purchased":["Escape Plan","OrangePellets","Potion Belt"],"campfire_rested":0,"item_purchase_floors":[5,11,19],"current_hp_per_floor":[59,56,56,56,56,46,55,55,55,55,55,47,47,47,59,58,64,43,43,19,32,21,36,15,30,30,45,35,21,16,16],"gold":72,"neow_bonus":"BOSS_RELIC","is_daily":false,"chose_seed":false,"campfire_upgraded":5,"win_rate":0.0,"timestamp":1614080178,"path_taken":["M","M","M","?","$","E","R","E","T","M","$","?","E","M","R","BOSS","M","$","M","?","M","R","?","R","T","R","M","M","E"],"items_purchased_type":["Card","Relic","Relic"],"build_version":"2020-12-22","purchased_purges":0,"victory":false,"max_hp_per_floor":[66,66,66,66,66,66,66,66,66,66,66,66,66,66,66,66,66,66,66,66,66,66,66,66,66,66,66,66,66,66,66],"relic_stats":{"OrangePellets":[4],"counters":[16,81],"Mummified Hand":[18],"Sundial":[6],"Eternal Feather":66,"obtain_stats":[{"Potion Belt":19,"OrangePellets":11,"CaptainsWheel":26,"Mummified Hand":8,"Sundial":9,"SacredBark":17,"Enchiridion":24,"Eternal Feather":6,"Odd Mushroom":12,"Toy Ornithopter":13,"Ring of the Snake":0,"Runic Pyramid":0},{"Potion Belt":11,"OrangePellets":6,"CaptainsWheel":13,"Mummified Hand":5,"Sundial":5,"SacredBark":10,"Enchiridion":13,"Eternal Feather":4,"Odd Mushroom":7,"Toy Ornithopter":8,"Ring of the Snake":0,"Runic Pyramid":0},{"Potion Belt":54,"OrangePellets":27,"CaptainsWheel":67,"Mummified Hand":23,"Sundial":23,"SacredBark":48,"Enchiridion":67,"Eternal Feather":16,"Odd Mushroom":32,"Toy Ornithopter":35,"Ring of the Snake":0,"Runic Pyramid":0}],"Toy Ornithopter":5},"card_choices":[{"not_picked":["Infinite Blades","Blade Dance"],"picked":"Slice","floor":1},{"not_picked":["Bane","Cloak And Dagger"],"picked":"Skewer","floor":2},{"not_picked":["Dagger Spray","Dodge and Roll"],"picked":"Underhanded Strike","floor":3},{"not_picked":["Quick Slash","Poisoned Stab","Bane"],"picked":"SKIP","floor":6},{"not_picked":["Predator","Noxious Fumes"],"picked":"Burst","floor":8},{"not_picked":["Prepared","Expertise"],"picked":"PiercingWail","floor":10},{"not_picked":["Sucker Punch","Flying Knee"],"picked":"Infinite Blades","floor":12},{"not_picked":["Prepared","Dash"],"picked":"Leg Sweep","floor":13},{"not_picked":["Cloak And Dagger","Bane","Setup"],"picked":"SKIP","floor":14},{"not_picked":["Burst","Phantasmal Killer"],"picked":"Tools of the Trade","floor":16},{"not_picked":["Backflip","Quick Slash"],"picked":"Outmaneuver","floor":18},{"not_picked":["All Out Attack","Dagger Spray"],"picked":"Deflect","floor":20},{"not_picked":["Accuracy","Deadly Poison"],"picked":"Flechettes","floor":22},{"not_picked":["Flying Knee","Escape Plan"],"picked":"Finisher","floor":28},{"not_picked":["Dagger Throw","Leg Sweep"],"picked":"Caltrops","floor":29}],"player_experience":651839,"relics_obtained":[{"floor":6,"key":"Eternal Feather"},{"floor":8,"key":"Mummified Hand"},{"floor":9,"key":"Sundial"},{"floor":12,"key":"Odd Mushroom"},{"floor":13,"key":"Toy Ornithopter"},{"floor":24,"key":"Enchiridion"},{"floor":26,"key":"CaptainsWheel"}],"event_choices":[{"damage_healed":0,"gold_gain":0,"cards_transformed":["Strike_G"],"player_choice":"Change","damage_taken":0,"max_hp_gain":0,"max_hp_loss":0,"event_name":"Living Wall","floor":4,"gold_loss":0,"cards_obtained":["Phantasmal Killer"]},{"damage_healed":0,"gold_gain":0,"player_choice":"Fought Mushrooms","damage_taken":0,"max_hp_gain":0,"max_hp_loss":0,"event_name":"Mushrooms","floor":12,"gold_loss":0},{"damage_healed":13,"gold_gain":0,"player_choice":"Heal","damage_taken":0,"max_hp_gain":0,"max_hp_loss":0,"event_name":"The Library","floor":21,"gold_loss":0},{"damage_healed":0,"gold_gain":0,"player_choice":"Obtained Book","damage_taken":21,"max_hp_gain":0,"max_hp_loss":0,"event_name":"Cursed Tome","floor":24,"gold_loss":0}],"is_beta":false,"boss_relics":[{"not_picked":["Sozu","Astrolabe"],"picked":"SacredBark"}],"items_purged_floors":[],"is_endless":false,"potions_floor_spawned":[1,3,6,13,14,28],"killed_by":"Gremlin Leader","ascension_level":19}}