{"host":"0xrtbk0xxukcoky5","time":1614107640,"event":{"mods":["BaseMod","Colored Map","Hermit","Minty Spire (QoL Compilation)","Reliquary","Replay The Spire","StSLib"],"gold_per_floor":[112,122,138,148,73,99,122,154,189,233,309,321,333,362,374,482,494,520,304,304,322,245,276,276,286,286,286,286,286,286,303,338,318,318,318,318],"floor_reached":35,"language":"ENG","playtime":1638,"items_purged":["Languid"],"score":322,"play_id":"8356773f-0e46-46c2-b9e1-4348c1bad04e","local_time":"20210223201400","is_ascension_mode":true,"campfire_choices":[{"floor":15,"key":"REST"},{"data":"hermit:NoHoldsBarred","floor":24,"key":"SMITH"},{"data":"hermit:Showdown","floor":30,"key":"SMITH"},{"floor":34,"key":"RECALL"}],"circlet_count":0,"master_deck":["hermit:Strike_Hermit","hermit:Strike_Hermit","hermit:Strike_Hermit","hermit:Strike_Hermit","hermit:Defend_Hermit","hermit:Defend_Hermit","hermit:Defend_Hermit","hermit:Defend_Hermit","hermit:Snapshot","hermit:Covet","hermit:FlashPowder","hermit:Determination","hermit:Ricochet","hermit:HighCaliber","hermit:Ricochet","hermit:NoHoldsBarred+1","hermit:RoundhouseKick","hermit:Enervate","ReplayTheSpireMod:Splinters","hermit:Snipe","hermit:FinalCanter","hermit:EyeOfTheStorm+1","hermit:RoundhouseKick","hermit:Dive+1","hermit:Dissolve","hermit:Quickdraw+1","hermit:Deadeye","hermit:Showdown+1","hermit:Adapt","hermit:FullyLoaded"],"relics":["hermit:Momento","Torii","MawBank","TungstenRod","ReplayTheSpireMod:DimensionalGlitch","Membership Card","Akabeko","Centennial Puzzle","Mango","reliquary:Stiletto"],"acts_visited":["Exordium","TheCity"],"potions_floor_usage":[16,16,18,23,32,32,35],"damage_taken":[{"damage":1,"enemies":"Cultist","floor":1,"turns":3},{"damage":7,"enemies":"Jaw Worm","floor":2,"turns":5},{"damage":1,"enemies":"2 Louse","floor":3,"turns":3},{"damage":7,"enemies":"Large Slime","floor":4,"turns":5},{"damage":21,"enemies":"Gremlin Nob","floor":6,"turns":5},{"damage":7,"enemies":"Blue Slaver","floor":7,"turns":2},{"damage":1,"enemies":"Lots of Slimes","floor":8,"turns":3},{"damage":27,"enemies":"3 Sentries","floor":10,"turns":4},{"damage":0,"enemies":"3 Louse","floor":14,"turns":1},{"damage":9,"enemies":"Slime Boss","floor":16,"turns":8},{"damage":15,"enemies":"2 Thieves","floor":18,"turns":3},{"damage":0,"enemies":"Chosen","floor":21,"turns":4},{"damage":7,"enemies":"Gremlin Leader","floor":23,"turns":5},{"damage":4,"enemies":"Centurion and Healer","floor":25,"turns":4},{"damage":5,"enemies":"Shelled Parasite and Fungi","floor":31,"turns":2},{"damage":10,"enemies":"Replay:Snechameleon","floor":32,"turns":3},{"damage":48,"enemies":"Champ","floor":35,"turns":8}],"seed_played":"1005814843080417452","potions_obtained":[{"floor":4,"key":"Adrenaline Potion"},{"floor":6,"key":"EssenceOfSteel"},{"floor":10,"key":"BlessingOfTheForge"},{"floor":11,"key":"hermit:Eclipse"},{"floor":16,"key":"Explosive Potion"},{"floor":18,"key":"ColorlessPotion"},{"floor":23,"key":"SneckoOil"},{"floor":25,"key":"Energy Potion"},{"floor":33,"key":"EssenceOfSteel"}],"is_trial":false,"path_per_floor":["M","M","M","M","$","E","M","M","T","E","?","$","?","M","R","B",null,"M","$","?","M","$","E","R","M","T","?","PTL","PTL","R","M","E","?","R","B"],"character_chosen":"HERMIT","items_purchased":["Membership Card","Akabeko","hermit:Dissolve"],"campfire_rested":1,"item_purchase_floors":[19,19,22],"current_hp_per_floor":[74,67,66,59,59,38,31,30,30,3,3,3,3,3,25,16,75,60,60,60,60,60,53,53,49,63,63,63,63,63,58,48,48,48,0,0],"gold":318,"neow_bonus":"ONE_RARE_RELIC","is_daily":false,"chose_seed":false,"campfire_upgraded":2,"win_rate":0.0,"timestamp":1614107640,"path_taken":["M","?","?","M","$","E","M","M","T","E","?","$","?","M","R","BOSS","M","$","?","M","$","E","R","?","T","?","PTL","PTL","R","M","E","?","R","BOSS"],"items_purchased_type":["Relic","Relic","Card"],"build_version":"2020-12-22","purchased_purges":1,"victory":false,"max_hp_per_floor":[75,75,75,75,75,75,75,75,75,75,75,75,75,75,75,75,75,75,75,75,75,75,75,75,75,89,89,89,89,89,89,89,89,89,89,89],"card_choices":[{"not_picked":["hermit:HoleUp","hermit:Roulette"],"picked":"hermit:FlashPowder","floor":1},{"not_picked":["hermit:Ricochet","hermit:Feint"],"picked":"hermit:Determination","floor":2},{"not_picked":["hermit:Cheat","hermit:Glare"],"picked":"hermit:Ricochet","floor":3},{"not_picked":["hermit:CalledShot","hermit:Glare"],"picked":"hermit:HighCaliber","floor":4},{"not_picked":["hermit:TakeCover","hermit:Coalescence"],"picked":"hermit:Ricochet","floor":6},{"not_picked":["hermit:TrackingShot","hermit:SprayPray"],"picked":"hermit:NoHoldsBarred","floor":7},{"not_picked":["hermit:Feint","hermit:FlashPowder"],"picked":"hermit:RoundhouseKick","floor":8},{"not_picked":["hermit:Misfire","hermit:Cheat"],"picked":"hermit:Enervate","floor":10},{"not_picked":["hermit:Desperado","hermit:Glare"],"picked":"hermit:Snipe","floor":14},{"not_picked":["hermit:FatalDesire","hermit:Purgatory"],"picked":"hermit:FinalCanter","floor":16},{"not_picked":["hermit:SprayPray","hermit:Snipe"],"picked":"hermit:EyeOfTheStorm+1","floor":18},{"not_picked":["hermit:HighCaliber","hermit:ItchyTrigger"],"picked":"hermit:Dive+1","floor":21},{"not_picked":["hermit:CursedWeapon","hermit:Virtue+1"],"picked":"hermit:Quickdraw+1","floor":23},{"not_picked":["hermit:LowProfile","hermit:TakeCover"],"picked":"hermit:Deadeye","floor":25},{"not_picked":["hermit:SprayPray+1","hermit:TrackingShot"],"picked":"hermit:Adapt","floor":31},{"not_picked":["hermit:GhostlyPresence+1","hermit:CalledShot"],"picked":"hermit:FullyLoaded","floor":32}],"player_experience":290195,"relics_obtained":[{"floor":6,"key":"MawBank"},{"floor":10,"key":"TungstenRod"},{"floor":23,"key":"Centennial Puzzle"},{"floor":26,"key":"Mango"},{"floor":32,"key":"reliquary:Stiletto"}],"event_choices":[{"damage_healed":0,"gold_gain":0,"player_choice":"Ignored","damage_taken":0,"max_hp_gain":0,"max_hp_loss":0,"event_name":"Golden Idol","floor":13,"gold_loss":0},{"damage_healed":0,"gold_gain":0,"player_choice":"Copied","damage_taken":0,"max_hp_gain":0,"max_hp_loss":0,"event_name":"Duplicator","floor":20,"gold_loss":0,"cards_obtained":["hermit:RoundhouseKick"]},{"damage_healed":0,"gold_gain":0,"player_choice":"Read","damage_taken":0,"max_hp_gain":0,"max_hp_loss":0,"event_name":"The Library","floor":27,"gold_loss":0,"cards_obtained":["hermit:Showdown"]},{"damage_healed":0,"gold_gain":0,"player_choice":"Bought 1 Potion","damage_taken":0,"max_hp_gain":0,"max_hp_loss":0,"event_name":"The Woman in Blue","floor":33,"gold_loss":0}],"is_beta":false,"boss_relics":[{"not_picked":["Coffee Dripper","Cursed Key"],"picked":"ReplayTheSpireMod:DimensionalGlitch"}],"items_purged_floors":[5],"is_endless":false,"potions_floor_spawned":[4,6,10,16,18,23,25],"killed_by":"Champ","ascension_level":1}}