{"host":"684z1xpuwaoqmmh1","time":1614090514,"event":{"mods":["BaseMod","CatGirl Mod","Downfall","Hermit","Jorbs\u0027s Wanderer Trilogy","Marisa????????","Minty Spire (QoL Compilation)","Robot Space Explorer","Shade Mod","Shapeshifter Mod","StSLib","The Bug Knight","The Clintock","The Dragon Tamer","The Elementalist","The Hayseed","The Hierophant","The Marked","The Mystic","The Poker Player","The Runesmith","The Sage","The Saiyan","The Showman","The Spell Scribe","The Valiant","The Vixen","TheBandit","TheFirefly","TheVacant"],"gold_per_floor":[112,124,124,142,156,156,182,73,142,142,152,180,196,212,212,308,308,323,248,248,248,248],"floor_reached":21,"language":"ENG","playtime":897,"items_purged":["StSShapeShifter:ShapeShifter_Strike"],"score":220,"play_id":"819d29f2-13ba-437b-a41c-e0d17d0992d8","local_time":"20210223162834","is_ascension_mode":true,"campfire_choices":[{"data":"StSShapeShifter:CosmicShifter","floor":6,"key":"SMITH"},{"floor":10,"key":"REST"},{"data":"StSShapeShifter:DiverseSpirit","floor":15,"key":"SMITH"}],"circlet_count":0,"master_deck":["StSShapeShifter:ShapeShifter_Strike","StSShapeShifter:ShapeShifter_Strike","StSShapeShifter:ShapeShifter_Strike","StSShapeShifter:ShapeShifter_Defend","StSShapeShifter:ShapeShifter_Defend","StSShapeShifter:ShapeShifter_Defend","StSShapeShifter:ShapeShifter_Defend","StSShapeShifter:ShapeShifter_Defend","StSShapeShifter:Tortoise_Form","StSShapeShifter:Lynx_Form","StSShapeShifter:MonkeyForm","StSShapeShifter:SunflowerShuriken","StSShapeShifter:CosmicShifter+1","StSShapeShifter:Pounce","StSShapeShifter:LeapingSlash","StSShapeShifter:Efflorescence","StSShapeShifter:BarkSkin","StSShapeShifter:DiverseSpirit+1","StSShapeShifter:RitualOfTheElders","StSShapeShifter:BurstingSpore"],"relics":["StSShapeShifter:AnimalHeart","StSShapeShifter:TheShapeShiftersMagnolia","Happy Flower","Peace Pipe","bronze:DecasWashers","Nunchaku","Black Star"],"acts_visited":["Exordium","TheCity"],"potions_floor_usage":[7,12,16],"damage_taken":[{"damage":16,"enemies":"Jaw Worm","floor":1,"turns":7},{"damage":0,"enemies":"Cultist","floor":2,"turns":3},{"damage":0,"enemies":"Small Slimes","floor":4,"turns":3},{"damage":15,"enemies":"Blue Slaver","floor":5,"turns":6},{"damage":16,"enemies":"Gremlin Nob","floor":7,"turns":3},{"damage":0,"enemies":"2 Fungi Beasts","floor":11,"turns":2},{"damage":18,"enemies":"Lagavulin","floor":12,"turns":8},{"damage":0,"enemies":"Looter","floor":13,"turns":2},{"damage":11,"enemies":"Lots of Slimes","floor":14,"turns":3},{"damage":22,"enemies":"Hexaghost","floor":16,"turns":12},{"damage":46,"enemies":"Chosen","floor":18,"turns":8},{"damage":0,"enemies":"2 Thieves","floor":21,"turns":1}],"seed_played":"116421714590533138","potions_obtained":[{"floor":2,"key":"SpeedPotion"},{"floor":3,"key":"Strength Potion"},{"floor":3,"key":"StSShapeShifter:PolyBeastPotion"},{"floor":3,"key":"Weak Potion"},{"floor":11,"key":"DistilledChaos"},{"floor":13,"key":"sagemod:Wine"},{"floor":14,"key":"LiquidBronze"}],"is_trial":false,"path_per_floor":["M","M","?","M","M","R","E","$","T","R","M","E","M","M","R","B",null,"M","?","?","M"],"character_chosen":"SHAPESHIFTER","items_purchased":["StSShapeShifter:Efflorescence"],"campfire_rested":1,"item_purchase_floors":[8],"current_hp_per_floor":[62,62,62,62,47,47,31,31,31,54,54,36,36,25,25,3,78,34,34,34,34,34],"gold":248,"neow_bonus":"RANDOM_COMMON_RELIC","is_daily":false,"chose_seed":false,"campfire_upgraded":2,"win_rate":0.0,"timestamp":1614090514,"path_taken":["M","M","?","?","M","R","E","$","T","R","?","E","M","M","R","BOSS","M","?","?","M"],"items_purchased_type":["Card"],"build_version":"2020-12-22","purchased_purges":1,"victory":false,"max_hp_per_floor":[78,78,78,78,78,78,78,78,78,78,78,78,78,78,78,78,78,80,80,80,80,80],"card_choices":[{"not_picked":["StSShapeShifter:Roar","StSShapeShifter:BloomingSlash"],"picked":"StSShapeShifter:MonkeyForm","floor":1},{"not_picked":["StSShapeShifter:AdaptiveStrikes","StSShapeShifter:MonkeyForm"],"picked":"StSShapeShifter:SunflowerShuriken","floor":2},{"not_picked":["StSShapeShifter:SquirrelForm","StSShapeShifter:BurstingSpore"],"picked":"StSShapeShifter:CosmicShifter","floor":4},{"not_picked":["StSShapeShifter:PorcupineForm","StSShapeShifter:HummingbirdForm"],"picked":"StSShapeShifter:Pounce","floor":5},{"not_picked":["StSShapeShifter:ThornToss","StSShapeShifter:BurstingSpore"],"picked":"StSShapeShifter:LeapingSlash","floor":7},{"not_picked":["StSShapeShifter:Hunt","StSShapeShifter:PoisonIvy"],"picked":"StSShapeShifter:BarkSkin","floor":11},{"not_picked":["StSShapeShifter:RockSlide","StSShapeShifter:CosmicShifter","StSShapeShifter:SunflowerShuriken"],"picked":"SKIP","floor":12},{"not_picked":["StSShapeShifter:Rest","StSShapeShifter:BarkSkin","StSShapeShifter:ThrashAbout"],"picked":"SKIP","floor":13},{"not_picked":["StSShapeShifter:Garden","StSShapeShifter:PorcupineForm"],"picked":"StSShapeShifter:DiverseSpirit","floor":14},{"not_picked":["StSShapeShifter:Summon_Mountains","StSShapeShifter:PowerShifter"],"picked":"StSShapeShifter:RitualOfTheElders","floor":16},{"not_picked":["StSShapeShifter:VineHandcuffs","StSShapeShifter:MonkeyForm"],"picked":"StSShapeShifter:BurstingSpore","floor":18}],"player_experience":3141841,"relics_obtained":[{"floor":7,"key":"Peace Pipe"},{"floor":9,"key":"bronze:DecasWashers"},{"floor":12,"key":"Nunchaku"}],"event_choices":[{"damage_healed":0,"gold_gain":0,"player_choice":"Got Potions","damage_taken":0,"max_hp_gain":0,"max_hp_loss":0,"event_name":"Lab","floor":3,"gold_loss":0},{"cards_removed":["StSShapeShifter:ShapeShifter_Strike"],"damage_healed":0,"gold_gain":0,"player_choice":"Gave Gold","damage_taken":0,"max_hp_gain":0,"max_hp_loss":0,"event_name":"Beggar","floor":19,"gold_loss":75}],"is_beta":false,"boss_relics":[{"not_picked":["Pandora\u0027s Box","sagemod:Falmels_Amulet"],"picked":"Black Star"}],"items_purged_floors":[8],"is_endless":false,"potions_floor_spawned":[2,11,13,14],"killed_by":"2 Thieves","ascension_level":3}}