{"host":"4bjf3jtd8i13astb","time":1614122763,"event":{"mods":["AchievementEnabler","BaseMod","Colored Map","Colored Powertips","Highlight Path","Minty Spire (QoL Compilation)","StSLib"],"gold_per_floor":[112,112,112,128,144,144,177,177,200,258,339,339,339,366,366,441,441,451,464,318,593,143,143,168,368,368,388,388,84,84,104,104,104,104],"floor_reached":33,"language":"ENG","playtime":1102,"items_purged":["Strike_B","Defend_B","Defend_B"],"score":444,"play_id":"65220f76-998c-42e1-99ca-7a77bde6c1f5","local_time":"20210223182603","is_ascension_mode":true,"campfire_choices":[{"data":"Zap","floor":6,"key":"SMITH"},{"data":"Dualcast","floor":8,"key":"SMITH"},{"floor":13,"key":"REST"},{"floor":15,"key":"REST"},{"data":"Biased Cognition","floor":23,"key":"SMITH"},{"floor":28,"key":"REST"},{"floor":32,"key":"REST"}],"circlet_count":0,"master_deck":["AscendersBane","Strike_B","Strike_B","Strike_B","Defend_B","Defend_B","Zap+1","Dualcast+1","BootSequence","Cold Snap","All For One","Biased Cognition+1","Loop","Cold Snap+1","Loop","Heatsinks","BootSequence","Coolheaded","Biased Cognition+1","Genetic Algorithm+1","Capacitor"],"relics":["Cracked Core","NeowsBlessing","Juzu Bracelet","Omamori","Cables","Ice Cream","Runic Pyramid","Eternal Feather","Pen Nib","Toxic Egg 2","DollysMirror"],"acts_visited":["Exordium","TheCity"],"potions_floor_usage":[7,16,27,31,31],"damage_taken":[{"damage":0,"enemies":"Jaw Worm","floor":1,"turns":1},{"damage":0,"enemies":"Cultist","floor":4,"turns":1},{"damage":0,"enemies":"Small Slimes","floor":5,"turns":1},{"damage":25,"enemies":"Gremlin Nob","floor":7,"turns":4},{"damage":36,"enemies":"Lagavulin Event","floor":10,"turns":6},{"damage":22,"enemies":"Lagavulin","floor":14,"turns":6},{"damage":30,"enemies":"Hexaghost","floor":16,"turns":11},{"damage":4,"enemies":"Spheric Guardian","floor":18,"turns":4},{"damage":0,"enemies":"Chosen","floor":19,"turns":4},{"damage":65,"enemies":"Gremlin Leader","floor":24,"turns":7},{"damage":0,"enemies":"Snake Plant","floor":27,"turns":4},{"damage":3,"enemies":"Shelled Parasite and Fungi","floor":31,"turns":3},{"damage":88,"enemies":"Automaton","floor":33,"turns":12}],"seed_played":"-6363273788377750026","potions_obtained":[{"floor":1,"key":"Explosive Potion"},{"floor":5,"key":"SkillPotion"},{"floor":10,"key":"DistilledChaos"},{"floor":24,"key":"Energy Potion"},{"floor":27,"key":"BlessingOfTheForge"},{"floor":30,"key":"PotionOfCapacity"},{"floor":31,"key":"Energy Potion"}],"is_trial":false,"path_per_floor":["M","?","?","M","M","R","E","R","T","?","T","?","R","E","R","B",null,"M","M","$","?","$","R","E","?","T","M","R","$","?","M","R","B"],"character_chosen":"DEFECT","items_purchased":["Loop","Heatsinks","BootSequence","Eternal Feather","DollysMirror","Genetic Algorithm+1"],"campfire_rested":4,"item_purchase_floors":[20,22,22,22,29,29],"current_hp_per_floor":[68,73,73,73,73,73,48,48,48,12,12,12,36,14,38,8,62,58,58,58,58,58,67,2,2,2,2,35,35,35,32,68,0,0],"gold":104,"neow_bonus":"THREE_ENEMY_KILL","is_daily":false,"chose_seed":false,"campfire_upgraded":3,"win_rate":0.0,"timestamp":1614122763,"path_taken":["M","?","?","?","M","R","E","R","T","?","?","?","R","E","R","BOSS","M","M","$","?","$","R","E","?","T","M","R","?","?","M","R","BOSS"],"items_purchased_type":["Card","Card","Card","Relic","Relic","Card"],"build_version":"2020-12-22","purchased_purges":3,"victory":false,"max_hp_per_floor":[75,80,80,80,80,80,80,80,80,80,80,80,80,80,80,80,80,80,80,80,80,80,80,80,80,80,80,80,80,80,80,80,80,80],"card_choices":[{"not_picked":["Steam","FTL"],"picked":"BootSequence","floor":1},{"not_picked":["Ball Lightning","Turbo"],"picked":"Cold Snap","floor":4},{"not_picked":["Leap","Sweeping Beam","Streamline"],"picked":"SKIP","floor":5},{"not_picked":["Sweeping Beam","Barrage"],"picked":"All For One","floor":7},{"not_picked":["Compile Driver","Leap","Go for the Eyes"],"picked":"SKIP","floor":14},{"not_picked":["Amplify","All For One"],"picked":"Biased Cognition","floor":16},{"not_picked":["FTL+1","Conserve Battery"],"picked":"Loop","floor":18},{"not_picked":["Leap","Doom and Gloom"],"picked":"Cold Snap+1","floor":19},{"not_picked":["Blizzard","Barrage"],"picked":"Coolheaded","floor":24},{"not_picked":["Stack+1","FTL","Streamline+1"],"picked":"SKIP","floor":27},{"not_picked":["Leap+1","Hyperbeam"],"picked":"Capacitor","floor":31}],"player_experience":1225659,"relics_obtained":[{"floor":7,"key":"Juzu Bracelet"},{"floor":9,"key":"Omamori"},{"floor":14,"key":"Ice Cream"},{"floor":24,"key":"Pen Nib"},{"floor":26,"key":"Toxic Egg 2"}],"event_choices":[{"damage_healed":0,"gold_gain":0,"player_choice":"Donut","damage_taken":0,"max_hp_gain":5,"max_hp_loss":0,"event_name":"Big Fish","floor":2,"gold_loss":0},{"damage_healed":0,"gold_gain":0,"player_choice":"Bought 0 Potions","damage_taken":0,"max_hp_gain":0,"max_hp_loss":0,"event_name":"The Woman in Blue","floor":3,"gold_loss":0},{"damage_healed":0,"gold_gain":30,"player_choice":"Searched \u00273\u0027 times","damage_taken":0,"relics_obtained":["Cables"],"max_hp_gain":0,"max_hp_loss":0,"event_name":"Dead Adventurer","floor":10,"gold_loss":0},{"damage_healed":0,"gold_gain":0,"player_choice":"0 cards matched","damage_taken":0,"max_hp_gain":0,"max_hp_loss":0,"event_name":"Match and Keep!","floor":12,"gold_loss":0,"cards_obtained":[]},{"damage_healed":0,"gold_gain":275,"player_choice":"Desecrate","damage_taken":0,"max_hp_gain":0,"max_hp_loss":0,"event_name":"Golden Shrine","floor":21,"gold_loss":0,"cards_obtained":["Regret"]},{"damage_healed":0,"gold_gain":200,"player_choice":"Gold","damage_taken":0,"max_hp_gain":0,"max_hp_loss":0,"event_name":"Wheel of Change","floor":25,"gold_loss":0},{"damage_healed":0,"gold_gain":0,"player_choice":"Got Potions","damage_taken":0,"max_hp_gain":0,"max_hp_loss":0,"event_name":"Lab","floor":30,"gold_loss":0}],"is_beta":false,"boss_relics":[{"not_picked":["FrozenCore","Tiny House"],"picked":"Runic Pyramid"}],"items_purged_floors":[20,22,29],"is_endless":false,"potions_floor_spawned":[1,5,10,24,27,31],"killed_by":"Automaton","ascension_level":13}}