{"host":"ta9jukzngm5b813r","time":1614107611,"event":{"mods":["BaseMod","Colored Map","Conspire","Hubris","Infinite Spire","Marisa????????","Minty Spire (QoL Compilation)","Permanent Neow","Relic Sorter","Relic Stats","Replay The Spire","StSLib","The Mystic","The Servant 0.9.4"],"gold_per_floor":[109,128,143,153,165,199,219,219,219,219,219,231,231,231,231,241,241,337,337,347,347,347,347,357,367,380,400,400,400,133,151,169,187,187,287,287,317,348,258,285,285,285],"floor_reached":41,"language":"ENG","playtime":2624,"items_purged":["WasteNot"],"score":653,"play_id":"24d8ead6-4b60-4248-91ab-12e6e090821d","local_time":"20210223111331","is_ascension_mode":false,"campfire_choices":[{"data":"Starlight","floor":13.0,"key":"SMITH"},{"data":"TheWorld","floor":17.0,"key":"SMITH"},{"floor":34.0,"key":"REST"}],"circlet_count":0,"master_deck":["Strike_S","Strike_S","Strike_S","Strike_S","Defend_S","Defend_S","Defend_S","KidneyShot+1","Exchange","BottledTime","TheWorld+1","Comet","GearUp+1","Rearm","Moonlight+1","Starlight+1","GearUp+1","KillingDoll","Ricochet","Necronomicurse","Luminosity+1","InstantArmor","FastForward+1","ForgedInTime","Luminosity","GearUp+1","Defy"],"relics":["Uniform","Replay:Bottled Eggs","Singing Bowl","SlaversCollar","Necronomicon","MutagenicStrength","Shuriken","PocketWatch","infinitespire:EvilPickle"],"acts_visited":["Exordium","TheCity","TheBeyond"],"potions_floor_usage":[41],"damage_taken":[{"damage":3.0,"enemies":"Jaw Worm","floor":1.0,"turns":5.0},{"damage":1.0,"enemies":"2 Louse","floor":2.0,"turns":2.0},{"damage":1.0,"enemies":"Cultist","floor":3.0,"turns":4.0},{"damage":0.0,"enemies":"Red Slaver","floor":4.0,"turns":7.0},{"damage":0.0,"enemies":"Large Slime","floor":5.0,"turns":5.0},{"damage":24.0,"enemies":"Gremlin Nob","floor":6.0,"turns":5.0},{"damage":0.0,"enemies":"Blue Slaver","floor":7.0,"turns":4.0},{"damage":7.0,"enemies":"Exordium Thugs","floor":12.0,"turns":4.0},{"damage":0.0,"enemies":"3 Louse","floor":16.0,"turns":2.0},{"damage":18.0,"enemies":"The Guardian","floor":18.0,"turns":15.0},{"damage":2.0,"enemies":"3 Byrds","floor":20.0,"turns":6.0},{"damage":7.0,"enemies":"Shell Parasite","floor":24.0,"turns":3.0},{"damage":0.0,"enemies":"Snecko","floor":25.0,"turns":3.0},{"damage":24.0,"enemies":"3 Cultists","floor":26.0,"turns":5.0},{"damage":13.0,"enemies":"Cultist and Chosen","floor":27.0,"turns":5.0},{"damage":0.0,"enemies":"Snake Plant","floor":31.0,"turns":4.0},{"damage":0.0,"enemies":"Sentry and Sphere","floor":32.0,"turns":4.0},{"damage":0.0,"enemies":"Chosen and Byrds","floor":33.0,"turns":4.0},{"damage":0.0,"enemies":"Pondfish","floor":35.0,"turns":14.0},{"damage":0.0,"enemies":"Orb Walker","floor":37.0,"turns":4.0},{"damage":13.0,"enemies":"3 Darklings","floor":38.0,"turns":8.0},{"damage":26.0,"enemies":"Sphere and 2 Shapes","floor":40.0,"turns":9.0},{"damage":40,"enemies":"Orin","floor":41,"turns":6}],"seed_played":"7738026854776275229","potions_obtained":[{"floor":4.0,"key":"Explosive Potion"},{"floor":7.0,"key":"Dexterity Potion"},{"floor":16.0,"key":"Block Potion"},{"floor":24.0,"key":"FearPotion"},{"floor":25.0,"key":"LiquidBronze"},{"floor":27.0,"key":"Adrenaline Potion"},{"floor":33.0,"key":"SteroidPotion"},{"floor":35.0,"key":"FearPotion"},{"floor":40.0,"key":"GamblersBrew"}],"is_trial":false,"path_per_floor":["M","M","M","M","M","E","M","PTL","PTL","?","T","M","R","?","?","M","R","B",null,"M","?","?","T","M","M","M","M","T","?","$","M","M","M","R","B",null,"M","M","?","M","?"],"character_chosen":"THE_SERVANT","items_purchased":["ForgedInTime","Luminosity"],"campfire_rested":1,"item_purchase_floors":[30,30],"current_hp_per_floor":[62,61,60,60,60,36,36,36,36,36,36,29,29,29,29,29,29,11,65,63,47,47,47,42,42,18,5,5,5,5,5,7,7,27,29,71,73,62,62,38,0,0],"gold":285,"neow_bonus":"UPGRADE_CARD","is_daily":false,"chose_seed":false,"campfire_upgraded":2,"win_rate":0.0,"timestamp":1614107611,"path_taken":["M","M","M","M","M","E","M","PTL","PTL","?","T","M","R","?","?","?","R","BOSS","M","?","?","?","M","M","M","?","T","?","$","M","M","M","R","BOSS","M","M","?","?","?"],"items_purchased_type":["Card","Card"],"build_version":"2020-12-22","purchased_purges":1,"victory":false,"max_hp_per_floor":[65,65,65,65,65,65,65,65,65,65,65,65,65,65,65,65,65,65,65,65,65,65,65,67,67,67,67,67,67,67,67,69,69,69,71,71,73,75,75,77,77,77],"relic_stats":{"Singing Bowl":12,"counters":[23,128],"Shuriken":[16],"Necronomicon":[10],"obtain_stats":[{"infinitespire:EvilPickle":35,"SlaversCollar":19,"Singing Bowl":11,"Shuriken":23,"MutagenicStrength":22,"Uniform":0,"Necronomicon":21,"PocketWatch":28,"Replay:Bottled Eggs":6},{"infinitespire:EvilPickle":19,"SlaversCollar":10,"Singing Bowl":7,"Shuriken":11,"MutagenicStrength":11,"Uniform":0,"Necronomicon":11,"PocketWatch":15,"Replay:Bottled Eggs":6},{"infinitespire:EvilPickle":101,"SlaversCollar":53,"Singing Bowl":32,"Shuriken":59,"MutagenicStrength":59,"Uniform":0,"Necronomicon":59,"PocketWatch":75,"Replay:Bottled Eggs":28}]},"card_choices":[{"not_picked":["Foresight","Alleviate"],"picked":"BottledTime","floor":1.0},{"not_picked":["BestPractice","Unruled","Potential"],"picked":"SKIP","floor":2.0},{"not_picked":["StarChef","Potential"],"picked":"TheWorld","floor":3.0},{"not_picked":["DoubleEdge","DualDimension"],"picked":"Comet","floor":4.0},{"not_picked":["TimeWarp","Unruled"],"picked":"BottledTime","floor":5.0},{"not_picked":["TheWorld","Potential"],"picked":"GearUp","floor":6.0},{"not_picked":["Rewind","Foresight"],"picked":"Rearm","floor":7.0},{"not_picked":["BottledTime","Replace"],"picked":"Starlight","floor":12.0},{"not_picked":["Rewind","ShiftingGears"],"picked":"GearUp","floor":16.0},{"not_picked":["Solidify","Dilation"],"picked":"KillingDoll","floor":18.0},{"not_picked":["Revamp","Desolation+1"],"picked":"Ricochet","floor":20.0},{"not_picked":["Reset","Moonlight","Spin+1"],"picked":"Singing Bowl","floor":24.0},{"not_picked":["BestPractice","Unruled"],"picked":"Luminosity+1","floor":25.0},{"not_picked":["Ricochet+1","RealityMarble"],"picked":"InstantArmor","floor":26.0},{"not_picked":["ReturningBlade+1","Ricochet+1"],"picked":"FastForward+1","floor":27.0},{"not_picked":["Advance","Read+1"],"picked":"GearUp","floor":31.0},{"not_picked":["Spin","ShatteredReality","LightFlow"],"picked":"Singing Bowl","floor":32.0},{"not_picked":["TimeWarp","Spin"],"picked":"Defy","floor":33.0},{"not_picked":["FloweringNight","FlawlessForm","ForgedInTime"],"picked":"Singing Bowl","floor":35.0},{"not_picked":["Foresight+1","TimeWarp+1","Starlight+1"],"picked":"Singing Bowl","floor":37.0},{"not_picked":["BottledTime+1","Alleviate","Defy"],"picked":"Singing Bowl","floor":38.0},{"not_picked":["Revamp+1","BottledTime+1","Rewind"],"picked":"Singing Bowl","floor":40.0}],"player_experience":252845,"relics_obtained":[{"floor":6.0,"key":"Replay:Bottled Eggs"},{"floor":11.0,"key":"Singing Bowl"},{"floor":21.0,"key":"Necronomicon"},{"floor":23.0,"key":"Shuriken"},{"floor":28.0,"key":"PocketWatch"}],"event_choices":[{"damage_healed":0.0,"max_hp_gain":0.0,"max_hp_loss":0.0,"gold_gain":0.0,"event_name":"conspire:Investor","player_choice":"Leave","floor":14.0,"gold_loss":0.0,"damage_taken":0.0},{"damage_healed":0.0,"max_hp_gain":0.0,"max_hp_loss":0.0,"gold_gain":0.0,"cards_transformed":["BottledTime"],"event_name":"Transmorgrifier","player_choice":"Transformed","floor":15.0,"gold_loss":0.0,"damage_taken":0.0,"cards_obtained":["WasteNot"]},{"damage_healed":0.0,"max_hp_gain":0.0,"max_hp_loss":0.0,"gold_gain":0.0,"event_name":"Cursed Tome","player_choice":"Obtained Book","floor":21.0,"gold_loss":0.0,"damage_taken":16.0},{"damage_healed":0.0,"max_hp_gain":0.0,"max_hp_loss":0.0,"gold_gain":0.0,"event_name":"Drug Dealer","player_choice":"Inject Mutagens","floor":22.0,"gold_loss":0.0,"damage_taken":0.0,"relics_obtained":["MutagenicStrength"]},{"cards_removed":["Defend_S"],"damage_healed":0.0,"max_hp_gain":0.0,"max_hp_loss":0.0,"gold_gain":0.0,"event_name":"Designer","player_choice":"Upgrade and Remove","floor":39.0,"gold_loss":90.0,"damage_taken":0.0,"cards_upgraded":["Moonlight"]},{"damage_healed":0,"gold_gain":0,"player_choice":"Fight","damage_taken":0,"max_hp_gain":0,"max_hp_loss":0,"event_name":"OrinTheCat","floor":41,"gold_loss":0}],"is_beta":false,"boss_relics":[{"not_picked":["Honey Jar","conspire:SeveredTorchhead"],"picked":"SlaversCollar"},{"not_picked":["ReplayTheSpireMod:DimensionalGlitch","infinitespire:Cupcake","Snecko Eye"]}],"items_purged_floors":[30],"is_endless":false,"potions_floor_spawned":[4,7,16,24,25,27,33,35,40],"killed_by":"Orin","ascension_level":0}}