{"host":"z439itq93uucuvou","time":1614059400,"event":{"mods":["BaseMod","Colored Powertips","Downfall","Jorbs\u0027s Wanderer Trilogy","Minty Spire (QoL Compilation)","StSLib"],"gold_per_floor":[99,117,173,173,173,173,173,188,21,31,31,16,16,32,52,151,151,151,170,187,200,200,215,284,284,284,296,296,316,76,91,91,91,91],"floor_reached":32,"language":"ENG","playtime":2018,"items_purged":["bronze:Strike"],"score":284,"play_id":"64e7d414-2095-4cf0-a2fd-a11d8ec94d11","local_time":"20210222215000","is_ascension_mode":false,"campfire_choices":[{"data":"bronze:Goto","floor":1.0,"key":"SMITH"},{"floor":6.0,"key":"REST"},{"data":"bronze:ClassDefault","floor":11.0,"key":"SMITH"},{"data":"bronze:FineTuning","floor":13.0,"key":"SMITH"},{"data":"bronze:HardenedForm","floor":18.0,"key":"SMITH"}],"circlet_count":0,"master_deck":["bronze:Replicate+1","bronze:Goto+1","bronze:WhirlingStrike+1","bronze:Safeguard+1","bronze:ClassDefault+1","bronze:FollowUp","bronze:Boost","bronze:FineTuning+1","bronze:BitShift","bronze:BronzeArmor","bronze:HardenedForm+1","bronze:ForceShield","bronze:BuggyMess","bronze:BronzeOrb","bronze:ItsAFeature","bronze:Shield","bronze:Boost","bronze:NullPointer","bronze:ChosenStrike","bronze:BronzeOrb","bronze:WildBeam+1","Slimebound:Tackle+1","Slimebound:Tackle+1","Slimebound:Tackle+1","Ghostly","Ghostly","Ghostly","Ghostly","Ghostly","bronze:DelayedSlice+1","bronze:Return+1","bronze:Iterate+1","bronze:Assembly","bronze:CloningBeam+1","expansioncontent:Chronoboost"],"relics":["bronze:BronzeCore","Blood Vial","Eternal Feather","Torii","Pandora\u0027s Box","Molten Egg 2"],"acts_visited":["Exordium","TheCity"],"potions_floor_usage":[],"damage_taken":[{"damage":2.0,"enemies":"Small Slimes","floor":2.0,"turns":3.0},{"damage":52.0,"enemies":"Gremlin Nob","floor":3.0,"turns":5.0},{"damage":1.0,"enemies":"2 Louse","floor":8.0,"turns":2.0},{"damage":0.0,"enemies":"downfall:FleeingMerchant","floor":9.0,"turns":4.0},{"damage":0.0,"enemies":"Cultist","floor":10.0,"turns":3.0},{"damage":3.0,"enemies":"downfall:FleeingMerchant","floor":12.0,"turns":4.0},{"damage":11.0,"enemies":"Large Slime","floor":14.0,"turns":4.0},{"damage":6.0,"enemies":"downfall:LooterAlt","floor":15.0,"turns":3.0},{"damage":21.0,"enemies":"IC_STATUS_ARCHETYPE","floor":16.0,"turns":10.0},{"damage":4,"enemies":"3 Byrds","floor":19,"turns":4},{"damage":6,"enemies":"downfall:LooterAlt2","floor":20,"turns":5},{"damage":17,"enemies":"Chosen and Byrds","floor":21,"turns":6},{"damage":33,"enemies":"3 Cultists","floor":23,"turns":6},{"damage":7,"enemies":"Shelled Parasite and Fungi","floor":27,"turns":7},{"damage":30,"enemies":"Chosen and Byrds","floor":29,"turns":8},{"damage":0,"enemies":"downfall:FleeingMerchant","floor":30,"turns":4},{"damage":19,"enemies":"Snecko","floor":31,"turns":6},{"damage":6,"enemies":"Snake Plant","floor":32,"turns":2}],"seed_played":"456994847309816486","potions_obtained":[{"floor":14.0,"key":"Dexterity Potion"},{"floor":15.0,"key":"Block Potion"},{"floor":19,"key":"FearPotion"},{"floor":22,"key":"CultistPotion"},{"floor":27,"key":"Guardian:BlockOnCardUsePotion"}],"is_trial":false,"path_per_floor":["R","M","?","?","?","R","T","M","$","M","R","$","R","M","M","B",null,"R","M","M","M","?","M","T","?","?","M","?","M","$","M","M"],"character_chosen":"THE_AUTOMATON","items_purchased":["bronze:Boost","bronze:Assembly","bronze:CloningBeam+1","expansioncontent:Chronoboost"],"campfire_rested":1,"item_purchase_floors":[9,30,30,30],"current_hp_per_floor":[77,75,25,7,7,36,36,37,39,41,50,49,58,49,45,26,77,77,73,69,54,54,23,23,23,23,18,48,18,20,3,0,0,0],"gold":91,"neow_bonus":"TEN_PERCENT_HP_BONUS","is_daily":false,"chose_seed":false,"campfire_upgraded":4,"win_rate":0.0,"timestamp":1614059400,"path_taken":["R","M","?","?","?","R","T","M","$","M","R","$","R","M","M","BOSS","R","M","M","M","?","M","T","?","?","M","?","?","$","M","M"],"items_purchased_type":["Card","Card","Card","Card"],"build_version":"2020-12-22","purchased_purges":1,"victory":false,"max_hp_per_floor":[77,77,77,77,77,77,77,77,77,77,77,77,77,77,77,77,77,77,77,77,77,77,77,77,77,38,38,48,48,48,48,48,48,48],"card_choices":[{"not_picked":["bronze:BuggyMess","bronze:Invalidate"],"picked":"bronze:WhirlingStrike","floor":2.0},{"not_picked":["bronze:OilSpill","bronze:DelayedGuard"],"picked":"bronze:Safeguard","floor":3.0},{"not_picked":["bronze:Optimize","bronze:ForLoop"],"picked":"bronze:ClassDefault","floor":8.0},{"not_picked":["bronze:BitShift","bronze:Fortify"],"picked":"bronze:FollowUp","floor":9.0},{"not_picked":["bronze:DelayedSlice","bronze:BitShift"],"picked":"bronze:FineTuning","floor":10.0},{"not_picked":["bronze:Backtrace","bronze:CutThrough"],"picked":"bronze:ThunderWave","floor":12.0},{"not_picked":["bronze:BuggyMess","bronze:Shield"],"picked":"bronze:BitShift","floor":14.0},{"not_picked":["bronze:Deprecate","bronze:ClassDefault"],"picked":"bronze:BronzeArmor","floor":15.0},{"not_picked":["bronze:ThunderWave","bronze:SpaghettiCode"],"picked":"bronze:HardenedForm","floor":16.0},{"not_picked":["bronze:Branch","bronze:Shield"],"picked":"bronze:ChosenStrike","floor":19},{"not_picked":["bronze:DelayedGuard","bronze:ChosenStrike"],"picked":"bronze:BronzeOrb","floor":20},{"not_picked":["bronze:BuggyMess","bronze:WhirlingStrike+1","bronze:DelayedGuard+1"],"picked":"SKIP","floor":21},{"not_picked":["bronze:DelayedGuard+1","bronze:OilSpill"],"picked":"bronze:WildBeam+1","floor":23},{"not_picked":["bronze:ChosenStrike+1","bronze:Boost"],"picked":"bronze:DelayedSlice+1","floor":27},{"not_picked":["bronze:FollowUp+1","bronze:DarkDash+1"],"picked":"bronze:Return+1","floor":29},{"not_picked":["bronze:OilSpill+1","bronze:DarkDash+1"],"picked":"bronze:Iterate+1","floor":30},{"not_picked":["bronze:Deprecate+1","bronze:DelayedGuard+1","bronze:Branch+1"],"picked":"SKIP","floor":31}],"player_experience":1733124,"relics_obtained":[{"floor":7.0,"key":"Torii"},{"floor":24,"key":"Molten Egg 2"}],"event_choices":[{"damage_healed":0.0,"max_hp_gain":0.0,"max_hp_loss":0.0,"gold_gain":0.0,"event_name":"Scrap Ooze","player_choice":"Success","floor":4.0,"gold_loss":0.0,"damage_taken":18.0,"relics_obtained":["Eternal Feather"]},{"damage_healed":0,"gold_gain":0,"player_choice":"Became a Ghost","damage_taken":0,"max_hp_gain":0,"max_hp_loss":39,"event_name":"Ghosts","floor":26,"gold_loss":0,"cards_obtained":["Ghostly","Ghostly","Ghostly","Ghostly","Ghostly"]},{"cards_removed":["bronze:ThunderWave"],"damage_healed":20,"gold_gain":0,"player_choice":"Offered Rare","damage_taken":0,"max_hp_gain":10,"max_hp_loss":0,"event_name":"Bonfire Elementals","floor":28,"gold_loss":0}],"is_beta":false,"boss_relics":[{"not_picked":["Calling Bell","Astrolabe"],"picked":"Pandora\u0027s Box"}],"items_purged_floors":[9],"is_endless":false,"potions_floor_spawned":[14,15,19,27,31],"killed_by":"Snake Plant","ascension_level":0}}