{"host":"6n0bwkgbkn8ajkoa","time":1614077295,"event":{"mods":["AchievementEnabler","Aspiration","BaseMod","Colored Map","Conspire","Downfall","Highlight Path","Hubris","Infinite Spire","Minty Spire (QoL Compilation)","Quick Restart","Replay The Spire","Spikes Relics","StSLib"],"gold_per_floor":[99,118,138,152,171,183,208,224,224,173,173,192,206,217,237,334,334,334,352,363,363,374,374,374,374,225,238,238,238,238,248,264,364,364,364,364,181,199,210,210,282,332,344,364,364,379,379,390,405,405],"floor_reached":51,"language":"ENG","playtime":3084,"items_purged":["Guardian:Strike_Guardian"],"score":626,"play_id":"ec4b7f3f-3d8d-48b9-9a3a-82fa6d902280","local_time":"20210223114815","is_ascension_mode":false,"campfire_choices":[{"data":"Guardian:TwinSlam","floor":1,"key":"SMITH"},{"data":"Guardian:PrimingBeam","floor":9,"key":"SMITH"},{"data":"Guardian:Strike_Guardian","floor":18,"key":"PURGE"},{"data":"ReplayTheSpireMod:Chaos Vortex","floor":25,"key":"SMITH"},{"data":"Guardian:BodySlam","floor":30,"key":"SMITH"},{"data":"Guardian:ConstructionForm","floor":35,"key":"SMITH"},{"data":"Guardian:WalkerClaw","floor":40,"key":"SMITH"},{"data":"Guardian:PiercingHide","floor":45,"key":"SMITH"},{"data":"Guardian:CurlUp","floor":47,"key":"SMITH"}],"circlet_count":0,"master_deck":["Guardian:Strike_Guardian","Guardian:Defend_Guardian","Guardian:Defend_Guardian","Guardian:Defend_Guardian","Guardian:Defend_Guardian","Guardian:CurlUp+1","Guardian:TwinSlam+1","Guardian:PrimingBeam+1","Guardian:Reroute+1","ReplayTheSpireMod:Chaos Vortex+1","Guardian:ConstructionForm","Guardian:VentSteam+1","Guardian:PiercingHide+1","Guardian:BodySlam+1","Guardian:CrystalBeam","Guardian:ConstructionForm+1","Guardian:WalkerClaw+1","Guardian:Preprogram","Guardian:TemporalStrike+1"],"relics":["Guardian:ModeShifter","hubris:RunicObelisk","downfall:RedIOU","conspire:DecoderRing","ShockBauble","SlaversCollar","Pantograph","conspire:GlowingRock"],"acts_visited":["Exordium","TheCity","TheBeyond"],"potions_floor_usage":[16,44,50,50],"damage_taken":[{"damage":0,"enemies":"Cultist","floor":2,"turns":3},{"damage":5,"enemies":"Small Slimes","floor":3,"turns":3},{"damage":2,"enemies":"2 Louse","floor":4,"turns":2},{"damage":14,"enemies":"Exordium Thugs","floor":5,"turns":8},{"damage":4,"enemies":"Blue Slaver","floor":6,"turns":3},{"damage":9,"enemies":"3 Louse","floor":8,"turns":3},{"damage":10,"enemies":"downfall:FleeingMerchant","floor":10,"turns":4},{"damage":4,"enemies":"Exordium Wildlife","floor":12,"turns":3},{"damage":12,"enemies":"Blue Slaver","floor":13,"turns":4},{"damage":0,"enemies":"Exordium Thugs","floor":14,"turns":4},{"damage":0,"enemies":"Exordium Wildlife","floor":15,"turns":4},{"damage":8,"enemies":"SI_SHIV_ARCHETYPE","floor":16,"turns":10},{"damage":0,"enemies":"Shell Parasite","floor":19,"turns":5},{"damage":0,"enemies":"Spheric Guardian","floor":20,"turns":6},{"damage":23,"enemies":"Centurion and Healer","floor":22,"turns":10},{"damage":0,"enemies":"downfall:FleeingMerchant","floor":26,"turns":4},{"damage":0,"enemies":"3 Cultists","floor":27,"turns":4},{"damage":0,"enemies":"Cultist and Chosen","floor":31,"turns":5},{"damage":4,"enemies":"Snake Plant","floor":32,"turns":4},{"damage":13,"enemies":"WA_ARCHETYPE_CALM","floor":33,"turns":10},{"damage":0,"enemies":"downfall:FleeingMerchant","floor":37,"turns":4},{"damage":1,"enemies":"3 Darklings","floor":38,"turns":8},{"damage":2,"enemies":"3 Shapes","floor":39,"turns":5},{"damage":0,"enemies":"3 Shapes","floor":42,"turns":6},{"damage":15,"enemies":"3 Darklings","floor":43,"turns":7},{"damage":23,"enemies":"Jaw Worm Horde","floor":44,"turns":6},{"damage":0,"enemies":"Maw","floor":46,"turns":6},{"damage":10,"enemies":"Writhing Mass","floor":48,"turns":7},{"damage":0,"enemies":"Sphere and 2 Shapes","floor":49,"turns":6},{"damage":8,"enemies":"IC_BLOCK_ARCHETYPE","floor":50,"turns":9}],"seed_played":"-8158354354111636662","potions_obtained":[{"floor":3,"key":"Doom Potion"},{"floor":5,"key":"FairyPotion"},{"floor":13,"key":"Toxic Potion"},{"floor":16,"key":"GamblersBrew"},{"floor":22,"key":"Energy Potion"},{"floor":44,"key":"Toxic Potion"},{"floor":46,"key":"Weak Potion"}],"is_trial":false,"path_per_floor":["R_BF","M","M","M","M","M","T","M","R","$","?","M","M","M","M","B",null,"R_BF","M","M","?","M","?","T","R","$","M","?","T","R","M","M","B",null,"R","?","$","M","M","R","T","?","M","M","R","M","R","M","M","B",null],"character_chosen":"GUARDIAN","items_purchased":["Guardian:Reroute+1","Guardian:PiercingHide","Guardian:BodySlam","Guardian:WalkerClaw","Guardian:Preprogram"],"campfire_rested":0,"item_purchase_floors":[10,26,26,37,37],"current_hp_per_floor":[88,88,83,81,67,63,63,54,54,44,22,18,6,6,6,26,88,88,88,88,88,65,65,65,65,65,65,65,65,65,65,61,48,88,88,88,88,87,85,85,85,88,73,50,50,50,50,40,40,57],"gold":405,"neow_bonus":"TEN_PERCENT_HP_BONUS","is_daily":false,"chose_seed":false,"campfire_upgraded":8,"win_rate":0.0,"timestamp":1614077295,"path_taken":["R_BF","M","M","M","M","M","T","M","R","?","?","?","M","M","M","BOSS","R_BF","M","M","?","M","?","T","R","?","?","?","?","R","M","M","BOSS","R","?","$","M","M","R","T","?","M","?","R","M","R","M","M","BOSS"],"items_purchased_type":["Card","Card","Card","Card","Card"],"build_version":"2020-12-22","purchased_purges":1,"victory":true,"max_hp_per_floor":[88,88,88,88,88,88,88,88,88,88,88,88,88,88,88,88,88,88,88,88,88,88,88,88,88,88,88,88,88,88,88,88,88,88,88,88,88,88,88,88,88,88,88,88,88,88,88,88,88,88],"card_choices":[{"not_picked":["Guardian:BronzeArmor","Guardian:Preprogram","Guardian:RollAttack"],"picked":"SKIP","floor":2},{"not_picked":["Guardian:PolyBeam","Guardian:Harden"],"picked":"Guardian:Gem_Red","floor":3},{"not_picked":["Guardian:PiercingHide","Guardian:ChargeCore","Guardian:Gem_Yellow"],"picked":"SKIP","floor":4},{"not_picked":["Guardian:WalkerClaw","Guardian:VentSteam"],"picked":"Guardian:Gem_Red","floor":5},{"not_picked":["Guardian:CrystalBeam","Guardian:Suspension"],"picked":"Guardian:PrimingBeam","floor":6},{"not_picked":["Guardian:TimeSifter","Guardian:Emergency","Guardian:Preprogram"],"picked":"SKIP","floor":8},{"not_picked":["Guardian:ArmoredProtocol","Guardian:Suspension","Guardian:Clone"],"picked":"SKIP","floor":10},{"not_picked":["ReplayTheSpireMod:Haul","infinitespire:SealOfDarkness+"],"picked":"ReplayTheSpireMod:Chaos Vortex","floor":11},{"not_picked":["Guardian:BodySlam","Guardian:FloatingOrbs","Guardian:Reroute"],"picked":"SKIP","floor":12},{"not_picked":["Guardian:PolyBeam","Guardian:Planning"],"picked":"Guardian:Gem_Lightblue","floor":13},{"not_picked":["Guardian:WalkerClaw","Guardian:BronzeArmor"],"picked":"Guardian:Gem_Synthetic","floor":14},{"not_picked":["Guardian:MultiBeam","Guardian:Repulse","Guardian:ChargeCore"],"picked":"SKIP","floor":15},{"not_picked":["Guardian:Gem_Orange","Guardian:ExploitGems"],"picked":"Guardian:ConstructionForm","floor":16},{"not_picked":["Guardian:PrimingBeam","Guardian:TimeBomb+1"],"picked":"Guardian:VentSteam+1","floor":19},{"not_picked":["Guardian:PrimingBeam","Guardian:Clone"],"picked":"Guardian:Gem_Red","floor":20},{"not_picked":["Guardian:ShieldSpikes","Guardian:MultiBeam"],"picked":"Guardian:Gem_Orange","floor":22},{"not_picked":["Guardian:TemporalStrike","Guardian:TimeSifter","Guardian:PrismaticBeam"],"picked":"SKIP","floor":26},{"not_picked":["Guardian:VentSteam+1","Guardian:PrimingBeam"],"picked":"Guardian:CrystalBeam","floor":27},{"not_picked":["Guardian:DonusPower","Guardian:ArmoredProtocol+1"],"picked":"Guardian:Gem_White","floor":31},{"not_picked":["Guardian:ShieldCharger","Guardian:BronzeArmor"],"picked":"Guardian:Gem_Lightblue","floor":32},{"not_picked":["Guardian:FastForward","Guardian:AncientConstruct"],"picked":"Guardian:ConstructionForm","floor":33},{"not_picked":["Guardian:Gem_Green","Guardian:Emergency"],"picked":"Guardian:Gem_Orange","floor":37},{"not_picked":["Guardian:Gem_Yellow","Guardian:DecasProtection","Guardian:Gem_Cyan"],"picked":"SKIP","floor":38},{"not_picked":["Guardian:ChargeCore","Guardian:Repulse","Guardian:DecasProtection+1"],"picked":"SKIP","floor":39},{"not_picked":["Guardian:Gem_Cyan","Guardian:DonusPower"],"picked":"Guardian:TemporalStrike+1","floor":42},{"not_picked":["Guardian:TemporalShield","Guardian:ChargeCore+1","Guardian:VentSteam"],"picked":"SKIP","floor":43},{"not_picked":["Guardian:Repulse","Guardian:RefractedBeam+1","Guardian:Incinerate"],"picked":"SKIP","floor":44},{"not_picked":["Guardian:Gem_Cyan","Guardian:BodySlam"],"picked":"Guardian:Gem_Red","floor":46},{"not_picked":["Guardian:TimeCapacitor","Guardian:SphericShield","Guardian:Reroute+1"],"picked":"SKIP","floor":48},{"not_picked":["Guardian:Gem_White","Guardian:PrismaticBarrier+1","Guardian:ShieldCharger+1"],"picked":"SKIP","floor":49}],"player_experience":109139,"relics_obtained":[{"floor":7,"key":"Oddly Smooth Stone"},{"floor":24,"key":"conspire:DecoderRing"},{"floor":29,"key":"ShockBauble"},{"floor":41,"key":"Pantograph"},{"floor":42,"key":"conspire:GlowingRock"}],"event_choices":[{"damage_healed":0,"gold_gain":0,"player_choice":"Leave","damage_taken":0,"max_hp_gain":0,"max_hp_loss":0,"event_name":"conspire:Investor","floor":36,"gold_loss":0}],"is_beta":false,"boss_relics":[{"not_picked":["aspiration:PoetsPen_weak","Runic Dome"],"picked":"hubris:RunicObelisk"},{"not_picked":["hubris:GrandSneckoEye","hubris:VirtuousBlindfold"],"picked":"SlaversCollar"}],"items_purged_floors":[37],"is_endless":false,"potions_floor_spawned":[3,5,13,16,22,27,31,42,43,44,46,48],"ascension_level":0}}