{"host":"ekyl8r8j8fco3zlk","time":1614097301,"event":{"mods":["Act Like it!","Arknights","BaseMod","CapriCore","Dota2Spire","Friendly Minions","Gensokyo","GifTheSpireLib","Library of Ruina","Marisa（霧雨　魔理沙）","Minty Spire (QoL Compilation)","READ ME - Guardian Mod","Reimu（博???）","StSLib","The Alterego","The Animator","The Immortal","TheWitcher","Waifu the Spire","WarShipGirlsR/??少女R mod","Yakumo Yukari mod","【?物卡牌】REMEMod"],"gold_per_floor":[111,111,36,52,52,77,77,110,136,151,169,169,186,218,218,322,322,334,361,188,204,215,247,247,247,247,247,267,300,317,327,327,427,427,444,414,433,153,171,201,211,211,286,286,315,315,327,340,340,340,340,340,94,128,128],"floor_reached":56,"language":"ZHS","playtime":2790,"items_purged":["LightDefense","Regret","LightDefense"],"score":1569,"play_id":"93495b99-2a9b-4792-b01d-77f1bf7af54c","local_time":"20210224002141","is_ascension_mode":false,"campfire_choices":[{"data":"alterego_mod:Venus","floor":12,"key":"SMITH"},{"data":"FendThisOffIfYouCan","floor":15,"key":"SMITH"},{"data":"HandlingWork","floor":24,"key":"SMITH"},{"data":"Execute_lor","floor":27,"key":"SMITH"},{"data":"Commandeering","floor":32,"key":"SMITH"},{"data":"CombatPreparation","floor":44,"key":"SMITH"},{"floor":49,"key":"RECALL"},{"data":"FrontalAssault","floor":52,"key":"SMITH"}],"circlet_count":0,"master_deck":["Dodge","LightDefense+1","LightAttack","LightAttack","LightAttack","LightDefense+1","ChargeAndCover","FocusedStrikes","alterego_mod:Venus+1","Thrust","FendThisOffIfYouCan+1","DefenseOrder","SmokingPipe","AutonomousRush","HandlingWork+1","Commandeering+1","Multislash+1","TheArtOfRapidSteps+1","Execute_lor+1","UnavoidableGaze+1","Gamble+1","SerpentSwordTechnique+1","SilentNight","FrontalAssault+1","CombatPreparation+1","Suppress","FleetFootsteps+1","Unlock1+1","BackAttack+1","WillOfThePrescript+1","AlloutWar","InhaleSmoke+1"],"relics":["PageOfLibrarian","REME_ComplimentaryCards","PageOfNothingThere","PreservedInsect","Oddly Smooth Stone","Dota2Spire:ShadowBlade","SnafuTest:CatRelic","Dota2Spire:Bloodstone","Red Mask","PageOfJudgementBird","Letter Opener","PageOfBigBadWolf","Coffee Dripper","PageOfPorccubus","Potion Belt","PageOfLittleHelper","Dota2Spire:DrumOfEndurance","PageOfBigBird","PageOfGalaxyChild"],"acts_visited":["Exordium","TheCity","TheBeyond","TheEnding"],"potions_floor_usage":[8,14,22,23,29,31,40,50,54,55],"damage_taken":[{"damage":0,"enemies":"Jaw Worm","floor":1,"turns":4},{"damage":0,"enemies":"2 Louse","floor":4,"turns":2},{"damage":24,"enemies":"Lagavulin","floor":6,"turns":5},{"damage":8,"enemies":"3 Sentries","floor":8,"turns":4},{"damage":0,"enemies":"Cultist","floor":10,"turns":2},{"damage":4,"enemies":"3 Louse","floor":11,"turns":3},{"damage":0,"enemies":"Looter","floor":13,"turns":2},{"damage":0,"enemies":"Lagavulin","floor":14,"turns":1},{"damage":5,"enemies":"The Guardian","floor":16,"turns":7},{"damage":0,"enemies":"Shell Parasite","floor":18,"turns":3},{"damage":0,"enemies":"Masked Bandits","floor":19,"turns":3},{"damage":0,"enemies":"3 Byrds","floor":21,"turns":4},{"damage":0,"enemies":"Centurion and Healer","floor":22,"turns":3},{"damage":11,"enemies":"Book of Stabbing","floor":23,"turns":3},{"damage":6,"enemies":"Cultist and Chosen","floor":28,"turns":7},{"damage":0,"enemies":"Gremlin Leader","floor":29,"turns":2},{"damage":6,"enemies":"3 Cultists","floor":30,"turns":4},{"damage":15,"enemies":"Snake Plant","floor":31,"turns":2},{"damage":21,"enemies":"Collector","floor":33,"turns":6},{"damage":11,"enemies":"Orb Walker","floor":35,"turns":3},{"damage":0,"enemies":"3 Darklings","floor":37,"turns":3},{"damage":0,"enemies":"Spire Growth","floor":39,"turns":4},{"damage":0,"enemies":"Reptomancer","floor":40,"turns":2},{"damage":8,"enemies":"Jaw Worm Horde","floor":41,"turns":4},{"damage":0,"enemies":"Giant Head","floor":45,"turns":4},{"damage":0,"enemies":"Writhing Mass","floor":47,"turns":3},{"damage":0,"enemies":"Transient","floor":48,"turns":5},{"damage":0,"enemies":"Donu and Deca","floor":50,"turns":7},{"damage":0,"enemies":"Shield and Spear","floor":54,"turns":3},{"damage":31,"enemies":"The Heart","floor":55,"turns":5}],"seed_played":"-4811272601065285632","potions_obtained":[{"floor":0,"key":"ZuzhouPotion:ReiMu"},{"floor":0,"key":"Strength Potion"},{"floor":0,"key":"SkillPotion"},{"floor":6,"key":"Dota2Spire:HealingSalve"},{"floor":10,"key":"Fire Potion"},{"floor":16,"key":"AttackPotion"},{"floor":28,"key":"Block Potion"},{"floor":29,"key":"PowerPotion"},{"floor":33,"key":"Explosive Potion"},{"floor":35,"key":"Strength Potion"},{"floor":40,"key":"Fire Potion"}],"is_trial":false,"path_per_floor":["M","?","$","M","?","E","T","E","T","M","M","R","M","E","R","B",null,"M","?","$","M","M","E","R","?","T","R","M","E","M","M","R","B",null,"M","?","M","$","M","E","M","?","T","R","E","?","M","M","R","B",null,"R","$","E","B",null],"character_chosen":"Librarian","items_purchased":["Execute_lor","PageOfPorccubus","PageOfBigBird"],"campfire_rested":0,"item_purchase_floors":[20,38,53],"current_hp_per_floor":[60,43,43,43,43,19,19,20,20,20,16,16,16,16,16,11,84,84,79,79,79,79,68,68,68,68,68,62,77,71,56,56,35,84,73,73,73,73,75,84,79,79,79,79,80,80,80,80,80,80,80,80,80,80,55],"gold":128,"neow_bonus":"THREE_SMALL_POTIONS","is_daily":false,"chose_seed":false,"campfire_upgraded":7,"win_rate":0.0,"timestamp":1614097301,"path_taken":["M","?","$","M","?","E","?","E","T","M","M","R","M","E","R","BOSS","M","?","$","M","M","E","R","?","T","R","M","E","M","?","R","BOSS","M","?","?","$","M","E","M","?","T","R","E","?","M","M","R","BOSS","R","$","E","BOSS"],"items_purchased_type":["Card","Relic","Relic"],"build_version":"2020-12-22","purchased_purges":3,"victory":true,"max_hp_per_floor":[84,84,84,84,84,84,84,84,84,84,84,84,84,84,84,84,84,84,79,79,79,79,79,84,84,84,84,84,84,84,84,84,84,84,84,84,84,84,84,84,84,80,80,80,80,80,80,80,80,80,80,80,80,80,80],"card_choices":[{"not_picked":["QuickAttack","BayonetCombat","SerpentSwordTechnique","Faith","Unlock1","Wallop_lor","SnakesPrey","ViolentFlame"],"picked":"Thrust","floor":1},{"not_picked":["FormingStorm","EnergyStrike","EnergyShield","UpbeatPerformance","PreemptiveStrike","SummaryJudgment","BiAn","StayCalm"],"picked":"FendThisOffIfYouCan","floor":4},{"not_picked":["HiddenBlade","Diversion","Tailoring","HandleRequest","Observe","HighSpeedStabbing","UpbeatPerformance","UnavoidableGaze"],"picked":"DefenseOrder","floor":6},{"not_picked":["QuickSuppression","Bvapour","Multislash","RulesOfTheBackstreets","Laceration","FieryDragonSlash","Parry","SinglePointStab"],"picked":"SmokingPipe","floor":8},{"not_picked":["Parry2","PreemptiveStrike","EnergyShield","Laceration","Concentration","BladeWhirl","Unlock1","ScatteringSlash","Multislash"],"picked":"SKIP","floor":10},{"not_picked":["StrongStrike","HandleRequest","TheRedNotes","MultiBlock","FeelinGood","FleetEdge","Multislash","Unlock1"],"picked":"AutonomousRush","floor":11},{"not_picked":["Clone","GreatSerpentsImpact","NightInTheBackstreets","Tailoring","DesperateStruggle","SunsetBlade","IronWall","FieryWaltz"],"picked":"HandlingWork","floor":13},{"not_picked":["SpearedSweep","FleetEdge","Zzzzzap","Juggling","Thrust","SkitterAway","IronWall","Pound","SteelKnuckles"],"picked":"SKIP","floor":14},{"not_picked":["Transpierce","Eradication"],"picked":"Commandeering","floor":16},{"not_picked":["StrongStrike","Clone","Wallop_lor+1","Rewind","HardRehearsal+1","FleetEdge","BiAn","Leap_lor"],"picked":"Multislash+1","floor":18},{"not_picked":["TheRedNotes","EnergyStrike","Pound+1","AsThePrescriptOrders","StrikeDown","FendThisOffIfYouCan","HiddenBlade","FeelinGood"],"picked":"TheArtOfRapidSteps+1","floor":19},{"not_picked":["MultiBlock","DirtyBlow","Outburst","NonstopAssault","GuidanceOfTheGears","ViolentFlame+1","ChargeUp","Quickness"],"picked":"UnavoidableGaze+1","floor":21},{"not_picked":["Standoff","Parry2","FleetFootsteps+1","ScratchThat","AbsorbImpact","Reload","NonstopAssault","Collision+1"],"picked":"Gamble+1","floor":22},{"not_picked":["BindingArms","Leap_lor","YoureAHindrance","MindWhip","Rewind","VenomousFangs","SerpentineBarrier","Duel_lor","HighKick"],"picked":"SKIP","floor":23},{"not_picked":["Rewind","BiAn","FlashOfSunup","GreatSerpentsImpact","SunsetBlade","AutomatedMovement","MultiHit","FendThisOffIfYouCan","ChopItOff+1"],"picked":"SKIP","floor":28},{"not_picked":["ViolentFlame","Diversion","SharpSwipe","Marionette","EnergyShield","FlowOfTheSword","GuidanceOfTheGears","ProselytesBlade","FormingStorm"],"picked":"SKIP","floor":29},{"not_picked":["BiAn","Unlock1","Endure","Overpower","LawAndOrder+1","Creak","ToWhereThePrescriptPoints","GuardingStance","WillOfThePrescript"],"picked":"SKIP","floor":30},{"not_picked":["PuppetBlockade+1","Faith","LossOfSenses","ElectricShock","Guardian_lor","VioletBlade+1","Thrust","Preparation"],"picked":"SerpentSwordTechnique+1","floor":31},{"not_picked":["FlamingDragonFist","SenseQuarry"],"picked":"SilentNight","floor":33},{"not_picked":["ExtremeEdge+1","Parry","JiaoTu+1","EnergyStrike","PinpointShot","DriedUp","CookingPrep","CombatPreparation"],"picked":"FrontalAssault","floor":35},{"not_picked":[],"picked":"CombatPreparation","floor":36},{"not_picked":[],"picked":"Suppress","floor":36},{"not_picked":["CoordinatedAssault+1","StrikeDown","Reload","CombatPreparation+1","WrathOfTorment+1","EndlessBattle+1","Creak+1","AssaultOrder"],"picked":"FleetFootsteps+1","floor":37},{"not_picked":["TendonChords","SinglePointStab","SnakesPrey","WillOfThePrescript","SharpSwipe","DesperateStruggle","FleetEdge+1","HandlingWork"],"picked":"Unlock1+1","floor":39},{"not_picked":["Preparation","Diversion","SuanNi","HeavyPeaks+1","Quickness+1","FaintMemories","RhinoRam","RepressedFlesh"],"picked":"BackAttack+1","floor":40},{"not_picked":["SetFire","CombatPreparation+1","BiAn","BlowItUp","FieryDragonSlash+1","UpbeatPerformance","ReadyUp","PreemptiveStrike+1","NonstopAssault+1"],"picked":"SKIP","floor":41},{"not_picked":["DefenseOrder+1","RhinoRam+1","Thirst","Observe","GaleKick+1","Eradication","Thrust","Eliminate"],"picked":"WillOfThePrescript+1","floor":45},{"not_picked":["HandleRequest+1","FierceCharge+1","PreemptiveStrike","FlyingSword+1","ReadyUp","Standoff","NightInTheBackstreets","ButterflySlash+1","PuppetBlockade"],"picked":"SKIP","floor":47},{"not_picked":["PreemptiveStrike","UnavoidableGaze+1","DefenseOrder+1","BayonetCombat","IllEndYou","UndertakePrescript+1","Eliminate+1","Laceration+1"],"picked":"AlloutWar","floor":48},{"not_picked":["SerpentSwordTechnique+1","QuickSuppression","Outburst","HeavyPeaks","WillOfThePrescript","GuidanceOfTheGears","ClassAndRespect","SuppressingShot+1"],"picked":"InhaleSmoke+1","floor":54}],"player_experience":709010,"relics_obtained":[{"floor":6,"key":"PreservedInsect"},{"floor":8,"key":"Oddly Smooth Stone"},{"floor":9,"key":"Dota2Spire:ShadowBlade"},{"floor":14,"key":"SnafuTest:CatRelic"},{"floor":19,"key":"Red Mask"},{"floor":23,"key":"PageOfJudgementBird"},{"floor":26,"key":"Letter Opener"},{"floor":29,"key":"PageOfBigBadWolf"},{"floor":40,"key":"Potion Belt"},{"floor":43,"key":"PageOfLittleHelper"},{"floor":45,"key":"Dota2Spire:DrumOfEndurance"},{"floor":54,"key":"PageOfGalaxyChild"}],"event_choices":[{"damage_healed":0,"gold_gain":0,"player_choice":"Entered Light","damage_taken":17,"max_hp_gain":0,"max_hp_loss":0,"event_name":"Shining Light","floor":2,"gold_loss":0,"cards_upgraded":["LightDefense","LightDefense"]},{"damage_healed":0,"gold_gain":0,"player_choice":"Box","damage_taken":0,"relics_obtained":["PageOfNothingThere"],"max_hp_gain":0,"max_hp_loss":0,"event_name":"Big Fish","floor":5,"gold_loss":0,"cards_obtained":["Regret"]},{"damage_healed":0,"gold_gain":0,"player_choice":"Fought Bandits","damage_taken":0,"max_hp_gain":0,"max_hp_loss":0,"event_name":"Masked Bandits","floor":19,"gold_loss":0},{"damage_healed":0,"gold_gain":0,"player_choice":"0 cards matched","damage_taken":0,"max_hp_gain":0,"max_hp_loss":0,"event_name":"Match and Keep!","floor":25,"gold_loss":0,"cards_obtained":[]},{"damage_healed":0,"gold_gain":0,"player_choice":"Max HP","damage_taken":0,"max_hp_gain":0,"max_hp_loss":4,"event_name":"Winding Halls","floor":42,"gold_loss":0},{"damage_healed":0,"gold_gain":0,"player_choice":"Memory 1","damage_taken":0,"max_hp_gain":0,"max_hp_loss":0,"event_name":"SensoryStone","floor":46,"gold_loss":0}],"is_beta":false,"boss_relics":[{"not_picked":["Calling Bell","Black Star"],"picked":"Dota2Spire:Bloodstone"},{"not_picked":["REME_LowDesire","Fusion Hammer"],"picked":"Coffee Dripper"}],"items_purged_floors":[3,20,38],"is_endless":false,"potions_floor_spawned":[6,10,11,16,28,29,33,35,40],"ascension_level":0}}