{"host":"p9t7qd83igtcp2bh","time":1614055909,"event":{"mods":["2.2 Compatiblity","AchievementEnabler","BaseMod","Colored Map","Colored Powertips","Custom Start","DeckTracker","Keyboard Shortcuts","Minty Spire (QoL Compilation)","Permanent Neow","StSLib","SuperFastMode","everything is the same but u backflip on backflip"],"gold_per_floor":[118,136,136,49,62,62,87,12,12,12,26,39,59,77,77,149,149,149,149],"floor_reached":18,"language":"KOR","playtime":530,"items_purged":["Strike_P"],"score":320,"play_id":"818fe54e-ee8c-4f16-9ab6-1ba1e2dccf2a","local_time":"20210223135149","is_ascension_mode":true,"campfire_choices":[{"data":"Eruption","floor":6.0,"key":"SMITH"},{"data":"Study","floor":10.0,"key":"SMITH"},{"floor":15,"key":"REST"}],"circlet_count":0,"master_deck":["AscendersBane","Strike_P","Strike_P","Strike_P","Defend_P","Defend_P","Defend_P","Eruption+1","Vigilance","Devotion","PathToVictory","Study+1","CarveReality","Adaptation","Evaluate","TalkToTheHand","Halt","WheelKick","Vault"],"relics":["PureWater","Ginger","Mango","VioletLotus"],"acts_visited":["Exordium","TheCity"],"potions_floor_usage":[16,16],"damage_taken":[{"damage":0.0,"enemies":"Cultist","floor":1.0,"turns":2.0},{"damage":8.0,"enemies":"Small Slimes","floor":2.0,"turns":3.0},{"damage":14.0,"enemies":"Jaw Worm","floor":5.0,"turns":5.0},{"damage":23.0,"enemies":"Lagavulin","floor":7.0,"turns":6.0},{"damage":15,"enemies":"2 Fungi Beasts","floor":11,"turns":4},{"damage":3,"enemies":"3 Louse","floor":12,"turns":3},{"damage":2,"enemies":"Red Slaver","floor":13,"turns":3},{"damage":7,"enemies":"Blue Slaver","floor":14,"turns":5},{"damage":20,"enemies":"The Guardian","floor":16,"turns":9},{"damage":24,"enemies":"Spheric Guardian","floor":18,"turns":5}],"seed_played":"-6966944537976836993","potions_obtained":[{"floor":1.0,"key":"PowerPotion"},{"floor":7.0,"key":"PowerPotion"},{"floor":13,"key":"AttackPotion"},{"floor":14,"key":"Strength Potion"}],"is_trial":false,"path_per_floor":["M","M","?","$","M","R","E","$","T","R","M","M","M","M","R","B",null,"M"],"character_chosen":"WATCHER","items_purchased":["CarveReality"],"campfire_rested":1,"item_purchase_floors":[4],"current_hp_per_floor":[61,53,53,53,39,39,16,16,30,30,15,12,10,3,27,7,63,39,39],"gold":149,"neow_bonus":"ONE_RANDOM_RARE_CARD","is_daily":false,"chose_seed":false,"campfire_upgraded":2,"win_rate":0.0,"timestamp":1614055909,"path_taken":["M","?","?","?","M","R","E","$","T","R","?","?","?","M","R","BOSS","M"],"items_purchased_type":["Card"],"build_version":"2020-12-22","purchased_purges":1,"victory":false,"max_hp_per_floor":[68,68,68,68,68,68,68,68,82,82,82,82,82,82,82,82,82,82,82],"card_choices":[{"not_picked":["Fasting2","Crescendo"],"picked":"PathToVictory","floor":1.0},{"not_picked":["Wireheading","ClearTheMind","ReachHeaven"],"picked":"SKIP","floor":2.0},{"not_picked":["Weave","ClearTheMind"],"picked":"Adaptation","floor":5.0},{"not_picked":["Fasting2","CutThroughFate"],"picked":"Evaluate","floor":7.0},{"not_picked":["JustLucky","FlurryOfBlows","Consecrate"],"picked":"SKIP","floor":11},{"not_picked":["ClearTheMind","FollowUp"],"picked":"TalkToTheHand","floor":12},{"not_picked":["FollowUp","JustLucky"],"picked":"Halt","floor":13},{"not_picked":["BowlingBash","Sanctity"],"picked":"WheelKick","floor":14},{"not_picked":["DevaForm","Omniscience"],"picked":"Vault","floor":16}],"player_experience":743331,"relics_obtained":[{"floor":7.0,"key":"Ginger"},{"floor":9.0,"key":"Mango"}],"event_choices":[{"damage_healed":0.0,"max_hp_gain":0.0,"max_hp_loss":0.0,"gold_gain":0.0,"cards_transformed":["Defend_P"],"event_name":"Transmorgrifier","player_choice":"Transformed","floor":3.0,"gold_loss":0.0,"damage_taken":0.0,"cards_obtained":["Study"]}],"is_beta":false,"boss_relics":[{"not_picked":["Astrolabe","Calling Bell"],"picked":"VioletLotus"}],"items_purged_floors":[8],"is_endless":false,"potions_floor_spawned":[1,7,13,14],"killed_by":"Spheric Guardian","ascension_level":19}}