{"host":"3l94tha3a4jgu0q4","time":1614094961,"event":{"mods":["2.2 Compatiblity","AchievementEnabler","BaseMod","Colored Map","Colored Powertips","Hermit","Highlight Path","Minty Spire (QoL Compilation)","Permanent Neow","StSLib","SuperFastMode"],"gold_per_floor":[132,132,165,165,200,270,270,334,334,334,368,368,368],"floor_reached":12,"language":"ENG","playtime":460,"items_purged":[],"score":92,"play_id":"c0bc5fda-1741-4fbc-a096-ad1a11329150","local_time":"20210223074241","is_ascension_mode":true,"campfire_choices":[{"data":"hermit:TakeAim","floor":7,"key":"SMITH"},{"floor":10,"key":"REST"}],"circlet_count":0,"master_deck":["hermit:Strike_Hermit","hermit:Strike_Hermit","hermit:Strike_Hermit","hermit:Strike_Hermit","hermit:Defend_Hermit","hermit:Defend_Hermit","hermit:Defend_Hermit","hermit:Defend_Hermit","hermit:Snapshot","hermit:Covet","hermit:DeadOrAlive","hermit:Headshot","hermit:TakeAim+1","hermit:TrackingShot","hermit:Magnum","hermit:FlashPowder","hermit:Vantage"],"relics":["hermit:Momento","Toy Ornithopter","Du-Vu Doll","Akabeko","Shuriken"],"acts_visited":["Exordium"],"potions_floor_usage":[8],"damage_taken":[{"damage":1,"enemies":"Jaw Worm","floor":1,"turns":3},{"damage":0,"enemies":"2 Louse","floor":3,"turns":2},{"damage":0,"enemies":"Cultist","floor":5,"turns":2},{"damage":55,"enemies":"3 Sentries","floor":6,"turns":13},{"damage":15,"enemies":"Gremlin Nob","floor":8,"turns":4},{"damage":17,"enemies":"Lots of Slimes","floor":11,"turns":5},{"damage":28,"enemies":"3 Sentries","floor":12,"turns":8}],"seed_played":"-5813513039067838769","potions_obtained":[{"floor":1,"key":"SkillPotion"},{"floor":5,"key":"Fruit Juice"}],"is_trial":false,"path_per_floor":["M","?","M","?","M","E","R","E","T","R","M","E"],"character_chosen":"HERMIT","items_purchased":[],"campfire_rested":1,"item_purchase_floors":[],"current_hp_per_floor":[74,79,79,79,79,24,24,19,19,44,27,0,0],"gold":368,"neow_bonus":"ONE_RANDOM_RARE_CARD","is_daily":false,"chose_seed":false,"campfire_upgraded":1,"win_rate":0.0,"timestamp":1614094961,"path_taken":["M","?","M","?","M","E","R","E","T","R","M","E"],"items_purchased_type":[],"build_version":"2020-12-22","purchased_purges":0,"victory":false,"max_hp_per_floor":[75,80,80,80,80,80,80,85,85,85,85,85,85],"card_choices":[{"not_picked":["hermit:WideOpen","hermit:Quickdraw"],"picked":"hermit:Headshot","floor":1},{"not_picked":["hermit:Vantage","hermit:Headshot"],"picked":"hermit:TakeAim","floor":3},{"not_picked":["hermit:FlashPowder","hermit:Coalescence"],"picked":"hermit:TrackingShot","floor":5},{"not_picked":["hermit:LoneWolf","hermit:HighCaliber"],"picked":"hermit:Magnum","floor":6},{"not_picked":["hermit:Maintenance","hermit:Feint"],"picked":"hermit:FlashPowder","floor":8},{"not_picked":["hermit:Desperado","hermit:Virtue"],"picked":"hermit:Vantage","floor":11}],"player_experience":1985974,"relics_obtained":[{"floor":6,"key":"Du-Vu Doll"},{"floor":8,"key":"Akabeko"},{"floor":9,"key":"Shuriken"}],"event_choices":[{"damage_healed":0,"gold_gain":0,"player_choice":"Donut","damage_taken":0,"max_hp_gain":5,"max_hp_loss":0,"event_name":"Big Fish","floor":2,"gold_loss":0},{"damage_healed":0,"gold_gain":0,"player_choice":"Gave Potion","damage_taken":0,"relics_obtained":["Toy Ornithopter"],"max_hp_gain":0,"max_hp_loss":0,"event_name":"WeMeetAgain","floor":4,"gold_loss":0}],"is_beta":false,"boss_relics":[],"items_purged_floors":[],"is_endless":false,"potions_floor_spawned":[1,5],"killed_by":"3 Sentries","ascension_level":1}}