{"host":"oehe2dxjvdgux73m","time":1614089744,"event":{"mods":["AchievementEnabler","BaseMod","Colored Map","Colored Powertips","DeckTracker","Keyboard Shortcuts","Minty Spire (QoL Compilation)","Permanent Neow","Quick Restart","StSLib","SuperFastMode"],"gold_per_floor":[109,127,127,107,118,118,118,118,193,169,189,208,36,64,64,138,138,152,152,165,90,102,102,118,144,144,144,144,144,178,278,278,354,354,374,392,138,138,156,156,156],"floor_reached":40,"language":"KOR","playtime":1434,"items_purged":["Strike_G","Strike_G"],"score":977,"play_id":"9b0a81c6-95b0-4840-8312-74b07269b037","local_time":"20210223231544","is_ascension_mode":true,"campfire_choices":[{"data":"Neutralize","floor":6.0,"key":"SMITH"},{"data":"Backflip","floor":8.0,"key":"SMITH"},{"data":"Blade Dance","floor":15.0,"key":"SMITH"},{"floor":23.0,"key":"REST"},{"data":"Prepared","floor":27.0,"key":"SMITH"},{"data":"Burst","floor":32.0,"key":"SMITH"}],"circlet_count":0,"master_deck":["AscendersBane","Strike_G+1","Strike_G","Strike_G","Defend_G","Defend_G","Defend_G","Defend_G","Defend_G","Survivor","Neutralize+1","Quick Slash+1","Backflip+1","Heel Hook","Heel Hook","Backstab","Blade Dance+1","Grand Finale","Backflip+1","Prepared+1","Calculated Gamble","Burst+1","Blur+1","Calculated Gamble","Reflex","CurseOfTheBell","Heel Hook","A Thousand Cuts+1","Tactician","Dagger Throw"],"relics":["Ring of the Snake","NeowsBlessing","Incense Burner","Kunai","Bag of Preparation","Mango","Black Star","Snake Skull","Mercury Hourglass","Toy Ornithopter","Ancient Tea Set","Ornamental Fan","CaptainsWheel","The Courier","Calling Bell","Smiling Mask","Frozen Egg 2","Lizard Tail"],"acts_visited":["Exordium","TheCity","TheBeyond"],"potions_floor_usage":[40],"damage_taken":[{"damage":0.0,"enemies":"Jaw Worm","floor":1.0,"turns":1.0},{"damage":0.0,"enemies":"2 Louse","floor":2.0,"turns":1.0},{"damage":0.0,"enemies":"Cultist","floor":5.0,"turns":1.0},{"damage":5.0,"enemies":"Exordium Thugs","floor":10.0,"turns":4.0},{"damage":2.0,"enemies":"Looter","floor":11.0,"turns":3.0},{"damage":0.0,"enemies":"Lots of Slimes","floor":12.0,"turns":3.0},{"damage":0.0,"enemies":"Lagavulin","floor":14.0,"turns":4.0},{"damage":35.0,"enemies":"Hexaghost","floor":16.0,"turns":15.0},{"damage":3.0,"enemies":"2 Thieves","floor":18.0,"turns":3.0},{"damage":1.0,"enemies":"Shell Parasite","floor":20.0,"turns":6.0},{"damage":38.0,"enemies":"Snecko","floor":22.0,"turns":8.0},{"damage":6.0,"enemies":"Centurion and Healer","floor":24.0,"turns":8.0},{"damage":0.0,"enemies":"Slavers","floor":25.0,"turns":2.0},{"damage":6.0,"enemies":"Gremlin Leader","floor":30.0,"turns":5.0},{"damage":0.0,"enemies":"Colosseum Slavers","floor":31.0,"turns":2.0},{"damage":0.0,"enemies":"Colosseum Nobs","floor":31.0,"turns":5.0},{"damage":1.0,"enemies":"Collector","floor":33.0,"turns":11.0},{"damage":1.0,"enemies":"3 Darklings","floor":35.0,"turns":5.0},{"damage":1.0,"enemies":"3 Shapes","floor":36.0,"turns":8.0},{"damage":10.0,"enemies":"3 Darklings","floor":39.0,"turns":4.0},{"damage":75,"enemies":"Nemesis","floor":40,"turns":13}],"seed_played":"8795161585786044420","potions_obtained":[{"floor":1.0,"key":"PowerPotion"},{"floor":4.0,"key":"Strength Potion"},{"floor":5.0,"key":"Explosive Potion"},{"floor":16.0,"key":"Strength Potion"},{"floor":18.0,"key":"SneckoOil"},{"floor":22.0,"key":"CunningPotion"},{"floor":25.0,"key":"EntropicBrew"},{"floor":31.0,"key":"ColorlessPotion"},{"floor":33.0,"key":"SneckoOil"},{"floor":36.0,"key":"LiquidBronze"}],"is_trial":false,"path_per_floor":["M","M","?","?","M","R","T","R","T","M","M","M","$","E","R","B",null,"M","?","M","$","M","R","M","E","T","R","?","?","E","?","R","B",null,"M","M","$","?","M","E"],"character_chosen":"THE_SILENT","items_purchased":["Bag of Preparation","Tactician","EntropicBrew","Dagger Throw"],"campfire_rested":1,"item_purchase_floors":[13,37,37,37],"current_hp_per_floor":[59,59,39,39,39,39,39,39,39,34,32,32,32,46,46,11,63,60,60,59,59,21,45,39,39,39,39,39,16,20,25,25,29,71,70,69,69,69,69,41,41],"gold":156,"neow_bonus":"THREE_ENEMY_KILL","is_daily":false,"chose_seed":false,"campfire_upgraded":5,"win_rate":0.0,"timestamp":1614089744,"path_taken":["M","M","?","?","?","R","?","R","T","M","M","M","?","E","R","BOSS","M","?","M","$","?","R","M","E","T","R","?","?","E","?","R","BOSS","M","M","$","?","M","E"],"items_purchased_type":["Relic","Card","Potion","Card"],"build_version":"2020-12-22","purchased_purges":2,"victory":false,"max_hp_per_floor":[66,66,66,66,66,66,66,66,66,66,66,66,66,80,80,80,80,80,80,80,80,80,80,80,80,80,80,80,85,85,85,85,85,85,85,85,85,85,85,85,85],"card_choices":[{"not_picked":["Distraction","Slice"],"picked":"Quick Slash","floor":1.0},{"not_picked":["Bane","Slice","Quick Slash"],"picked":"SKIP","floor":2.0},{"not_picked":["Outmaneuver","Slice"],"picked":"Backflip","floor":5.0},{"not_picked":["Dodge and Roll","Prepared"],"picked":"Heel Hook","floor":10.0},{"not_picked":["Prepared","Corpse Explosion"],"picked":"Heel Hook","floor":11.0},{"not_picked":["Outmaneuver","Deadly Poison"],"picked":"Backstab","floor":12.0},{"not_picked":["Eviscerate","Choke"],"picked":"Blade Dance","floor":14.0},{"not_picked":["Corpse Explosion","After Image"],"picked":"Grand Finale","floor":16.0},{"not_picked":["Dagger Spray","Quick Slash"],"picked":"Backflip+1","floor":18.0},{"not_picked":["Poisoned Stab","Backflip+1"],"picked":"Prepared","floor":20.0},{"not_picked":["Dagger Throw","Bane+1"],"picked":"Calculated Gamble","floor":22.0},{"not_picked":["Bane","Sucker Punch"],"picked":"Burst","floor":24.0},{"not_picked":["Distraction","Dagger Throw+1"],"picked":"Blur+1","floor":25.0},{"not_picked":["Accuracy","Finisher"],"picked":"Calculated Gamble","floor":30.0},{"not_picked":["Deadly Poison+1","Underhanded Strike"],"picked":"Reflex","floor":31.0},{"not_picked":["All Out Attack+1","Quick Slash"],"picked":"Heel Hook","floor":35.0},{"not_picked":["Quick Slash","Outmaneuver"],"picked":"A Thousand Cuts+1","floor":36.0},{"not_picked":["Flying Knee","Quick Slash","Blade Dance+1"],"picked":"SKIP","floor":39.0}],"player_experience":496012,"relics_obtained":[{"floor":7.0,"key":"Incense Burner"},{"floor":9.0,"key":"Kunai"},{"floor":14.0,"key":"Mango"},{"floor":25.0,"key":"Snake Skull"},{"floor":25.0,"key":"Mercury Hourglass"},{"floor":26.0,"key":"Toy Ornithopter"},{"floor":30.0,"key":"Ancient Tea Set"},{"floor":30.0,"key":"Ornamental Fan"},{"floor":31.0,"key":"CaptainsWheel"},{"floor":31.0,"key":"The Courier"},{"floor":34.0,"key":"Smiling Mask"},{"floor":34.0,"key":"Frozen Egg 2"},{"floor":34.0,"key":"Lizard Tail"}],"event_choices":[{"damage_healed":0.0,"max_hp_gain":0.0,"max_hp_loss":0.0,"gold_gain":0.0,"event_name":"Shining Light","player_choice":"Entered Light","floor":3.0,"gold_loss":0.0,"damage_taken":20.0,"cards_upgraded":["Strike_G","Quick Slash"]},{"damage_healed":0.0,"max_hp_gain":0.0,"max_hp_loss":0.0,"gold_gain":0.0,"event_name":"The Woman in Blue","player_choice":"Bought 1 Potion","floor":4.0,"gold_loss":0.0,"damage_taken":0.0},{"damage_healed":0.0,"max_hp_gain":0.0,"max_hp_loss":0.0,"gold_gain":0.0,"event_name":"Match and Keep!","player_choice":"0 cards matched","floor":19.0,"gold_loss":0.0,"damage_taken":0.0,"cards_obtained":[]},{"damage_healed":0.0,"max_hp_gain":0.0,"max_hp_loss":0.0,"gold_gain":0.0,"event_name":"Vampires","player_choice":"Ignored","floor":28.0,"gold_loss":0.0,"damage_taken":0.0},{"damage_healed":0.0,"max_hp_gain":5.0,"max_hp_loss":0.0,"gold_gain":0.0,"event_name":"Forgotten Altar","player_choice":"Shed Blood","floor":29.0,"gold_loss":0.0,"damage_taken":28.0},{"damage_healed":0.0,"max_hp_gain":0.0,"max_hp_loss":0.0,"gold_gain":0.0,"event_name":"Colosseum","player_choice":"Fight","floor":31.0,"gold_loss":0.0,"damage_taken":0.0},{"damage_healed":0.0,"max_hp_gain":0.0,"max_hp_loss":0.0,"gold_gain":0.0,"event_name":"Colosseum","player_choice":"Fought Nobs","floor":31.0,"gold_loss":0.0,"damage_taken":0.0},{"damage_healed":0.0,"max_hp_gain":0.0,"max_hp_loss":0.0,"gold_gain":0.0,"event_name":"Mysterious Sphere","player_choice":"Ignored","floor":38.0,"gold_loss":0.0,"damage_taken":0.0}],"is_beta":false,"boss_relics":[{"not_picked":["Busted Crown","Ring of the Serpent"],"picked":"Black Star"},{"not_picked":["SacredBark","WristBlade"],"picked":"Calling Bell"}],"items_purged_floors":[21,37],"is_endless":false,"potions_floor_spawned":[1,5,16,18,22,25,31,33,36],"killed_by":"Nemesis","ascension_level":20}}