{"host":"z37g2hkgkh2zjyzk","time":1614045498,"event":{"mods":["2.2 Compatiblity","AchievementEnabler","BaseMod","Bestiary","Colored Map","Colored Powertips","Curses Come First","Highlight Path","Keyboard Shortcuts","Minty Spire (QoL Compilation)","Relic Stats","StSLib","SuperFastMode"],"gold_per_floor":[118,134,134,149,164,164,175,207,230,230,12,12,12,26,26,26,26],"floor_reached":16,"language":"ENG","playtime":717,"items_purged":["Strike_B"],"score":133,"play_id":"a2adc0a7-ec46-4271-a07c-96ed930140fd","local_time":"20210223025818","is_ascension_mode":true,"campfire_choices":[{"data":"Dualcast","floor":6,"key":"SMITH"},{"floor":10,"key":"REST"},{"data":"Go for the Eyes","floor":12,"key":"SMITH"},{"data":"Hologram","floor":15,"key":"SMITH"}],"circlet_count":0,"master_deck":["Strike_B","Strike_B","Defend_B","Defend_B","Defend_B","Defend_B","Zap","Dualcast+1","Conserve Battery","Hologram+1","Turbo","Sweeping Beam","Go for the Eyes+1"],"relics":["Cracked Core","Potion Belt","PreservedInsect","Centennial Puzzle","Art of War"],"acts_visited":["Exordium"],"potions_floor_usage":[16,16],"damage_taken":[{"damage":3,"enemies":"Jaw Worm","floor":1,"turns":4},{"damage":1,"enemies":"Cultist","floor":2,"turns":4},{"damage":3,"enemies":"Small Slimes","floor":4,"turns":3},{"damage":1,"enemies":"2 Fungi Beasts","floor":5,"turns":4},{"damage":5,"enemies":"Looter","floor":7,"turns":4},{"damage":24,"enemies":"3 Sentries","floor":8,"turns":7},{"damage":0,"enemies":"Large Slime","floor":14,"turns":7},{"damage":57,"enemies":"Hexaghost","floor":16,"turns":10}],"seed_played":"3859515920151527577","potions_obtained":[{"floor":2,"key":"SteroidPotion"},{"floor":5,"key":"FocusPotion"}],"is_trial":false,"path_per_floor":["M","M","?","M","M","R","M","E","T","R","$","R","$","M","R","B"],"character_chosen":"DEFECT","items_purchased":["Art of War"],"campfire_rested":1,"item_purchase_floors":[11],"current_hp_per_floor":[65,64,64,61,60,60,55,31,31,53,53,53,53,53,53,0,0],"gold":26,"neow_bonus":"RANDOM_COMMON_RELIC","is_daily":false,"chose_seed":false,"campfire_upgraded":3,"win_rate":0.0,"timestamp":1614045498,"path_taken":["M","M","?","M","M","R","M","E","T","R","?","R","$","M","R","BOSS"],"items_purchased_type":["Relic"],"build_version":"2020-12-22","purchased_purges":1,"victory":false,"max_hp_per_floor":[75,75,75,75,75,75,75,75,75,75,75,75,75,75,75,75,75],"relic_stats":{"Centennial Puzzle":[3],"counters":[8,43],"PreservedInsect":0,"Art of War":[6],"obtain_stats":[{"Potion Belt":0,"Centennial Puzzle":9,"PreservedInsect":8,"Art of War":11,"Cracked Core":0},{"Potion Belt":0,"Centennial Puzzle":6,"PreservedInsect":6,"Art of War":6,"Cracked Core":0},{"Potion Belt":0,"Centennial Puzzle":26,"PreservedInsect":26,"Art of War":26,"Cracked Core":0}]},"card_choices":[{"not_picked":["Stack","Rebound"],"picked":"Conserve Battery","floor":1},{"not_picked":["Rebound","Ball Lightning"],"picked":"Hologram","floor":2},{"not_picked":["Amplify","Lockon"],"picked":"Turbo","floor":4},{"not_picked":["Fusion","Leap","Turbo"],"picked":"SKIP","floor":5},{"not_picked":["Fusion","Leap","Turbo"],"picked":"SKIP","floor":5},{"not_picked":["Ball Lightning","Steam Power"],"picked":"Sweeping Beam","floor":7},{"not_picked":["Darkness","Chaos"],"picked":"Go for the Eyes","floor":8},{"not_picked":["Sweeping Beam","Go for the Eyes","Steam"],"picked":"SKIP","floor":14}],"player_experience":221196,"relics_obtained":[{"floor":8,"key":"PreservedInsect"},{"floor":9,"key":"Centennial Puzzle"}],"event_choices":[{"cards_removed":["Strike_B"],"damage_healed":0,"gold_gain":0,"player_choice":"Offered Basic","damage_taken":0,"max_hp_gain":0,"max_hp_loss":0,"event_name":"Bonfire Elementals","floor":3,"gold_loss":0}],"is_beta":false,"boss_relics":[],"items_purged_floors":[11],"is_endless":false,"potions_floor_spawned":[2,5],"killed_by":"Hexaghost","ascension_level":6}}