{"host":"lzlnscgb2n0l5w2m","time":1614095179,"event":{"mods":["AchievementEnabler","Act Like it!","BaseMod","Block Reminder","Colored Map","Colored Powertips","Highlight Path","Minty Spire (QoL Compilation)","Permanent Neow","Relic Stats","StSLib"],"gold_per_floor":[117,192,209,209,220,220,0,0,0,16,16,46,46,77,77,180,180,198,198,218,233,244,244,88,116,116,36,50,50,50,50,50,151,151,171,187,0,11,21,21,36,36,60,60,72,88,13,26,26,26,26],"floor_reached":50,"language":"ZHT","playtime":2677,"items_purged":["Strike_R"],"score":699,"play_id":"72ba7c83-146a-42d3-a44e-4c51f6469f28","local_time":"20210223234619","is_ascension_mode":true,"campfire_choices":[{"data":"Offering","floor":6.0,"key":"SMITH"},{"data":"Immolate","floor":8.0,"key":"SMITH"},{"data":"Bash","floor":11.0,"key":"SMITH"},{"data":"Spot Weakness","floor":15.0,"key":"SMITH"},{"data":"Intimidate","floor":23.0,"key":"SMITH"},{"floor":29.0,"key":"REST"},{"floor":32.0,"key":"REST"},{"floor":40.0,"key":"REST"},{"floor":42.0,"key":"RECALL"},{"floor":49.0,"key":"REST"}],"circlet_count":0,"master_deck":["Strike_R+1","Strike_R","Strike_R","Defend_R","Defend_R","Defend_R","Bash+1","Heavy Blade","Offering+1","Cleave+1","Immolate+1","Spot Weakness+1","Rampage","Inflame","Jack Of All Trades","Demon Form","Shrug It Off","Seeing Red+1","Intimidate+1","Rage","Power Through","Double Tap","Rage","True Grit","Shrug It Off","Offering+1","Limit Break","Offering","Bloodletting","Battle Trance","Shrug It Off+1","Violence","Intimidate+1","Power Through","Ghostly Armor+1"],"relics":["Black Blood","Shuriken","Gremlin Horn","Calipers","Orrery","Pear","Dream Catcher","Fusion Hammer","Red Mask"],"acts_visited":["Exordium","TheCity","TheBeyond"],"potions_floor_usage":[],"damage_taken":[{"damage":10.0,"enemies":"Jaw Worm","floor":1.0,"turns":3.0},{"damage":10.0,"enemies":"Small Slimes","floor":3.0,"turns":4.0},{"damage":6.0,"enemies":"Cultist","floor":5.0,"turns":2.0},{"damage":6.0,"enemies":"Red Slaver","floor":10.0,"turns":1.0},{"damage":6.0,"enemies":"3 Sentries","floor":12.0,"turns":2.0},{"damage":21.0,"enemies":"Lagavulin","floor":14.0,"turns":3.0},{"damage":23.0,"enemies":"The Guardian","floor":16.0,"turns":6.0},{"damage":29.0,"enemies":"Spheric Guardian","floor":18.0,"turns":4.0},{"damage":10.0,"enemies":"Chosen","floor":20.0,"turns":3.0},{"damage":40.0,"enemies":"Centurion and Healer","floor":21.0,"turns":3.0},{"damage":6.0,"enemies":"3 Cultists","floor":22.0,"turns":1.0},{"damage":50.0,"enemies":"Book of Stabbing","floor":25.0,"turns":6.0},{"damage":39.0,"enemies":"Snake Plant","floor":28.0,"turns":4.0},{"damage":28.0,"enemies":"Collector","floor":33.0,"turns":4.0},{"damage":6.0,"enemies":"Orb Walker","floor":35.0,"turns":1.0},{"damage":12.0,"enemies":"3 Shapes","floor":36.0,"turns":3.0},{"damage":37.0,"enemies":"Writhing Mass","floor":38.0,"turns":5.0},{"damage":33.0,"enemies":"Maw","floor":39.0,"turns":6.0},{"damage":27.0,"enemies":"Sphere and 2 Shapes","floor":41.0,"turns":3.0},{"damage":9.0,"enemies":"Jaw Worm Horde","floor":45.0,"turns":1.0},{"damage":0.0,"enemies":"3 Darklings","floor":46.0,"turns":1.0},{"damage":28.0,"enemies":"Maw","floor":48.0,"turns":6.0},{"damage":68,"enemies":"Awakened One","floor":50,"turns":6}],"seed_played":"-5520097713093808748","potions_obtained":[{"floor":10.0,"key":"Energy Potion"},{"floor":12.0,"key":"SkillPotion"},{"floor":16.0,"key":"SteroidPotion"},{"floor":21.0,"key":"FairyPotion"},{"floor":22.0,"key":"ElixirPotion"},{"floor":25.0,"key":"SneckoOil"},{"floor":35.0,"key":"DuplicationPotion"},{"floor":38.0,"key":"LiquidBronze"},{"floor":46.0,"key":"Fire Potion"}],"is_trial":false,"path_per_floor":["M","?","M","?","M","R","$","R","T","M","R","E","?","E","R","B",null,"M","?","M","M","M","R","$","E","T","$","M","R","?","?","R","B",null,"M","M","?","M","M","R","M","R","T","?","M","M","$","M","R","B"],"character_chosen":"IRONCLAD","items_purchased":["Spot Weakness","Rampage","Orrery","Rage","Power Through"],"campfire_rested":4,"item_purchase_floors":[7,7,24,27,47],"current_hp_per_floor":[68,68,64,50,50,50,50,50,50,50,50,50,50,35,35,18,59,42,72,72,44,50,50,50,43,43,43,16,40,40,40,64,48,74,80,80,80,55,34,58,43,43,43,43,46,58,58,42,66,0,0],"gold":26,"neow_bonus":"TRANSFORM_TWO_CARDS","is_daily":false,"chose_seed":false,"campfire_upgraded":5,"win_rate":0.0,"timestamp":1614095179,"path_taken":["M","?","M","?","M","R","$","R","T","M","R","E","?","E","R","BOSS","M","?","M","?","M","R","$","E","T","$","M","R","?","?","R","BOSS","M","?","?","M","M","R","M","R","T","?","M","M","$","M","R","BOSS"],"items_purchased_type":["Card","Card","Relic","Card","Card"],"build_version":"2020-12-22","purchased_purges":1,"victory":false,"max_hp_per_floor":[72,72,72,72,72,72,72,72,72,72,72,72,72,72,72,72,72,72,72,72,72,72,72,72,82,82,82,82,82,82,82,82,82,82,82,82,82,82,82,82,82,82,82,82,82,82,82,82,82,82,82],"relic_stats":{"Dream Catcher":4,"Gremlin Horn":[14,15],"counters":[23,78],"Shuriken":[21],"Black Blood":220,"obtain_stats":[{"Dream Catcher":26,"Calipers":14,"Pear":25,"Gremlin Horn":12,"Shuriken":9,"Black Blood":17,"Orrery":24,"Fusion Hammer":34,"Red Mask":37,"Burning Blood":0},{"Dream Catcher":12,"Calipers":6,"Pear":12,"Gremlin Horn":5,"Shuriken":3,"Black Blood":7,"Orrery":11,"Fusion Hammer":14,"Red Mask":16,"Burning Blood":0},{"Dream Catcher":38,"Calipers":15,"Pear":38,"Gremlin Horn":12,"Shuriken":9,"Black Blood":21,"Orrery":32,"Fusion Hammer":46,"Red Mask":50,"Burning Blood":0}]},"card_choices":[{"not_picked":["Heavy Blade","Twin Strike"],"picked":"Cleave","floor":1.0},{"not_picked":["Pummel","Armaments","Battle Trance"],"picked":"SKIP","floor":3.0},{"not_picked":["Dual Wield","Seeing Red"],"picked":"Immolate","floor":5.0},{"not_picked":["Feel No Pain","Body Slam","Perfected Strike"],"picked":"SKIP","floor":10.0},{"not_picked":["Warcry","Clash"],"picked":"Inflame","floor":12.0},{"not_picked":["Carnage","Blood for Blood","Burning Pact"],"picked":"SKIP","floor":14.0},{"not_picked":["Fiend Fire","Offering"],"picked":"Demon Form","floor":16.0},{"not_picked":["Uppercut+1","Wild Strike"],"picked":"Shrug It Off","floor":18.0},{"not_picked":["Reckless Charge","Body Slam+1"],"picked":"Seeing Red+1","floor":20.0},{"not_picked":["Cleave","Clash"],"picked":"Intimidate","floor":21.0},{"not_picked":["Clothesline","Body Slam","Dark Embrace"],"picked":"SKIP","floor":22.0},{"not_picked":["Body Slam","Uppercut+1"],"picked":"Rage","floor":24.0},{"not_picked":["Second Wind","Barricade"],"picked":"Power Through","floor":24.0},{"not_picked":["Sword Boomerang","Pommel Strike+1"],"picked":"Double Tap","floor":24.0},{"not_picked":["Rupture","Sentinel","Perfected Strike"],"picked":"SKIP","floor":25.0},{"not_picked":["Cleave","Wild Strike"],"picked":"True Grit","floor":28.0},{"not_picked":["Searing Blow","Pommel Strike"],"picked":"Shrug It Off","floor":29.0},{"not_picked":["Thunderclap","Headbutt"],"picked":"Limit Break","floor":32.0},{"not_picked":["Exhume","Juggernaut"],"picked":"Offering","floor":33.0},{"not_picked":["Pommel Strike","Body Slam"],"picked":"Bloodletting","floor":35.0},{"not_picked":["Clash","Body Slam+1","Havoc"],"picked":"SKIP","floor":36.0},{"not_picked":["Sentinel","Carnage","Intimidate"],"picked":"SKIP","floor":38.0},{"not_picked":["Perfected Strike","Armaments"],"picked":"Battle Trance","floor":39.0},{"not_picked":["Cleave+1","Headbutt+1"],"picked":"Shrug It Off+1","floor":40.0},{"not_picked":["True Grit+1","Twin Strike+1","Iron Wave+1"],"picked":"SKIP","floor":41.0},{"not_picked":["Dramatic Entrance","Impatience"],"picked":"Violence","floor":44.0},{"not_picked":["Headbutt","Sever Soul+1","Searing Blow+1"],"picked":"SKIP","floor":45.0},{"not_picked":["Cleave+1","Clothesline+1"],"picked":"Intimidate+1","floor":46.0},{"not_picked":["Anger+1","Armaments+1","Intimidate"],"picked":"SKIP","floor":48.0},{"not_picked":["Dropkick","Flame Barrier"],"picked":"Ghostly Armor+1","floor":49.0}],"player_experience":293286,"relics_obtained":[{"floor":9.0,"key":"Shuriken"},{"floor":12.0,"key":"Gremlin Horn"},{"floor":14.0,"key":"Calipers"},{"floor":25.0,"key":"Pear"},{"floor":26.0,"key":"Dream Catcher"}],"event_choices":[{"damage_healed":0.0,"max_hp_gain":0.0,"max_hp_loss":0.0,"gold_gain":75.0,"event_name":"Golden Wing","player_choice":"Gained Gold","floor":2.0,"gold_loss":0.0,"damage_taken":0.0},{"damage_healed":0.0,"max_hp_gain":0.0,"max_hp_loss":0.0,"gold_gain":0.0,"event_name":"Shining Light","player_choice":"Entered Light","floor":4.0,"gold_loss":0.0,"damage_taken":14.0,"cards_upgraded":["Strike_R","Cleave"]},{"damage_healed":0.0,"max_hp_gain":0.0,"max_hp_loss":0.0,"gold_gain":0.0,"event_name":"Match and Keep!","player_choice":"1 cards matched","floor":13.0,"gold_loss":0.0,"damage_taken":0.0,"cards_obtained":["Jack Of All Trades"]},{"damage_healed":30.0,"max_hp_gain":0.0,"max_hp_loss":0.0,"gold_gain":0.0,"event_name":"Wheel of Change","player_choice":"Full Heal","floor":19.0,"gold_loss":0.0,"damage_taken":0.0},{"damage_healed":0.0,"max_hp_gain":0.0,"max_hp_loss":0.0,"gold_gain":0.0,"event_name":"Duplicator","player_choice":"Copied","floor":31.0,"gold_loss":0.0,"damage_taken":0.0,"cards_obtained":["Offering"]},{"damage_healed":0.0,"max_hp_gain":0.0,"max_hp_loss":0.0,"gold_gain":0.0,"event_name":"Tomb of Lord Red Mask","player_choice":"Paid","floor":37.0,"gold_loss":187.0,"damage_taken":0.0,"relics_obtained":["Red Mask"]},{"damage_healed":0.0,"max_hp_gain":0.0,"max_hp_loss":0.0,"gold_gain":0.0,"event_name":"SensoryStone","player_choice":"Memory 1","floor":44.0,"gold_loss":0.0,"damage_taken":0.0}],"is_beta":false,"boss_relics":[{"not_picked":["Runic Cube","Tiny House"],"picked":"Black Blood"},{"not_picked":["Pandora\u0027s Box","SlaversCollar"],"picked":"Fusion Hammer"}],"items_purged_floors":[7],"is_endless":false,"potions_floor_spawned":[10,12,16,21,22,25,35,38,46],"killed_by":"Awakened One","ascension_level":7}}