{"host":"23qk1co0p3p8qz56","time":1614052462,"event":{"mods":["100% Spire Juice","AchievementEnabler","Act Like it!","Arknights","BaseMod","Better Note","Better Third Choice","BetterRewards","CapriCore","Chen","Colored Map","DNKmod","Downfall","Friendly Minions","Gensokyo","Gold Saver","Halation","HololiveMod","KinomotoSakuraMod(木之本?)","Koishi","KomeijiMod","Lobotomy","LobotomyExtend","Mari Mod (Legacy)","Mari\u0027s V1 Patch","Marisa（霧雨　魔理沙）","Minty Spire (QoL Compilation)","MostiFishMod","Prisma Mod","Railgun Mod","Reimu（博??梦）","Remilia（蕾米莉?）","RumiaBox-露米?的神秘盒子","StSLib","The Administrix","The Alterego","The Animator","The Immortal","The Senshi","Waifu the Spire","WarShipGirlsR/??少女R mod","Yakumo Yukari mod","Yohane!","Yuyuko"],"gold_per_floor":[10014,10014,10027,10044,10057,10057,10085,10085,10109,10138,10156,9816,9816,9477,9477,9573,9573,9590,9106,9106,9106,9106,9134,9134,8198,8268,8268,8268,7484,7484,7484,7484,7583,7583,7601,7620,7630,7684,7700,7651,7651,7332,7381,7391,7430,7450,7450,7450,7450,7455,7455,7455,7124,7159,7207],"floor_reached":56,"language":"ENG","playtime":3733,"items_purged":[],"score":1324,"play_id":"e529c046-4f30-4a48-8301-afa00b6d20bd","local_time":"20210222205422","is_ascension_mode":false,"campfire_choices":[{"data":"MokouMod:Rebirth","floor":6,"key":"SMITH"},{"data":"MokouMod:Rekindle","floor":8,"key":"SMITH"},{"data":"MokouMod:ResonanceReactor","floor":13,"key":"SMITH"},{"data":"MokouMod:Cataclysm","floor":15,"key":"SMITH"},{"floor":24,"key":"RECALL"},{"data":"MokouMod:IgnitionBlast","floor":28,"key":"SMITH"},{"data":"MokouMod:ThermalPressure","floor":32,"key":"SMITH"},{"data":"MokouMod:HouraiForge","floor":49,"key":"SMITH"},{"data":"MokouMod:PhoenixForm","floor":52,"key":"SMITH"}],"circlet_count":0,"master_deck":["MokouMod:Strike","MokouMod:Strike","MokouMod:Strike","MokouMod:Strike","MokouMod:Strike","MokouMod:Defend","MokouMod:Defend","MokouMod:Defend","MokouMod:HeatSpark","MokouMod:HeatCyclone","MokouMod:Cataclysm+1","MokouMod:Rekindle+1","MokouMod:Afterburner","MokouMod:RisingSunBarrier","MokouMod:SearingBlow+4","MokouMod:ResonanceReactor+1","MokouMod:IgnitionBlast+1","MokouMod:BurningHiddenBullet","MokouMod:HeatFactory+1","MokouMod:ScorchedEarth","MokouMod:Sear","MokouMod:IgneousBlow","MokouMod:IndiscriminateIgnition","MokouMod:Meltdown","MokouMod:ThermalPressure+1","MokouMod:CrimsonArmoury","MokouMod:PhoenixForm+1","MokouMod:BurningDraft","MokouMod:Overheat+1","MokouMod:Meltdown+1","MokouMod:WarmUp+1","MokouMod:Fireball","MokouMod:HouraiForge+1","MokouMod:TemporalFireSeal","MokouMod:UncontrollableSolarReaction","MokouMod:Wildfire","Parasite","MokouMod:ResoluteFlare","MokouMod:ProfanedFlare","MokouMod:FujiyamaVolcano+1","MokouMod:ShiftIgnition","MokouMod:IcarusDive","MokouMod:Rekindle+1","MokouMod:IllusoryBattlefield","MokouMod:FlickeringFlame+1"],"relics":["MokouMod:PhoenixFeather","Torii","halation:SwordOfLegend","PureWhite:ReiMu","DaveBox","NeowsBlessing","ShadowXiaoBlade","SynthV:TestCard","LetterFromLob","halation:KoshaPiece","GodSword7","Happy Flower","MostiFishMod:AdaptiveDefenses","Juzu Bracelet","Pen Nib","SynthV","HereWithMe","MagicDraw3","Anchor","HollowDreamFlower","MetatronsCube","halation:WeightlessCrab","MagicDraw1","Prayer Wheel","Coffee Dripper","CatCart","Bottled Lightning","halation:IllGainedPizza","ZombieArmy","halation:PapillonHeart","Sundial","halation:AfternoonTea"],"acts_visited":["Exordium","TheCity","TheBeyond","TheEnding"],"potions_floor_usage":[16,16,33,33,33,38,38,38,50,50,50,50,55,55,55],"damage_taken":[{"damage":0,"enemies":"2 Louse","floor":1,"turns":1},{"damage":0,"enemies":"Jaw Worm","floor":3,"turns":1},{"damage":0,"enemies":"Small Slimes","floor":4,"turns":2},{"damage":0,"enemies":"2 Fungi Beasts","floor":5,"turns":2},{"damage":12,"enemies":"3 Sentries","floor":7,"turns":6},{"damage":0,"enemies":"Lagavulin","floor":10,"turns":3},{"damage":0,"enemies":"Large Slime","floor":11,"turns":3},{"damage":252,"enemies":"Hexaghost","floor":16,"turns":5},{"damage":19,"enemies":"2 Thieves","floor":18,"turns":3},{"damage":10,"enemies":"Gremlin Leader","floor":23,"turns":3},{"damage":1,"enemies":"Automaton","floor":33,"turns":4},{"damage":10,"enemies":"3 Shapes","floor":35,"turns":3},{"damage":8152009,"enemies":"Orb Walker","floor":36,"turns":3},{"damage":6,"enemies":"Spire Growth","floor":37,"turns":3},{"damage":0,"enemies":"Orin","floor":38,"turns":6},{"damage":12,"enemies":"Jaw Worm Horde","floor":39,"turns":4},{"damage":0,"enemies":"Writhing Mass","floor":44,"turns":2},{"damage":5,"enemies":"Nemesis","floor":45,"turns":3},{"damage":5,"enemies":"Transient","floor":46,"turns":5},{"damage":39,"enemies":"Awakened One","floor":50,"turns":5},{"damage":16,"enemies":"Shield and Spear","floor":54,"turns":3},{"damage":65,"enemies":"The Heart","floor":55,"turns":4}],"seed_played":"-7171222572504580362","potions_obtained":[{"floor":3,"key":"ZuzhouPotion:ReiMu"},{"floor":4,"key":"Fire Potion"},{"floor":10,"key":"Strength Potion"},{"floor":11,"key":"DistilledChaos"},{"floor":16,"key":"LiquidMemories"},{"floor":23,"key":"Energy Potion"},{"floor":31,"key":"FearPotion"},{"floor":31,"key":"SteroidPotion"},{"floor":33,"key":"hexamod:SoulburnPotion"},{"floor":35,"key":"EssenceOfSteel"},{"floor":37,"key":"SpeedPotion"},{"floor":39,"key":"Dexterity Potion"},{"floor":46,"key":"EntropicBrew"}],"is_trial":false,"path_per_floor":["M","?","M","M","M","R","E","R","T","E","M","$","R","$","R","B",null,"M","$","?","?","?","E","R","$","T","?","R","$","?","?","R","B",null,"M","M","M","?","M","$","?","$","T","M","E","M","?","?","R","B",null,"R","$","E","B",null],"character_chosen":"MKU","items_purchased":["MokouMod:ResonanceReactor","MostiFishMod:AdaptiveDefenses","Juzu Bracelet","MokouMod:IgnitionBlast","Pen Nib","SynthV","MokouMod:ScorchedEarth","MagicDraw3","Anchor","MokouMod:IgneousBlow","MokouMod:IndiscriminateIgnition","MetatronsCube","MokouMod:Meltdown","MokouMod:ThermalPressure","MokouMod:CrimsonArmoury","MagicDraw1","Prayer Wheel","MokouMod:UncontrollableSolarReaction","MokouMod:Wildfire","Bottled Lightning","MokouMod:IllusoryBattlefield","Sundial"],"campfire_rested":0,"item_purchase_floors":[12,12,12,14,14,14,19,19,19,25,25,25,29,29,29,29,29,40,42,42,53,53],"current_hp_per_floor":[500,500,500,500,500,500,488,491,491,491,491,491,497,497,497,248,500,481,481,510,510,510,501,510,510,510,504,504,504,504,504,504,507,510,501,496,494,498,498,498,498,498,498,502,501,500,484,484,484,447,484,484,484,474,447],"gold":7207,"neow_bonus":"THREE_ENEMY_KILL","is_daily":false,"chose_seed":false,"campfire_upgraded":8,"win_rate":0.0,"timestamp":1614052462,"path_taken":["M","?","M","?","M","R","E","R","T","E","M","$","R","$","R","BOSS","M","$","?","?","?","E","R","?","T","?","R","$","?","?","R","BOSS","M","M","M","?","M","$","?","$","T","M","E","M","?","?","R","BOSS","R","$","E","BOSS"],"items_purchased_type":["Card","Relic","Relic","Card","Relic","Relic","Card","Relic","Relic","Card","Card","Relic","Card","Card","Card","Relic","Relic","Card","Card","Relic","Card","Relic"],"build_version":"2020-12-22","purchased_purges":0,"victory":true,"max_hp_per_floor":[500,500,500,500,500,500,500,500,500,500,500,500,500,500,500,500,500,500,500,510,510,510,510,510,510,510,510,510,510,510,510,510,510,510,510,510,510,510,510,510,510,510,510,510,510,510,484,484,484,484,484,484,484,484,484],"card_choices":[{"not_picked":["MokouMod:IndiscriminateIgnition","MokouMod:BlazingComet"],"picked":"MokouMod:HeatCyclone","floor":1},{"not_picked":["MokouMod:SearingShot","MokouMod:Overheat","MokouMod:FlareStarter","MokouMod:Stoke"],"picked":"MokouMod:Rebirth","floor":3},{"not_picked":["MokouMod:Firecracker","MokouMod:Combust","MokouMod:ResoluteFlare","MokouMod:AdaptivePyromancy"],"picked":"MokouMod:Cataclysm","floor":4},{"not_picked":["MokouMod:HeatCyclone","MokouMod:FujiyamaVolcano","MokouMod:RoaringFlare","MokouMod:FlareStarter"],"picked":"MokouMod:Rekindle","floor":5},{"not_picked":["MokouMod:Ember","MokouMod:IllusoryBattlefield","MokouMod:IndiscriminateIgnition","MokouMod:FlareStarter"],"picked":"MokouMod:Afterburner","floor":7},{"not_picked":["MokouMod:Wildfire","MokouMod:Stoke","MokouMod:FlickeringFlame","MokouMod:Sear"],"picked":"MokouMod:RisingSunBarrier","floor":10},{"not_picked":["MokouMod:Cataclysm","MokouMod:ShiftIgnition","MokouMod:Combust","MokouMod:AdaptivePyromancy"],"picked":"MokouMod:SearingBlow","floor":11},{"not_picked":["MokouMod:Rekindle","MokouMod:ProfanedFlare","MokouMod:Extinguish","MokouMod:Geothermal"],"picked":"MokouMod:BurningHiddenBullet","floor":16},{"not_picked":["MokouMod:FujiyamaVolcano","MokouMod:ScorchingColumn","MokouMod:IllusoryBattlefield","MokouMod:Stoke"],"picked":"MokouMod:HeatFactory+1","floor":18},{"not_picked":["MokouMod:EternalBurstReactor","MokouMod:HeatCyclone","MokouMod:InfernalWave+1","MokouMod:HeatFactory+1"],"picked":"MokouMod:Sear","floor":23},{"not_picked":["MokouMod:Geothermal","MokouMod:ExplosiveFlame","MokouMod:SearingBlow","MokouMod:Rekindle"],"picked":"MokouMod:PhoenixForm","floor":33},{"not_picked":["MokouMod:InfernalWave+1","MokouMod:Sear+1","MokouMod:IndiscriminateIgnition","MokouMod:Singe+1"],"picked":"MokouMod:BurningDraft","floor":35},{"not_picked":["MokouMod:Sear","MokouMod:Overheat+1","MokouMod:ControlledCombustion+1","MokouMod:AdaptivePyromancy","MokouMod:BurningDraft+1"],"picked":"SKIP","floor":35},{"not_picked":["MokouMod:Burn","MokouMod:BurningHiddenBullet","MokouMod:ScorchedEarth","MokouMod:InfernalWave+1"],"picked":"MokouMod:Overheat+1","floor":36},{"not_picked":["MokouMod:IgneousBlow+1","MokouMod:FlickeringFlame","MokouMod:ResoluteFlare","MokouMod:EternalBurstReactor","MokouMod:Combust+1"],"picked":"SKIP","floor":36},{"not_picked":["MokouMod:RoaringFlare","MokouMod:AdaptivePyromancy+1","MokouMod:FusionFlare+1","MokouMod:BurningDraft+1"],"picked":"MokouMod:Meltdown+1","floor":37},{"not_picked":["MokouMod:Overheat+1","MokouMod:Ember+1","MokouMod:EternalBurstReactor+1","MokouMod:AdaptivePyromancy"],"picked":"MokouMod:WarmUp+1","floor":37},{"not_picked":["MokouMod:PhoenixFeathers+1","MokouMod:ThermalPressure+1","MokouMod:FlareStarter+1","MokouMod:EternalBurstReactor"],"picked":"MokouMod:Fireball","floor":38},{"not_picked":["MokouMod:TemporalFireSeal+1","MokouMod:FujiyamaVolcano","MokouMod:BlazingComet","MokouMod:ResoluteFlare+1"],"picked":"MokouMod:HouraiForge","floor":39},{"not_picked":["MokouMod:FusionFlare+1","MokouMod:IgnitionBlast+1","MokouMod:Overheat+1","MokouMod:ScorchingColumn"],"picked":"MokouMod:TemporalFireSeal","floor":39},{"not_picked":["MokouMod:RisingSunBarrier+1","MokouMod:InfernalWave","MokouMod:Combust+1","MokouMod:UncontrollableSolarReaction"],"picked":"MokouMod:ResoluteFlare","floor":44},{"not_picked":["MokouMod:PhoenixFeathers","MokouMod:Afterburner+1","MokouMod:IndiscriminateIgnition+1","MokouMod:InfernalWave+1"],"picked":"MokouMod:ProfanedFlare","floor":44},{"not_picked":["MokouMod:Combust+1","MokouMod:EternalBurstReactor","MokouMod:Overheat","MokouMod:Burn"],"picked":"MokouMod:FujiyamaVolcano+1","floor":45},{"not_picked":["MokouMod:TemporalFireSeal+1","MokouMod:Sear+1","MokouMod:UncontrollableSolarReaction","MokouMod:FlamingFireTalons+1"],"picked":"MokouMod:ShiftIgnition","floor":46},{"not_picked":["MokouMod:AdaptivePyromancy","MokouMod:TemporalFireSeal+1","MokouMod:FlareStarter+1","MokouMod:Cataclysm"],"picked":"MokouMod:IcarusDive","floor":46},{"not_picked":["MokouMod:FlamingFireTalons+1","MokouMod:RoaringFlare","MokouMod:SearingShot","MokouMod:ScorchingColumn"],"picked":"MokouMod:FlickeringFlame+1","floor":54}],"player_experience":237146,"relics_obtained":[{"floor":1,"key":"SynthV:TestCard"},{"floor":1,"key":"LetterFromLob"},{"floor":2,"key":"halation:KoshaPiece"},{"floor":7,"key":"GodSword7"},{"floor":10,"key":"Happy Flower"},{"floor":23,"key":"HollowDreamFlower"},{"floor":26,"key":"halation:WeightlessCrab"},{"floor":38,"key":"CatCart"},{"floor":43,"key":"halation:IllGainedPizza"},{"floor":45,"key":"ZombieArmy"},{"floor":54,"key":"halation:AfternoonTea"}],"event_choices":[{"damage_healed":0,"gold_gain":0,"player_choice":"Relic","damage_taken":0,"max_hp_gain":0,"max_hp_loss":0,"event_name":"Wheel of Change","floor":2,"gold_loss":0},{"cards_removed":["MokouMod:Rebirth"],"damage_healed":19,"gold_gain":0,"player_choice":"Offered Rare","damage_taken":0,"max_hp_gain":10,"max_hp_loss":0,"event_name":"Bonfire Elementals","floor":20,"gold_loss":0},{"cards_removed":["MokouMod:Defend"],"damage_healed":0,"gold_gain":0,"player_choice":"Purged","damage_taken":0,"max_hp_gain":0,"max_hp_loss":0,"event_name":"Purifier","floor":21,"gold_loss":0},{"damage_healed":0,"gold_gain":0,"player_choice":"Leave","damage_taken":0,"max_hp_gain":0,"max_hp_loss":0,"event_name":"FaceTrader","floor":22,"gold_loss":0},{"damage_healed":0,"gold_gain":0,"player_choice":"","damage_taken":6,"max_hp_gain":0,"max_hp_loss":0,"event_name":"Knowing Skull","floor":27,"potions_obtained":[],"gold_loss":0,"cards_obtained":[]},{"damage_healed":0,"gold_gain":0,"player_choice":"Got Potions","damage_taken":0,"max_hp_gain":0,"max_hp_loss":0,"event_name":"Lab","floor":31,"gold_loss":0},{"damage_healed":0,"gold_gain":0,"player_choice":"Fight","damage_taken":0,"max_hp_gain":0,"max_hp_loss":0,"event_name":"OrinTheCat","floor":38,"gold_loss":0},{"damage_healed":0,"gold_gain":0,"player_choice":"Copied","damage_taken":0,"max_hp_gain":0,"max_hp_loss":0,"event_name":"Duplicator","floor":48,"gold_loss":0,"cards_obtained":["MokouMod:Rekindle"]}],"is_beta":false,"boss_relics":[{"not_picked":["Astrolabe","RhineCircuit"],"picked":"HereWithMe"},{"not_picked":["SacredBark","SoulBox"],"picked":"Coffee Dripper"}],"items_purged_floors":[],"is_endless":false,"potions_floor_spawned":[3,4,10,11,16,23,33,35,37,39,46],"ascension_level":0}}