{"host":"spd19cimorv47raq","time":1614083014,"event":{"mods":["AchievementEnabler","BaseMod","Colored Map","DeckTracker","Keyboard Shortcuts","Minty Spire (QoL Compilation)","Quick Restart","StSLib","SuperFastMode"],"gold_per_floor":[360,380,395,170,184,184,196,271,298,308,308,308,326,28,28,128,128,144,144,84,98,30,30,40,40,40,52,52,17,51,62,62,162,162,174,26,26,0,17,37,71,87,87,87,87,87,99,112,112,112],"floor_reached":51,"language":"KOR","playtime":2305,"items_purged":["Strike_G"],"score":768,"play_id":"fd869568-6fd7-4d21-a82d-720cd3306f3b","local_time":"20210223212334","is_ascension_mode":false,"campfire_choices":[{"data":"Dagger Spray","floor":6.0,"key":"SMITH"},{"data":"Leg Sweep","floor":12.0,"key":"SMITH"},{"data":"Catalyst","floor":15.0,"key":"SMITH"},{"data":"Neutralize","floor":23.0,"key":"SMITH"},{"data":"Well Laid Plans","floor":32.0,"key":"SMITH"},{"data":"Venomology","floor":44.0,"key":"SMITH"},{"data":"Calculated Gamble","floor":46.0,"key":"SMITH"},{"floor":49,"key":"REST"}],"circlet_count":0,"master_deck":["Survivor","Neutralize+1","Poisoned Stab","Deadly Poison","PiercingWail","Noxious Fumes","Masterful Stab","Dagger Spray+1","Infinite Blades","PiercingWail","Leg Sweep+1","PiercingWail","Quick Slash","Catalyst+1","Adrenaline","PiercingWail","Cloak And Dagger","Deadly Poison","Riddle With Holes","Well Laid Plans+1","Backflip","Tactician+1","Adrenaline","Calculated Gamble+1","Adrenaline","Corpse Explosion","Well Laid Plans","Leg Sweep","Catalyst","Venomology+1","Outmaneuver","Noxious Fumes+1"],"relics":["Ring of the Snake","Orrery","Nunchaku","Chemical X","Empty Cage","Pantograph","Centennial Puzzle","Pandora\u0027s Box","ClockworkSouvenir","Red Mask","Bag of Preparation","Singing Bowl"],"acts_visited":["Exordium","TheCity","TheBeyond"],"potions_floor_usage":[50,50],"damage_taken":[{"damage":0.0,"enemies":"2 Louse","floor":1.0,"turns":4.0},{"damage":1.0,"enemies":"Cultist","floor":2.0,"turns":4.0},{"damage":5.0,"enemies":"Small Slimes","floor":3.0,"turns":3.0},{"damage":3.0,"enemies":"2 Fungi Beasts","floor":5.0,"turns":3.0},{"damage":8.0,"enemies":"Lots of Slimes","floor":7.0,"turns":4.0},{"damage":4.0,"enemies":"Blue Slaver","floor":10.0,"turns":4.0},{"damage":0.0,"enemies":"Large Slime","floor":13.0,"turns":5.0},{"damage":7.0,"enemies":"Hexaghost","floor":16.0,"turns":9.0},{"damage":6.0,"enemies":"Spheric Guardian","floor":18.0,"turns":5.0},{"damage":0.0,"enemies":"Chosen","floor":21.0,"turns":4.0},{"damage":6.0,"enemies":"Sentry and Sphere","floor":24.0,"turns":7.0},{"damage":0.0,"enemies":"Centurion and Healer","floor":27.0,"turns":6.0},{"damage":0.0,"enemies":"Book of Stabbing","floor":30.0,"turns":6.0},{"damage":2.0,"enemies":"Snecko","floor":31.0,"turns":4.0},{"damage":44.0,"enemies":"Champ","floor":33.0,"turns":12.0},{"damage":2.0,"enemies":"3 Shapes","floor":35.0,"turns":5.0},{"damage":1.0,"enemies":"3 Darklings","floor":37.0,"turns":2.0},{"damage":7.0,"enemies":"4 Shapes","floor":39.0,"turns":3.0},{"damage":1.0,"enemies":"Writhing Mass","floor":40.0,"turns":5.0},{"damage":9.0,"enemies":"Reptomancer","floor":41.0,"turns":7.0},{"damage":3.0,"enemies":"Transient","floor":42.0,"turns":5.0},{"damage":7,"enemies":"4 Shapes","floor":47,"turns":7},{"damage":6,"enemies":"Jaw Worm Horde","floor":48,"turns":2},{"damage":23,"enemies":"Time Eater","floor":50,"turns":7}],"seed_played":"8643530487602825174","potions_obtained":[{"floor":3.0,"key":"SkillPotion"},{"floor":7.0,"key":"CunningPotion"},{"floor":16.0,"key":"FearPotion"},{"floor":18.0,"key":"Swift Potion"},{"floor":24.0,"key":"Block Potion"},{"floor":30.0,"key":"Block Potion"},{"floor":35.0,"key":"GamblersBrew"},{"floor":39.0,"key":"Poison Potion"},{"floor":48,"key":"Weak Potion"}],"is_trial":false,"path_per_floor":["M","M","M","$","M","R","M","?","T","M","?","R","M","$","R","B",null,"M","?","?","M","$","R","M","?","T","M","?","$","E","M","R","B",null,"M","$","M","?","M","M","E","M","T","R","?","R","M","M","R","B",null],"character_chosen":"THE_SILENT","items_purchased":["Noxious Fumes","Orrery","Catalyst","Chemical X","Well Laid Plans","Calculated Gamble","ClockworkSouvenir"],"campfire_rested":1,"item_purchase_floors":[4,4,14,14,22,29,36],"current_hp_per_floor":[63,62,57,57,54,54,46,35,35,31,31,31,31,31,31,24,63,57,57,57,57,57,57,51,51,51,51,51,51,51,49,49,19,63,61,61,60,60,53,52,43,40,40,40,40,40,35,29,48,42],"gold":112,"neow_bonus":"TWO_FIFTY_GOLD","is_daily":false,"chose_seed":false,"campfire_upgraded":7,"win_rate":0.0,"timestamp":1614083014,"path_taken":["M","M","M","$","M","R","M","?","T","M","?","R","M","$","R","BOSS","M","?","?","?","?","R","M","?","T","M","?","$","E","M","R","BOSS","M","$","?","?","M","M","E","M","T","R","?","R","M","?","R","BOSS"],"items_purchased_type":["Card","Relic","Card","Relic","Card","Card","Relic"],"build_version":"2020-12-22","purchased_purges":1,"victory":true,"max_hp_per_floor":[63,63,63,63,63,63,63,63,63,63,63,63,63,63,63,63,63,63,63,63,63,63,63,63,63,63,63,63,63,63,63,63,63,63,63,63,63,63,63,63,63,63,63,63,63,63,65,65,65,65],"card_choices":[{"not_picked":["PiercingWail","Blade Dance"],"picked":"Poisoned Stab","floor":1.0},{"not_picked":["Prepared","Underhanded Strike"],"picked":"Deadly Poison","floor":2.0},{"not_picked":["Underhanded Strike","Bane"],"picked":"PiercingWail","floor":3.0},{"not_picked":["Storm of Steel","Skewer"],"picked":"Masterful Stab","floor":4.0},{"not_picked":["Distraction","Endless Agony"],"picked":"Dagger Spray","floor":4.0},{"not_picked":["Outmaneuver","Escape Plan"],"picked":"Infinite Blades","floor":4.0},{"not_picked":["Infinite Blades","Predator"],"picked":"Noxious Fumes","floor":4.0},{"not_picked":["Underhanded Strike","Bane"],"picked":"Slice","floor":4.0},{"not_picked":["Underhanded Strike","Deadly Poison"],"picked":"PiercingWail","floor":5.0},{"not_picked":["Acrobatics","Outmaneuver"],"picked":"Leg Sweep","floor":7.0},{"not_picked":["Backflip","Expertise"],"picked":"PiercingWail","floor":10.0},{"not_picked":["Tactician","Reflex"],"picked":"Quick Slash","floor":13.0},{"not_picked":["After Image","Glass Knife"],"picked":"Adrenaline","floor":16.0},{"not_picked":["Leg Sweep","Deflect","Poisoned Stab"],"picked":"SKIP","floor":18.0},{"not_picked":["Outmaneuver","Deflect","Flying Knee"],"picked":"SKIP","floor":21.0},{"not_picked":["Cloak And Dagger","Blade Dance"],"picked":"Backflip","floor":24.0},{"not_picked":["Prepared","Cloak And Dagger"],"picked":"Tactician+1","floor":27.0},{"not_picked":["Slice","Heel Hook"],"picked":"Adrenaline","floor":30.0},{"not_picked":["Blade Dance","Leg Sweep","Sucker Punch"],"picked":"SKIP","floor":31.0},{"not_picked":["Bullet Time","Burst"],"picked":"Corpse Explosion","floor":33.0},{"not_picked":["Blade Dance+1","Distraction+1","Expertise+1"],"picked":"SKIP","floor":35.0},{"not_picked":["Cloak And Dagger","Expertise","Tactician"],"picked":"SKIP","floor":39.0},{"not_picked":["Cloak And Dagger","Expertise","Tactician"],"picked":"SKIP","floor":39.0},{"not_picked":["Backflip","Riddle With Holes","Blade Dance+1"],"picked":"SKIP","floor":40.0},{"not_picked":["All Out Attack","Riddle With Holes+1","Flechettes+1"],"picked":"SKIP","floor":41.0},{"not_picked":["Underhanded Strike","Dagger Spray+1","Storm of Steel"],"picked":"SKIP","floor":42.0},{"not_picked":["Underhanded Strike+1","Flying Knee","Deflect"],"picked":"Singing Bowl","floor":47},{"not_picked":["Underhanded Strike+1","Skewer"],"picked":"Noxious Fumes+1","floor":48}],"player_experience":905656,"relics_obtained":[{"floor":9.0,"key":"Nunchaku"},{"floor":26.0,"key":"Pantograph"},{"floor":30.0,"key":"Centennial Puzzle"},{"floor":41.0,"key":"Bag of Preparation"},{"floor":43.0,"key":"Singing Bowl"}],"event_choices":[{"damage_healed":0.0,"max_hp_gain":0.0,"max_hp_loss":0.0,"gold_gain":75.0,"event_name":"World of Goop","player_choice":"Gather Gold","floor":8.0,"gold_loss":0.0,"damage_taken":11.0},{"damage_healed":0.0,"max_hp_gain":0.0,"max_hp_loss":0.0,"gold_gain":0.0,"event_name":"NoteForYourself","player_choice":"Ignored","floor":11.0,"gold_loss":0.0,"damage_taken":0.0},{"damage_healed":0.0,"max_hp_gain":0.0,"max_hp_loss":0.0,"gold_gain":0.0,"cards_transformed":["Strike_G","Strike_G"],"event_name":"Drug Dealer","player_choice":"Became Test Subject","floor":19.0,"gold_loss":0.0,"damage_taken":0.0,"cards_obtained":["PiercingWail","Cloak And Dagger"]},{"damage_healed":0.0,"max_hp_gain":0.0,"max_hp_loss":0.0,"gold_gain":0.0,"cards_transformed":["Noxious Fumes","Defend_G"],"event_name":"Designer","player_choice":"Transformed Cards","floor":20.0,"gold_loss":60.0,"damage_taken":0.0,"cards_obtained":["Deadly Poison","Riddle With Holes"]},{"damage_healed":0.0,"max_hp_gain":0.0,"max_hp_loss":0.0,"gold_gain":0.0,"event_name":"Ghosts","player_choice":"Ignored","floor":25.0,"gold_loss":0.0,"damage_taken":0.0},{"damage_healed":0.0,"max_hp_gain":0.0,"max_hp_loss":0.0,"gold_gain":0.0,"event_name":"Duplicator","player_choice":"Copied","floor":28.0,"gold_loss":0.0,"damage_taken":0.0,"cards_obtained":["Adrenaline"]},{"damage_healed":0.0,"max_hp_gain":0.0,"max_hp_loss":0.0,"gold_gain":0.0,"event_name":"Tomb of Lord Red Mask","player_choice":"Paid","floor":38.0,"gold_loss":26.0,"damage_taken":0.0,"relics_obtained":["Red Mask"]},{"damage_healed":0.0,"max_hp_gain":0.0,"max_hp_loss":0.0,"gold_gain":0.0,"cards_transformed":["Slice"],"event_name":"Transmorgrifier","player_choice":"Transformed","floor":45.0,"gold_loss":0.0,"damage_taken":0.0,"cards_obtained":["Outmaneuver"]}],"is_beta":false,"boss_relics":[{"not_picked":["Ring of the Serpent","SlaversCollar"],"picked":"Empty Cage"},{"not_picked":["Coffee Dripper","Velvet Choker"],"picked":"Pandora\u0027s Box"}],"items_purged_floors":[14],"is_endless":false,"potions_floor_spawned":[3,7,16,18,24,30,35,39,48],"ascension_level":0}}