{"host":"wmrrle71ao22fxdw","time":1614090485,"event":{"mods":["BaseMod","Colored Map","Minty Spire (QoL Compilation)","Rare Cards Sparkle","Relic Stats"],"gold_per_floor":[111,111,186,198,216,216,246,5,5,5,18,18,36,71,71,172,172,172,172,172,142,142,142,142,142,142,142,142,142,142,142,142,142,142,142,67,67,67,67,67,67,67,67,67,67,0,0,0,0,0],"floor_reached":51,"language":"ENG","playtime":2049,"items_purged":["Defend_R"],"score":1036,"play_id":"0476ba77-714e-4a49-9dcd-7c13c3a27194","local_time":"20210223152805","is_ascension_mode":true,"campfire_choices":[{"data":"Carnage","floor":6,"key":"SMITH"},{"data":"Carnage","floor":10,"key":"SMITH"},{"data":"Flex","floor":12,"key":"SMITH"},{"data":"Shrug It Off","floor":15,"key":"SMITH"},{"data":"Bite","floor":23,"key":"SMITH"},{"data":"Feed","floor":25,"key":"SMITH"},{"data":"Pommel Strike","floor":28,"key":"PURGE"},{"data":"Bloodletting","floor":32,"key":"SMITH"},{"data":"Barricade","floor":45,"key":"SMITH"},{"data":"Bash","floor":49,"key":"PURGE"}],"circlet_count":0,"master_deck":["Defend_R","Defend_R","Defend_R","Carnage+1","Carnage+1","Flex+1","Flame Barrier","Shrug It Off+1","Feed+1","Evolve","Bite","Bite","Bite","Bite","Bite+1","Clothesline","Headbutt+1","Impervious","Bloodletting+1","True Grit+1","Barricade+1","Flex","Metallicize","Clash","Body Slam+1","Power Through+1","Flame Barrier+1"],"relics":["Coffee Dripper","Strawberry","Kunai","Sundial","Unceasing Top","Ectoplasm","Dream Catcher","Tiny Chest","Peace Pipe","Thread and Needle","InkBottle","Sozu","Pear","Ice Cream","Bronze Scales","Vajra","Happy Flower","CeramicFish","Red Mask","Toy Ornithopter"],"acts_visited":["Exordium","TheCity","TheBeyond"],"potions_floor_usage":[16,24,50,50,50],"damage_taken":[{"damage":0,"enemies":"Jaw Worm","floor":1,"turns":3},{"damage":6,"enemies":"2 Louse","floor":4,"turns":3},{"damage":10,"enemies":"Small Slimes","floor":5,"turns":2},{"damage":18,"enemies":"Lagavulin","floor":7,"turns":3},{"damage":0,"enemies":"Exordium Thugs","floor":11,"turns":4},{"damage":4,"enemies":"Red Slaver","floor":13,"turns":2},{"damage":14,"enemies":"Gremlin Nob","floor":14,"turns":3},{"damage":0,"enemies":"Hexaghost","floor":16,"turns":7},{"damage":4,"enemies":"Shell Parasite","floor":18,"turns":4},{"damage":11,"enemies":"2 Thieves","floor":21,"turns":4},{"damage":0,"enemies":"3 Cultists","floor":22,"turns":5},{"damage":16,"enemies":"Slavers","floor":24,"turns":6},{"damage":6,"enemies":"Gremlin Leader","floor":27,"turns":5},{"damage":0,"enemies":"Centurion and Healer","floor":29,"turns":4},{"damage":10,"enemies":"Book of Stabbing","floor":30,"turns":4},{"damage":6,"enemies":"Snecko","floor":31,"turns":3},{"damage":24,"enemies":"Champ","floor":33,"turns":13},{"damage":15,"enemies":"3 Darklings","floor":35,"turns":7},{"damage":34,"enemies":"2 Orb Walkers","floor":39,"turns":6},{"damage":9,"enemies":"Giant Head","floor":40,"turns":8},{"damage":17,"enemies":"3 Shapes","floor":41,"turns":3},{"damage":32,"enemies":"Nemesis","floor":42,"turns":6},{"damage":11,"enemies":"Giant Head","floor":47,"turns":6},{"damage":0,"enemies":"3 Darklings","floor":48,"turns":7},{"damage":34,"enemies":"Donu and Deca","floor":50,"turns":8}],"seed_played":"5083702087843852817","potions_obtained":[{"floor":11,"key":"GamblersBrew"},{"floor":13,"key":"BlessingOfTheForge"},{"floor":14,"key":"Strength Potion"},{"floor":18,"key":"Fire Potion"},{"floor":27,"key":"Explosive Potion"}],"is_trial":false,"path_per_floor":["M","?","?","M","M","R","E","$","T","R","M","R","M","E","R","B",null,"M","?","T","M","M","R","E","R","T","E","R","M","E","M","R","B",null,"M","$","?","T","?","E","M","E","T","T","R","?","E","M","R","B",null],"character_chosen":"IRONCLAD","items_purchased":["Kunai"],"campfire_rested":0,"item_purchase_floors":[8],"current_hp_per_floor":[80,75,64,58,48,48,30,30,30,30,32,32,30,18,18,20,87,83,83,83,82,90,90,91,91,91,92,92,97,90,90,90,97,97,93,93,92,102,86,102,91,76,76,76,76,76,85,98,98,100],"gold":0,"neow_bonus":"BOSS_RELIC","is_daily":false,"chose_seed":false,"campfire_upgraded":8,"win_rate":0.0,"timestamp":1614090485,"path_taken":["M","?","?","M","M","R","E","$","T","R","M","R","M","E","R","BOSS","M","?","?","M","M","R","E","R","T","E","R","M","E","M","R","BOSS","M","$","?","?","?","E","M","E","T","?","R","?","E","M","R","BOSS"],"items_purchased_type":["Relic"],"build_version":"2020-12-22","purchased_purges":1,"victory":true,"max_hp_per_floor":[80,87,87,87,87,87,87,87,87,87,87,87,87,87,87,87,87,87,87,87,87,90,90,93,93,93,93,93,97,97,97,97,97,97,97,97,92,102,102,102,106,106,106,106,106,106,106,106,106,106],"relic_stats":{"Happy Flower":[7],"counters":[25,126],"CeramicFish":0,"Peace Pipe":2,"Sozu":3,"Dream Catcher":0,"Sundial":[18],"Bronze Scales":[59],"Tiny Chest":1,"Ectoplasm":634,"Kunai":[58],"obtain_stats":[{"Ice Cream":39,"Pear":38,"Happy Flower":43,"CeramicFish":44,"Vajra":42,"Thread and Needle":27,"Burning Blood":0,"Blood Vial":7,"Peace Pipe":26,"Sozu":34,"Dream Catcher":20,"Sundial":9,"Strawberry":2,"Bronze Scales":40,"Tiny Chest":24,"Ectoplasm":17,"Coffee Dripper":0,"Red Mask":46,"Kunai":8,"Unceasing Top":14,"InkBottle":30,"Toy Ornithopter":47},{"Ice Cream":19,"Pear":18,"Happy Flower":22,"CeramicFish":22,"Vajra":22,"Thread and Needle":13,"Burning Blood":0,"Blood Vial":4,"Peace Pipe":12,"Sozu":17,"Dream Catcher":9,"Sundial":4,"Strawberry":1,"Bronze Scales":20,"Tiny Chest":12,"Ectoplasm":8,"Coffee Dripper":0,"Red Mask":22,"Kunai":4,"Unceasing Top":7,"InkBottle":15,"Toy Ornithopter":23},{"Ice Cream":88,"Pear":82,"Happy Flower":105,"CeramicFish":105,"Vajra":105,"Thread and Needle":51,"Burning Blood":0,"Blood Vial":11,"Peace Pipe":46,"Sozu":75,"Dream Catcher":31,"Sundial":11,"Strawberry":3,"Bronze Scales":96,"Tiny Chest":46,"Ectoplasm":27,"Coffee Dripper":0,"Red Mask":105,"Kunai":11,"Unceasing Top":20,"InkBottle":59,"Toy Ornithopter":111}],"Unceasing Top":[94],"InkBottle":[38],"Toy Ornithopter":10},"card_choices":[{"not_picked":["Wild Strike","Flex"],"picked":"Pommel Strike","floor":1},{"not_picked":["Flex","Pummel"],"picked":"Carnage","floor":4},{"not_picked":["Dual Wield","Havoc"],"picked":"Carnage","floor":5},{"not_picked":["Entrench","Feel No Pain"],"picked":"Flex","floor":7},{"not_picked":["Flex","Rupture","Havoc"],"picked":"SKIP","floor":11},{"not_picked":["Havoc","Perfected Strike"],"picked":"Flame Barrier","floor":13},{"not_picked":["Body Slam","Cleave"],"picked":"Shrug It Off","floor":14},{"not_picked":["Juggernaut","Fiend Fire"],"picked":"Feed","floor":16},{"not_picked":["Flame Barrier","Carnage"],"picked":"Evolve","floor":18},{"not_picked":["Pummel","Sentinel","Perfected Strike+1"],"picked":"SKIP","floor":21},{"not_picked":["Evolve","Anger"],"picked":"Clothesline","floor":22},{"not_picked":["Rage+1","Sword Boomerang"],"picked":"Headbutt+1","floor":24},{"not_picked":["Iron Wave","Flame Barrier+1"],"picked":"Impervious","floor":27},{"not_picked":["Cleave+1","Reckless Charge"],"picked":"Bloodletting","floor":29},{"not_picked":["Sword Boomerang","Flex+1"],"picked":"True Grit+1","floor":30},{"not_picked":["Iron Wave","Rage","Wild Strike"],"picked":"SKIP","floor":31},{"not_picked":["Brutality","Bludgeon"],"picked":"Barricade","floor":33},{"not_picked":["Battle Trance","True Grit"],"picked":"Flex","floor":35},{"not_picked":["Warcry","Cleave"],"picked":"Metallicize","floor":39},{"not_picked":["Perfected Strike","Uppercut"],"picked":"Clash","floor":40},{"not_picked":["True Grit","Perfected Strike+1"],"picked":"Body Slam+1","floor":41},{"not_picked":["Heavy Blade+1","Barricade","Havoc"],"picked":"SKIP","floor":42},{"not_picked":["Sword Boomerang+1","Combust"],"picked":"Power Through+1","floor":47},{"not_picked":["Havoc","Burning Pact+1"],"picked":"Flame Barrier+1","floor":48}],"player_experience":122634,"relics_obtained":[{"floor":7,"key":"Blood Vial"},{"floor":9,"key":"Sundial"},{"floor":14,"key":"Unceasing Top"},{"floor":20,"key":"Dream Catcher"},{"floor":24,"key":"Tiny Chest"},{"floor":26,"key":"Peace Pipe"},{"floor":27,"key":"Thread and Needle"},{"floor":30,"key":"InkBottle"},{"floor":38,"key":"Pear"},{"floor":39,"key":"Ice Cream"},{"floor":40,"key":"Bronze Scales"},{"floor":42,"key":"Vajra"},{"floor":43,"key":"Happy Flower"},{"floor":44,"key":"CeramicFish"},{"floor":47,"key":"Toy Ornithopter"}],"event_choices":[{"damage_healed":0,"gold_gain":0,"player_choice":"Success","damage_taken":12,"relics_obtained":["Strawberry"],"max_hp_gain":0,"max_hp_loss":0,"event_name":"Scrap Ooze","floor":2,"gold_loss":0},{"damage_healed":0,"gold_gain":75,"player_choice":"Gather Gold","damage_taken":11,"max_hp_gain":0,"max_hp_loss":0,"event_name":"World of Goop","floor":3,"gold_loss":0},{"damage_healed":0,"gold_gain":0,"player_choice":"Became a vampire (Vial)","damage_taken":0,"max_hp_gain":0,"max_hp_loss":0,"event_name":"Vampires","floor":19,"relics_lost":["Blood Vial"],"gold_loss":0,"cards_obtained":["Bite","Bite","Bite","Bite","Bite"]},{"damage_healed":0,"gold_gain":0,"player_choice":"Max HP","damage_taken":0,"max_hp_gain":0,"max_hp_loss":5,"event_name":"Winding Halls","floor":37,"gold_loss":0},{"damage_healed":0,"gold_gain":0,"player_choice":"Fight","damage_taken":0,"max_hp_gain":0,"max_hp_loss":0,"event_name":"Mysterious Sphere","floor":39,"gold_loss":0},{"damage_healed":0,"gold_gain":0,"player_choice":"Paid","damage_taken":0,"relics_obtained":["Red Mask"],"max_hp_gain":0,"max_hp_loss":0,"event_name":"Tomb of Lord Red Mask","floor":46,"gold_loss":67}],"is_beta":false,"boss_relics":[{"not_picked":["Cursed Key","Busted Crown"],"picked":"Ectoplasm"},{"not_picked":["Empty Cage","Tiny House"],"picked":"Sozu"}],"items_purged_floors":[36],"is_endless":false,"potions_floor_spawned":[11,13,14,18,27,29,39,42,48],"ascension_level":2}}