{"host":"2pffx5rqbod9ds0c","time":1614059277,"event":{"mods":["BaseMod","Better Altar","Better Match","Better Note","Better Sensory Stone","Better Skull","Better Third Choice","Bossed Relics","Custom Start","Hubris","MarisaÅiñ∂âJÅ@ñÇóùçπÅj","Minty Spire (QoL Compilation)","Quick Restart","Relic Stats","Spicy Shops","StSLib"],"gold_per_floor":[113,113,113,113,126,153,153,186,231,246,246,258,258,284,296,380,392,414,440,27,44,59,59,85,100,124,124,124,142,142,155,155,229,229,241,256,107,157,167,193,193,193,217,54,88,102,102,119,119,119,119],"floor_reached":52,"language":"ENG","playtime":1395,"items_purged":["Strike_R","Strike_R","Strike_R","Strike_R","Defend_R"],"score":2204,"play_id":"f9bdfe2a-4340-4acd-996a-6c80204139c6","local_time":"20210222214757","is_ascension_mode":true,"campfire_choices":[{"data":"Searing Blow","floor":7.0,"key":"SMITH"},{"data":"Searing Blow+2","floor":13.0,"key":"SMITH"},{"data":"Searing Blow+3","floor":15.0,"key":"SMITH"},{"data":"Searing Blow+4","floor":23.0,"key":"SMITH"},{"data":"Searing Blow+6","floor":28.0,"key":"SMITH"},{"data":"Searing Blow+7","floor":30.0,"key":"SMITH"},{"data":"Searing Blow+8","floor":32.0,"key":"SMITH"},{"data":"Searing Blow+9","floor":41.0,"key":"SMITH"},{"data":"Searing Blow+10","floor":47,"key":"SMITH"},{"data":"Searing Blow+11","floor":49,"key":"SMITH"}],"circlet_count":0,"master_deck":["AscendersBane","Defend_R","Defend_R","Defend_R","Bash","Blind","Searing Blow+12","Shrug It Off","Double Tap","Headbutt","Burning Pact+1"],"relics":["Burning Blood","NeowsBlessing","hubris:Icosahedron","Nunchaku","Bag of Marbles","Blood Vial","MawBank","Astrolabe","Membership Card","Lantern","PreservedInsect","hubris:ChampionShield","Art of War","Sozu","Ancient Tea Set","Du-Vu Doll","hubris:GlazedTorus","Strawberry"],"acts_visited":["Exordium","TheCity","TheBeyond"],"potions_floor_usage":[],"damage_taken":[{"damage":0.0,"enemies":"Jaw Worm","floor":1.0,"turns":1.0},{"damage":0.0,"enemies":"2 Louse","floor":5.0,"turns":1.0},{"damage":0.0,"enemies":"3 Sentries","floor":6.0,"turns":2.0},{"damage":53.0,"enemies":"Gremlin Nob","floor":8.0,"turns":5.0},{"damage":1.0,"enemies":"Small Slimes","floor":10.0,"turns":2.0},{"damage":1.0,"enemies":"2 Fungi Beasts","floor":12.0,"turns":4.0},{"damage":15.0,"enemies":"3 Sentries","floor":14.0,"turns":8.0},{"damage":16.0,"enemies":"The Guardian","floor":16.0,"turns":7.0},{"damage":6.0,"enemies":"Spheric Guardian","floor":18.0,"turns":3.0},{"damage":0.0,"enemies":"Chosen","floor":19.0,"turns":2.0},{"damage":40.0,"enemies":"Shelled Parasite and Fungi","floor":21.0,"turns":5.0},{"damage":25.0,"enemies":"Cultist and Chosen","floor":22.0,"turns":5.0},{"damage":0.0,"enemies":"Book of Stabbing","floor":24.0,"turns":2.0},{"damage":0.0,"enemies":"Centurion and Healer","floor":25.0,"turns":4.0},{"damage":0.0,"enemies":"Snecko","floor":29.0,"turns":2.0},{"damage":0.0,"enemies":"Cultist and Chosen","floor":31.0,"turns":3.0},{"damage":3.0,"enemies":"Collector","floor":33.0,"turns":3.0},{"damage":4.0,"enemies":"Orb Walker","floor":35.0,"turns":3.0},{"damage":16.0,"enemies":"3 Darklings","floor":36.0,"turns":5.0},{"damage":20.0,"enemies":"2 Orb Walkers","floor":38.0,"turns":4.0},{"damage":0.0,"enemies":"Transient","floor":39.0,"turns":6.0},{"damage":0.0,"enemies":"Giant Head","floor":40.0,"turns":2.0},{"damage":0.0,"enemies":"Nemesis","floor":45.0,"turns":1.0},{"damage":14,"enemies":"4 Shapes","floor":46,"turns":3},{"damage":0,"enemies":"Maw","floor":48,"turns":3},{"damage":13,"enemies":"Time Eater","floor":50,"turns":3},{"damage":5,"enemies":"hubris:GrandSnecko","floor":51,"turns":2}],"seed_played":"-6522086677045252175","potions_obtained":[{"floor":6.0,"key":"BlessingOfTheForge"},{"floor":8.0,"key":"Swift Potion"},{"floor":12.0,"key":"Block Potion"},{"floor":22.0,"key":"LiquidBronze"},{"floor":31.0,"key":"Ancient Potion"}],"is_trial":false,"path_per_floor":["M","?","?","?","M","E","R","E","T","M","?","M","R","E","R","B",null,"M","M","$","M","M","R","E","M","T","?","R","M","R","M","R","B",null,"M","M","$","?","M","E","R","?","T","$","E","M","R","M","R","B","B",null],"character_chosen":"IRONCLAD","items_purchased":["Membership Card","Lantern","PreservedInsect","Ancient Tea Set"],"campfire_rested":0,"item_purchase_floors":[20,20,20,37],"current_hp_per_floor":[74,74,67,67,73,75,75,28,28,35,35,42,42,35,35,27,63,65,73,73,41,24,24,32,40,40,40,40,48,48,56,56,61,72,75,65,65,53,61,69,69,69,69,69,82,74,74,82,82,75,78],"gold":119,"neow_bonus":"THREE_ENEMY_KILL","is_daily":false,"chose_seed":false,"campfire_upgraded":10,"win_rate":0.0,"timestamp":1614059277,"path_taken":["M","?","?","?","M","E","R","E","T","M","?","M","R","E","R","BOSS","M","M","$","M","M","R","E","M","T","?","R","M","R","M","R","BOSS","M","?","$","?","M","E","R","?","T","$","E","M","R","M","R","BOSS","BOSS"],"items_purchased_type":["Relic","Relic","Relic","Relic"],"build_version":"2020-12-22","purchased_purges":5,"victory":true,"max_hp_per_floor":[75,75,75,75,75,75,75,75,75,75,75,75,75,75,75,75,75,75,75,75,75,75,75,75,75,75,75,75,75,75,75,75,75,75,75,75,75,75,75,75,75,75,75,75,82,82,82,82,82,82,82],"relic_stats":{"Blood Vial":40,"Sozu":6,"Nunchaku":[18],"counters":[27,91],"Astrolabe":[],"PreservedInsect":223,"Art of War":[0],"MawBank":72,"obtain_stats":[{"Lantern":20,"NeowsBlessing":0,"Astrolabe":17,"PreservedInsect":20,"MawBank":14,"Ancient Tea Set":37,"Burning Blood":0,"Blood Vial":9,"Sozu":34,"Du-Vu Doll":38,"Nunchaku":6,"hubris:Icosahedron":2,"Strawberry":45,"Bag of Marbles":8,"Art of War":26,"Membership Card":20,"hubris:ChampionShield":24,"hubris:GlazedTorus":40},{"Lantern":10,"NeowsBlessing":0,"Astrolabe":8,"PreservedInsect":10,"MawBank":7,"Ancient Tea Set":19,"Burning Blood":0,"Blood Vial":4,"Sozu":17,"Du-Vu Doll":20,"Nunchaku":3,"hubris:Icosahedron":1,"Strawberry":23,"Bag of Marbles":4,"Art of War":14,"Membership Card":10,"hubris:ChampionShield":13,"hubris:GlazedTorus":22},{"Lantern":35,"NeowsBlessing":0,"Astrolabe":30,"PreservedInsect":35,"MawBank":23,"Ancient Tea Set":67,"Burning Blood":0,"Blood Vial":9,"Sozu":59,"Du-Vu Doll":71,"Nunchaku":4,"hubris:Icosahedron":1,"Strawberry":80,"Bag of Marbles":9,"Art of War":51,"Membership Card":35,"hubris:ChampionShield":47,"hubris:GlazedTorus":79}],"Burning Blood":155},"card_choices":[{"not_picked":["hubris:ReadiedAction","Sword Boomerang","Armaments"],"picked":"SKIP","floor":1.0},{"not_picked":["Magnetism","Finesse"],"picked":"Blind","floor":4.0},{"not_picked":["Armaments","Combust"],"picked":"Searing Blow","floor":5.0},{"not_picked":["Evolve","Metallicize"],"picked":"Shrug It Off","floor":6.0},{"not_picked":["Bloodletting","Heavy Blade","Corruption"],"picked":"SKIP","floor":8.0},{"not_picked":["Heavy Blade","Hemokinesis","Entrench"],"picked":"SKIP","floor":10.0},{"not_picked":["Body Slam","Armaments","Warcry"],"picked":"SKIP","floor":12.0},{"not_picked":["Fire Breathing","Sentinel","Warcry"],"picked":"SKIP","floor":14.0},{"not_picked":["Fiend Fire","hubris:StunningStrike"],"picked":"Double Tap","floor":16.0},{"not_picked":["Whirlwind","Flame Barrier"],"picked":"Headbutt","floor":18.0},{"not_picked":["Headbutt","Warcry","Metallicize"],"picked":"SKIP","floor":19.0},{"not_picked":["Iron Wave","Wild Strike","Sever Soul+1"],"picked":"SKIP","floor":21.0},{"not_picked":["Flex","Thunderclap","Bloodletting"],"picked":"SKIP","floor":22.0},{"not_picked":["Thunderclap","Clothesline+1","Offering"],"picked":"SKIP","floor":24.0},{"not_picked":["Sword Boomerang","Fire Breathing+1","Rage+1"],"picked":"SKIP","floor":25.0},{"not_picked":["Seeing Red+1","Perfected Strike+1","Sentinel"],"picked":"SKIP","floor":29.0},{"not_picked":["Body Slam","Pummel+1","Feel No Pain"],"picked":"SKIP","floor":31.0},{"not_picked":["Sword Boomerang","Body Slam","Blood for Blood+1"],"picked":"SKIP","floor":35.0},{"not_picked":["Perfected Strike","True Grit"],"picked":"Burning Pact+1","floor":36.0},{"not_picked":["Heavy Blade+1","Anger","Pummel"],"picked":"SKIP","floor":39.0},{"not_picked":["Clash+1","Clothesline+1","Flex+1"],"picked":"SKIP","floor":40.0},{"not_picked":["Second Wind+1","Clash","Demon Form"],"picked":"SKIP","floor":45.0},{"not_picked":["Spot Weakness","Iron Wave","Anger"],"picked":"SKIP","floor":46},{"not_picked":["Heavy Blade+1","Searing Blow","Shrug It Off"],"picked":"SKIP","floor":48}],"player_experience":876383,"relics_obtained":[{"floor":6.0,"key":"Nunchaku"},{"floor":8.0,"key":"Bag of Marbles"},{"floor":9.0,"key":"Blood Vial"},{"floor":14.0,"key":"MawBank"},{"floor":24.0,"key":"hubris:ChampionShield"},{"floor":26.0,"key":"Art of War"},{"floor":38.0,"key":"Du-Vu Doll"},{"floor":40.0,"key":"hubris:GlazedTorus"},{"floor":45.0,"key":"Strawberry"}],"event_choices":[{"cards_removed":["Strike_R"],"damage_healed":0.0,"max_hp_gain":0.0,"max_hp_loss":0.0,"gold_gain":0.0,"event_name":"Golden Wing","player_choice":"Card Removal","floor":3.0,"gold_loss":0.0,"damage_taken":7.0},{"damage_healed":0.0,"max_hp_gain":0.0,"max_hp_loss":0.0,"gold_gain":1.0,"event_name":"betterStone:BetterStone","player_choice":"1","floor":4.0,"gold_loss":0.0,"damage_taken":0.0},{"damage_healed":0.0,"max_hp_gain":0.0,"max_hp_loss":0.0,"gold_gain":0.0,"event_name":"Upgrade Shrine","player_choice":"Upgraded","floor":27.0,"gold_loss":0.0,"damage_taken":0.0,"cards_upgraded":["Searing Blow"]},{"damage_healed":0.0,"max_hp_gain":0.0,"max_hp_loss":0.0,"gold_gain":0.0,"event_name":"Mysterious Sphere","player_choice":"Fight","floor":38.0,"gold_loss":0.0,"damage_taken":0.0},{"damage_healed":0.0,"max_hp_gain":0.0,"max_hp_loss":0.0,"gold_gain":0.0,"event_name":"Lab","player_choice":"Got Potions","floor":42.0,"gold_loss":0.0,"damage_taken":0.0}],"is_beta":false,"boss_relics":[{"not_picked":["Cursed Key","Mark of Pain"],"picked":"Astrolabe"},{"not_picked":["SacredBark","hubris:VirtuousBlindfold"],"picked":"Sozu"}],"items_purged_floors":[20,20,37,44,44],"is_endless":false,"potions_floor_spawned":[6,8,12,14,18,21,22,31,35,40,45,48],"ascension_level":20}}