{"host":"15miz8rv3pjbfiz2","time":1614056562,"event":{"mods":["AchievementEnabler","Aspiration","Astrologer","Bard","BaseMod","BetterRewards","Colored Map","Colored Powertips","Conspire","Gremlin Mod","Highlight Path","Hubris","Infinite Spire","Jorbs\u0027s Wanderer Trilogy","Minty Spire (QoL Compilation)","Quick Restart","READ ME - Snecko Mod","Replay The Spire","Shop Mod","Somnambulant","StSLib","The Blackbeard","The Bladedancer","The Bug Knight","The Construct","The Cursed","The Disciple","The Forsaken","The Hayseed","The Hierophant","The Judge","The Jungle","The Necromancer","The Poker Player","The Runesmith","The Servant 0.9.4","TheFirefly"],"gold_per_floor":[110,110,127,59,59,91,366,396,396,412,315,347,347,366,366,366,366],"floor_reached":16,"language":"ENG","playtime":949,"items_purged":["Regret"],"score":157,"play_id":"f4dcebda-8a00-406c-8e6f-fdd98c138f24","local_time":"20210223000242","is_ascension_mode":true,"campfire_choices":[{"floor":13,"key":"REST"},{"floor":15,"key":"REST"}],"circlet_count":0,"master_deck":["Strike_B","Strike_B","Strike_B","Strike_B","Defend_B","Defend_B","Defend_B","Defend_B","Zap","Dualcast","BasicCrystalCard","Ball Lightning","Defragment","ReplayTheSpireMod:Dual Polarity","ReplayTheSpireMod:Calculation Training","Cold Snap","Loop","hubris:PowerSurge"],"relics":["Cracked Core","NeowsBlessing","ReplayTheSpireMod:TigerMarble","Omamori","Replay:Mystery Machine"],"acts_visited":["Exordium"],"potions_floor_usage":[],"damage_taken":[{"damage":0,"enemies":"Jaw Worm","floor":1,"turns":1},{"damage":0,"enemies":"Cultist","floor":3,"turns":1},{"damage":0,"enemies":"3 Sentries","floor":6,"turns":1},{"damage":36,"enemies":"Gremlin Nob","floor":8,"turns":4},{"damage":0,"enemies":"Small Slimes","floor":10,"turns":2},{"damage":18,"enemies":"3 Sentries","floor":12,"turns":6},{"damage":14,"enemies":"Red Slaver","floor":14,"turns":3},{"damage":0,"enemies":"Fading Forest","floor":16,"turns":1}],"seed_played":"4596708779709360816","potions_obtained":[{"floor":6,"key":"FearPotion"},{"floor":8,"key":"Toxic Potion"},{"floor":12,"key":"Venom Potion"}],"is_trial":false,"path_per_floor":["M","?","M","$","?","E","?","E","T","M","$","E","R","M","R","B"],"character_chosen":"DEFECT","items_purchased":["Defragment","Cold Snap"],"campfire_rested":2,"item_purchase_floors":[4,11],"current_hp_per_floor":[75,75,75,75,80,80,80,44,44,44,44,26,50,36,60,60,60],"gold":366,"neow_bonus":"THREE_ENEMY_KILL","is_daily":false,"chose_seed":false,"campfire_upgraded":0,"win_rate":0.0,"timestamp":1614056562,"path_taken":["M","?","?","$","?","E","?","E","T","?","$","E","R","M","R","BOSS"],"items_purchased_type":["Card","Card"],"build_version":"2020-12-22","purchased_purges":1,"victory":false,"max_hp_per_floor":[75,75,75,75,80,80,80,80,80,80,80,80,80,80,80,80,80],"card_choices":[{"not_picked":["Compile Driver","Redo"],"picked":"BasicCrystalCard","floor":1},{"not_picked":["Conserve Battery","Capacitor"],"picked":"Ball Lightning","floor":3},{"not_picked":["Beam Cell","Force Field"],"picked":"ReplayTheSpireMod:Dual Polarity","floor":6},{"not_picked":["Rebound","hubris:PowerSurge"],"picked":"ReplayTheSpireMod:Calculation Training","floor":8},{"not_picked":["Recycle","Go for the Eyes","Stack"],"picked":"SKIP","floor":10},{"not_picked":["Ball Lightning","Thunder Strike"],"picked":"Loop","floor":12},{"not_picked":["Ball Lightning","conspire:SharedLibrary"],"picked":"hubris:PowerSurge","floor":14}],"player_experience":416948,"relics_obtained":[{"floor":6,"key":"ReplayTheSpireMod:TigerMarble"},{"floor":8,"key":"Omamori"},{"floor":12,"key":"Replay:Mystery Machine"}],"event_choices":[{"damage_healed":0,"gold_gain":0,"player_choice":"Bought 0 Potions","damage_taken":0,"max_hp_gain":0,"max_hp_loss":0,"event_name":"The Woman in Blue","floor":2,"gold_loss":0},{"damage_healed":0,"gold_gain":0,"player_choice":"Donut","damage_taken":0,"max_hp_gain":5,"max_hp_loss":0,"event_name":"Big Fish","floor":5,"gold_loss":0},{"damage_healed":0,"gold_gain":275,"player_choice":"Desecrate","damage_taken":0,"max_hp_gain":0,"max_hp_loss":0,"event_name":"Golden Shrine","floor":7,"gold_loss":0,"cards_obtained":["Regret"]}],"is_beta":false,"boss_relics":[],"items_purged_floors":[11],"is_endless":false,"potions_floor_spawned":[6,8,12],"killed_by":"Fading Forest","ascension_level":2}}