{"host":"dowi7cgbhepuzvpj","time":1614111966,"event":{"mods":["AchievementEnabler","BaseMod","Colored Map","Keyboard Shortcuts","Minty Spire (QoL Compilation)","Permanent Neow","Quick Restart","StSLib","SuperFastMode"],"gold_per_floor":[118,130,149,27,27,27,57,57,137,148,163,63,0,29,29,132,132,148,159,174,374,26,26,55,73,97,109,121,135,155,5,5,106,106,123,174,174,174,191,216,41,41,66,86,86,86,103,128,128,128],"floor_reached":51,"language":"KOR","playtime":2425,"items_purged":["Strike_P","Defend_P","Protect+1","Weave+1","Defend_P"],"score":1392,"play_id":"7778b595-315d-40c6-ac0c-b45e24b8b700","local_time":"20210224052606","is_ascension_mode":true,"campfire_choices":[{"data":"Eruption","floor":6.0,"key":"SMITH"},{"data":"Vigilance","floor":8.0,"key":"SMITH"},{"data":"FlurryOfBlows","floor":15.0,"key":"SMITH"},{"data":"TalkToTheHand","floor":23.0,"key":"SMITH"},{"data":"MentalFortress","floor":32.0,"key":"SMITH"},{"data":"Madness","floor":45.0,"key":"SMITH"},{"data":"Adaptation","floor":49.0,"key":"SMITH"}],"circlet_count":0,"master_deck":["AscendersBane","Eruption+1","Vigilance+1","MentalFortress+1","EmptyBody","FearNoEvil","FlurryOfBlows+1","Adaptation+1","Pray+1","TalkToTheHand+1","MentalFortress","Scrawl","FlurryOfBlows","Madness","Madness+1","Impatience"],"relics":["PureWater","Pen Nib","Meat on the Bone","FossilizedHelix","Astrolabe","Medical Kit","Bag of Marbles","Bag of Preparation","Philosopher\u0027s Stone","Du-Vu Doll","Art of War","Smiling Mask","Darkstone Periapt"],"acts_visited":["Exordium","TheCity","TheBeyond"],"potions_floor_usage":[50,50],"damage_taken":[{"damage":0.0,"enemies":"Jaw Worm","floor":1.0,"turns":3.0},{"damage":2.0,"enemies":"Cultist","floor":2.0,"turns":3.0},{"damage":2.0,"enemies":"Small Slimes","floor":3.0,"turns":4.0},{"damage":13.0,"enemies":"Lagavulin","floor":7.0,"turns":7.0},{"damage":3.0,"enemies":"Gremlin Gang","floor":10.0,"turns":5.0},{"damage":0.0,"enemies":"Exordium Wildlife","floor":11.0,"turns":4.0},{"damage":12.0,"enemies":"3 Sentries","floor":14.0,"turns":5.0},{"damage":6.0,"enemies":"Hexaghost","floor":16.0,"turns":7.0},{"damage":0.0,"enemies":"Shell Parasite","floor":18.0,"turns":4.0},{"damage":0.0,"enemies":"Spheric Guardian","floor":19.0,"turns":4.0},{"damage":1.0,"enemies":"Centurion and Healer","floor":20.0,"turns":6.0},{"damage":0.0,"enemies":"Gremlin Leader","floor":24.0,"turns":5.0},{"damage":11.0,"enemies":"Snake Plant","floor":25.0,"turns":4.0},{"damage":0.0,"enemies":"Chosen and Byrds","floor":27.0,"turns":4.0},{"damage":0.0,"enemies":"Centurion and Healer","floor":28.0,"turns":5.0},{"damage":10.0,"enemies":"Shelled Parasite and Fungi","floor":29.0,"turns":4.0},{"damage":8.0,"enemies":"Snake Plant","floor":30.0,"turns":4.0},{"damage":0.0,"enemies":"Collector","floor":33.0,"turns":7.0},{"damage":0.0,"enemies":"3 Darklings","floor":35.0,"turns":4.0},{"damage":0.0,"enemies":"2 Orb Walkers","floor":36.0,"turns":4.0},{"damage":22.0,"enemies":"3 Shapes","floor":39.0,"turns":3.0},{"damage":0.0,"enemies":"Nemesis","floor":40.0,"turns":7.0},{"damage":0.0,"enemies":"Maw","floor":44.0,"turns":5.0},{"damage":10.0,"enemies":"4 Shapes","floor":47.0,"turns":3.0},{"damage":0.0,"enemies":"Reptomancer","floor":48.0,"turns":2.0},{"damage":30,"enemies":"Time Eater","floor":50,"turns":9}],"seed_played":"3133308573635011337","potions_obtained":[{"floor":2.0,"key":"SteroidPotion"},{"floor":5.0,"key":"Regen Potion"},{"floor":5.0,"key":"LiquidMemories"},{"floor":40.0,"key":"StancePotion"},{"floor":44.0,"key":"StancePotion"},{"floor":47.0,"key":"BlessingOfTheForge"}],"is_trial":false,"path_per_floor":["M","M","M","$","?","R","E","R","T","M","M","$","$","E","R","B",null,"M","M","M","?","$","R","E","M","T","M","M","M","M","$","R","B",null,"M","?","?","?","M","E","$","?","T","M","R","?","M","E","R","B",null],"character_chosen":"WATCHER","items_purchased":["FlurryOfBlows","Adaptation","TalkToTheHand","Medical Kit"],"campfire_rested":0,"item_purchase_floors":[4,13,22,22],"current_hp_per_floor":[65,63,61,61,61,61,48,48,48,45,45,45,45,33,33,39,59,59,59,58,58,58,58,58,47,47,47,47,37,41,41,41,55,63,63,63,55,55,33,33,33,33,33,33,33,33,35,35,35,17],"gold":128,"neow_bonus":"REMOVE_TWO","is_daily":false,"chose_seed":false,"campfire_upgraded":7,"win_rate":0.0,"timestamp":1614111966,"path_taken":["M","M","M","$","?","R","E","R","T","M","M","?","$","E","R","BOSS","M","M","M","?","$","R","E","?","T","M","M","M","M","$","R","BOSS","M","?","?","?","?","E","$","?","T","M","R","?","M","E","R","BOSS"],"items_purchased_type":["Card","Card","Card","Relic"],"build_version":"2020-12-22","purchased_purges":5,"victory":true,"max_hp_per_floor":[65,65,65,65,65,65,65,65,65,65,65,65,65,65,65,65,65,65,65,65,65,65,65,65,65,65,65,65,65,65,65,65,65,65,65,65,65,65,65,65,65,65,65,65,65,65,65,65,65,65],"card_choices":[{"not_picked":["EmptyBody","Evaluate"],"picked":"MentalFortress","floor":1.0},{"not_picked":["PathToVictory","WreathOfFlame"],"picked":"EmptyBody","floor":2.0},{"not_picked":["JustLucky","InnerPeace"],"picked":"FearNoEvil","floor":3.0},{"not_picked":["Consecrate","Protect","Evaluate"],"picked":"SKIP","floor":7.0},{"not_picked":["EmptyBody","Evaluate","Ragnarok"],"picked":"SKIP","floor":10.0},{"not_picked":["Consecrate","Nirvana","FearNoEvil"],"picked":"SKIP","floor":11.0},{"not_picked":["WaveOfTheHand","Prostrate","FlyingSleeves"],"picked":"SKIP","floor":14.0},{"not_picked":["Crescendo","SashWhip","Worship"],"picked":"SKIP","floor":18.0},{"not_picked":["Halt","FollowUp","BowlingBash"],"picked":"SKIP","floor":19.0},{"not_picked":["Evaluate+1","Halt","EmptyMind+1"],"picked":"SKIP","floor":20.0},{"not_picked":["Sanctity","Consecrate","Tantrum"],"picked":"SKIP","floor":24.0},{"not_picked":["Protect","CutThroughFate","ClearTheMind"],"picked":"SKIP","floor":25.0},{"not_picked":["Worship","DevaForm","PathToVictory"],"picked":"SKIP","floor":27.0},{"not_picked":["Evaluate","EmptyFist","DeceiveReality"],"picked":"SKIP","floor":28.0},{"not_picked":["Crescendo+1","JustLucky"],"picked":"MentalFortress","floor":29.0},{"not_picked":["CutThroughFate+1","WaveOfTheHand","Consecrate+1"],"picked":"SKIP","floor":30.0},{"not_picked":["LessonLearned","Wish"],"picked":"Scrawl","floor":33.0},{"not_picked":["Indignation","ClearTheMind"],"picked":"FlurryOfBlows","floor":35.0},{"not_picked":["FlyingSleeves","Devotion","Prostrate+1"],"picked":"SKIP","floor":39.0},{"not_picked":["Protect","EmptyFist","SashWhip+1"],"picked":"SKIP","floor":40.0},{"not_picked":["Panacea","Magnetism"],"picked":"Impatience","floor":42.0},{"not_picked":["BowlingBash+1","ClearTheMind+1","JustLucky+1"],"picked":"SKIP","floor":44.0},{"not_picked":["EmptyFist","Prostrate+1","EmptyBody"],"picked":"SKIP","floor":47.0},{"not_picked":["Halt","EmptyBody","ThirdEye+1"],"picked":"SKIP","floor":48.0}],"player_experience":897183,"relics_obtained":[{"floor":7.0,"key":"Pen Nib"},{"floor":9.0,"key":"Meat on the Bone"},{"floor":14.0,"key":"FossilizedHelix"},{"floor":24.0,"key":"Bag of Marbles"},{"floor":26.0,"key":"Bag of Preparation"},{"floor":36.0,"key":"Du-Vu Doll"},{"floor":40.0,"key":"Art of War"},{"floor":43.0,"key":"Smiling Mask"},{"floor":48.0,"key":"Darkstone Periapt"}],"event_choices":[{"damage_healed":0.0,"max_hp_gain":0.0,"max_hp_loss":0.0,"gold_gain":0.0,"event_name":"Lab","player_choice":"Got Potions","floor":5.0,"gold_loss":0.0,"damage_taken":0.0},{"damage_healed":0.0,"max_hp_gain":0.0,"max_hp_loss":0.0,"gold_gain":200.0,"event_name":"Wheel of Change","player_choice":"Gold","floor":21.0,"gold_loss":0.0,"damage_taken":0.0},{"damage_healed":0.0,"max_hp_gain":0.0,"max_hp_loss":0.0,"gold_gain":0.0,"event_name":"Mysterious Sphere","player_choice":"Fight","floor":36.0,"gold_loss":0.0,"damage_taken":0.0},{"damage_healed":0.0,"max_hp_gain":0.0,"max_hp_loss":0.0,"gold_gain":0.0,"event_name":"Winding Halls","player_choice":"Embrace Madness","floor":37.0,"gold_loss":0.0,"damage_taken":8.0,"cards_obtained":["Madness","Madness"]},{"damage_healed":0.0,"max_hp_gain":0.0,"max_hp_loss":0.0,"gold_gain":0.0,"event_name":"Match and Keep!","player_choice":"1 cards matched","floor":38.0,"gold_loss":0.0,"damage_taken":0.0,"cards_obtained":["MentalFortress"]},{"damage_healed":0.0,"max_hp_gain":0.0,"max_hp_loss":0.0,"gold_gain":0.0,"event_name":"SensoryStone","player_choice":"Memory 1","floor":42.0,"gold_loss":0.0,"damage_taken":0.0},{"cards_removed":["MentalFortress"],"damage_healed":0.0,"max_hp_gain":0.0,"max_hp_loss":0.0,"gold_gain":0.0,"event_name":"Falling","player_choice":"Removed Power","floor":46.0,"gold_loss":0.0,"damage_taken":0.0}],"is_beta":false,"boss_relics":[{"not_picked":["Runic Dome","Ectoplasm"],"picked":"Astrolabe"},{"not_picked":["Fusion Hammer","Busted Crown"],"picked":"Philosopher\u0027s Stone"}],"items_purged_floors":[4,12,22,31,41],"is_endless":false,"potions_floor_spawned":[2,7,10,11,20,24,25,29,40,44,47],"ascension_level":12}}