{"host":"yunadyb0795wtij7","time":1614079117,"event":{"mods":["BaseMod","Marisa£®ÏF”Í°°ƒß¿Ì…≥£©","Minty Spire (QoL Compilation)","StSLib","Yakumo Yukari mod"],"gold_per_floor":[117,117,127,144,219,252,252,252,252,269,28,38,38,38],"floor_reached":13,"language":"ZHS","playtime":402,"items_purged":[],"score":85,"play_id":"f799a481-4591-4387-821a-1a3c40e9ccce","local_time":"20210223191837","is_ascension_mode":false,"campfire_choices":[{"data":"Pommel Strike","floor":7,"key":"SMITH"}],"circlet_count":0,"master_deck":["Strike_R+1","Strike_R+1","Strike_R","Strike_R","Defend_R","Defend_R","Defend_R","Defend_R","Bash","Power Through","Pommel Strike+1","Warcry","Entrench","Apotheosis","True Grit"],"relics":["Burning Blood","NeowsBlessing","Unceasing Top","Mercury Hourglass","Membership Card"],"acts_visited":["Exordium"],"potions_floor_usage":[],"damage_taken":[{"damage":0,"enemies":"Small Slimes","floor":1,"turns":1},{"damage":0,"enemies":"Jaw Worm","floor":3,"turns":1},{"damage":0,"enemies":"2 Louse","floor":4,"turns":1},{"damage":50,"enemies":"Lagavulin","floor":6,"turns":9},{"damage":0,"enemies":"Large Slime","floor":10,"turns":4},{"damage":10,"enemies":"Looter","floor":12,"turns":3},{"damage":18,"enemies":"Gremlin Nob","floor":13,"turns":3}],"seed_played":"-5040942569218098256","potions_obtained":[{"floor":4,"key":"Weak Potion"}],"is_trial":false,"path_per_floor":["M","?","M","M","?","E","R","?","T","M","$","M","E"],"character_chosen":"IRONCLAD","items_purchased":["Membership Card","Apotheosis"],"campfire_rested":0,"item_purchase_floors":[11,11],"current_hp_per_floor":[80,80,80,80,69,25,25,9,9,15,15,11,0,0],"gold":38,"neow_bonus":"THREE_ENEMY_KILL","is_daily":false,"chose_seed":false,"campfire_upgraded":1,"win_rate":0.0,"timestamp":1614079117,"path_taken":["M","?","M","M","?","E","R","?","T","M","$","M","E"],"items_purchased_type":["Relic","Card"],"build_version":"2020-12-22","purchased_purges":0,"victory":false,"max_hp_per_floor":[80,80,80,80,80,80,80,80,80,80,80,80,80,80],"card_choices":[{"not_picked":["Armaments","Clash"],"picked":"Power Through","floor":1},{"not_picked":["Dropkick","Flame Barrier","Clothesline"],"picked":"SKIP","floor":3},{"not_picked":["Sword Boomerang","Thunderclap"],"picked":"Pommel Strike","floor":4},{"not_picked":["Anger","Headbutt"],"picked":"Warcry","floor":6},{"not_picked":["Infernal Blade","Pommel Strike"],"picked":"Entrench","floor":10},{"not_picked":["Uppercut","Hemokinesis"],"picked":"True Grit","floor":12}],"player_experience":0,"relics_obtained":[{"floor":6,"key":"Unceasing Top"},{"floor":9,"key":"Mercury Hourglass"}],"event_choices":[{"cards_removed":["Strike_R"],"damage_healed":0,"gold_gain":0,"player_choice":"Forget","damage_taken":0,"max_hp_gain":0,"max_hp_loss":0,"event_name":"Living Wall","floor":2,"gold_loss":0},{"damage_healed":0,"gold_gain":75,"player_choice":"Gather Gold","damage_taken":11,"max_hp_gain":0,"max_hp_loss":0,"event_name":"World of Goop","floor":5,"gold_loss":0},{"damage_healed":0,"gold_gain":0,"player_choice":"Entered Light","damage_taken":16,"max_hp_gain":0,"max_hp_loss":0,"event_name":"Shining Light","floor":8,"gold_loss":0,"cards_upgraded":["Strike_R","Strike_R"]}],"is_beta":false,"boss_relics":[],"items_purged_floors":[],"is_endless":false,"potions_floor_spawned":[4],"killed_by":"Gremlin Nob","ascension_level":0}}