{"host":"uyfpom4rlahfoee4","time":1614045081,"event":{"mods":["BaseMod","Downfall","Minty Spire (QoL Compilation)","StSLib"],"gold_per_floor":[99,118,118,57,75,100,124,143,162,176,176,190,190,24,43,148,148,148,162,262,262,262,287,355,355,384,404,404,418,438,438,458,458,458,458],"floor_reached":33,"language":"ENG","playtime":1946,"items_purged":[],"score":289,"play_id":"e415b6d0-3d80-405a-bafb-072628601af1","local_time":"20210222175121","is_ascension_mode":false,"campfire_choices":[{"data":"Slimebound:Split","floor":1,"key":"SMITH"},{"data":"Slimebound:Darklings","floor":11,"key":"SMITH"},{"data":"Slimebound:SelfFormingGoo","floor":13,"key":"SMITH"},{"data":"Slimebound:LeadByExample","floor":18,"key":"SMITH"},{"floor":25,"key":"REST"},{"floor":28,"key":"REST"}],"circlet_count":0,"master_deck":["Slimebound:Strike_Slimebound","Slimebound:Strike_Slimebound","Slimebound:Strike_Slimebound","Slimebound:Tackle","Slimebound:Defend_Slimebound","Slimebound:Defend_Slimebound","Slimebound:Defend_Slimebound","Slimebound:Defend_Slimebound","Slimebound:Split+1","Slimebound:CorrosiveSpit","Slimebound:SelfFormingGoo+1","Slimebound:HauntingLick","Slimebound:Darklings+1","Slimebound:LivingWall","Slimebound:LivingWall","Slimebound:Schlurp","Slimebound:Replication","Slimebound:MegaLick","Slimebound:LeechEnergy","Slimebound:SplitBruiser","Slimebound:LevelUp","Slimebound:LeadByExample+1","Slimebound:Darklings","Slimebound:SlimeBarrage+1","Slimebound:GrowthPunch","Slimebound:Schlurp","Slimebound:LeadByExample+1","Slimebound:Schlurp","J.A.X.","Slimebound:WasteNot"],"relics":["Slimebound:AbsorbEndCombat","Letter Opener","Omamori","Cursed Key","downfall:RedIOU","HornCleat","Bottled Lightning","Shuriken","Unceasing Top"],"acts_visited":["Exordium","TheCity"],"potions_floor_usage":[14,16,16,23,26,33,33],"damage_taken":[{"damage":2,"enemies":"2 Louse","floor":2,"turns":4},{"damage":2,"enemies":"downfall:FleeingMerchant","floor":4,"turns":4},{"damage":1,"enemies":"Cultist","floor":5,"turns":4},{"damage":15,"enemies":"Lagavulin","floor":6,"turns":8},{"damage":0,"enemies":"Small Slimes","floor":8,"turns":5},{"damage":1,"enemies":"2 Fungi Beasts","floor":9,"turns":4},{"damage":2,"enemies":"Blue Slaver","floor":10,"turns":4},{"damage":9,"enemies":"Exordium Wildlife","floor":12,"turns":5},{"damage":5,"enemies":"downfall:FleeingMerchant","floor":14,"turns":4},{"damage":5,"enemies":"3 Louse","floor":15,"turns":3},{"damage":26,"enemies":"WA_ARCHETYPE_RETAIN","floor":16,"turns":8},{"damage":1,"enemies":"Chosen","floor":19,"turns":5},{"damage":31,"enemies":"Gremlin Leader","floor":23,"turns":5},{"damage":37,"enemies":"Slavers","floor":26,"turns":5},{"damage":8,"enemies":"downfall:LooterAlt2","floor":27,"turns":3},{"damage":2,"enemies":"Cultist and Chosen","floor":29,"turns":5},{"damage":4,"enemies":"Sentry and Sphere","floor":30,"turns":4},{"damage":0,"enemies":"Snake Plant","floor":32,"turns":2},{"damage":38,"enemies":"SI_MIRROR_ARCHETYPE","floor":33,"turns":10}],"seed_played":"-4047133715789515982","potions_obtained":[{"floor":2,"key":"Ancient Potion"},{"floor":6,"key":"PowerPotion"},{"floor":10,"key":"Slimebound:SlimedPotion"},{"floor":15,"key":"Slimebound:SlimedPotion"},{"floor":19,"key":"Explosive Potion"},{"floor":23,"key":"PowerPotion"},{"floor":29,"key":"FearPotion"},{"floor":30,"key":"PowerPotion"}],"is_trial":false,"path_per_floor":["R","M","?","$","M","E","T","M","M","M","R","M","R","$","M","B",null,"R","M","?","?","T","E","T","R","E","M","R","M","M","?","M","B"],"character_chosen":"SLIMEBOUND","items_purchased":["Slimebound:LivingWall","Omamori"],"campfire_rested":2,"item_purchase_floors":[4,14],"current_hp_per_floor":[65,65,65,65,65,56,56,58,59,61,61,58,58,57,58,36,65,65,65,65,65,65,36,36,55,18,14,33,39,39,39,41,9,9,9],"gold":458,"neow_bonus":"ONE_RANDOM_RARE_CARD","is_daily":false,"chose_seed":false,"campfire_upgraded":4,"win_rate":0.0,"timestamp":1614045081,"path_taken":["R","M","?","$","M","E","T","M","M","M","R","?","R","?","M","BOSS","R","M","?","?","?","E","T","R","E","?","R","M","M","?","M","BOSS"],"items_purchased_type":["Card","Relic"],"build_version":"2020-12-22","purchased_purges":0,"victory":false,"max_hp_per_floor":[65,65,65,65,65,65,65,65,65,65,65,65,65,65,65,65,65,65,65,65,65,65,65,65,65,65,65,65,65,65,65,65,65,65,65],"card_choices":[{"not_picked":["Slimebound:ServeAndProtect","Slimebound:Replication"],"picked":"Slimebound:HauntingLick","floor":2},{"not_picked":["Slimebound:MegaLick","Slimebound:HauntingLick"],"picked":"Slimebound:Darklings","floor":4},{"not_picked":["Slimebound:Prepare","Slimebound:SlimeBrawl"],"picked":"Slimebound:LivingWall","floor":5},{"not_picked":["Slimebound:FinishingTackle","Slimebound:Nibble"],"picked":"Slimebound:Schlurp","floor":6},{"not_picked":["Slimebound:ItLooksTasty","Slimebound:SplitLeeching"],"picked":"Slimebound:Replication","floor":8},{"not_picked":["Slimebound:Recollect","Slimebound:BestDefense"],"picked":"Slimebound:MegaLick","floor":9},{"not_picked":["Slimebound:ForwardTackle","Slimebound:SplitAcid"],"picked":"Slimebound:LeechEnergy","floor":10},{"not_picked":["Slimebound:Replication","Slimebound:GoopSpray"],"picked":"Slimebound:SplitBruiser","floor":12},{"not_picked":["Slimebound:SlimeSpikes","Slimebound:MegaLick"],"picked":"Slimebound:LevelUp","floor":14},{"not_picked":["Slimebound:GoopTackle","Slimebound:PrepareCrush"],"picked":"Slimebound:LeadByExample","floor":15},{"not_picked":["Slimebound:SlimeSlap","Slimebound:SelfFormingGoo"],"picked":"Slimebound:Darklings","floor":16},{"not_picked":["Slimebound:LivingWall","Slimebound:GoopSpray"],"picked":"Slimebound:SlimeBarrage+1","floor":19},{"not_picked":["Slimebound:HauntingLick","Slimebound:Nibble"],"picked":"Slimebound:GrowthPunch","floor":23},{"not_picked":["Slimebound:ForwardTackle","Slimebound:SlimeBarrage+1"],"picked":"Slimebound:Schlurp","floor":26},{"not_picked":["Slimebound:ItLooksTasty","Slimebound:LivingWall","Slimebound:Chomp"],"picked":"SKIP","floor":27},{"not_picked":["Slimebound:SpikyOuterGoop","Slimebound:RollThrough"],"picked":"Slimebound:LeadByExample+1","floor":29},{"not_picked":["Slimebound:LeechEnergy","Slimebound:GoopSpray"],"picked":"Slimebound:Schlurp","floor":30},{"not_picked":["Slimebound:LeechEnergy+1","Slimebound:Prepare"],"picked":"Slimebound:WasteNot","floor":32}],"player_experience":116984,"relics_obtained":[{"floor":6,"key":"Letter Opener"},{"floor":7,"key":"Potion Belt"},{"floor":22,"key":"HornCleat"},{"floor":23,"key":"Bottled Lightning"},{"floor":24,"key":"Shuriken"},{"floor":26,"key":"Unceasing Top"}],"event_choices":[{"damage_healed":0,"gold_gain":0,"player_choice":"Ignored","damage_taken":0,"max_hp_gain":0,"max_hp_loss":0,"event_name":"NoteForYourself","floor":3,"gold_loss":0},{"damage_healed":0,"gold_gain":0,"player_choice":"Obtain J.A.X.","damage_taken":0,"max_hp_gain":0,"max_hp_loss":0,"event_name":"Drug Dealer","floor":31,"gold_loss":0,"cards_obtained":["J.A.X."]}],"is_beta":false,"boss_relics":[{"not_picked":["Velvet Choker","SacredBark"],"picked":"Cursed Key"}],"items_purged_floors":[],"is_endless":false,"potions_floor_spawned":[2,6,10,15,19,23,29,30],"killed_by":"SI_MIRROR_ARCHETYPE","ascension_level":0}}