{"host":"ty9fb48q9oru32qm","time":1614093712,"event":{"mods":["2.2 Compatiblity","AchievementEnabler","Act Like it!","Astrologer","BaseMod","Beaked The Cultist","Better Synergies","Block Reminder","Colored Powertips","Conspire","DeckTracker","Downfall","Ekko","Elementarium","Friendly Minions","GifTheSpireLib","Hermit","Hubris","Infinite Spire","Jorbs\u0027s Wanderer Trilogy","Marisa????????","Minty Spire (QoL Compilation)","Permanent Neow","Quick Restart","Random Character Button","Reliquary","Replay The Spire","Ruina","Somnambulant","StSLib","Stuff the Spire","The Cursed","The Marked","The Runesmith","TheVacant"],"gold_per_floor":[114,127,177,208,230,270,282,306,318,355,401,413,454,483,495,507,507],"floor_reached":16,"language":"ENG","playtime":902,"items_purged":[],"score":146,"play_id":"6f2f6b12-a025-49cc-8936-e70bac08278a","local_time":"20210223162152","is_ascension_mode":false,"campfire_choices":[{"data":"theMarked:EmpowerWeapon","floor":7,"key":"SMITH"},{"floor":15,"key":"REST"}],"circlet_count":0,"master_deck":["theMarked:Strike","theMarked:Strike","theMarked:Strike","theMarked:Strike","theMarked:Strike","theMarked:Defend","theMarked:Defend","theMarked:Defend","theMarked:Defend","theMarked:SoldierOfQuellstein+1","theMarked:SwordAndMagic","theMarked:Maelstrom","Voices","theMarked:EmpowerWeapon+1","theMarked:Overcharge","theMarked:Parkour","ReplayTheSpireMod:Restless Dread","theMarked:BindingBlade"],"relics":["theMarked:ArtifactOfAir","Ring of Greed","MawBank","Tiny Chest","Ring of Fury","hubris:Spice","reliquary:NewFriend","Spirit Poop","Smiling Mask"],"acts_visited":["Exordium"],"potions_floor_usage":[6],"damage_taken":[{"damage":0,"enemies":"Small Slimes","floor":1,"turns":3},{"damage":1,"enemies":"Jaw Worm","floor":2,"turns":3},{"damage":0,"enemies":"Cultist","floor":4,"turns":2},{"damage":2,"enemies":"Looter","floor":5,"turns":2},{"damage":25,"enemies":"3 Sentries","floor":6,"turns":6},{"damage":6,"enemies":"Blue Slaver","floor":8,"turns":3},{"damage":16,"enemies":"Lagavulin","floor":10,"turns":4},{"damage":29,"enemies":"conspire:MimicChest","floor":11,"turns":4},{"damage":0,"enemies":"Gremlin Nob","floor":13,"turns":2},{"damage":0,"enemies":"Large Slime","floor":14,"turns":2},{"damage":29,"enemies":"Slime Boss","floor":16,"turns":5}],"seed_played":"-6761216299920111633","potions_obtained":[{"floor":1,"key":"hexamod:SoulburnPotion"},{"floor":4,"key":"Venom Potion"},{"floor":5,"key":"champ:CounterPotion"},{"floor":11,"key":"SteroidPotion"}],"is_trial":false,"path_per_floor":["M","M","?","M","M","E","R","M","T","E","?","?","E","M","R","B"],"character_chosen":"THE_DEFAULT","items_purchased":[],"campfire_rested":1,"item_purchase_floors":[],"current_hp_per_floor":[72,71,71,71,69,52,52,46,54,38,9,9,9,9,33,4,4],"gold":507,"neow_bonus":"UPGRADE_CARD","is_daily":false,"chose_seed":false,"campfire_upgraded":1,"win_rate":0.0,"timestamp":1614093712,"path_taken":["M","M","?","M","M","E","R","M","T","E","?","?","E","?","R","BOSS"],"items_purchased_type":[],"build_version":"2020-12-22","purchased_purges":0,"victory":false,"max_hp_per_floor":[72,72,72,72,72,80,80,80,88,88,80,80,80,80,80,80,80],"card_choices":[{"not_picked":["theMarked:TwofoldDefense","theMarked:ElectricStrings"],"picked":"theMarked:SwordAndMagic","floor":1},{"not_picked":["theMarked:TakeCover","theMarked:Aftermath"],"picked":"theMarked:Maelstrom","floor":2},{"not_picked":["theMarked:WastefulAttack","theMarked:WardOff","theMarked:ElectricStrings"],"picked":"SKIP","floor":4},{"not_picked":["theMarked:FavorableWinds","theMarked:TakeCover","theMarked:Parkour"],"picked":"SKIP","floor":5},{"not_picked":["theMarked:Maelstrom","theMarked:WardOff"],"picked":"theMarked:EmpowerWeapon","floor":6},{"not_picked":["theMarked:ChannelForce","theMarked:EnhanceMovement"],"picked":"theMarked:Overcharge","floor":8},{"not_picked":["theMarked:RepellingDischarge","theMarked:TheMission","theMarked:CreepingChasm"],"picked":"SKIP","floor":10},{"not_picked":["theMarked:Improvise","theMarked:WardOff"],"picked":"theMarked:Parkour","floor":11},{"not_picked":["theMarked:ElectricStrings","theMarked:EmpowerWeapon"],"picked":"theMarked:BindingBlade","floor":13},{"not_picked":["theMarked:BanishingStrike","theMarked:ChainLightning","theMarked:WastefulAttack"],"picked":"SKIP","floor":14}],"player_experience":339549,"relics_obtained":[{"floor":3,"key":"Ring of Greed"},{"floor":3,"key":"MawBank"},{"floor":3,"key":"Tiny Chest"},{"floor":3,"key":"Ring of Fury"},{"floor":6,"key":"hubris:Spice"},{"floor":9,"key":"hubris:Spice"},{"floor":10,"key":"reliquary:NewFriend"},{"floor":11,"key":"hubris:Spice"},{"floor":13,"key":"Smiling Mask"}],"event_choices":[{"cards_removed":["Sickly"],"damage_healed":0,"gold_gain":0,"player_choice":"Offered Curse","damage_taken":0,"relics_obtained":["Spirit Poop"],"max_hp_gain":0,"max_hp_loss":0,"event_name":"Bonfire Elementals","floor":12,"gold_loss":0}],"is_beta":false,"boss_relics":[],"items_purged_floors":[],"is_endless":false,"potions_floor_spawned":[1,4,5,11,14],"killed_by":"Slime Boss","ascension_level":0}}