{"host":"pi8b3ffzwvxqztac","time":1614071275,"event":{"mods":["BaseMod","Colored Map","Custom Start","Downfall","Minty Spire (QoL Compilation)","StSLib"],"gold_per_floor":[115,40,55,55,74,103,115,135,158,158,178,178,228,245,245,342,342,353,337,15,65,115,115,145,145,145,145,45,195,245,295,295,397,397,407,424,474,576,589,618,618,652,652,668,668,682,682,732,732,732],"floor_reached":51,"language":"ENG","playtime":2926,"items_purged":["Shame","Strike_G"],"score":984,"play_id":"09301b49-6796-492b-b5db-86d75bd33b4b","local_time":"20210223220755","is_ascension_mode":true,"campfire_choices":[{"data":"Footwork","floor":12.0,"key":"SMITH"},{"floor":15.0,"key":"REST"},{"floor":23.0,"key":"REST"},{"data":"Accuracy","floor":25.0,"key":"SMITH"},{"data":"Malaise","floor":27.0,"key":"SMITH"},{"floor":32.0,"key":"REST"},{"data":"Cloak And Dagger","floor":41.0,"key":"SMITH"},{"floor":45.0,"key":"REST"},{"floor":47,"key":"REST"},{"floor":49,"key":"REST"}],"circlet_count":0,"master_deck":["Strike_G+1","Strike_G+1","Strike_G+1","Defend_G+1","Defend_G+1","Defend_G+1","Defend_G+1","Defend_G+1","Survivor","Neutralize","Bullet Time","Accuracy+1","Dagger Spray+1","Footwork+1","Distraction","Die Die Die","Blur","Blade Dance","Malaise+1","Sucker Punch+1","Cloak And Dagger+1","Footwork","Blade Dance","Blur","Phantasmal Killer+1","Infinite Blades","Backflip","Cloak And Dagger+1"],"relics":["Ring of the Snake","Juzu Bracelet","Strawberry","SsserpentHead","PreservedInsect","SlaversCollar","Guardian:PocketSentry","bronze:BronzeIdol","Blue Candle","Peace Pipe","Singing Bowl","expansioncontent:StudyCardRelic","Thread and Needle","Kunai","MealTicket","Darkstone Periapt"],"acts_visited":["Exordium","TheCity","TheBeyond"],"potions_floor_usage":[46],"damage_taken":[{"damage":0.0,"enemies":"Cultist","floor":1.0,"turns":4.0},{"damage":3.0,"enemies":"Small Slimes","floor":3.0,"turns":6.0},{"damage":0.0,"enemies":"Jaw Worm","floor":5.0,"turns":4.0},{"damage":28.0,"enemies":"3 Sentries","floor":6.0,"turns":12.0},{"damage":2.0,"enemies":"Looter","floor":7.0,"turns":4.0},{"damage":0.0,"enemies":"Gremlin Gang","floor":8.0,"turns":1.0},{"damage":0.0,"enemies":"Lots of Slimes","floor":11.0,"turns":1.0},{"damage":0.0,"enemies":"2 Fungi Beasts","floor":14.0,"turns":5.0},{"damage":18.0,"enemies":"Slime Boss","floor":16.0,"turns":6.0},{"damage":0.0,"enemies":"3 Byrds","floor":18.0,"turns":6.0},{"damage":28.0,"enemies":"2 Thieves","floor":19.0,"turns":4.0},{"damage":8.0,"enemies":"Book of Stabbing","floor":24.0,"turns":4.0},{"damage":15.0,"enemies":"Colosseum Slavers","floor":29.0,"turns":5.0},{"damage":0.0,"enemies":"Colosseum Nobs","floor":29.0,"turns":4.0},{"damage":3.0,"enemies":"Automaton","floor":33.0,"turns":15.0},{"damage":8.0,"enemies":"Orb Walker","floor":35.0,"turns":5.0},{"damage":5.0,"enemies":"3 Darklings","floor":36.0,"turns":6.0},{"damage":12.0,"enemies":"2 Orb Walkers","floor":38.0,"turns":6.0},{"damage":3.0,"enemies":"Maw","floor":39.0,"turns":12.0},{"damage":9.0,"enemies":"Giant Head","floor":40.0,"turns":7.0},{"damage":38.0,"enemies":"Nemesis","floor":42.0,"turns":7.0},{"damage":15.0,"enemies":"Sphere and 2 Shapes","floor":44.0,"turns":8.0},{"damage":20,"enemies":"Spire Growth","floor":46,"turns":5},{"damage":12,"enemies":"Awakened One","floor":50,"turns":12}],"seed_played":"4780041398591499370","potions_obtained":[{"floor":1.0,"key":"hexamod:SoulburnPotion"},{"floor":3.0,"key":"BlessingOfTheForge"},{"floor":6.0,"key":"Swift Potion"},{"floor":16.0,"key":"Explosive Potion"},{"floor":19.0,"key":"FearPotion"},{"floor":29.0,"key":"SteroidPotion"},{"floor":33.0,"key":"SteroidPotion"},{"floor":35.0,"key":"Regen Potion"},{"floor":36.0,"key":"Weak Potion"},{"floor":38.0,"key":"hexamod:SoulburnPotion"},{"floor":44.0,"key":"Fire Potion"}],"is_trial":false,"path_per_floor":["M","$","M","?","M","E","M","M","T","?","M","R","?","M","R","B",null,"M","M","$","?","?","R","E","R","T","R","$","?","?","?","R","B",null,"M","M","?","?","M","E","R","E","T","M","R","M","R","?","R","B",null],"character_chosen":"THE_SILENT","items_purchased":["Guardian:PocketSentry","Footwork","Blade Dance","Blur"],"campfire_rested":6,"item_purchase_floors":[20,20,20,20],"current_hp_per_floor":[63,63,60,46,46,18,16,16,23,23,23,23,23,23,46,28,65,65,37,37,21,21,44,36,36,36,36,36,23,23,17,40,37,69,63,60,60,65,64,55,55,19,19,4,30,10,36,36,62,50],"gold":732,"neow_bonus":"THREE_RARE_CARDS","is_daily":false,"chose_seed":false,"campfire_upgraded":4,"win_rate":0.0,"timestamp":1614071275,"path_taken":["M","$","M","?","M","E","M","M","T","?","M","R","?","M","R","BOSS","M","M","$","?","?","R","E","R","T","R","$","?","?","?","R","BOSS","M","M","?","?","M","E","R","E","T","M","R","M","R","?","R","BOSS"],"items_purchased_type":["Relic","Card","Card","Card"],"build_version":"2020-12-22","purchased_purges":2,"victory":true,"max_hp_per_floor":[70,70,70,70,70,70,70,70,77,77,77,77,77,77,77,77,77,77,77,77,77,77,77,77,77,77,77,77,79,79,79,79,79,79,81,83,83,85,87,87,87,89,89,89,89,89,89,89,89,89],"card_choices":[{"not_picked":["Glass Knife","Night Terror"],"picked":"Bullet Time","floor":0.0},{"not_picked":["Tactician","All Out Attack"],"picked":"Accuracy","floor":1.0},{"not_picked":["Acrobatics","All Out Attack"],"picked":"Dagger Spray","floor":3.0},{"not_picked":["Deadly Poison","Dagger Throw"],"picked":"Footwork","floor":5.0},{"not_picked":["Distraction","Tactician","Slice"],"picked":"SKIP","floor":6.0},{"not_picked":["Tactician","Slice"],"picked":"Distraction","floor":6.0},{"not_picked":["Skewer","Setup"],"picked":"Die Die Die","floor":7.0},{"not_picked":["Choke","Endless Agony","Bane"],"picked":"SKIP","floor":8.0},{"not_picked":["Crippling Poison","Outmaneuver"],"picked":"Blur","floor":11.0},{"not_picked":["Acrobatics","Bane"],"picked":"Blade Dance","floor":14.0},{"not_picked":["Venomology","Night Terror"],"picked":"Malaise","floor":16.0},{"not_picked":["Heel Hook+1","PiercingWail"],"picked":"Sucker Punch+1","floor":18.0},{"not_picked":["Accuracy","Dagger Spray+1"],"picked":"Cloak And Dagger","floor":19.0},{"not_picked":["Tactician","Slice","Expertise"],"picked":"SKIP","floor":24.0},{"not_picked":["Tactician","Outmaneuver","Endless Agony"],"picked":"Singing Bowl","floor":29.0},{"not_picked":["Die Die Die","Tools of the Trade"],"picked":"Phantasmal Killer","floor":33.0},{"not_picked":["Dagger Spray","Quick Slash+1","Caltrops+1"],"picked":"Singing Bowl","floor":35.0},{"not_picked":["Prepared","Deflect","Dagger Throw+1"],"picked":"Singing Bowl","floor":36.0},{"not_picked":["Prepared+1","Calculated Gamble+1","Distraction"],"picked":"Singing Bowl","floor":38.0},{"not_picked":["Blade Dance+1","Well Laid Plans+1","Deflect"],"picked":"Singing Bowl","floor":39.0},{"not_picked":["Heel Hook+1","Acrobatics+1"],"picked":"Infinite Blades","floor":40.0},{"not_picked":["Dagger Throw","Slice+1","Skewer"],"picked":"Singing Bowl","floor":42.0},{"not_picked":["Catalyst+1","Outmaneuver+1"],"picked":"Backflip","floor":44.0},{"not_picked":["Flechettes+1","Underhanded Strike+1"],"picked":"Cloak And Dagger","floor":46}],"player_experience":826791,"relics_obtained":[{"floor":6.0,"key":"Juzu Bracelet"},{"floor":9.0,"key":"Strawberry"},{"floor":24.0,"key":"bronze:BronzeIdol"},{"floor":26.0,"key":"Blue Candle"},{"floor":29.0,"key":"Peace Pipe"},{"floor":29.0,"key":"Singing Bowl"},{"floor":38.0,"key":"Thread and Needle"},{"floor":40.0,"key":"Kunai"},{"floor":42.0,"key":"MealTicket"},{"floor":43.0,"key":"Darkstone Periapt"}],"event_choices":[{"damage_healed":0.0,"max_hp_gain":0.0,"max_hp_loss":0.0,"gold_gain":0.0,"event_name":"Shining Light","player_choice":"Entered Light","floor":4.0,"gold_loss":0.0,"damage_taken":14.0,"cards_upgraded":["Defend_G","Dagger Spray"]},{"damage_healed":0.0,"max_hp_gain":0.0,"max_hp_loss":0.0,"gold_gain":0.0,"event_name":"FaceTrader","player_choice":"Trade","floor":10.0,"gold_loss":0.0,"damage_taken":0.0,"relics_obtained":["SsserpentHead"]},{"damage_healed":0.0,"max_hp_gain":0.0,"max_hp_loss":0.0,"gold_gain":0.0,"event_name":"Dead Adventurer","player_choice":"Searched \u00271\u0027 times","floor":13.0,"gold_loss":0.0,"damage_taken":0.0,"relics_obtained":["PreservedInsect"]},{"damage_healed":0.0,"max_hp_gain":0.0,"max_hp_loss":0.0,"gold_gain":0.0,"event_name":"Cursed Tome","player_choice":"Obtained Book","floor":21.0,"gold_loss":0.0,"damage_taken":16.0},{"cards_removed":["Strike_G"],"damage_healed":0.0,"max_hp_gain":0.0,"max_hp_loss":0.0,"gold_gain":0.0,"event_name":"Purifier","player_choice":"Purged","floor":22.0,"gold_loss":0.0,"damage_taken":0.0},{"damage_healed":0.0,"max_hp_gain":0.0,"max_hp_loss":0.0,"gold_gain":0.0,"event_name":"Colosseum","player_choice":"Fight","floor":29.0,"gold_loss":0.0,"damage_taken":0.0},{"damage_healed":0.0,"max_hp_gain":0.0,"max_hp_loss":0.0,"gold_gain":0.0,"event_name":"Colosseum","player_choice":"Fought Nobs","floor":29.0,"gold_loss":0.0,"damage_taken":0.0},{"damage_healed":0.0,"max_hp_gain":0.0,"max_hp_loss":0.0,"gold_gain":0.0,"event_name":"Back to Basics","player_choice":"Simplicity","floor":30.0,"gold_loss":0.0,"damage_taken":0.0,"cards_upgraded":["Strike_G","Strike_G","Strike_G","Defend_G","Defend_G","Defend_G","Defend_G"]},{"damage_healed":0.0,"max_hp_gain":0.0,"max_hp_loss":0.0,"gold_gain":0.0,"event_name":"Knowing Skull","player_choice":"","floor":31.0,"potions_obtained":[],"gold_loss":0.0,"damage_taken":6.0,"cards_obtained":[]},{"damage_healed":0.0,"max_hp_gain":0.0,"max_hp_loss":0.0,"gold_gain":0.0,"event_name":"Upgrade Shrine","player_choice":"Upgraded","floor":37.0,"gold_loss":0.0,"damage_taken":0.0,"cards_upgraded":["Phantasmal Killer"]},{"damage_healed":0.0,"max_hp_gain":0.0,"max_hp_loss":0.0,"gold_gain":0.0,"event_name":"Mysterious Sphere","player_choice":"Fight","floor":38.0,"gold_loss":0.0,"damage_taken":0.0},{"damage_healed":0,"gold_gain":0,"player_choice":"Forge","damage_taken":0,"max_hp_gain":0,"max_hp_loss":0,"event_name":"Accursed Blacksmith","floor":48,"gold_loss":0,"cards_upgraded":["Cloak And Dagger"]}],"is_beta":false,"boss_relics":[{"not_picked":["Tiny House","SacredBark"],"picked":"SlaversCollar"},{"not_picked":["Cursed Key","Coffee Dripper"],"picked":"expansioncontent:StudyCardRelic"}],"items_purged_floors":[2,28],"is_endless":false,"potions_floor_spawned":[1,3,6,16,19,29,33,35,36,38,44],"ascension_level":7}}