{"host":"yydwpcoudn7xo8kb","time":1614092971,"event":{"mods":["Act Like it!","BaseMod","Better Note","Better Sensory Stone","Ironclad Rager","Minty Spire (QoL Compilation)","Quick Restart","Robot Space Explorer","StSLib"],"gold_per_floor":[118,132,150,170,120,152,152,170,223,223,223],"floor_reached":10,"language":"ENG","playtime":806,"items_purged":[],"score":70,"play_id":"607b84e3-77e6-49d5-a33a-33b770d0718c","local_time":"20210223100931","is_ascension_mode":false,"campfire_choices":[{"floor":7.0,"key":"REST"}],"circlet_count":0,"master_deck":["RobotSpaceExplorer:Strike","RobotSpaceExplorer:Strike","RobotSpaceExplorer:Strike","RobotSpaceExplorer:Defend","RobotSpaceExplorer:Defend","RobotSpaceExplorer:Defend","RobotSpaceExplorer:Defend","RobotSpaceExplorer:Scan","RobotSpaceExplorer:MiniLasers","RobotSpaceExplorer:Pulsar","RobotSpaceExplorer:Smokescreen","RobotSpaceExplorer:Scanner","RobotSpaceExplorer:SurgingStrike"],"relics":["RobotSpaceExplorer:RoboCore","Nunchaku"],"acts_visited":["Exordium"],"potions_floor_usage":[10],"damage_taken":[{"damage":0.0,"enemies":"Cultist","floor":1.0,"turns":4.0},{"damage":0.0,"enemies":"Jaw Worm","floor":2.0,"turns":4.0},{"damage":0.0,"enemies":"2 Louse","floor":3.0,"turns":4.0},{"damage":5.0,"enemies":"Large Slime","floor":4.0,"turns":8.0},{"damage":48.0,"enemies":"Lagavulin","floor":6.0,"turns":15.0},{"damage":7,"enemies":"3 Louse","floor":8,"turns":6},{"damage":54,"enemies":"3 Sentries","floor":10,"turns":12}],"seed_played":"3322905490262370864","potions_obtained":[{"floor":3.0,"key":"Weak Potion"},{"floor":8,"key":"BlessingOfTheForge"}],"is_trial":false,"path_per_floor":["M","M","M","M","?","E","R","M","T","E"],"character_chosen":"RobotSpaceExplorer","items_purchased":[],"campfire_rested":1,"item_purchase_floors":[],"current_hp_per_floor":[82,82,82,77,77,29,53,46,46,0,0],"gold":223,"neow_bonus":"TEN_PERCENT_HP_BONUS","is_daily":false,"chose_seed":false,"campfire_upgraded":0,"win_rate":0.0,"timestamp":1614092971,"path_taken":["M","M","?","M","?","E","R","M","T","E"],"items_purchased_type":[],"build_version":"2020-12-22","purchased_purges":0,"victory":false,"max_hp_per_floor":[82,82,82,82,82,82,82,82,82,82,82],"card_choices":[{"not_picked":["RobotSpaceExplorer:MiniDrones","RobotSpaceExplorer:ShockKick","RobotSpaceExplorer:Electropulse"],"picked":"SKIP","floor":1.0},{"not_picked":["RobotSpaceExplorer:ScrapMissile","RobotSpaceExplorer:SurgingStrike"],"picked":"RobotSpaceExplorer:Pulsar","floor":2.0},{"not_picked":["RobotSpaceExplorer:Electropulse","RobotSpaceExplorer:PowerGlove"],"picked":"RobotSpaceExplorer:Smokescreen","floor":3.0},{"not_picked":["RobotSpaceExplorer:Scanner","RobotSpaceExplorer:MiniDrones","RobotSpaceExplorer:FreezingShield"],"picked":"SKIP","floor":4.0},{"not_picked":["RobotSpaceExplorer:Scanner","RobotSpaceExplorer:MiniDrones","RobotSpaceExplorer:FreezingShield"],"picked":"SKIP","floor":4.0},{"not_picked":["RobotSpaceExplorer:MiniDrones","RobotSpaceExplorer:FreezingShield"],"picked":"RobotSpaceExplorer:Scanner","floor":4.0},{"not_picked":["RobotSpaceExplorer:MiniDrones","RobotSpaceExplorer:GlueShot","RobotSpaceExplorer:Reload"],"picked":"SKIP","floor":6.0},{"not_picked":["RobotSpaceExplorer:FranticSearch","RobotSpaceExplorer:MetalStrike"],"picked":"RobotSpaceExplorer:SurgingStrike","floor":8}],"player_experience":626906,"relics_obtained":[{"floor":6.0,"key":"Nunchaku"}],"event_choices":[{"cards_removed":["RobotSpaceExplorer:Strike"],"damage_healed":0.0,"max_hp_gain":0.0,"max_hp_loss":0.0,"gold_gain":0.0,"event_name":"The Cleric","player_choice":"Card Removal","floor":5.0,"gold_loss":50.0,"damage_taken":0.0}],"is_beta":false,"boss_relics":[],"items_purged_floors":[],"is_endless":false,"potions_floor_spawned":[3,8],"killed_by":"3 Sentries","ascension_level":0}}