{"host":"o3b7ow6d1xe49css","time":1614085272,"event":{"mods":["Act Like it!","Aspiration","BaseMod","Bestiary","Better Altar","Better Match","Better Note","Better Sensory Stone","Better Skull","Better Third Choice","Colored Powertips","Conspire","Energized Spire","Force Act Four","GifTheSpireLib","Halation","Hermit","Hubris","Infinite Spire","Lobotomy","Minty Spire (QoL Compilation)","Quick Restart","Rare Cards Sparkle","Relic Filter Mod","Reliquary","Replay The Spire","Spicy Shops","Spikes Relics","StSLib","Stuff the Spire","The Blue Laboratory","The Jungle","Wandering Minibosses"],"gold_per_floor":[112,112,37,37,53,88,88,121,121,121,121],"floor_reached":10,"language":"ENG","playtime":190,"items_purged":["Regret"],"score":198,"play_id":"be923dd5-1645-4e83-9331-1c94b0a8fdcb","local_time":"20210223040112","daily_mods":["Heirloom","Flight"],"is_ascension_mode":true,"campfire_choices":[],"circlet_count":0,"master_deck":["AscendersBane","Strike_P+1","Strike_P","Strike_P","Strike_P","Defend_P","Defend_P","Defend_P","Defend_P","Eruption","Vigilance","BattleHymn+1","Scorched","Injury","Scrawl+1","FlyingSleeves+1","UniverseFragment"],"relics":["PureWater","Ring of Chaos","Replay:Multitool","CogitoBucket","reliquary:Firecrackers","Molten Egg 2","infinitespire:Lucky Rock","reliquary:Buckler"],"acts_visited":["Exordium"],"potions_floor_usage":[6],"damage_taken":[{"damage":5,"enemies":"2 Louse","floor":1,"turns":4},{"damage":0,"enemies":"Small Slimes","floor":5,"turns":2},{"damage":40,"enemies":"Lagavulin","floor":6,"turns":5},{"damage":0,"enemies":"3 Sentries","floor":8,"turns":1},{"damage":30,"enemies":"Gremlin Nob","floor":10,"turns":2}],"seed_played":"-5525621256905641853","potions_obtained":[{"floor":1,"key":"BlessingOfTheForge"},{"floor":5,"key":"Elixir"}],"is_trial":true,"path_per_floor":["M","?","$","?","M","E","R","E","T","E"],"character_chosen":"WATCHER","items_purchased":[],"campfire_rested":0,"item_purchase_floors":[],"current_hp_per_floor":[56,56,56,56,56,16,36,36,36,6,6],"gold":121,"neow_bonus":"","is_daily":false,"chose_seed":false,"campfire_upgraded":0,"win_rate":0.0,"timestamp":1614085272,"path_taken":["M","?","$","?","M","E","R","E","T","E"],"items_purchased_type":[],"build_version":"2020-12-22","purchased_purges":1,"victory":false,"max_hp_per_floor":[68,68,68,68,68,68,68,68,68,68,68],"card_choices":[{"not_picked":["Study","Tantrum"],"picked":"BattleHymn","floor":1},{"not_picked":["LittleHelper","OldLady"],"picked":"Scorched","floor":1},{"not_picked":["Vengeance","FlyingSleeves+1"],"picked":"Scrawl","floor":5},{"not_picked":["ClearTheMind","Crescendo"],"picked":"FlyingSleeves+1","floor":6},{"not_picked":["BeautyBeast","Yin"],"picked":"UniverseFragment","floor":6},{"not_picked":["Vengeance","SashWhip+1","CrushJoints+1"],"picked":"SKIP","floor":8}],"player_experience":1472200,"relics_obtained":[{"floor":6,"key":"infinitespire:Lucky Rock"},{"floor":8,"key":"reliquary:Buckler"}],"event_choices":[{"damage_healed":0,"gold_gain":0,"player_choice":"Box","damage_taken":0,"relics_obtained":["reliquary:Firecrackers"],"max_hp_gain":0,"max_hp_loss":0,"event_name":"Big Fish","floor":2,"gold_loss":0,"cards_obtained":["Regret"]}],"is_beta":false,"boss_relics":[],"items_purged_floors":[3],"is_endless":false,"potions_floor_spawned":[1,5],"killed_by":"Gremlin Nob","ascension_level":20}}