{"host":"wha9hktbkslqvblg","time":1614068297,"event":{"mods":["BaseMod","Colored Map","Minty Spire (QoL Compilation)","Relic Stats","SuperFastMode","everything is the same but u backflip on backflip"],"gold_per_floor":[119,44,44,44,44,44,74,126,126,136,36,70,70,88,88,166,166,183,58,71,71,81,107,133,157,196,208,232,272,384,415,427,513,525,552,583,614,27,27,59,77,93,116,162,162,162,181,216,216,216,216,216,216,41,75,75],"floor_reached":57,"language":"KOR","playtime":1857,"items_purged":["Strike_R","Strike_R","Strike_R","Strike_R+1","Defend_R"],"score":3299,"play_id":"e373fe7c-af11-429b-9b65-63e7461d57ef","local_time":"20210223171817","is_ascension_mode":true,"campfire_choices":[{"data":"Pommel Strike","floor":6.0,"key":"SMITH"},{"data":"Pommel Strike","floor":13.0,"key":"SMITH"},{"data":"True Grit","floor":15.0,"key":"SMITH"},{"floor":32.0,"key":"RECALL"},{"data":"Evolve","floor":49,"key":"SMITH"},{"data":"Shrug It Off","floor":53,"key":"SMITH"}],"circlet_count":0,"master_deck":["AscendersBane","Defend_R","Defend_R","Defend_R","Pommel Strike+1","Shrug It Off+1","Pommel Strike+1","True Grit+1","Shockwave","Dark Embrace+1","Evolve+1","Offering"],"relics":["Burning Blood","NeowsBlessing","Potion Belt","Bronze Scales","Sundial","Gambling Chip","Coffee Dripper","MawBank","White Beast Statue","Unceasing Top","Mummified Hand","TheAbacus","Shuriken","Pear","Toy Ornithopter","Lizard Tail","Orichalcum","HornCleat"],"acts_visited":["Exordium","TheCity","TheBeyond","TheEnding"],"potions_floor_usage":[48,56,56,56,56],"damage_taken":[{"damage":0.0,"enemies":"Cultist","floor":1.0,"turns":1.0},{"damage":0.0,"enemies":"Gremlin Nob","floor":7.0,"turns":1.0},{"damage":0.0,"enemies":"Small Slimes","floor":10.0,"turns":1.0},{"damage":47.0,"enemies":"3 Sentries","floor":12.0,"turns":10.0},{"damage":0.0,"enemies":"2 Louse","floor":14.0,"turns":2.0},{"damage":7.0,"enemies":"The Guardian","floor":16.0,"turns":9.0},{"damage":0.0,"enemies":"3 Byrds","floor":18.0,"turns":4.0},{"damage":4.0,"enemies":"Chosen","floor":20.0,"turns":4.0},{"damage":18.0,"enemies":"Snake Plant","floor":22.0,"turns":5.0},{"damage":4.0,"enemies":"Book of Stabbing","floor":23.0,"turns":4.0},{"damage":15.0,"enemies":"3 Cultists","floor":24.0,"turns":4.0},{"damage":3.0,"enemies":"Cultist and Chosen","floor":25.0,"turns":6.0},{"damage":0.0,"enemies":"Centurion and Healer","floor":28.0,"turns":3.0},{"damage":17.0,"enemies":"Gremlin Leader","floor":29.0,"turns":3.0},{"damage":13.0,"enemies":"Colosseum Slavers","floor":30.0,"turns":4.0},{"damage":23.0,"enemies":"Colosseum Nobs","floor":30.0,"turns":8.0},{"damage":0.0,"enemies":"3 Cultists","floor":31.0,"turns":3.0},{"damage":0.0,"enemies":"Champ","floor":33.0,"turns":2.0},{"damage":8.0,"enemies":"3 Shapes","floor":35.0,"turns":5.0},{"damage":3.0,"enemies":"Orb Walker","floor":36.0,"turns":3.0},{"damage":11.0,"enemies":"Jaw Worm Horde","floor":37.0,"turns":2.0},{"damage":0.0,"enemies":"Reptomancer","floor":40.0,"turns":3.0},{"damage":0.0,"enemies":"Writhing Mass","floor":41.0,"turns":2.0},{"damage":10.0,"enemies":"Transient","floor":42.0,"turns":6.0},{"damage":15,"enemies":"2 Orb Walkers","floor":44,"turns":2},{"damage":19,"enemies":"3 Darklings","floor":47,"turns":2},{"damage":3,"enemies":"Nemesis","floor":48,"turns":3},{"damage":6,"enemies":"Donu and Deca","floor":50,"turns":1},{"damage":6,"enemies":"Awakened One","floor":51,"turns":2},{"damage":6,"enemies":"Shield and Spear","floor":55,"turns":1},{"damage":6,"enemies":"The Heart","floor":56,"turns":4}],"seed_played":"516843649689341285","potions_obtained":[{"floor":12.0,"key":"BlessingOfTheForge"},{"floor":16.0,"key":"AttackPotion"},{"floor":20.0,"key":"GamblersBrew"},{"floor":22.0,"key":"Block Potion"},{"floor":24.0,"key":"Strength Potion"},{"floor":25.0,"key":"Dexterity Potion"},{"floor":30.0,"key":"DuplicationPotion"},{"floor":31.0,"key":"DuplicationPotion"},{"floor":33.0,"key":"ColorlessPotion"},{"floor":35.0,"key":"LiquidBronze"},{"floor":37.0,"key":"HeartOfIron"},{"floor":40.0,"key":"Strength Potion"},{"floor":41.0,"key":"GamblersBrew"},{"floor":42.0,"key":"CultistPotion"},{"floor":48,"key":"FearPotion"}],"is_trial":false,"path_per_floor":["M","$","?","?","?","R","E","T","T","M","$","E","R","M","R","B",null,"M","$","M","$","M","E","M","M","T","?","M","E","?","M","R","B",null,"M","M","M","$","?","E","M","M","T","?","$","?","M","E","R","B","B",null,"R","$","E","B",null],"character_chosen":"IRONCLAD","items_purchased":["TheAbacus","Shuriken"],"campfire_rested":0,"item_purchase_floors":[38,38],"current_hp_per_floor":[74,74,51,56,56,56,62,62,62,68,68,27,27,33,33,32,68,74,74,76,76,64,66,57,60,60,60,66,55,31,37,37,43,71,69,72,67,67,67,83,86,82,82,73,73,73,60,68,68,68,68,82,82,82,82,86],"gold":75,"neow_bonus":"THREE_ENEMY_KILL","is_daily":false,"chose_seed":false,"campfire_upgraded":5,"win_rate":0.0,"timestamp":1614068297,"path_taken":["M","?","?","?","?","R","E","?","T","?","$","E","R","M","R","BOSS","M","$","M","$","M","E","M","M","T","?","?","E","?","M","R","BOSS","M","M","M","$","?","E","M","M","T","?","$","?","M","E","R","BOSS","BOSS","R","$","E","BOSS"],"items_purchased_type":["Relic","Relic"],"build_version":"2020-12-22","purchased_purges":5,"victory":true,"max_hp_per_floor":[75,75,75,80,80,80,80,80,80,80,80,80,80,80,80,80,80,80,80,80,80,80,80,80,80,80,80,80,80,80,80,80,80,80,80,80,80,80,76,86,86,86,86,86,86,86,86,86,86,86,86,86,86,86,86,86],"relic_stats":{"counters":[31,110],"Orichalcum":[0],"MawBank":180,"Burning Blood":183,"Lizard Tail":0,"TheAbacus":[2466],"Sundial":[440],"Mummified Hand":[26],"Shuriken":[68],"Bronze Scales":[332],"Gambling Chip":[57],"obtain_stats":[{"Potion Belt":7,"Pear":40,"NeowsBlessing":0,"Orichalcum":48,"MawBank":23,"Burning Blood":0,"White Beast Statue":29,"Lizard Tail":44,"TheAbacus":38,"HornCleat":55,"Sundial":9,"Mummified Hand":30,"Shuriken":38,"Bronze Scales":8,"Gambling Chip":12,"Coffee Dripper":17,"Unceasing Top":30,"Toy Ornithopter":43},{"Potion Belt":2,"Pear":22,"NeowsBlessing":0,"Orichalcum":27,"MawBank":10,"Burning Blood":0,"White Beast Statue":14,"Lizard Tail":25,"TheAbacus":21,"HornCleat":30,"Sundial":2,"Mummified Hand":16,"Shuriken":21,"Bronze Scales":2,"Gambling Chip":4,"Coffee Dripper":6,"Unceasing Top":16,"Toy Ornithopter":24},{"Potion Belt":2,"Pear":87,"NeowsBlessing":0,"Orichalcum":102,"MawBank":41,"Burning Blood":0,"White Beast Statue":57,"Lizard Tail":97,"TheAbacus":84,"HornCleat":106,"Sundial":2,"Mummified Hand":69,"Shuriken":84,"Bronze Scales":2,"Gambling Chip":13,"Coffee Dripper":24,"Unceasing Top":69,"Toy Ornithopter":95}],"Unceasing Top":[1],"Toy Ornithopter":9},"card_choices":[{"not_picked":["Twin Strike","Sword Boomerang"],"picked":"Pommel Strike","floor":1.0},{"not_picked":["Rampage","Clothesline","Perfected Strike"],"picked":"SKIP","floor":7.0},{"not_picked":["Burning Pact","Clash"],"picked":"Shrug It Off","floor":10.0},{"not_picked":["Sever Soul","Uppercut"],"picked":"Pommel Strike","floor":12.0},{"not_picked":["Armaments","Juggernaut"],"picked":"True Grit","floor":14.0},{"not_picked":["Wild Strike","Feel No Pain","Body Slam"],"picked":"SKIP","floor":18.0},{"not_picked":["Warcry","Perfected Strike","Iron Wave"],"picked":"SKIP","floor":20.0},{"not_picked":["Blood for Blood","Cleave","True Grit"],"picked":"SKIP","floor":22.0},{"not_picked":["Blood for Blood","Cleave","True Grit"],"picked":"SKIP","floor":22.0},{"not_picked":["Shockwave","Impervious","Sword Boomerang"],"picked":"SKIP","floor":23.0},{"not_picked":["Anger+1","Flame Barrier","Clash"],"picked":"SKIP","floor":24.0},{"not_picked":["Anger+1","Flame Barrier","Clash"],"picked":"SKIP","floor":24.0},{"not_picked":["Shrug It Off","Dropkick","Battle Trance"],"picked":"SKIP","floor":25.0},{"not_picked":["Rampage","Rage","Thunderclap"],"picked":"SKIP","floor":28.0},{"not_picked":["Headbutt","Metallicize","Limit Break"],"picked":"SKIP","floor":29.0},{"not_picked":["Perfected Strike","Clothesline"],"picked":"Dark Embrace+1","floor":31.0},{"not_picked":["Battle Trance+1","Flame Barrier+1","Searing Blow+1"],"picked":"SKIP","floor":35.0},{"not_picked":["Searing Blow","Body Slam","Flex+1"],"picked":"SKIP","floor":36.0},{"not_picked":["Dual Wield","Body Slam","Flex"],"picked":"SKIP","floor":37.0},{"not_picked":["Spot Weakness","Pommel Strike"],"picked":"Evolve","floor":40.0},{"not_picked":["Juggernaut","Pommel Strike","Seeing Red"],"picked":"SKIP","floor":41.0},{"not_picked":["Sword Boomerang","Clash","Headbutt"],"picked":"SKIP","floor":42.0},{"not_picked":["Dropkick","Cleave","Ghostly Armor"],"picked":"SKIP","floor":47},{"not_picked":["Warcry","Armaments"],"picked":"Offering","floor":48},{"not_picked":["Clothesline+1","Inflame+1","Flame Barrier+1"],"picked":"SKIP","floor":55}],"player_experience":1007630,"relics_obtained":[{"floor":7.0,"key":"Potion Belt"},{"floor":8.0,"key":"Bronze Scales"},{"floor":9.0,"key":"Sundial"},{"floor":12.0,"key":"Gambling Chip"},{"floor":23.0,"key":"MawBank"},{"floor":29.0,"key":"White Beast Statue"},{"floor":30.0,"key":"Unceasing Top"},{"floor":30.0,"key":"Mummified Hand"},{"floor":40.0,"key":"Pear"},{"floor":43,"key":"Toy Ornithopter"},{"floor":44,"key":"Lizard Tail"},{"floor":48,"key":"Orichalcum"},{"floor":55,"key":"HornCleat"}],"event_choices":[{"damage_healed":0.0,"max_hp_gain":0.0,"max_hp_loss":0.0,"gold_gain":0.0,"event_name":"Shining Light","player_choice":"Entered Light","floor":3.0,"gold_loss":0.0,"damage_taken":23.0,"cards_upgraded":["Strike_R","Bash"]},{"damage_healed":0.0,"max_hp_gain":5.0,"max_hp_loss":0.0,"gold_gain":0.0,"event_name":"Big Fish","player_choice":"Donut","floor":4.0,"gold_loss":0.0,"damage_taken":0.0},{"damage_healed":0.0,"max_hp_gain":0.0,"max_hp_loss":0.0,"gold_gain":0.0,"event_name":"The Cleric","player_choice":"Leave","floor":5.0,"gold_loss":0.0,"damage_taken":0.0},{"damage_healed":0.0,"max_hp_gain":0.0,"max_hp_loss":0.0,"gold_gain":0.0,"cards_transformed":["Strike_R"],"event_name":"Transmorgrifier","player_choice":"Transformed","floor":27.0,"gold_loss":0.0,"damage_taken":0.0,"cards_obtained":["Shockwave"]},{"damage_healed":0.0,"max_hp_gain":0.0,"max_hp_loss":0.0,"gold_gain":0.0,"event_name":"Colosseum","player_choice":"Fight","floor":30.0,"gold_loss":0.0,"damage_taken":0.0},{"damage_healed":0.0,"max_hp_gain":0.0,"max_hp_loss":0.0,"gold_gain":0.0,"event_name":"Colosseum","player_choice":"Fought Nobs","floor":30.0,"gold_loss":0.0,"damage_taken":0.0},{"damage_healed":0.0,"max_hp_gain":0.0,"max_hp_loss":4.0,"gold_gain":0.0,"event_name":"Winding Halls","player_choice":"Max HP","floor":39.0,"gold_loss":0.0,"damage_taken":0.0},{"damage_healed":0,"gold_gain":0,"player_choice":"Fight","damage_taken":0,"max_hp_gain":0,"max_hp_loss":0,"event_name":"Mysterious Sphere","floor":44,"gold_loss":0},{"cards_removed":["Bash"],"damage_healed":0,"gold_gain":0,"player_choice":"Removed Attack","damage_taken":0,"max_hp_gain":0,"max_hp_loss":0,"event_name":"Falling","floor":46,"gold_loss":0}],"is_beta":false,"boss_relics":[{"not_picked":["Mark of Pain","SacredBark"],"picked":"Coffee Dripper"},{"not_picked":["Fusion Hammer","Snecko Eye","Sozu"]}],"items_purged_floors":[2,11,19,38,54],"is_endless":false,"potions_floor_spawned":[12,16,20,22,24,25,30,30,31,33,35,36,37,40,41,42,44,47,48,55],"ascension_level":20}}