{"host":"tsc2lbal71qs15ls","time":1614050674,"event":{"mods":["BaseMod","Downfall","Minty Spire (QoL Compilation)","StSLib"],"gold_per_floor":[99,99,111,111,111,111,111,125,158,158,175,203,221,7,19,115,115,15,26,11,22,42,42,42,42,54,79,90,90,101,356,366,469,519,419,432,432,170,184,184,207,239,256,156,156,156,169,180,191,191,191,219,219,219,219,219,219],"floor_reached":55,"language":"ENG","playtime":3162,"items_purged":["champ:EndlessRage"],"score":740,"play_id":"6c6d0a42-2e07-4d36-b21d-93ff2da35f14","local_time":"20210222202434","is_ascension_mode":true,"campfire_choices":[{"data":"champ:Taunt","floor":1,"key":"SMITH"},{"data":"champ:FanOfKnives","floor":6,"key":"SMITH"},{"data":"champ:StanceDance","floor":18,"key":"SMITH"},{"data":"champ:FanOfKnives","floor":25,"key":"SMITH"},{"floor":35,"key":"RECALL"},{"floor":44,"key":"REST"},{"floor":54,"key":"REST"}],"circlet_count":0,"master_deck":["champ:Strike","champ:Strike","champ:Strike","champ:Strike+1","champ:Defend","champ:Defend","champ:Defend","champ:Defend","champ:Execute","champ:Taunt+1","champ:FanOfKnives+1","champ:FanOfKnives+1","champ:StanceDance+1","champ:FaceSlap","champ:HoldFirm+1","champ:PreciseThrust","champ:AdrenalArmor+1","champ:VampiricStrike","champ:CrownThrow+1","champ:RecklessLeap","champ:FocusedBerserking+1","champ:Endure+1","champ:BringItOn+1","champ:MurderStrike","champ:StanceDance+1","champ:DeathBlow"],"relics":["champ:ChampionCrown","champ:LiftRelic","Blue Candle","Toxic Egg 2","champ:BerserkersGuideToSlaughter","Sozu","downfall:HeartBlessingBlue","MutagenicStrength","FossilizedHelix","downfall:RedIOU","Tiny House","downfall:HeartBlessingGreen","Oddly Smooth Stone","Singing Bowl","Omamori","InkBottle","downfall:HeartBlessingRed","Kunai"],"acts_visited":["Exordium","TheCity","TheBeyond","TheEnding"],"potions_floor_usage":[14,14,16,27,33],"damage_taken":[{"damage":10,"enemies":"2 Louse","floor":3,"turns":3},{"damage":15,"enemies":"Small Slimes","floor":8,"turns":3},{"damage":46,"enemies":"Lagavulin","floor":9,"turns":5},{"damage":0,"enemies":"Cultist","floor":10,"turns":1},{"damage":0,"enemies":"downfall:LooterAlt","floor":11,"turns":2},{"damage":38,"enemies":"3 Sentries","floor":12,"turns":4},{"damage":0,"enemies":"2 Fungi Beasts","floor":13,"turns":1},{"damage":5,"enemies":"downfall:FleeingMerchant","floor":14,"turns":4},{"damage":0,"enemies":"Exordium Wildlife","floor":15,"turns":3},{"damage":33,"enemies":"WA_ARCHETYPE_RETAIN","floor":16,"turns":6},{"damage":11,"enemies":"downfall:LooterAlt2","floor":19,"turns":4},{"damage":5,"enemies":"downfall:FleeingMerchant","floor":20,"turns":4},{"damage":0,"enemies":"Spheric Guardian","floor":21,"turns":3},{"damage":38,"enemies":"Snake Plant","floor":22,"turns":4},{"damage":0,"enemies":"3 Cultists","floor":26,"turns":3},{"damage":81,"enemies":"Gremlin Leader","floor":27,"turns":5},{"damage":0,"enemies":"Centurion and Healer","floor":28,"turns":4},{"damage":0,"enemies":"Snake Plant","floor":30,"turns":2},{"damage":22,"enemies":"downfall:FleeingMerchant","floor":31,"turns":3},{"damage":0,"enemies":"3 Cultists","floor":32,"turns":3},{"damage":146,"enemies":"SI_MIRROR_ARCHETYPE","floor":33,"turns":10},{"damage":14,"enemies":"3 Shapes","floor":36,"turns":5},{"damage":0,"enemies":"Orb Walker","floor":39,"turns":3},{"damage":95,"enemies":"Nemesis","floor":42,"turns":11},{"damage":60,"enemies":"Sphere and 2 Shapes","floor":43,"turns":6},{"damage":40,"enemies":"Transient","floor":47,"turns":5},{"damage":16,"enemies":"3 Darklings","floor":48,"turns":3},{"damage":0,"enemies":"Jaw Worm Horde","floor":49,"turns":2},{"damage":102,"enemies":"IC_BLOCK_ARCHETYPE","floor":50,"turns":9},{"damage":140,"enemies":"downfall:CharBossMerchant","floor":52,"turns":7},{"damage":148,"enemies":"downfall:NeowBoss","floor":55,"turns":12}],"seed_played":"6375389593037310608","potions_obtained":[{"floor":3,"key":"Swift Potion"},{"floor":9,"key":"FearPotion"},{"floor":15,"key":"PowerPotion"},{"floor":16,"key":"Regen Potion"}],"is_trial":false,"path_per_floor":["R","?","M","?","?","R","T","M","E","M","M","E","M","$","M","B",null,"R","M","$","M","M","?","T","R","M","E","M","?","M","$","M","B",null,"R","M","?","$","M","T","T","E","M","R","?","?","M","M","M","B",null,"E","$","R","B"],"character_chosen":"THE_CHAMP","items_purchased":["champ:BerserkersGuideToSlaughter","PowerPotion","champ:ShieldWall","Oddly Smooth Stone","champ:StanceDance+1"],"campfire_rested":2,"item_purchase_floors":[14,14,38,38,38],"current_hp_per_floor":[90,90,90,90,90,90,90,90,54,54,54,41,41,41,46,33,90,100,100,100,100,77,77,77,77,77,31,46,46,61,74,89,18,105,105,105,105,105,105,105,105,47,29,61,61,61,53,49,56,34,115,17,17,52,0,0,0],"gold":219,"neow_bonus":"RANDOM_COLORLESS","is_daily":false,"chose_seed":false,"campfire_upgraded":4,"win_rate":0.0,"timestamp":1614050674,"path_taken":["R","?","M","?","?","R","T","M","E","M","?","E","M","$","M","BOSS","R","M","$","M","M","?","T","R","M","E","M","?","M","?","M","BOSS","R","M","?","$","?","?","T","E","M","R","?","?","M","M","M","BOSS","E","$","R","BOSS"],"items_purchased_type":["Relic","Potion","Card","Relic","Card"],"build_version":"2020-12-22","purchased_purges":1,"victory":false,"max_hp_per_floor":[90,90,90,90,90,90,90,90,90,90,90,90,90,90,90,90,90,100,100,100,100,100,100,100,100,100,100,100,100,100,100,100,100,105,105,105,105,105,105,105,105,107,109,109,109,109,111,113,115,115,115,117,117,117,117,117,117],"card_choices":[{"not_picked":["Bandage Up","Blind"],"picked":"Finesse","floor":0},{"not_picked":["champ:AdrenalArmor","champ:Circumvent"],"picked":"champ:FanOfKnives","floor":3},{"not_picked":["champ:RapidStrikes","champ:PerfectedStrike"],"picked":"champ:FanOfKnives","floor":8},{"not_picked":["champ:HeartStrike","champ:TornadoPunch"],"picked":"champ:StanceDance","floor":9},{"not_picked":["champ:CrownThrow","champ:DefensiveShout"],"picked":"champ:FaceSlap","floor":10},{"not_picked":["champ:FaceSlap","champ:BladeFlurry","champ:DefensiveShout"],"picked":"SKIP","floor":11},{"not_picked":["champ:Endure+1","champ:GutPunch"],"picked":"champ:HoldFirm+1","floor":12},{"not_picked":["champ:SetATrap+1","champ:FlashCut"],"picked":"champ:PreciseThrust","floor":13},{"not_picked":["champ:Backstep+1","champ:StanceDance+1"],"picked":"champ:EndlessRage","floor":14},{"not_picked":["champ:DefensiveShout+1","champ:BladeFlurry"],"picked":"champ:AdrenalArmor+1","floor":15},{"not_picked":["champ:TripleStrike","champ:GladiatorForm"],"picked":"champ:VampiricStrike","floor":16},{"not_picked":["champ:Encircle","champ:Haymaker"],"picked":"champ:CrownThrow+1","floor":19},{"not_picked":["champ:Haymaker","champ:PreemptiveStrike","champ:SetATrap+1"],"picked":"SKIP","floor":20},{"not_picked":["champ:EndlessRage","champ:Circumvent+1","champ:FanOfKnives"],"picked":"SKIP","floor":21},{"not_picked":["champ:Haymaker","champ:CheapShot","champ:PerfectedStrike"],"picked":"SKIP","floor":22},{"not_picked":["champ:PerfectedStrike","champ:ArenaPreparation+1"],"picked":"champ:RecklessLeap","floor":26},{"not_picked":["champ:RecklessLeap","champ:TornadoPunch+1","champ:FalseCounter+1"],"picked":"SKIP","floor":27},{"not_picked":["champ:EndlessRage","champ:CrownThrow"],"picked":"champ:FocusedBerserking+1","floor":28},{"not_picked":["champ:DefensiveShout+1","champ:GutPunch"],"picked":"champ:Endure+1","floor":30},{"not_picked":["champ:StanceDance+1","champ:EnGarde+1"],"picked":"champ:BringItOn+1","floor":31},{"not_picked":["champ:FalseCounter+1","champ:PerfectedStrike","champ:FaceSlap"],"picked":"SKIP","floor":32},{"not_picked":["champ:LastStand","champ:UltimateStance+1"],"picked":"champ:MurderStrike","floor":33},{"not_picked":["champ:FocusedBerserking+1","champ:GutPunch+1","champ:CrownThrow+1"],"picked":"SKIP","floor":36},{"not_picked":["champ:EnGarde+1","champ:BladeFlurry"],"picked":"champ:DeathBlow","floor":39},{"not_picked":["champ:CalledShot+1","champ:RisingSlash","champ:EndlessRage+1"],"picked":"Singing Bowl","floor":42},{"not_picked":["champ:Shatter","champ:RecklessLeap+1","champ:DefensiveShout+1"],"picked":"Singing Bowl","floor":43},{"not_picked":["champ:BringItOn+1","champ:Backstep+1","champ:Lariat+1"],"picked":"Singing Bowl","floor":47},{"not_picked":["champ:Circumvent+1","champ:PreemptiveStrike","champ:FlashCut"],"picked":"Singing Bowl","floor":48},{"not_picked":["champ:Backstep+1","champ:Haymaker","champ:BringItOn+1"],"picked":"Singing Bowl","floor":49},{"not_picked":["champ:BringItOn+1","champ:RapidStrikes+1","champ:Lariat+1"],"picked":"Singing Bowl","floor":52}],"player_experience":265819,"relics_obtained":[{"floor":9,"key":"Blue Candle"},{"floor":12,"key":"Toxic Egg 2"},{"floor":24,"key":"MealTicket"},{"floor":27,"key":"FossilizedHelix"},{"floor":40,"key":"Singing Bowl"},{"floor":41,"key":"Omamori"},{"floor":42,"key":"InkBottle"},{"floor":52,"key":"Kunai"}],"event_choices":[{"cards_removed":["Finesse"],"damage_healed":0,"gold_gain":0,"player_choice":"Offered Uncommon","damage_taken":0,"max_hp_gain":0,"max_hp_loss":0,"event_name":"Bonfire Elementals","floor":5,"gold_loss":0},{"damage_healed":0,"gold_gain":0,"player_choice":"Inject Mutagens","damage_taken":0,"relics_obtained":["MutagenicStrength"],"max_hp_gain":0,"max_hp_loss":0,"event_name":"Drug Dealer","floor":23,"gold_loss":0},{"cards_removed":["champ:ShieldWall"],"damage_healed":0,"gold_gain":0,"player_choice":"Removed Power","damage_taken":0,"max_hp_gain":0,"max_hp_loss":0,"event_name":"Falling","floor":45,"gold_loss":0}],"is_beta":false,"boss_relics":[{"not_picked":["Runic Dome","Coffee Dripper"],"picked":"Sozu"},{"not_picked":["Pandora\u0027s Box","Black Star"],"picked":"Tiny House"}],"items_purged_floors":[31],"is_endless":false,"potions_floor_spawned":[3,9,15,16,22,26,27,32,33,43],"killed_by":"downfall:NeowBoss","ascension_level":1}}