{"host":"le0986n0nrnnpvq8","time":1614047944,"event":{"mods":["BaseMod","Better Note","Colored Map","Hermit","Minty Spire (QoL Compilation)","StSLib"],"gold_per_floor":[109,109,125,14,14,45,45,45,45,76,95,127,127,146,146,146,146],"floor_reached":16,"language":"ENG","playtime":1777,"items_purged":["Defend_B"],"score":286,"play_id":"6d22ef7e-735f-45c4-a675-8c694d708a2f","local_time":"20210223033904","is_ascension_mode":true,"campfire_choices":[{"data":"Zap","floor":7,"key":"SMITH"},{"data":"Seek","floor":8,"key":"SMITH"},{"data":"Loop","floor":13,"key":"SMITH"},{"data":"Dualcast","floor":15,"key":"SMITH"}],"circlet_count":0,"master_deck":["AscendersBane","Strike_B","Strike_B","Strike_B","Defend_B","Defend_B","Defend_B","Zap+1","Dualcast+1","Conserve Battery","Glacier","FTL","Seek+1","Gash","Reinforced Body","Loop+1"],"relics":["Cracked Core","NeowsBlessing","WingedGreaves","Pen Nib","White Beast Statue","Kunai"],"acts_visited":["Exordium"],"potions_floor_usage":[16,16],"damage_taken":[{"damage":0,"enemies":"Jaw Worm","floor":1,"turns":1},{"damage":0,"enemies":"Cultist","floor":3,"turns":1},{"damage":0,"enemies":"Gremlin Nob","floor":6,"turns":1},{"damage":20,"enemies":"Lagavulin","floor":10,"turns":8},{"damage":2,"enemies":"2 Louse","floor":11,"turns":2},{"damage":14,"enemies":"Gremlin Nob","floor":12,"turns":4},{"damage":2,"enemies":"Red Slaver","floor":14,"turns":3},{"damage":42,"enemies":"Slime Boss","floor":16,"turns":8}],"seed_played":"6020031778676302750","potions_obtained":[{"floor":6,"key":"DistilledChaos"},{"floor":11,"key":"Dexterity Potion"}],"is_trial":false,"path_per_floor":["M","?","M","$","?","E","R","R","T","E","M","E","R","M","R","B"],"character_chosen":"DEFECT","items_purchased":["FTL"],"campfire_rested":0,"item_purchase_floors":[4],"current_hp_per_floor":[64,64,64,64,69,69,69,69,69,49,47,33,33,31,31,0,0],"gold":146,"neow_bonus":"THREE_ENEMY_KILL","is_daily":false,"chose_seed":false,"campfire_upgraded":4,"win_rate":0.0,"timestamp":1614047944,"path_taken":["M","?","?","$","?","E","R","R","T","E","M","E","R","M","R","BOSS"],"items_purchased_type":["Card"],"build_version":"2020-12-22","purchased_purges":1,"victory":false,"max_hp_per_floor":[71,71,71,71,76,76,76,76,76,76,76,76,76,76,76,76,76],"card_choices":[{"not_picked":["Rebound","Turbo"],"picked":"Conserve Battery","floor":1},{"not_picked":["Beam Cell","Undo"],"picked":"Glacier","floor":3},{"not_picked":["Barrage","Fusion"],"picked":"Seek","floor":6},{"not_picked":["Hologram","Auto Shields"],"picked":"Gash","floor":10},{"not_picked":["Lockon","Compile Driver"],"picked":"Reinforced Body","floor":11},{"not_picked":["Turbo","Coolheaded"],"picked":"Loop","floor":12},{"not_picked":["Steam","Stack","Lockon"],"picked":"SKIP","floor":14}],"player_experience":1875878,"relics_obtained":[{"floor":6,"key":"WingedGreaves"},{"floor":9,"key":"Pen Nib"},{"floor":10,"key":"White Beast Statue"},{"floor":12,"key":"Kunai"}],"event_choices":[{"cards_removed":["Strike_B"],"damage_healed":0,"gold_gain":0,"player_choice":"Offered Basic","damage_taken":0,"max_hp_gain":0,"max_hp_loss":0,"event_name":"Bonfire Elementals","floor":2,"gold_loss":0},{"damage_healed":0,"gold_gain":0,"player_choice":"Donut","damage_taken":0,"max_hp_gain":5,"max_hp_loss":0,"event_name":"Big Fish","floor":5,"gold_loss":0}],"is_beta":false,"boss_relics":[],"items_purged_floors":[4],"is_endless":false,"potions_floor_spawned":[6,11,12,14],"killed_by":"Slime Boss","ascension_level":20}}