{"host":"j1i2cvf2viij1g59","time":1614095434,"event":{"mods":["AchievementEnabler","Act Like it!","Arknights","Aspiration","BaseMod","Better Altar","Better Match","Better Note","Better Sensory Stone","Better Skull","Better Third Choice","Better Vampires","BetterRewards","Colored Powertips","Custom Start","Downfall","Hermit","Highlight Path","Minty Spire (QoL Compilation)","Pale of the Ancients","Quick Restart","Relic Stats","Replay The Spire","Shop Mod","Spicy Shops","StSLib","TestMod","The Bug Knight","The Cursed","TheWitcher","¡¾ÒÅÎï¿¨ÅÆ¡¿REMEMod","óô»ðÖ¸ÄÏ"],"gold_per_floor":[99,118,132,132,143,42,42,61,87,107,139,157,57,69,89,188,188,88,132,142,153,153,38,62,77,77,77,232,232,132,318,418,803,803,803,934,517,517,567,567,567,645,657,742,814,884,812,881,1092,1132,1132,1163,98,98,128,128],"floor_reached":57,"language":"ZHS","playtime":4270,"items_purged":["downfall:Malfunctioning","SnafuTest:CurseHeatDeath","Slimebound:Strike_Slimebound","Slimebound:Strike_Slimebound","Shame"],"score":1522,"play_id":"9c0f17f5-7eeb-4694-b582-8728718a4bb6","local_time":"20210223115034","is_ascension_mode":true,"campfire_choices":[{"data":"Slimebound:LevelUp","floor":13.0,"key":"SMITH"},{"data":"Slimebound:Recycling","floor":18,"key":"SMITH"},{"floor":27,"key":"RECALL"},{"data":"Slimebound:SplitSpecialist","floor":30,"key":"SMITH"},{"data":"Slimebound:SelfFormingGoo","floor":35,"key":"SMITH"},{"data":"Slimebound:TagTeam","floor":40,"key":"SMITH"},{"data":"Slimebound:ForwardTackle","floor":43,"key":"SMITH"},{"floor":54,"key":"REST"}],"circlet_count":0,"master_deck":["Slimebound:Tackle","Slimebound:Defend_Slimebound","Slimebound:Defend_Slimebound","Slimebound:Defend_Slimebound","Slimebound:Defend_Slimebound","Slimebound:Split+1","Slimebound:CorrosiveSpit+1","Slimebound:Darklings","Slimebound:GoopSpray","Slimebound:Repurpose","Slimebound:Recollect","Slimebound:SplitLeeching","Slimebound:ComboTackle","Slimebound:GoopSpray","Slimebound:SplitBruiser","Slimebound:ForwardTackle+1","Slimebound:LevelUp+1","Slimebound:SplitSpecialist+1","Slimebound:MassFeed","Slimebound:Recycling+1","Slimebound:SplitSpecialist+1","Slimebound:SplitMire","Slimebound:Repurpose","Slimebound:LevelUp+1","Slimebound:Split+1","Slimebound:GoopSpray+1","Slimebound:MassFeed","Slimebound:SplitMire","Slimebound:GoopSpray","Slimebound:LeechEnergy+1","Slimebound:SelfFormingGoo+1","Slimebound:SlimeSpikes+1","Slimebound:GrowthPunch+1","Slimebound:SplitMire+1","Slimebound:TagTeam+1","Slimebound:LeechEnergy+1","Slimebound:SplitLeeching+1","Slimebound:OozeBath","Slimebound:SplitLeeching","Slimebound:SlimeSpikes+1","Slimebound:RainOfGoop","Slimebound:GoopSpray+1","Replay:SS_forest_2"],"relics":["Slimebound:AbsorbEndCombat","testmod-TestBox","REME_ComplimentaryCards","testmod-TurbochargingSystem","StrikeDummy","testmod-ObsoleteBoomerang","downfall:HeartBlessingGreen","testmod-SaigiyounoYou","downfall:HeartBlessingBlue","Blue Doll","downfall:KnowingSkull","HornCleat","downfall:HeartBlessingRed","testmod-LifeArmor","Black Star","MerchantsRug","Oddly Smooth Stone","Pantograph","testmod-OneHitWonder","Lantern","HollowMod:PaleOreRelic","Replay:Ringing Soul","BargainBundle","Regal Pillow","Pear","Darkstone Periapt","Gremlin Horn","Unceasing Top","Medical Kit","testmod-BouquetWithThorns","ReplayFunnel","Replay:Bottled Snecko","Simple Rune"],"acts_visited":["Exordium","TheCity","TheBeyond","TheEnding"],"potions_floor_usage":[15,16,16,19,28,33,33,50,50,50,50,52,52,52,52,55,55,55,55,55,55,55,55,55,56,56,56,56],"damage_taken":[{"damage":2.0,"enemies":"Cultist","floor":2.0,"turns":4.0},{"damage":1.0,"enemies":"2 Louse","floor":3.0,"turns":3.0},{"damage":15.0,"enemies":"Jaw Worm","floor":5.0,"turns":4.0},{"damage":7.0,"enemies":"Blue Slaver","floor":8.0,"turns":2.0},{"damage":4.0,"enemies":"HollowMod:MossKnight","floor":9.0,"turns":6.0},{"damage":4.0,"enemies":"downfall:LooterAlt","floor":10.0,"turns":3.0},{"damage":12.0,"enemies":"3 Sentries","floor":11.0,"turns":6.0},{"damage":6.0,"enemies":"Exordium Wildlife","floor":12.0,"turns":3.0},{"damage":0,"enemies":"Large Slime","floor":14,"turns":4},{"damage":0,"enemies":"Lots of Slimes","floor":15,"turns":3},{"damage":38,"enemies":"DF_ARCHETYPE_STREAMLINE","floor":16,"turns":5},{"damage":4,"enemies":"Shell Parasite","floor":19,"turns":6},{"damage":14,"enemies":"Spheric Guardian","floor":20,"turns":4},{"damage":24,"enemies":"Cultist and Chosen","floor":21,"turns":6},{"damage":10,"enemies":"downfall:FleeingMerchant","floor":23,"turns":4},{"damage":33,"enemies":"3 Cultists","floor":25,"turns":5},{"damage":30,"enemies":"Replay:Snechameleon","floor":28,"turns":5},{"damage":37,"enemies":"REME_1_Revenger","floor":31,"turns":5},{"damage":10,"enemies":"Snake Plant","floor":32,"turns":3},{"damage":40,"enemies":"SI_MIRROR_ARCHETYPE","floor":33,"turns":10},{"damage":9,"enemies":"Orb Walker","floor":36,"turns":3},{"damage":9,"enemies":"downfall:FleeingMerchant","floor":37,"turns":4},{"damage":12,"enemies":"3 Darklings","floor":39,"turns":3},{"damage":3,"enemies":"R_Hoarder","floor":42,"turns":4},{"damage":22,"enemies":"Nemesis","floor":44,"turns":7},{"damage":22,"enemies":"Transient","floor":45,"turns":5},{"damage":24,"enemies":"Jaw Worm Horde","floor":46,"turns":5},{"damage":1,"enemies":"downfall:FleeingMerchant","floor":47,"turns":2},{"damage":11,"enemies":"R_Hoarder","floor":48,"turns":6},{"damage":15,"enemies":"Transient","floor":49,"turns":5},{"damage":97,"enemies":"IC_BLOCK_ARCHETYPE","floor":50,"turns":9},{"damage":108,"enemies":"downfall:CharBossMerchant","floor":52,"turns":8},{"damage":65,"enemies":"downfall:NeowBoss","floor":55,"turns":16},{"damage":77,"enemies":"downfall:NeowBossFinal","floor":56,"turns":9}],"seed_played":"-4669298452784180315","potions_obtained":[{"floor":2.0,"key":"Cursed Concoction"},{"floor":11.0,"key":"Block Potion"},{"floor":12.0,"key":"Elixir"},{"floor":15,"key":"Milkshake"},{"floor":16,"key":"REME_GoldPotion"},{"floor":20,"key":"PowerPotion"},{"floor":21,"key":"Fruit Juice"},{"floor":31,"key":"SkillPotion"},{"floor":39,"key":"Fire Potion"},{"floor":45,"key":"Dexterity Potion"}],"is_trial":false,"path_per_floor":["R","M","M","?","M","R","T","M","E","M","E","M","R","M","M","B",null,"R","M","M","M","?","$","T","M","?","R","E","?","R","E","M","B",null,"R","M","$","?","M","R","T","E","R","E","M","M","$","E","M","B",null,"E","$","R","B","B",null],"character_chosen":"SLIMEBOUND","items_purchased":["Slimebound:SplitLeeching","MerchantsRug","testmod-MagicalMallet","Oddly Smooth Stone","Slimebound:SplitMire+1","Replay:Ringing Soul","BargainBundle","Strength Potion","Adrenaline Potion","Reflective Coating","Regal Pillow","Medical Kit","testmod-BouquetWithThorns","Replay:SS_forest_2","ReplayFunnel","Replay:Bottled Snecko","Simple Rune"],"campfire_rested":1,"item_purchase_floors":[6,37,37,37,37,47,47,47,47,47,47,53,53,53,53,53,53],"current_hp_per_floor":[71,69,71,71,59,59,59,54,56,56,50,50,50,52,54,23,74,84,87,80,90,90,90,90,81,75,75,86,86,86,77,85,98,98,98,101,101,101,101,101,101,101,101,90,101,101,104,117,117,71,117,78,87,134,134,118],"gold":128,"neow_bonus":"TEN_PERCENT_HP_BONUS","is_daily":false,"chose_seed":false,"campfire_upgraded":6,"win_rate":0.0,"timestamp":1614095434,"path_taken":["R","M","M","?","M","R","T","M","E","M","E","M","R","M","M","BOSS","R","M","M","M","?","$","T","?","?","R","E","?","R","E","M","BOSS","R","M","$","?","M","R","T","E","R","E","M","M","$","E","M","BOSS","E","$","R","BOSS","BOSS"],"items_purchased_type":["Card","Relic","Relic","Relic","Card","Relic","Relic","Potion","Potion","Potion","Relic","Relic","Relic","Card","Relic","Relic","Relic"],"build_version":"2020-12-22","purchased_purges":5,"victory":true,"max_hp_per_floor":[71,71,71,71,71,71,71,71,71,71,71,71,71,71,71,74,74,84,87,87,90,90,90,90,90,90,90,98,98,98,98,98,98,98,98,101,101,101,101,101,101,101,101,101,101,101,104,117,117,117,117,125,134,134,134,134],"relic_stats":{"Darkstone Periapt":6,"Regal Pillow":7,"Gremlin Horn":[4,4],"counters":[34,171],"Pantograph":0,"Black Star":4,"Medical Kit":[7],"obtain_stats":[{"Darkstone Periapt":48,"ReplayFunnel":53,"Lantern":44,"Regal Pillow":47,"Gremlin Horn":52,"downfall:HeartBlessingGreen":13,"Blue Doll":24,"testmod-LifeArmor":31,"testmod-BouquetWithThorns":53,"Replay:Ringing Soul":47,"HornCleat":28,"downfall:HeartBlessingBlue":18,"Pantograph":42,"testmod-ObsoleteBoomerang":11,"downfall:KnowingSkull":26,"HollowMod:PaleOreRelic":44,"Replay:Bottled Snecko":53,"MerchantsRug":37,"BargainBundle":47,"testmod-TestBox":0,"Pear":48,"downfall:HeartBlessingRed":30,"Oddly Smooth Stone":37,"testmod-TurbochargingSystem":0,"testmod-SaigiyounoYou":17,"MawBank":41,"Medical Kit":53,"testmod-MagicalMallet":37,"Simple Rune":53,"Slimebound:AbsorbEndCombat":0,"Black Star":34,"StrikeDummy":9,"testmod-OneHitWonder":42,"Unceasing Top":52,"REME_ComplimentaryCards":0},{"Darkstone Periapt":29,"ReplayFunnel":32,"Lantern":25,"Regal Pillow":28,"Gremlin Horn":32,"downfall:HeartBlessingGreen":8,"Blue Doll":15,"testmod-LifeArmor":18,"testmod-BouquetWithThorns":32,"Replay:Ringing Soul":28,"HornCleat":17,"downfall:HeartBlessingBlue":11,"Pantograph":24,"testmod-ObsoleteBoomerang":7,"downfall:KnowingSkull":16,"HollowMod:PaleOreRelic":25,"Replay:Bottled Snecko":32,"MerchantsRug":22,"BargainBundle":28,"testmod-TestBox":0,"Pear":29,"downfall:HeartBlessingRed":17,"Oddly Smooth Stone":22,"testmod-TurbochargingSystem":0,"testmod-SaigiyounoYou":11,"MawBank":23,"Medical Kit":32,"testmod-MagicalMallet":22,"Simple Rune":32,"Slimebound:AbsorbEndCombat":0,"Black Star":20,"StrikeDummy":5,"testmod-OneHitWonder":24,"Unceasing Top":32,"REME_ComplimentaryCards":0},{"Darkstone Periapt":124,"ReplayFunnel":146,"Lantern":106,"Regal Pillow":118,"Gremlin Horn":146,"downfall:HeartBlessingGreen":30,"Blue Doll":61,"testmod-LifeArmor":75,"testmod-BouquetWithThorns":146,"Replay:Ringing Soul":118,"HornCleat":71,"downfall:HeartBlessingBlue":41,"Pantograph":100,"testmod-ObsoleteBoomerang":27,"downfall:KnowingSkull":66,"HollowMod:PaleOreRelic":106,"Replay:Bottled Snecko":146,"MerchantsRug":94,"BargainBundle":118,"testmod-TestBox":0,"Pear":124,"downfall:HeartBlessingRed":71,"Oddly Smooth Stone":94,"testmod-TurbochargingSystem":0,"testmod-SaigiyounoYou":41,"MawBank":97,"Medical Kit":146,"testmod-MagicalMallet":94,"Simple Rune":146,"Slimebound:AbsorbEndCombat":0,"Black Star":87,"StrikeDummy":18,"testmod-OneHitWonder":100,"Unceasing Top":146,"REME_ComplimentaryCards":0}],"Unceasing Top":[2]},"card_choices":[{"not_picked":["Slimebound:Dissolve","Slimebound:HungryTackle"],"picked":"Slimebound:GoopSpray","floor":2.0},{"not_picked":["Slimebound:SplitAcid","Slimebound:SplitLeeching"],"picked":"Slimebound:Repurpose","floor":3.0},{"not_picked":["Slimebound:MegaLick","Slimebound:TongueLash"],"picked":"Slimebound:Recollect","floor":5.0},{"not_picked":["Slimebound:Prepare","Slimebound:Equalize"],"picked":"Slimebound:ComboTackle","floor":8.0},{"not_picked":["Slimebound:LeechingTouch","Slimebound:Equalize"],"picked":"Slimebound:GoopSpray","floor":9.0},{"not_picked":["Slimebound:HauntingLick","Slimebound:LeechEnergy"],"picked":"Slimebound:SplitBruiser","floor":10.0},{"not_picked":["Slimebound:MegaLick","Slimebound:SlimeBrawl"],"picked":"Slimebound:ForwardTackle","floor":11.0},{"not_picked":["Slimebound:RollThrough","Slimebound:FinishingTackle"],"picked":"Slimebound:LevelUp","floor":12.0},{"not_picked":["Slimebound:LeechingTouch","Slimebound:GrowthPunch"],"picked":"Slimebound:SplitSpecialist","floor":14},{"not_picked":["Slimebound:SlimeSpikes","Slimebound:SplitAcid"],"picked":"Slimebound:MassFeed","floor":15},{"not_picked":["Slimebound:MassFeed","Slimebound:PrepareCrush"],"picked":"Slimebound:Recycling","floor":16},{"not_picked":["Slimebound:GoopTackle+1","Slimebound:Schlurp"],"picked":"Slimebound:SplitSpecialist+1","floor":19},{"not_picked":["Slimebound:LivingWall","Slimebound:FlameTackle"],"picked":"Slimebound:SplitMire","floor":20},{"not_picked":["Slimebound:ItLooksTasty","Slimebound:SplitAcid"],"picked":"Slimebound:Repurpose","floor":21},{"not_picked":["Slimebound:ViciousTackle","Slimebound:Repurpose+1"],"picked":"Slimebound:GoopSpray+1","floor":23},{"not_picked":["Slimebound:DisruptingSlam","Slimebound:Chomp+1"],"picked":"Slimebound:MassFeed","floor":25},{"not_picked":["Slimebound:RollThrough","Slimebound:Schlurp"],"picked":"Slimebound:SplitMire","floor":28},{"not_picked":["Slimebound:Equalize+1","Slimebound:ComboTackle"],"picked":"Slimebound:GoopSpray","floor":31},{"not_picked":["Slimebound:Recollect+1","Slimebound:ComboTackle+1"],"picked":"Slimebound:LeechEnergy+1","floor":32},{"not_picked":["Slimebound:Overexert","Slimebound:RallyTheTroops"],"picked":"Slimebound:SelfFormingGoo","floor":33},{"not_picked":["Slimebound:Grow+1","Slimebound:LivingWall"],"picked":"Slimebound:SlimeSpikes","floor":36},{"not_picked":["Slimebound:LivingWall+1","Slimebound:RainOfGoop+1"],"picked":"Slimebound:GrowthPunch+1","floor":37},{"not_picked":["Slimebound:Repurpose","Slimebound:Dissolve"],"picked":"Slimebound:TagTeam","floor":39},{"not_picked":["Slimebound:SplitMire","Slimebound:ItLooksTasty"],"picked":"Slimebound:LeechEnergy+1","floor":42},{"not_picked":["Slimebound:Equalize+1","Slimebound:SlimeBarrage+1"],"picked":"Slimebound:SplitLeeching+1","floor":44},{"not_picked":["Slimebound:Prepare+1","Slimebound:Dissolve+1"],"picked":"Slimebound:OozeBath","floor":45},{"not_picked":["Slimebound:LivingWall","Slimebound:PressTheAttack"],"picked":"Slimebound:SplitLeeching","floor":46},{"not_picked":["Slimebound:ViciousTackle","Slimebound:SamplingLick+1"],"picked":"Slimebound:SlimeSpikes+1","floor":47},{"not_picked":["Slimebound:ServeAndProtect","Slimebound:SlimeSpikes"],"picked":"Slimebound:RainOfGoop","floor":48},{"not_picked":["Slimebound:TongueLash+1","Slimebound:ItLooksTasty","Slimebound:Grow+1"],"picked":"SKIP","floor":49},{"not_picked":["Slimebound:SlimeBarrage+1","Slimebound:SlimeSpikes+1"],"picked":"Slimebound:GoopSpray+1","floor":52}],"player_experience":114560,"relics_obtained":[{"floor":9.0,"key":"StrikeDummy"},{"floor":11.0,"key":"testmod-ObsoleteBoomerang"},{"floor":24,"key":"Blue Doll"},{"floor":28,"key":"HornCleat"},{"floor":31,"key":"testmod-LifeArmor"},{"floor":41,"key":"MawBank"},{"floor":42,"key":"Pantograph"},{"floor":42,"key":"testmod-OneHitWonder"},{"floor":44,"key":"Lantern"},{"floor":44,"key":"HollowMod:PaleOreRelic"},{"floor":48,"key":"Pear"},{"floor":48,"key":"Darkstone Periapt"},{"floor":52,"key":"Gremlin Horn"},{"floor":52,"key":"Unceasing Top"}],"event_choices":[],"is_beta":false,"boss_relics":[{"not_picked":["testmod-TimeTraveler","testmod-Recursion"],"picked":"testmod-SaigiyounoYou"},{"not_picked":["Replay:Drink Me","testmod-StringDisintegrator"],"picked":"Black Star"}],"items_purged_floors":[6,23,37,47,53],"is_endless":false,"potions_floor_spawned":[2,11,12,14,15,16,20,21,25,31,32,39,45,48],"ascension_level":1}}