{"host":"and8eo8sydud92t3","time":1614041448,"event":{"mods":["AchievementEnabler","BaseMod","Bestiary","Colored Map","Colored Powertips","Highlight Path","Minty Spire (QoL Compilation)","Relic Stats","StSLib"],"gold_per_floor":[117,92,92,17,29,29,64,64,64,95,95,111,111,111],"floor_reached":13,"language":"ENG","playtime":261,"items_purged":[],"score":122,"play_id":"0313cd10-3582-485f-b7b3-2702ef866ba0","local_time":"20210222195048","is_ascension_mode":true,"campfire_choices":[{"floor":6,"key":"RECALL"},{"data":"Blind","floor":8,"key":"SMITH"},{"floor":11,"key":"REST"}],"circlet_count":0,"master_deck":["Strike_P","Strike_P","Strike_P","Strike_P","Defend_P","Defend_P","Defend_P","Defend_P","Eruption","Vigilance","FollowUp","Prostrate","Study","Omniscience","Blind+1","Collect","WreathOfFlame","Wallop"],"relics":["PureWater","NeowsBlessing","Pantograph","Mercury Hourglass","Ancient Tea Set"],"acts_visited":["Exordium"],"potions_floor_usage":[10,10,13],"damage_taken":[{"damage":0,"enemies":"Cultist","floor":1,"turns":1},{"damage":0,"enemies":"Jaw Worm","floor":5,"turns":1},{"damage":0,"enemies":"Lagavulin","floor":7,"turns":2},{"damage":69,"enemies":"Gremlin Nob","floor":10,"turns":5},{"damage":0,"enemies":"2 Louse","floor":12,"turns":1},{"damage":29,"enemies":"3 Sentries","floor":13,"turns":2}],"seed_played":"3418215916609697882","potions_obtained":[{"floor":7,"key":"BottledMiracle"},{"floor":12,"key":"Fire Potion"}],"is_trial":false,"path_per_floor":["M","$","?","$","M","R","E","R","T","E","R","M","E"],"character_chosen":"WATCHER","items_purchased":["Prostrate","DuplicationPotion"],"campfire_rested":1,"item_purchase_floors":[2,4],"current_hp_per_floor":[72,72,72,72,72,72,72,72,72,3,24,24,0,0],"gold":111,"neow_bonus":"THREE_ENEMY_KILL","is_daily":false,"chose_seed":false,"campfire_upgraded":1,"win_rate":0.0,"timestamp":1614041448,"path_taken":["M","?","?","$","?","R","E","R","T","E","R","M","E"],"items_purchased_type":["Card","Potion"],"build_version":"2020-12-22","purchased_purges":0,"victory":false,"max_hp_per_floor":[72,72,72,72,72,72,72,72,72,72,72,72,72,72],"relic_stats":{"counters":[6,12],"Pantograph":0,"obtain_stats":[{"NeowsBlessing":0,"Pantograph":7,"PureWater":0,"Ancient Tea Set":10,"Mercury Hourglass":9},{"NeowsBlessing":0,"Pantograph":3,"PureWater":0,"Ancient Tea Set":4,"Mercury Hourglass":3},{"NeowsBlessing":0,"Pantograph":4,"PureWater":0,"Ancient Tea Set":9,"Mercury Hourglass":4}],"Mercury Hourglass":[39]},"card_choices":[{"not_picked":["FlyingSleeves","Evaluate"],"picked":"FollowUp","floor":1},{"not_picked":["PathToVictory","Protect"],"picked":"Collect","floor":5},{"not_picked":["PathToVictory","Adaptation"],"picked":"WreathOfFlame","floor":7},{"not_picked":["Consecrate","Protect"],"picked":"Wallop","floor":10},{"not_picked":["ThirdEye","Indignation","Evaluate"],"picked":"SKIP","floor":12}],"player_experience":372982,"relics_obtained":[{"floor":7,"key":"Pantograph"},{"floor":9,"key":"Mercury Hourglass"},{"floor":10,"key":"Ancient Tea Set"}],"event_choices":[{"damage_healed":0,"gold_gain":0,"player_choice":"3 cards matched","damage_taken":0,"max_hp_gain":0,"max_hp_loss":0,"event_name":"Match and Keep!","floor":3,"gold_loss":0,"cards_obtained":["Study","Omniscience","Blind"]}],"is_beta":false,"boss_relics":[],"items_purged_floors":[],"is_endless":false,"potions_floor_spawned":[7,12],"killed_by":"3 Sentries","ascension_level":1}}