{"host":"toh0bbw446wnuexf","time":1614069628,"event":{"mods":["BaseMod","Downfall","Hermit","Minty Spire (QoL Compilation)","Random Character Button","Robot Space Explorer","StSLib"],"gold_per_floor":[199,217,217,317,328,123,123,123,123,140,167,185,185,203,217,321,321,321,332,343,343,355,355,355,355,290,325,325,335,335,361,373,473,473,373,393,393,393,411,421,421,421,421,453,453,472,472,472,482,482,482,482],"floor_reached":50,"language":"ENG","playtime":4275,"items_purged":["Guardian:Strike_Guardian","Guardian:Strike_Guardian"],"score":589,"play_id":"0641b3b3-32ca-4757-919d-2d943d09d8e8","local_time":"20210223214028","is_ascension_mode":true,"campfire_choices":[{"data":"Guardian:TwinSlam","floor":1,"key":"SMITH"},{"data":"Guardian:DonusPower","floor":9,"key":"SMITH"},{"data":"Guardian:SentryBeam","floor":13,"key":"SMITH"},{"floor":25,"key":"REST"},{"data":"Guardian:GatlingBeam","floor":28,"key":"SMITH"},{"floor":30,"key":"REST"},{"data":"Guardian:CurlUp","floor":35,"key":"SMITH"},{"floor":42,"key":"REST"},{"data":"Guardian:Incinerate","floor":45,"key":"SMITH"},{"data":"Guardian:ExploitGems","floor":47,"key":"SMITH"}],"circlet_count":0,"master_deck":["Guardian:Strike_Guardian","Guardian:Strike_Guardian","Guardian:Defend_Guardian","Guardian:Defend_Guardian+1","Guardian:Defend_Guardian+1","Guardian:Defend_Guardian","Guardian:CurlUp+1","Guardian:TwinSlam+1","Guardian:SentryBeam+1","Guardian:DonusPower+1","Guardian:Incinerate+1","Guardian:GatlingBeam+1","Guardian:ExploitGems+1","Guardian:TimeBomb+1"],"relics":["Guardian:ModeShifter","Matryoshka","Membership Card","Nunchaku","Oddly Smooth Stone","Guardian:PickAxe","Bottled Lightning","Sozu","MutagenicStrength","Regal Pillow","White Beast Statue","Lantern","MealTicket","Busted Crown","downfall:HeartBlessingGreen","Blue Candle","Guardian:DefensiveModeMoreBlock"],"acts_visited":["Exordium","TheCity","TheBeyond"],"potions_floor_usage":[12,16,50],"damage_taken":[{"damage":8,"enemies":"Jaw Worm","floor":2,"turns":4},{"damage":2,"enemies":"2 Louse","floor":5,"turns":2},{"damage":0,"enemies":"downfall:FleeingMerchant","floor":6,"turns":4},{"damage":0,"enemies":"Small Slimes","floor":10,"turns":4},{"damage":4,"enemies":"3 Sentries","floor":11,"turns":7},{"damage":6,"enemies":"Blue Slaver","floor":12,"turns":3},{"damage":12,"enemies":"Large Slime","floor":14,"turns":3},{"damage":14,"enemies":"Red Slaver","floor":15,"turns":3},{"damage":3,"enemies":"SI_SHIV_ARCHETYPE","floor":16,"turns":11},{"damage":11,"enemies":"Shell Parasite","floor":19,"turns":5},{"damage":12,"enemies":"3 Byrds","floor":20,"turns":4},{"damage":20,"enemies":"Snake Plant","floor":22,"turns":4},{"damage":1,"enemies":"downfall:FleeingMerchant","floor":26,"turns":4},{"damage":23,"enemies":"Book of Stabbing","floor":27,"turns":5},{"damage":6,"enemies":"Cultist and Chosen","floor":29,"turns":3},{"damage":28,"enemies":"Gremlin Leader","floor":31,"turns":4},{"damage":2,"enemies":"Shelled Parasite and Fungi","floor":32,"turns":3},{"damage":32,"enemies":"DF_ARCHETYPE_CLAW","floor":33,"turns":7},{"damage":5,"enemies":"3 Shapes","floor":36,"turns":3},{"damage":31,"enemies":"3 Darklings","floor":39,"turns":4},{"damage":1,"enemies":"Maw","floor":40,"turns":6},{"damage":7,"enemies":"Nemesis","floor":44,"turns":9},{"damage":0,"enemies":"Sphere and 2 Shapes","floor":46,"turns":5},{"damage":0,"enemies":"Transient","floor":49,"turns":5},{"damage":71,"enemies":"WA_ARCHETYPE_DIVINITY","floor":50,"turns":11}],"seed_played":"-2324746333186108007","potions_obtained":[{"floor":5,"key":"sneckomod:MuddlingPotion"},{"floor":12,"key":"EntropicBrew"},{"floor":16,"key":"CultistPotion"}],"is_trial":false,"path_per_floor":["R","M","?","?","M","$","T","?","R","M","E","M","R","M","M","B",null,"R","M","M","?","M","?","T","R","$","E","R","M","R","E","M","B",null,"R","M","?","?","M","M","T","R","?","E","R","M","R","?","M","B"],"character_chosen":"GUARDIAN","items_purchased":["Membership Card"],"campfire_rested":3,"item_purchase_floors":[6],"current_hp_per_floor":[80,72,72,72,70,70,70,63,63,63,59,53,53,41,27,24,80,80,69,57,57,37,37,37,76,75,52,52,46,80,52,50,18,80,80,75,75,67,36,35,35,74,74,67,67,67,67,67,67,0,0,0],"gold":482,"neow_bonus":"HUNDRED_GOLD","is_daily":false,"chose_seed":false,"campfire_upgraded":7,"win_rate":0.0,"timestamp":1614069628,"path_taken":["R","M","?","?","M","$","T","?","R","M","E","M","R","M","M","BOSS","R","M","M","?","M","?","T","R","?","E","R","?","R","E","M","BOSS","R","M","?","?","?","M","T","R","?","E","R","M","R","?","M","BOSS"],"items_purchased_type":["Relic"],"build_version":"2020-12-22","purchased_purges":2,"victory":false,"max_hp_per_floor":[80,80,80,80,80,80,80,80,80,80,80,80,80,80,80,80,80,80,80,80,80,80,80,80,80,80,80,80,80,80,80,80,80,80,80,80,80,80,80,80,80,80,80,80,80,80,80,80,80,80,80,80],"card_choices":[{"not_picked":["Guardian:Gem_Cyan","Guardian:BronzeOrb"],"picked":"Guardian:SentryBeam","floor":2},{"not_picked":["Guardian:Gem_Green","Guardian:Gem_Lightblue"],"picked":"Guardian:Gem_White","floor":5},{"not_picked":["Guardian:VentSteam","Guardian:Gem_Cyan"],"picked":"Guardian:DonusPower","floor":6},{"not_picked":["Guardian:RollAttack","Guardian:Planning"],"picked":"Guardian:Incinerate","floor":10},{"not_picked":["Guardian:Reroute","Guardian:DonusPower","Guardian:PrismaticBarrier"],"picked":"SKIP","floor":11},{"not_picked":["Guardian:PrismaticBeam","Guardian:Gem_Lightblue"],"picked":"Guardian:GatlingBeam","floor":12},{"not_picked":["Guardian:CrystalBeam","Guardian:ShieldCharger","Guardian:SpikerProtocol"],"picked":"SKIP","floor":14},{"not_picked":["Guardian:GuardianWhirl","Guardian:VentSteam","Guardian:Gem_Red"],"picked":"SKIP","floor":15},{"not_picked":["Guardian:FastForward","Guardian:StasisEngine"],"picked":"Guardian:ExploitGems","floor":16},{"not_picked":["Guardian:DonusPower","Guardian:Preprogram+1","Guardian:Reroute"],"picked":"SKIP","floor":19},{"not_picked":["Guardian:WalkerClaw","Guardian:SpikerProtocol","Guardian:PrimingBeam"],"picked":"SKIP","floor":20},{"not_picked":["Guardian:Reroute+1","Guardian:Repulse+1"],"picked":"Guardian:Gem_Green","floor":22},{"not_picked":["Guardian:PrimingBeam","Guardian:RollAttack","Guardian:Reroute"],"picked":"SKIP","floor":26},{"not_picked":["Guardian:Gem_Red","Guardian:Harden+1","Guardian:TimeSifter"],"picked":"SKIP","floor":27},{"not_picked":["Guardian:Harden","Guardian:PrimingBeam+1"],"picked":"Guardian:Gem_Cyan","floor":29},{"not_picked":["Guardian:ShieldCharger","Guardian:PolyBeam+1","Guardian:Gem_Yellow"],"picked":"SKIP","floor":31},{"not_picked":["Guardian:Gem_Lightblue","Guardian:CrystalBeam","Guardian:VentSteam+1"],"picked":"SKIP","floor":32},{"not_picked":["Guardian:MultiBeam+1"],"picked":"SKIP","floor":36},{"not_picked":[],"picked":"Guardian:TimeBomb+1","floor":39},{"not_picked":["Guardian:WalkerClaw+1"],"picked":"SKIP","floor":40},{"not_picked":["Guardian:DecasProtection"],"picked":"SKIP","floor":44},{"not_picked":["Guardian:Gem_Cyan"],"picked":"SKIP","floor":46},{"not_picked":["Guardian:TimeCapacitor"],"picked":"SKIP","floor":49}],"player_experience":728751,"relics_obtained":[{"floor":7,"key":"Nunchaku"},{"floor":7,"key":"Oddly Smooth Stone"},{"floor":11,"key":"Bottled Lightning"},{"floor":24,"key":"Regal Pillow"},{"floor":24,"key":"White Beast Statue"},{"floor":27,"key":"Lantern"},{"floor":31,"key":"MealTicket"},{"floor":41,"key":"Blue Candle"},{"floor":44,"key":"Guardian:DefensiveModeMoreBlock"}],"event_choices":[{"damage_healed":0,"gold_gain":0,"player_choice":"Success","damage_taken":7,"relics_obtained":["Guardian:PickAxe"],"max_hp_gain":0,"max_hp_loss":0,"event_name":"Scrap Ooze","floor":8,"gold_loss":0},{"damage_healed":0,"gold_gain":0,"player_choice":"Inject Mutagens","damage_taken":0,"relics_obtained":["MutagenicStrength"],"max_hp_gain":0,"max_hp_loss":0,"event_name":"Drug Dealer","floor":21,"gold_loss":0}],"is_beta":false,"boss_relics":[{"not_picked":["Runic Pyramid","expansioncontent:StudyCardRelic"],"picked":"Sozu"},{"not_picked":["Black Star","Velvet Choker"],"picked":"Busted Crown"}],"items_purged_floors":[6,26],"is_endless":false,"potions_floor_spawned":[5,12,15,16,19,22,26,27,29,31,32,33,36,39,40,44,46,49],"killed_by":"WA_ARCHETYPE_DIVINITY","ascension_level":3}}