{"host":"5pruifpvrxoc6ior","time":1614052097,"event":{"mods":["AchievementEnabler","Aspiration","BaseMod","Colored Map","Colored Powertips","Downfall","Googly Eyes","Hermit","Hubris","Jorbs\u0027s Wanderer Trilogy","Marisa????????","Minty Spire (QoL Compilation)","Quick Restart","Remilia??????","Replay The Spire","StSLib","SuperFastMode","The Bug Knight","The Cursed","The Disciple","The Hierophant","The Jungle","The Necromancer","The Servant 0.9.4"],"gold_per_floor":[118,118,65,82,82,82,101,101,101,101,134,145,164,10,10,112,112,126,51,64,64,82,82,82,82],"floor_reached":24,"language":"ENG","playtime":741,"items_purged":[],"score":196,"play_id":"757f040e-c8e9-4401-b063-50de1a329b92","local_time":"20210222224817","is_ascension_mode":false,"campfire_choices":[{"data":"HollowMod:WraithStrike","floor":6,"key":"SMITH"},{"data":"HollowMod:CycloneSlash","floor":8,"key":"SMITH"},{"data":"HollowMod:PogoStrike","floor":10,"key":"SMITH"},{"data":"HollowMod:VoidDash","floor":15,"key":"SMITH"},{"data":"HollowMod:VengefulVoid","floor":23,"key":"SMITH"}],"circlet_count":0,"master_deck":["HollowMod:NailStrikeStart","HollowMod:NailStrikeStart","HollowMod:NailStrikeStart","HollowMod:NailStrikeStart","HollowMod:QuickDashStart","HollowMod:QuickDashStart","HollowMod:QuickDashStart","HollowMod:QuickDashStart","HollowMod:PogoStrike+1","HollowMod:WraithStrike+1","HollowMod:CycloneSlash+1","HollowMod:DescendingDark","HollowMod:WraithStrike","HollowMod:VengefulVoid+1","HollowMod:VoidDash+1","HollowMod:Weaversong","HollowMod:SiblingsSouls","HollowMod:DungDefenderAura"],"relics":["HollowMod:VesselMask","NeowsBlessing","InkBottle","aspiration:HatOfInfinitePower","Empty Cage"],"acts_visited":["Exordium","TheCity"],"potions_floor_usage":[11,11,13,16,22,24,24,24],"damage_taken":[{"damage":0,"enemies":"Small Slimes","floor":1,"turns":1},{"damage":0,"enemies":"Cultist","floor":4,"turns":1},{"damage":0,"enemies":"Jaw Worm","floor":7,"turns":1},{"damage":19,"enemies":"Lagavulin","floor":11,"turns":6},{"damage":12,"enemies":"Red Slaver","floor":12,"turns":2},{"damage":0,"enemies":"Blue Slaver","floor":13,"turns":1},{"damage":52,"enemies":"HollowMod:FalseKnight","floor":16,"turns":7},{"damage":14,"enemies":"2 Thieves","floor":18,"turns":3},{"damage":25,"enemies":"Spheric Guardian","floor":20,"turns":4},{"damage":30,"enemies":"Centurion and Healer","floor":22,"turns":4},{"damage":34,"enemies":"Sentry and Sphere","floor":24,"turns":5}],"seed_played":"3986635545693862236","potions_obtained":[{"floor":1,"key":"Regen Potion"},{"floor":2,"key":"Energy Potion"},{"floor":2,"key":"Reflective Coating"},{"floor":12,"key":"Energy Potion"},{"floor":16,"key":"ColorlessPotion"},{"floor":22,"key":"EntropicBrew"}],"is_trial":false,"path_per_floor":["M","?","$","M","?","R","M","R","T","R","E","M","M","$","R","B",null,"M","?","M","?","M","R","M"],"character_chosen":"THE_BUGKNIGHT","items_purchased":["HollowMod:WraithStrike","HollowMod:VoidDash"],"campfire_rested":0,"item_purchase_floors":[3,14],"current_hp_per_floor":[75,75,75,75,75,75,75,75,75,75,65,53,53,53,53,1,75,61,66,41,61,31,31,0,0],"gold":82,"neow_bonus":"THREE_ENEMY_KILL","is_daily":false,"chose_seed":false,"campfire_upgraded":5,"win_rate":0.0,"timestamp":1614052097,"path_taken":["M","?","$","?","?","R","M","R","T","R","E","M","?","$","R","BOSS","M","?","M","?","M","R","M"],"items_purchased_type":["Card","Card"],"build_version":"2020-12-22","purchased_purges":0,"victory":false,"max_hp_per_floor":[75,75,75,75,75,75,75,75,75,75,75,75,75,75,75,75,75,75,80,80,80,80,80,80,80],"card_choices":[{"not_picked":["HollowMod:VengefulVoid","HollowMod:InfectedAttack"],"picked":"HollowMod:VengefulSpirit","floor":1},{"not_picked":["HollowMod:FallenFury","HollowMod:NewGlowingWomb"],"picked":"HollowMod:CycloneSlash","floor":4},{"not_picked":["HollowMod:SoulVessel","HollowMod:Grubsong","HollowMod:CornifersMapStart"],"picked":"SKIP","floor":7},{"not_picked":["HollowMod:HowlingWraiths","HollowMod:MonarchWings"],"picked":"HollowMod:DescendingDark","floor":11},{"not_picked":["HollowMod:PerfectDash","HollowMod:ShapeofUnn"],"picked":"HollowMod:WraithStrike","floor":12},{"not_picked":["HollowMod:MothsMistake","HollowMod:DungDefenderAura"],"picked":"HollowMod:VengefulVoid","floor":13},{"not_picked":["HollowMod:LifebloodCore","HollowMod:ElderbugsWisdom"],"picked":"HollowMod:Weaversong","floor":16},{"not_picked":["HollowMod:InfectedAttack","HollowMod:HeavyBlow+1"],"picked":"HollowMod:SiblingsSouls","floor":18},{"not_picked":["HollowMod:MidwifesHunger","HollowMod:ShadowDash"],"picked":"HollowMod:DungDefenderAura","floor":20},{"not_picked":["HollowMod:BaldurShell","HollowMod:MawleksShell","HollowMod:InfectedCysts"],"picked":"SKIP","floor":22}],"player_experience":47549,"relics_obtained":[{"floor":9,"key":"InkBottle"},{"floor":11,"key":"aspiration:HatOfInfinitePower"}],"event_choices":[{"damage_healed":0,"gold_gain":0,"player_choice":"Got Potions","damage_taken":0,"max_hp_gain":0,"max_hp_loss":0,"event_name":"Lab","floor":2,"gold_loss":0},{"damage_healed":0,"gold_gain":0,"player_choice":"Full Heal","damage_taken":0,"max_hp_gain":0,"max_hp_loss":0,"event_name":"Wheel of Change","floor":5,"gold_loss":0}],"is_beta":false,"boss_relics":[{"not_picked":["Painkiller Herb","bronze:MakeshiftBattery"],"picked":"Empty Cage"}],"items_purged_floors":[],"is_endless":false,"potions_floor_spawned":[1,7,12,16,22],"killed_by":"Sentry and Sphere","ascension_level":0}}