{"host":"eaiphzh066bwqdh7","time":1614042007,"event":{"mods":["AchievementEnabler","Aspiration","BaseMod","Bestiary","Better Note","Better Third Choice","Colored Powertips","Curses Come First","GifTheSpireLib","Halation","Highlight Path","Hubris","Infinite Spire","Minty Spire (QoL Compilation)","Quick Restart","Reliquary","Replay The Spire","StSLib","Stuff the Spire"],"gold_per_floor":[110,35,35,58,77,115,115,153,228,228,228,228,228,75,93,93,93,217,217,238,261,261,276,295,34,65,65,92,92,92,21,21,37,37,167,167,182,182,182,515,530,530,540,540,540,540,550,157,157,176,176,176,176],"floor_reached":52,"language":"ENG","playtime":1328,"items_purged":["Bash"],"score":623,"play_id":"9feef55a-b8d1-4ff4-b67a-5d9afc822eb8","local_time":"20210222200007","is_ascension_mode":true,"campfire_choices":[{"floor":7,"key":"REST"},{"floor":13,"key":"REST"},{"floor":27,"key":"REST"},{"floor":30,"key":"REST"},{"floor":32,"key":"REST"},{"data":"Bludgeon","floor":34,"key":"SMITH"},{"floor":42,"key":"REST"},{"data":"StuffTheSpire:BrainWave","floor":44,"key":"SMITH"},{"data":"Metallicize","floor":46,"key":"SMITH"},{"floor":49,"key":"REST"},{"floor":51,"key":"DIG"}],"circlet_count":0,"master_deck":["Strike_R+1","Strike_R","Strike_R","Defend_R","Defend_R","Defend_R","Inflame+1","Flex","Juggernaut","Double Tap+1","Seeing Red","Bludgeon+1","CrushJoints+1","hubris:SharpeningStone+1","EmptyFist+1","Metallicize","Rampage+1","Metallicize+1","Life Link","Battle Trance+1","infinitespire:FinalStrike","StuffTheSpire:BrainWave+1","Inflame","Berserk"],"relics":["Burning Blood","aspiration:Nostalgia","Replay:M_SmolderingBlood","Bronze Scales","reliquary:Boomerang","reliquary:Boomerang","halation:PinkSoulGem","Astrolabe","Replay:Ringing Soul","aspiration:Stabinomicon","reliquary:RosewoodLute","Ooze Armor","StuffTheSpire:Kangaroo","hubris:MedicalManual","Onion Ring","Regal Pillow","halation:Diary","Whetstone"],"acts_visited":["Exordium","TheCity","TheBeyond"],"potions_floor_usage":[8,15,18,18,18,20,26,26,35,35,47],"damage_taken":[{"damage":7,"enemies":"2 Louse","floor":1,"turns":3},{"damage":8,"enemies":"Jaw Worm","floor":4,"turns":4},{"damage":1,"enemies":"Cultist","floor":5,"turns":3},{"damage":35,"enemies":"3 Sentries","floor":6,"turns":9},{"damage":37,"enemies":"Gremlin Nob","floor":8,"turns":4},{"damage":13,"enemies":"3 Louse","floor":15,"turns":3},{"damage":31,"enemies":"Hexaghost","floor":18,"turns":5},{"damage":0,"enemies":"Spheric Guardian","floor":20,"turns":2},{"damage":17,"enemies":"2 Thieves","floor":21,"turns":4},{"damage":21,"enemies":"Snake Plant","floor":23,"turns":3},{"damage":23,"enemies":"Snecko","floor":24,"turns":4},{"damage":23,"enemies":"Book of Stabbing","floor":26,"turns":3},{"damage":14,"enemies":"3 Cultists","floor":33,"turns":4},{"damage":59,"enemies":"hubris:MusketHawk","floor":35,"turns":7},{"damage":28,"enemies":"Orb Walker","floor":37,"turns":3},{"damage":8,"enemies":"3 Shapes","floor":41,"turns":1},{"damage":16,"enemies":"3 Darklings","floor":43,"turns":3},{"damage":29,"enemies":"Writhing Mass","floor":47,"turns":3},{"damage":10,"enemies":"Spire Growth","floor":50,"turns":3},{"damage":99,"enemies":"Donu and Deca","floor":52,"turns":5}],"seed_played":"-4194946428548557681","potions_obtained":[{"floor":4,"key":"Adrenaline Potion"},{"floor":6,"key":"Strength Potion"},{"floor":15,"key":"SteroidPotion"},{"floor":17,"key":"Toxic Potion"},{"floor":17,"key":"SneckoOil"},{"floor":18,"key":"PowerPotion"},{"floor":20,"key":"SpeedPotion"},{"floor":23,"key":"FearPotion"},{"floor":24,"key":"Explosive Potion"},{"floor":33,"key":"SkillPotion"},{"floor":43,"key":"Fire Potion"},{"floor":50,"key":"Dexterity Potion"}],"is_trial":false,"path_per_floor":["M","$","?","M","M","E","R","E","T","PTL","PTL","?","R","$","M","?","R","B",null,"M","M","?","M","M","$","E","R","T","?","R","$","R","M","R","B",null,"M","AVR","?","?","M","R","M","R","T","R","M","$","R","M","R","B"],"character_chosen":"IRONCLAD","items_purchased":["Double Tap","Replay:Ringing Soul","Metallicize","Regal Pillow","halation:Diary","Berserk"],"campfire_rested":7,"item_purchase_floors":[14,25,31,48,48,48],"current_hp_per_floor":[79,79,59,57,62,33,57,26,26,26,26,26,50,50,43,43,43,18,65,71,60,60,45,28,28,11,35,35,35,59,62,83,78,78,25,71,52,55,58,58,59,85,75,75,75,75,52,55,92,88,88,0,0],"gold":176,"neow_bonus":"NOSTALGIA","is_daily":false,"chose_seed":false,"campfire_upgraded":3,"win_rate":0.0,"timestamp":1614042007,"path_taken":["M","$","?","M","M","E","R","E","T","PTL","PTL","?","R","$","M","?","R","BOSS","M","M","?","M","?","$","E","R","T","?","R","?","R","M","R","BOSS","M","AVR","?","?","M","R","M","R","T","R","M","$","R","M","R","BOSS"],"items_purchased_type":["Card","Relic","Card","Relic","Relic","Card"],"build_version":"2020-12-22","purchased_purges":1,"victory":false,"max_hp_per_floor":[80,80,80,80,80,80,80,80,80,80,80,80,80,80,80,80,80,80,80,80,80,80,80,80,80,80,80,80,80,80,83,83,86,86,86,86,89,92,86,86,89,89,89,89,89,89,89,92,92,92,92,92,92],"card_choices":[{"not_picked":["Evolve","Feel No Pain"],"picked":"Inflame","floor":1},{"not_picked":["Perfected Strike","Sword Boomerang"],"picked":"Flex","floor":4},{"not_picked":["BowlingBash","Intimidate","Feel No Pain"],"picked":"SKIP","floor":5},{"not_picked":["FlyingSleeves","Replay:Undeath\u0027s Touch"],"picked":"Juggernaut","floor":6},{"not_picked":["StuffTheSpire:BloodClot","Whirlwind","Life Link"],"picked":"SKIP","floor":8},{"not_picked":["Sentinel","ReplayTheSpireMod:Strike From Hell"],"picked":"Seeing Red","floor":15},{"not_picked":["Reaper","Fiend Fire"],"picked":"Bludgeon","floor":18},{"not_picked":["Havoc","StuffTheSpire:Slingshot+1","ReplayTheSpireMod:Corrosion Curse+1"],"picked":"SKIP","floor":20},{"not_picked":["hubris:ReadiedAction","Havoc","Pummel"],"picked":"SKIP","floor":21},{"not_picked":["Burning Pact","Defy Death+1"],"picked":"Metallicize","floor":23},{"not_picked":["hubris:ReadiedAction","StuffTheSpire:Pyroclast"],"picked":"Rampage","floor":24},{"not_picked":["Pommel Strike","Fiend Fire","Second Wind+1"],"picked":"SKIP","floor":26},{"not_picked":["Sword Boomerang","Armaments"],"picked":"Life Link","floor":33},{"not_picked":["StuffTheSpire:Slingshot+1","StuffTheSpire:Incineration"],"picked":"Battle Trance+1","floor":37},{"not_picked":["Perfected Strike","Searing Blow+1"],"picked":"Inflame","floor":41},{"not_picked":["Abandon+1","Warcry","Fire Breathing"],"picked":"SKIP","floor":43},{"not_picked":["Headbutt","ReplayTheSpireMod:LeadingStrike+1","StuffTheSpire:RockThrow+1"],"picked":"SKIP","floor":47},{"not_picked":["Body Slam+1","Sword Boomerang+1","Second Wind"],"picked":"SKIP","floor":50}],"player_experience":345910,"relics_obtained":[{"floor":6,"key":"Bronze Scales"},{"floor":8,"key":"reliquary:Boomerang"},{"floor":9,"key":"reliquary:SculptingSteel"},{"floor":26,"key":"aspiration:Stabinomicon"},{"floor":28,"key":"reliquary:RosewoodLute"},{"floor":45,"key":"Onion Ring"},{"floor":51,"key":"Whetstone"}],"event_choices":[{"damage_healed":0,"gold_gain":0,"player_choice":"Take Damage","damage_taken":20,"relics_obtained":["Golden Idol"],"max_hp_gain":0,"max_hp_loss":0,"event_name":"Golden Idol","floor":3,"gold_loss":0},{"damage_healed":0,"gold_gain":0,"player_choice":"Forge","damage_taken":0,"max_hp_gain":0,"max_hp_loss":0,"event_name":"Accursed Blacksmith","floor":22,"gold_loss":0,"cards_upgraded":["Double Tap"]},{"damage_healed":0,"gold_gain":0,"player_choice":"Ignored","damage_taken":0,"max_hp_gain":0,"max_hp_loss":0,"event_name":"Cursed Tome","floor":29,"gold_loss":0},{"damage_healed":0,"gold_gain":333,"player_choice":"Gave Idol","damage_taken":0,"max_hp_gain":0,"max_hp_loss":0,"event_name":"The Moai Head","floor":40,"relics_lost":["Golden Idol"],"gold_loss":0}],"is_beta":false,"boss_relics":[{"not_picked":["aspiration:RitualDagger","halation:ForbiddenBikini"],"picked":"Astrolabe"},{"not_picked":["reliquary:BigHammer","halation:Yufonium"],"picked":"Ooze Armor"}],"items_purged_floors":[2],"is_endless":false,"potions_floor_spawned":[4,6,15,18,20,23,24,33,43,50],"killed_by":"Donu and Deca","ascension_level":5}}