{"host":"a3oe3gstxz77c7qu","time":1614040353,"event":{"mods":["2.2 Compatiblity","Act Like it!","Astrologer","BaseMod","Bestiary","Better Altar","Better Match","Better Note","Better Skull","Better Third Choice","Block Reminder","Curses Come First","Custom Start","Dark Map","Downfall","Friendly Minions","GifTheSpireLib","Hermit","Jorbs\u0027s Wanderer Trilogy","Lobotomy","LobotomyExtend","Marisa????????","Minty Spire (QoL Compilation)","Permanent Neow","Quick Restart","Relic Filter Mod","Relic Stats","Reliquary","Replay The Spire","Ruina","Smile Girya","Spire Arcade","StSLib","The Bug Knight","The Cursed","The Disciple","Uncapped","Unknown Chances","Wandering Minibosses"],"gold_per_floor":[109,109,109,127,144,144,144,171,171,204,216,291,291,271,271,271,271],"floor_reached":16,"language":"ENG","playtime":1725,"items_purged":[],"score":127,"play_id":"b8061993-62e6-499e-a8b9-75e41f5b81fb","local_time":"20210223003233","is_ascension_mode":true,"campfire_choices":[{"data":"astrologer:Quincunx","floor":6,"key":"SMITH"}],"circlet_count":0,"master_deck":["astrologer:Strike","astrologer:Strike","astrologer:Strike","astrologer:Strike","astrologer:Defend","astrologer:Defend","astrologer:Defend","astrologer:Defend","astrologer:NorthStar","astrologer:TheFool","astrologer:ReadTheStars","astrologer:Quincunx+1","MeatLantern","astrologer:Sunrise","FairyFestival","astrologer:Stardust","astrologer:SolarFlare","astrologer:Confirmation","astrologer:FrozenStar"],"relics":["astrologer:SkyMirror","CogitoBucket","RabbitCall","LetterFromLob","LaetitiaHeart","Art of War","Tiny Chest","Shuriken","Replay:Bottled Flurry","SkinProphecy"],"acts_visited":["Exordium"],"potions_floor_usage":[],"damage_taken":[{"damage":0,"enemies":"2 Louse","floor":1,"turns":3},{"damage":0,"enemies":"2 Louse","floor":2,"turns":3},{"damage":0,"enemies":"2 Louse","floor":2,"turns":3},{"damage":0,"enemies":"Cultist","floor":4,"turns":3},{"damage":0,"enemies":"Jaw Worm","floor":5,"turns":3},{"damage":5,"enemies":"Looter","floor":7,"turns":36},{"damage":50,"enemies":"Lagavulin","floor":8,"turns":15},{"damage":27,"enemies":"3 Sentries","floor":10,"turns":16},{"damage":29,"enemies":"Looter","floor":11,"turns":16},{"damage":10,"enemies":"2 Fungi Beasts","floor":14,"turns":7},{"damage":19,"enemies":"Slime Boss","floor":16,"turns":3}],"seed_played":"-3101343798726428763","potions_obtained":[{"floor":4,"key":"Venom Potion"},{"floor":10,"key":"EssenceOfSteel"}],"is_trial":false,"path_per_floor":["M","?","?","M","M","R","M","E","T","E","M","?","?","M","R","B"],"character_chosen":"ASTROLOGER","items_purchased":[],"campfire_rested":0,"item_purchase_floors":[],"current_hp_per_floor":[70,20,20,20,20,20,70,37,37,31,25,14,19,14,14,0,0],"gold":271,"neow_bonus":"","is_daily":false,"chose_seed":false,"campfire_upgraded":1,"win_rate":0.0,"timestamp":1614040353,"path_taken":["M","?","?","M","M","R","?","E","T","E","M","?","?","M","R","BOSS"],"items_purchased_type":[],"build_version":"2020-12-22","purchased_purges":0,"victory":false,"max_hp_per_floor":[70,70,70,70,70,70,70,70,70,70,70,70,75,77,77,79,79],"relic_stats":{"counters":[12,109],"Shuriken":[1],"Tiny Chest":0,"Art of War":[55],"obtain_stats":[{"RabbitCall":0,"CogitoBucket":0,"LaetitiaHeart":2,"Shuriken":9,"Tiny Chest":8,"astrologer:SkyMirror":0,"LetterFromLob":1,"Art of War":3,"Replay:Bottled Flurry":10,"SkinProphecy":11},{"RabbitCall":0,"CogitoBucket":0,"LaetitiaHeart":1,"Shuriken":7,"Tiny Chest":7,"astrologer:SkyMirror":0,"LetterFromLob":1,"Art of War":3,"Replay:Bottled Flurry":8,"SkinProphecy":10},{"RabbitCall":0,"CogitoBucket":0,"LaetitiaHeart":3,"Shuriken":66,"Tiny Chest":66,"astrologer:SkyMirror":0,"LetterFromLob":3,"Art of War":9,"Replay:Bottled Flurry":82,"SkinProphecy":99}]},"card_choices":[{"not_picked":["astrologer:Eclipse","astrologer:Still"],"picked":"astrologer:ReadTheStars","floor":1},{"not_picked":["Murderer","OldLady","HappyTeddy"],"picked":"Singing Bowl","floor":1},{"not_picked":["astrologer:Eclipse","astrologer:Stardust"],"picked":"astrologer:Quincunx","floor":4},{"not_picked":["SingingMachine","Wellcheers","Freischutz"],"picked":"Singing Bowl","floor":4},{"not_picked":["ShyLook","PunishingBird"],"picked":"MeatLantern","floor":4},{"not_picked":["astrologer:Opposition","astrologer:SpaceDust"],"picked":"astrologer:Sunrise","floor":5},{"not_picked":["OSAHOGD","MHz"],"picked":"FairyFestival","floor":5},{"not_picked":["astrologer:Strength","astrologer:Still"],"picked":"astrologer:Stardust","floor":8},{"not_picked":["Laetitia","OSAHOGD","SnowQueen"],"picked":"Singing Bowl","floor":8},{"not_picked":["astrologer:TheHermit","astrologer:ReadTheStars"],"picked":"astrologer:SolarFlare","floor":10},{"not_picked":["CherryBlossoms","WallGazer","ShyLook"],"picked":"Singing Bowl","floor":10},{"not_picked":["astrologer:Eclipse","astrologer:Opposition"],"picked":"astrologer:Confirmation","floor":11},{"not_picked":["Yin","CrumblingArmor","Wellcheers"],"picked":"Singing Bowl","floor":11},{"not_picked":["astrologer:TheMoon","astrologer:SolarFlare"],"picked":"astrologer:FrozenStar","floor":14},{"not_picked":["Murderer","CrumblingArmor","ShyLook"],"picked":"Singing Bowl","floor":14}],"player_experience":1174429,"relics_obtained":[{"floor":1,"key":"LetterFromLob"},{"floor":3,"key":"Art of War"},{"floor":8,"key":"Tiny Chest"},{"floor":9,"key":"Shuriken"},{"floor":10,"key":"Replay:Bottled Flurry"}],"event_choices":[{"damage_healed":0,"gold_gain":0,"player_choice":"Relic","damage_taken":0,"max_hp_gain":0,"max_hp_loss":0,"event_name":"Wheel of Change","floor":3,"gold_loss":0},{"damage_healed":0,"gold_gain":75,"player_choice":"Gold","damage_taken":11,"max_hp_gain":0,"max_hp_loss":0,"event_name":"betterThird:BetterGoop","floor":12,"gold_loss":0},{"damage_healed":0,"gold_gain":0,"player_choice":"Donut","damage_taken":0,"max_hp_gain":5,"max_hp_loss":0,"event_name":"Big Fish","floor":13,"gold_loss":0},{"damage_healed":0,"gold_gain":0,"player_choice":"LEAVE","damage_taken":0,"max_hp_gain":0,"max_hp_loss":0,"event_name":"betterThird:BetterScrap","floor":15,"gold_loss":0,"cards_obtained":["EmptyMind"]}],"is_beta":false,"boss_relics":[],"items_purged_floors":[],"is_endless":false,"potions_floor_spawned":[2,4,7,10],"killed_by":"Slime Boss","ascension_level":3}}