{"host":"3y2rtlgteqp2nuo3","time":1614103469,"event":{"mods":["2.2 Compatiblity","AchievementEnabler","BaseMod","Colored Map","DeckTracker","Highlight Path","Keyboard Shortcuts","Minty Spire (QoL Compilation)","Permanent Neow","Quick Restart","StSLib","SuperFastMode","everything is the same but u backflip on backflip"],"gold_per_floor":[117,42,58,74,93,168,168,181,250,90,103,103,153,163,163,163,163],"floor_reached":16,"language":"KOR","playtime":306,"items_purged":["Strike_G"],"score":179,"play_id":"db57fb0f-31b6-4edd-8613-4c3b8a2c70ea","local_time":"20210224030429","is_ascension_mode":true,"campfire_choices":[{"data":"Deadly Poison","floor":7,"key":"SMITH"},{"data":"Leg Sweep","floor":12,"key":"SMITH"},{"data":"Die Die Die","floor":15,"key":"SMITH"}],"circlet_count":0,"master_deck":["AscendersBane","Strike_G","Strike_G","Strike_G","Defend_G","Defend_G","Defend_G","Defend_G","Defend_G","Survivor","Neutralize+1","Sucker Punch","Deadly Poison+1","Adrenaline","Bane","Dodge and Roll","Die Die Die+1","Leg Sweep+1"],"relics":["Ring of the Snake","InkBottle"],"acts_visited":["Exordium"],"potions_floor_usage":[16],"damage_taken":[{"damage":0.0,"enemies":"2 Louse","floor":1.0,"turns":4.0},{"damage":4.0,"enemies":"Jaw Worm","floor":3.0,"turns":6.0},{"damage":1.0,"enemies":"Small Slimes","floor":4.0,"turns":5.0},{"damage":7,"enemies":"2 Fungi Beasts","floor":5,"turns":5},{"damage":0,"enemies":"Blue Slaver","floor":8,"turns":5},{"damage":2,"enemies":"Exordium Wildlife","floor":11,"turns":3},{"damage":0,"enemies":"Lots of Slimes","floor":14,"turns":2},{"damage":25,"enemies":"Slime Boss","floor":16,"turns":9}],"seed_played":"-3685476211912460488","potions_obtained":[{"floor":4.0,"key":"SmokeBomb"},{"floor":5,"key":"EssenceOfSteel"}],"is_trial":false,"path_per_floor":["M","?","M","M","M","?","R","M","T","$","M","R","?","M","R","B"],"character_chosen":"THE_SILENT","items_purchased":["Die Die Die"],"campfire_rested":0,"item_purchase_floors":[10],"current_hp_per_floor":[59,59,55,54,47,36,36,36,36,36,34,34,34,34,34,9,9],"gold":163,"neow_bonus":"UPGRADE_CARD","is_daily":false,"chose_seed":false,"campfire_upgraded":3,"win_rate":0.0,"timestamp":1614103469,"path_taken":["M","?","M","M","M","?","R","M","T","$","M","R","?","M","R","BOSS"],"items_purchased_type":["Card"],"build_version":"2020-12-22","purchased_purges":1,"victory":false,"max_hp_per_floor":[66,66,66,66,66,66,66,66,66,66,66,66,66,66,66,66,66],"card_choices":[{"not_picked":["Backflip","Well Laid Plans"],"picked":"Sucker Punch","floor":1.0},{"not_picked":["Distraction","Slice"],"picked":"Deadly Poison","floor":3.0},{"not_picked":["PiercingWail","Blade Dance"],"picked":"Adrenaline","floor":4.0},{"not_picked":["Deflect","Blade Dance"],"picked":"Bane","floor":5},{"not_picked":["PiercingWail","Deadly Poison"],"picked":"Dodge and Roll","floor":8},{"not_picked":["PiercingWail","Backstab"],"picked":"Leg Sweep","floor":11},{"not_picked":["Outmaneuver","Deflect","All Out Attack"],"picked":"SKIP","floor":14}],"player_experience":794000,"relics_obtained":[{"floor":9,"key":"InkBottle"}],"event_choices":[{"cards_removed":["Strike_G"],"damage_healed":0.0,"max_hp_gain":0.0,"max_hp_loss":0.0,"gold_gain":0.0,"event_name":"The Cleric","player_choice":"Card Removal","floor":2.0,"gold_loss":75.0,"damage_taken":0.0},{"damage_healed":0,"gold_gain":75,"player_choice":"Gather Gold","damage_taken":11,"max_hp_gain":0,"max_hp_loss":0,"event_name":"World of Goop","floor":6,"gold_loss":0},{"damage_healed":0,"gold_gain":50,"player_choice":"Pray","damage_taken":0,"max_hp_gain":0,"max_hp_loss":0,"event_name":"Golden Shrine","floor":13,"gold_loss":0}],"is_beta":false,"boss_relics":[],"items_purged_floors":[10],"is_endless":false,"potions_floor_spawned":[4,5],"killed_by":"Slime Boss","ascension_level":18}}