{"host":"f0gpob8hq9vgebej","time":1614084673,"event":{"mods":["AchievementEnabler","BaseMod","Minty Spire (QoL Compilation)","Quick Restart","SuperFastMode"],"gold_per_floor":[217,232,120,137,154,154,179,179,179,209,222,232,232,250,250,250,250],"floor_reached":16,"language":"KOR","playtime":399,"items_purged":["Strike_G"],"score":211,"play_id":"4da9cbd4-2c4a-4808-a805-2b46f4bbd6ff","local_time":"20210223215113","is_ascension_mode":true,"campfire_choices":[{"data":"Skewer","floor":6.0,"key":"SMITH"},{"data":"Riddle With Holes","floor":8.0,"key":"SMITH"},{"floor":13.0,"key":"REST"},{"floor":15.0,"key":"REST"}],"circlet_count":0,"master_deck":["AscendersBane","Strike_G","Strike_G","Strike_G","Strike_G","Defend_G","Defend_G","Defend_G","Defend_G","Defend_G","Survivor","Neutralize","Masterful Stab","Backflip","Skewer+1","Riddle With Holes+1","Catalyst","Well Laid Plans","Dagger Throw","Leg Sweep","Corpse Explosion"],"relics":["Ring of the Snake","Orichalcum","HornCleat","Incense Burner"],"acts_visited":["Exordium"],"potions_floor_usage":[16,16],"damage_taken":[{"damage":6.0,"enemies":"Cultist","floor":1.0,"turns":4.0},{"damage":2.0,"enemies":"Small Slimes","floor":2.0,"turns":4.0},{"damage":0.0,"enemies":"2 Louse","floor":4.0,"turns":3.0},{"damage":1.0,"enemies":"Looter","floor":5.0,"turns":3.0},{"damage":10.0,"enemies":"Lagavulin","floor":7.0,"turns":5.0},{"damage":14.0,"enemies":"3 Sentries","floor":10.0,"turns":10.0},{"damage":22.0,"enemies":"Exordium Thugs","floor":11.0,"turns":6.0},{"damage":0.0,"enemies":"Exordium Wildlife","floor":12.0,"turns":2.0},{"damage":0.0,"enemies":"Looter","floor":14.0,"turns":3.0},{"damage":51,"enemies":"Slime Boss","floor":16,"turns":6}],"seed_played":"201233753353157481","potions_obtained":[{"floor":1.0,"key":"DistilledChaos"},{"floor":4.0,"key":"Block Potion"},{"floor":11.0,"key":"PowerPotion"},{"floor":12.0,"key":"Swift Potion"}],"is_trial":false,"path_per_floor":["M","M","$","M","M","R","E","R","T","E","M","M","R","M","R","B"],"character_chosen":"THE_SILENT","items_purchased":["Skewer"],"campfire_rested":2,"item_purchase_floors":[3],"current_hp_per_floor":[53,51,51,51,50,50,40,40,40,26,4,4,23,23,42,0,0],"gold":250,"neow_bonus":"HUNDRED_GOLD","is_daily":false,"chose_seed":false,"campfire_upgraded":2,"win_rate":0.0,"timestamp":1614084673,"path_taken":["M","M","$","M","M","R","E","R","T","E","M","M","R","M","R","BOSS"],"items_purchased_type":["Card"],"build_version":"2020-12-22","purchased_purges":1,"victory":false,"max_hp_per_floor":[66,66,66,66,66,66,66,66,66,66,66,66,66,66,66,66,66],"card_choices":[{"not_picked":["Sucker Punch","Predator"],"picked":"Masterful Stab","floor":1.0},{"not_picked":["Underhanded Strike","Prepared"],"picked":"Backflip","floor":2.0},{"not_picked":["Prepared","Endless Agony"],"picked":"Riddle With Holes","floor":4.0},{"not_picked":["Setup","Deflect"],"picked":"Catalyst","floor":5.0},{"not_picked":["Dagger Throw","Finisher"],"picked":"Well Laid Plans","floor":7.0},{"not_picked":["Riddle With Holes","Dodge and Roll","Deflect"],"picked":"SKIP","floor":10.0},{"not_picked":["Acrobatics","Choke"],"picked":"Dagger Throw","floor":11.0},{"not_picked":["All Out Attack","Backflip"],"picked":"Leg Sweep","floor":12.0},{"not_picked":["Quick Slash","Bane"],"picked":"Corpse Explosion","floor":14.0}],"player_experience":396847,"relics_obtained":[{"floor":7.0,"key":"Orichalcum"},{"floor":9.0,"key":"HornCleat"},{"floor":10.0,"key":"Incense Burner"}],"event_choices":[],"is_beta":false,"boss_relics":[],"items_purged_floors":[3],"is_endless":false,"potions_floor_spawned":[1,4,5,11,12],"killed_by":"Slime Boss","ascension_level":17}}