{"host":"m6e09adb7fik7oct","time":1614041475,"event":{"mods":["AchievementEnabler","BaseMod","Better Altar","Better Note","Better Sensory Stone","Better Third Choice","BetterRewards","Block Reminder","Colored Map","Displayed Cursed Tome","Energized Spire","Evolution","Infinite Spire","Ironclad Rager","Key Reminder","Mad Scientist","Minty Spire (QoL Compilation)","Quick Restart","RNG Fix","Relic Stats","Reorder Act Four","Replay The Spire","StSLib","The Construct","The Jungle","The Marked","Trackpad","Transform Curses","Unceasing Turn Reminder","Wandering Minibosses","everything is the same but u backflip on backflip"],"gold_per_floor":[114,114,129,129,129,139,139,169,194,209,224,114,129,129,129,229,229,244,259,274,274,274],"floor_reached":21,"language":"ENG","playtime":2513,"items_purged":["Replay:Many Hands"],"score":266,"play_id":"a47bba18-719c-431f-85ce-11730799a3ac","local_time":"20210222195115","daily_mods":["Shiny","Diverse","Binary"],"is_ascension_mode":false,"campfire_choices":[{"floor":7.0,"key":"REST"},{"floor":15.0,"key":"DIG"}],"circlet_count":0,"master_deck":["theMarked:BindingBlade","theMarked:TurnInvisible+1","theMarked:Defy","theMarked:TakeOffHeels","theMarked:BiggerThanFate","theMarked:Abjuration","theMarked:Levitate","theMarked:Challenge","theMarked:DispelDoubt","theMarked:MagusForm","theMarked:Toughness","theMarked:FavorableWinds","theMarked:ThrowWeapon","theMarked:Vacuum","theMarked:EternalStudent","theMarked:UnarmedFury","theMarked:Snap","construct:GatlingGun","construct:HammerDown","construct:BatteryCore","construct:ShiftingStance","construct:SpinDrive","construct:LongRangeLance","construct:GoldenBullet","construct:ShieldBurst","construct:HastyRepair","construct:MassProduction","construct:Reserves","construct:SiegeForm","construct:ShieldGenerator","construct:MemoryTap","construct:PanicFire","construct:Multistage","construct:HyperBeam","construct:Bunker","construct:ClockworkEgg","MadScienceMod:Assemble","MadScienceMod:FumeHood","MadScienceMod:GoldenGun","MadScienceMod:Refine","MadScienceMod:GatherParts","MadScienceMod:ClockworkAssistant","MadScienceMod:MechanicalSnecko","MadScienceMod:ArtilleryShot","MadScienceMod:Mechanize","MadScienceMod:Reconstitute","MadScienceMod:Booster","MadScienceMod:CondenseVapors","MadScienceMod:CloneVats","MadScienceMod:Postpone","MadScienceMod:Automate","MadScienceMod:GlassCannon","MadScienceMod:LabAccident","MadScienceMod:Tinker","MadScienceMod:Liquify","MadScienceMod:Jetpack","MadScienceMod:Generator","Devotion","LessonLearned","Vault","Establishment","Judgement","MasterReality","Blasphemy","Scrawl","Wish","Brilliance","Replay:AllIn","Alpha","Replay:LoomingThreat","DeusExMachina","ConjureBlade","Ragnarok","ICR:HungryGhost","Omniscience","SpiritShield","DevaForm","Hyperbeam","Machine Learning","Buffer","All For One","Core Surge","Multi-Cast","Thunder Strike","Electrodynamics","ReplayTheSpireMod:Omega Cannon","Rainbow","Mirror Shield","Seek","Echo Form","Reboot","Fission","Biased Cognition","ReplayRNGCard+1","Meteor Strike","Amplify","ICR:Cyclone","Creative AI","ReplayTheSpireMod:Necrosis","Corpse Explosion","ReplayTheSpireMod:From All Sides","Adrenaline","Wraith Form v2","Venomology","Replay:Bag of Tricks","Malaise","ICR:Paralyse","Phantasmal Killer","Unload","Bullet Time","Grand Finale","Die Die Die","Atom Bomb+1","Envenom","Doppelganger","Burst","Tools of the Trade","After Image","Poison Darts","A Thousand Cuts","Night Terror","infinitespire:Neurotoxin","Storm of Steel","Glass Knife","Double Tap","Fiend Fire","Eclipse","Demonic Infusion","Exhume","Bludgeon","Limit Break","Hemogenesis","Demon Form","Berserk","Impervious","Juggernaut","Brutality","Offering","Feed","Corruption","Barricade","ICR:VitalStrike","Reaper","Immolate","construct:ModeShift"],"relics":["PureWater","EVO:Axolotl","infinitespire:Joker Card","Bag of Marbles","War Paint","Smiling Mask","Prayer Wheel","ChewingGum"],"acts_visited":["Exordium","Exordium"],"potions_floor_usage":[21],"damage_taken":[{"damage":19.0,"enemies":"Small Slimes","floor":1.0,"turns":4.0},{"damage":14.0,"enemies":"2 Louse","floor":3.0,"turns":2.0},{"damage":22.0,"enemies":"Replay:BlueRogue","floor":6.0,"turns":3.0},{"damage":16.0,"enemies":"Gremlin Nob","floor":8.0,"turns":4.0},{"damage":0.0,"enemies":"Jaw Worm","floor":10.0,"turns":1.0},{"damage":0.0,"enemies":"Red Slaver","floor":11.0,"turns":1.0},{"damage":0.0,"enemies":"Large Slime","floor":13.0,"turns":3.0},{"damage":57.0,"enemies":"Fading Forest","floor":16.0,"turns":12.0},{"damage":0.0,"enemies":"theJungle:GiantWrat","floor":18.0,"turns":3.0},{"damage":31.0,"enemies":"theJungle:5_Spyders","floor":19.0,"turns":11.0},{"damage":50.0,"enemies":"theJungle:JungleHuntersEncounter","floor":20.0,"turns":10.0},{"damage":13,"enemies":"theJungle:2_Flameangoes","floor":21,"turns":2}],"seed_played":"-9004314451342404475","potions_obtained":[{"floor":2.0,"key":"Fire Potion"},{"floor":2.0,"key":"Doom Potion"},{"floor":2.0,"key":"Ancient Potion"},{"floor":16.0,"key":"BottledMiracle"}],"is_trial":false,"path_per_floor":["M","?","M","?","$","E","R","E","T","M","M","$","M","?","R_BF","B",null,"M","M","M","M"],"character_chosen":"WATCHER","items_purchased":["Elixir"],"campfire_rested":1,"item_purchase_floors":[12],"current_hp_per_floor":[68,68,54,54,54,32,54,48,48,48,48,48,54,54,54,25,73,73,49,7,0,0],"gold":274,"neow_bonus":"","is_daily":true,"chose_seed":false,"campfire_upgraded":0,"win_rate":0.0,"timestamp":1614041475,"path_taken":["M","?","M","?","?","E","R","E","T","M","?","$","M","?","R_BF","BOSS","M","M","?","M"],"items_purchased_type":["Potion"],"build_version":"2020-12-22","purchased_purges":1,"victory":false,"max_hp_per_floor":[75,75,75,75,75,75,75,75,75,75,75,75,75,75,75,73,73,73,73,73,73,73],"relic_stats":{"counters":[12,56],"Prayer Wheel":3,"War Paint":["theMarked:TurnInvisible","ReplayRNGCard"],"Smiling Mask":0,"obtain_stats":[{"Prayer Wheel":16,"ChewingGum":17,"infinitespire:Joker Card":6,"Bag of Marbles":8,"EVO:Axolotl":0,"construct:LongRangeLance":8,"PureWater":0,"War Paint":9,"Smiling Mask":15},{"Prayer Wheel":8,"ChewingGum":8,"infinitespire:Joker Card":3,"Bag of Marbles":4,"EVO:Axolotl":0,"construct:LongRangeLance":4,"PureWater":0,"War Paint":4,"Smiling Mask":7},{"Prayer Wheel":30,"ChewingGum":30,"infinitespire:Joker Card":9,"Bag of Marbles":13,"EVO:Axolotl":0,"construct:LongRangeLance":13,"PureWater":0,"War Paint":13,"Smiling Mask":18}]},"card_choices":[{"not_picked":["Choke","Armaments"],"picked":"SKIP","floor":1.0},{"not_picked":["Deflect","theMarked:Aftermath"],"picked":"SKIP","floor":3.0},{"not_picked":["Redo","Gash"],"picked":"SKIP","floor":6.0},{"not_picked":["Clash","EmptyFist"],"picked":"SKIP","floor":8.0},{"not_picked":["MadScienceMod:FragmentationGrenade","Flying Knee"],"picked":"SKIP","floor":10.0},{"not_picked":["construct:LaserCore","Sever Soul"],"picked":"SKIP","floor":11.0},{"not_picked":["Shockwave","Rebound"],"picked":"SKIP","floor":13.0},{"not_picked":["MadScienceMod:MakeOrBreak","theMarked:ParalyzingBlade"],"picked":"SKIP","floor":18.0},{"not_picked":["Twin Strike+1","construct:Backfire+1"],"picked":"SKIP","floor":18.0},{"not_picked":["Heavy Blade+1"],"picked":"construct:ModeShift","floor":19.0},{"not_picked":["construct:Versatility+1","Clothesline+1"],"picked":"SKIP","floor":19.0},{"not_picked":["construct:QuickAttack","theMarked:Aftermath"],"picked":"SKIP","floor":20.0},{"not_picked":["theMarked:WardOff","theMarked:Polarize+1"],"picked":"SKIP","floor":20.0}],"player_experience":482040,"relics_obtained":[{"floor":6.0,"key":"infinitespire:Joker Card"},{"floor":8.0,"key":"Bag of Marbles"},{"floor":9.0,"key":"War Paint"},{"floor":15.0,"key":"Smiling Mask"}],"event_choices":[{"damage_healed":0.0,"max_hp_gain":0.0,"max_hp_loss":0.0,"gold_gain":0.0,"event_name":"Lab","player_choice":"Got Potions","floor":2.0,"gold_loss":0.0,"damage_taken":0.0},{"damage_healed":54.0,"max_hp_gain":0.0,"max_hp_loss":75.0,"gold_gain":0.0,"event_name":"betterThird:BetterShining","player_choice":"Leave","floor":4.0,"gold_loss":0.0,"damage_taken":0.0},{"damage_healed":0.0,"max_hp_gain":0.0,"max_hp_loss":0.0,"gold_gain":0.0,"event_name":"Upgrade Shrine","player_choice":"Upgraded","floor":14.0,"gold_loss":0.0,"damage_taken":0.0,"cards_upgraded":["Atom Bomb"]}],"is_beta":false,"boss_relics":[{"not_picked":["energizedSpire:BlackCloud","Busted Crown"],"picked":"ChewingGum"}],"items_purged_floors":[12],"is_endless":false,"potions_floor_spawned":[6,16,20],"killed_by":"theJungle:2_Flameangoes","ascension_level":0}}