{"host":"f2zkc2gsfwbibc34","time":1614091514,"event":{"mods":["AchievementEnabler","BaseMod","Better Note","Colored Map","Colored Powertips","Defuse TimeMaze Blight","Minty Spire (QoL Compilation)","Permanent Neow","StSLib","SuperFastMode","The Servant 0.9.4"],"gold_per_floor":[20,20,95,95,120,120,120,133,133,176,176,20,20,39,39,162,162,180,180,205,42,42,80,80,98,98,122,153,153,75,100,100,226,226,245,88,421,421,441,466,466,466,466,466,495,510,520,534,534,534],"floor_reached":51,"language":"ENG","playtime":1360,"items_purged":["TrueSight+1"],"score":1330,"play_id":"afff06b0-1c37-4cc1-814b-52a5b1d4727f","local_time":"20210223154514","is_ascension_mode":true,"campfire_choices":[{"data":"Sunlight","floor":6,"key":"SMITH"},{"data":"Moondial","floor":13,"key":"SMITH"},{"data":"Defy","floor":15,"key":"SMITH"},{"data":"DevaForm","floor":24,"key":"SMITH"},{"floor":29,"key":"REST"},{"data":"Luminosity","floor":32,"key":"SMITH"},{"data":"TheWorld","floor":41,"key":"SMITH"},{"floor":49,"key":"REST"}],"circlet_count":0,"master_deck":["Strike_S","Defend_S","Defend_S","KidneyShot","Exchange","Sunlight+1","TimeWarp","Moondial+1","Defy+1","Dilation","Snipe+1","WasteNot+1","Comet+1","DevaForm+1","Finesse","InstantArmor+1","Luminosity+1","GearUp+1","TheWorld+1","Defy+1","Advance","BottledTime"],"relics":["Uniform","Bottled Flame","Singing Bowl","MealTicket","Pan","Nloth\u0027s Gift","Pear","Mercury Hourglass","Prayer Wheel","Busted Crown","Vajra","Lantern","Kunai","Toy Ornithopter"],"acts_visited":["Exordium","TheCity","TheBeyond"],"potions_floor_usage":[23,23,33,33,50,50,50],"damage_taken":[{"damage":6,"enemies":"Small Slimes","floor":1,"turns":3},{"damage":2,"enemies":"Jaw Worm","floor":5,"turns":3},{"damage":0,"enemies":"Cultist","floor":8,"turns":3},{"damage":9,"enemies":"3 Sentries","floor":10,"turns":6},{"damage":0,"enemies":"Large Slime","floor":14,"turns":3},{"damage":1,"enemies":"The Guardian","floor":16,"turns":13},{"damage":0,"enemies":"Spheric Guardian","floor":18,"turns":4},{"damage":15,"enemies":"2 Thieves","floor":20,"turns":3},{"damage":6,"enemies":"Book of Stabbing","floor":23,"turns":5},{"damage":23,"enemies":"Snake Plant","floor":25,"turns":4},{"damage":7,"enemies":"Cultist and Chosen","floor":27,"turns":5},{"damage":11,"enemies":"Gremlin Leader","floor":28,"turns":4},{"damage":0,"enemies":"Centurion and Healer","floor":31,"turns":2},{"damage":0,"enemies":"Collector","floor":33,"turns":6},{"damage":0,"enemies":"Orb Walker","floor":35,"turns":2},{"damage":22,"enemies":"3 Shapes","floor":39,"turns":2},{"damage":0,"enemies":"Reptomancer","floor":40,"turns":5},{"damage":0,"enemies":"Giant Head","floor":45,"turns":6},{"damage":0,"enemies":"Sphere and 2 Shapes","floor":46,"turns":3},{"damage":16,"enemies":"Jaw Worm Horde","floor":47,"turns":2},{"damage":0,"enemies":"Transient","floor":48,"turns":5},{"damage":0,"enemies":"Awakened One","floor":50,"turns":12}],"seed_played":"-6733568801071537710","potions_obtained":[{"floor":1,"key":"LiquidBronze"},{"floor":10,"key":"Block Potion"},{"floor":20,"key":"Energy Potion"},{"floor":25,"key":"AttackPotion"},{"floor":28,"key":"Energy Potion"},{"floor":35,"key":"SkillPotion"},{"floor":47,"key":"Swift Potion"},{"floor":48,"key":"FearPotion"}],"is_trial":false,"path_per_floor":["M","?","?","?","M","R","?","M","T","E","?","$","R","M","R","B",null,"M","?","M","$","?","E","R","M","T","M","E","R","$","M","R","B",null,"M","$","?","?","M","E","R","?","T","?","E","M","M","M","R","B",null],"character_chosen":"THE_SERVANT","items_purchased":["Pan","Finesse","Luminosity","Vajra"],"campfire_rested":2,"item_purchase_floors":[12,21,30,36],"current_hp_per_floor":[53,37,26,26,24,24,45,45,45,38,38,53,53,55,55,54,65,65,65,52,67,67,73,73,52,52,47,36,62,77,79,79,79,87,91,93,93,93,73,75,75,75,75,75,77,81,69,71,103,109],"gold":534,"neow_bonus":"THREE_RARE_CARDS","is_daily":false,"chose_seed":false,"campfire_upgraded":6,"win_rate":0.0,"timestamp":1614091514,"path_taken":["M","?","?","?","?","R","?","M","T","E","?","$","R","?","R","BOSS","M","?","M","$","?","E","R","M","T","?","E","R","$","M","R","BOSS","M","$","?","?","M","E","R","?","T","?","E","?","M","M","R","BOSS"],"items_purchased_type":["Relic","Card","Card","Relic"],"build_version":"2020-12-22","purchased_purges":1,"victory":true,"max_hp_per_floor":[65,65,65,65,65,65,65,65,65,67,67,67,67,69,69,69,69,69,69,71,71,71,83,83,85,85,87,87,87,87,89,89,89,89,93,93,93,93,95,97,97,97,97,97,99,103,107,109,109,109],"card_choices":[{"not_picked":["Solidify","Initiator"],"picked":"Sunlight","floor":0},{"not_picked":["Shuttle","Rewind"],"picked":"TimeWarp","floor":1},{"not_picked":["BottledTime","Spin"],"picked":"Moondial","floor":5},{"not_picked":["FastForward","Advance"],"picked":"Defy","floor":8},{"not_picked":["Rewind","Spin","Reset"],"picked":"Singing Bowl","floor":10},{"not_picked":["Revamp","Rewind","Replace"],"picked":"Singing Bowl","floor":14},{"not_picked":["LightFlow","SoulSculpture"],"picked":"Dilation","floor":16},{"not_picked":["DualDimension","Starlight"],"picked":"Comet+1","floor":18},{"not_picked":["ShiftingGears","ShatteredReality","Comet"],"picked":"Singing Bowl","floor":20},{"not_picked":["Potential","Revamp+1","ShatteredReality"],"picked":"Singing Bowl","floor":23},{"not_picked":["Reset","Revamp","Starlight"],"picked":"Singing Bowl","floor":25},{"not_picked":["Alleviate","ShatteredReality","RealityMarble"],"picked":"Singing Bowl","floor":27},{"not_picked":["Solidify","Ricochet"],"picked":"InstantArmor+1","floor":28},{"not_picked":["Starlight","Initiator"],"picked":"GearUp+1","floor":31},{"not_picked":["ReturningBlade","Revamp","Ricochet+1"],"picked":"Singing Bowl","floor":31},{"not_picked":["Deny","Sunlight"],"picked":"TheWorld","floor":33},{"not_picked":["Replace"],"picked":"Singing Bowl","floor":35},{"not_picked":["FastForward+1"],"picked":"Singing Bowl","floor":35},{"not_picked":[],"picked":"Defy+1","floor":39},{"not_picked":["Rewind"],"picked":"Singing Bowl","floor":39},{"not_picked":["Replace"],"picked":"Singing Bowl","floor":40},{"not_picked":["Manipulate"],"picked":"Singing Bowl","floor":45},{"not_picked":["Revamp"],"picked":"Singing Bowl","floor":46},{"not_picked":["Moondial+1"],"picked":"Singing Bowl","floor":46},{"not_picked":["Potential"],"picked":"Singing Bowl","floor":47},{"not_picked":["Dilation"],"picked":"Singing Bowl","floor":47},{"not_picked":["Unruled"],"picked":"Singing Bowl","floor":48},{"not_picked":[],"picked":"BottledTime","floor":48}],"player_experience":130000,"relics_obtained":[{"floor":9,"key":"Bottled Flame"},{"floor":10,"key":"Singing Bowl"},{"floor":23,"key":"Pear"},{"floor":26,"key":"Mercury Hourglass"},{"floor":28,"key":"Prayer Wheel"},{"floor":40,"key":"Lantern"},{"floor":43,"key":"Kunai"},{"floor":45,"key":"Toy Ornithopter"}],"event_choices":[{"damage_healed":0,"gold_gain":0,"player_choice":"Take Damage","damage_taken":16,"relics_obtained":["Golden Idol"],"max_hp_gain":0,"max_hp_loss":0,"event_name":"Golden Idol","floor":2,"gold_loss":0},{"damage_healed":0,"gold_gain":75,"player_choice":"Gather Gold","damage_taken":11,"max_hp_gain":0,"max_hp_loss":0,"event_name":"World of Goop","floor":3,"gold_loss":0},{"cards_removed":["Strike_S"],"damage_healed":0,"gold_gain":0,"player_choice":"Purged","damage_taken":0,"max_hp_gain":0,"max_hp_loss":0,"event_name":"Purifier","floor":4,"gold_loss":0},{"damage_healed":21,"gold_gain":0,"player_choice":"Banana","damage_taken":0,"max_hp_gain":0,"max_hp_loss":0,"event_name":"Big Fish","floor":7,"gold_loss":0},{"damage_healed":0,"gold_gain":0,"player_choice":"Gave Potion","damage_taken":0,"relics_obtained":["MealTicket"],"max_hp_gain":0,"max_hp_loss":0,"event_name":"WeMeetAgain","floor":11,"gold_loss":0},{"cards_removed":["DevaForm"],"damage_healed":0,"gold_gain":0,"player_choice":"Take \u0026 Give","damage_taken":0,"max_hp_gain":0,"max_hp_loss":0,"event_name":"betterNote:BetterNote","floor":19,"gold_loss":0,"cards_obtained":["DevaForm"]},{"damage_healed":0,"gold_gain":0,"player_choice":"Traded Relic","damage_taken":0,"relics_obtained":["Nloth\u0027s Gift"],"max_hp_gain":0,"max_hp_loss":0,"event_name":"N\u0027loth","floor":22,"relics_lost":["Astrolabe"],"gold_loss":0},{"damage_healed":0,"gold_gain":333,"player_choice":"Gave Idol","damage_taken":0,"max_hp_gain":0,"max_hp_loss":0,"event_name":"The Moai Head","floor":37,"relics_lost":["Golden Idol"],"gold_loss":0},{"damage_healed":0,"gold_gain":0,"player_choice":"Ignored","damage_taken":0,"max_hp_gain":0,"max_hp_loss":0,"event_name":"Tomb of Lord Red Mask","floor":38,"gold_loss":0},{"damage_healed":0,"gold_gain":0,"player_choice":"Ignored","damage_taken":0,"max_hp_gain":0,"max_hp_loss":0,"event_name":"Mysterious Sphere","floor":42,"gold_loss":0},{"damage_healed":0,"gold_gain":0,"cards_transformed":["Strike_S"],"player_choice":"Transformed","damage_taken":0,"max_hp_gain":0,"max_hp_loss":0,"event_name":"Transmorgrifier","floor":44,"gold_loss":0,"cards_obtained":["Advance"]}],"is_beta":false,"boss_relics":[{"not_picked":["Runic Pyramid","Velvet Choker"],"picked":"Astrolabe"},{"not_picked":["Snecko Eye","Coffee Dripper"],"picked":"Busted Crown"}],"items_purged_floors":[21],"is_endless":false,"potions_floor_spawned":[1,10,20,25,28,35,47,48],"ascension_level":8}}