{"host":"h5acbxt0wmjo1kpm","time":1614064787,"event":{"mods":["2.2 Compatiblity","Act Like it!","AlwaysNeverKeys","Aspiration","Bard","Bartender","BaseMod","Better Third Choice","Colored Map","Elementarium","Gensokyo","GifTheSpireLib","Hallownest","Marisa????????","Menagerie","Minty Spire (QoL Compilation)","Permanent Neow","Potionbrewer","Quick Restart","Relic Filter","Reliquary","Replay The Spire","Robot Space Explorer","Ruina","RumiaBox-????????","Shade Mod","Shapeshifter Mod","Spicy Shops","StSLib","Strawberry Spire","The Blackbeard","The Dragon Tamer","The Gatherer","The Hayseed","The Problem Sleuth","The Servant 0.9.4","Wandering Minibosses","Wide Potions"],"gold_per_floor":[110,210,220,20,120,120,155,155,237,27,56,76,105,116,116,213,213,223,223,240,256,6,6,34,34,34,34,44,77,77,77,77,176,176,193,37,37,37,48,48,48,48],"floor_reached":41,"language":"ENG","playtime":2513,"items_purged":["Strike_S"],"score":598,"play_id":"e1375078-d89c-452a-b240-2cba69833274","local_time":"20210222231947","is_ascension_mode":true,"campfire_choices":[{"data":"Moondial","floor":6,"key":"SMITH"},{"data":"Starlight","floor":8,"key":"SMITH"},{"data":"Moonlight","floor":15,"key":"SMITH"},{"data":"Sunlight","floor":23,"key":"SMITH"},{"data":"SilverBlades","floor":25,"key":"SMITH"},{"data":"SurpressingFire","floor":27,"key":"SMITH"},{"floor":30,"key":"REST"},{"data":"BottledTime","floor":32,"key":"SMITH"},{"data":"RealityMarble","floor":40,"key":"SMITH"}],"circlet_count":0,"master_deck":["AscendersBane","Defend_S","KidneyShot","Exchange","Starlight+1","Moondial+1","SilverBlades+1","SilverBlades","TimeTheft","SurpressingFire+1","Luminosity","Desolation","Moonlight+1","Sunlight+1","Defy","Finisher","Dash","Backflip","Defy","Starlight","BottledTime+1","InstantArmor","Dilation","RealityMarble+1","FastForward","StSShapeShifter:StormGryphonForm","Masterful Stab","strawberrySpire:Swampstar","Blade Dance","Gouge+1"],"relics":["Uniform","aspiration:Nostalgia","Sizzling Blood","ClockworkSouvenir","Replay:WaspNest","reliquary:JackalopeAntler","strawberrySpire:MawJerky","potionbrewer:MortarAndPestle","reliquary:Sod","Mirror","Ornamental Fan","Smiling Mask","reliquary:RedCape"],"acts_visited":["Exordium","ruina:Briah","Gensokyo:Gensokyoest"],"potions_floor_usage":[11,14,16,18,29,29,41],"damage_taken":[{"damage":5,"enemies":"Jaw Worm","floor":1,"turns":6},{"damage":4,"enemies":"Cultist","floor":3,"turns":3},{"damage":17,"enemies":"3 Sentries","floor":7,"turns":8},{"damage":10,"enemies":"Replay:BlueRogue","floor":11,"turns":6},{"damage":2,"enemies":"Small Slimes","floor":12,"turns":3},{"damage":0,"enemies":"Lagavulin","floor":13,"turns":5},{"damage":0,"enemies":"Red Slaver","floor":14,"turns":2},{"damage":5,"enemies":"Fading Forest","floor":16,"turns":11},{"damage":23,"enemies":"ruina:3_Bats","floor":18,"turns":5},{"damage":4,"enemies":"ruina:2_Scarecrows","floor":20,"turns":5},{"damage":0,"enemies":"ruina:Woodsman","floor":21,"turns":4},{"damage":36,"enemies":"ruina:RoadHome","floor":24,"turns":4},{"damage":27,"enemies":"ruina:KnightOfDespair","floor":28,"turns":4},{"damage":8,"enemies":"ruina:ServantOfWrath","floor":29,"turns":3},{"damage":14,"enemies":"ruina:Ozma","floor":33,"turns":9},{"damage":0,"enemies":"Gensokyo:AncientGuardian","floor":35,"turns":6},{"damage":0,"enemies":"Gensokyo:3_Boulders","floor":39,"turns":5},{"damage":36,"enemies":"Gensokyo:Kasen","floor":41,"turns":3}],"seed_played":"-3293520161060948243","potions_obtained":[{"floor":3,"key":"potionbrewer:ToxicPotion"},{"floor":7,"key":"potionbrewer:StunPotion"},{"floor":11,"key":"Venom Potion"},{"floor":13,"key":"potionbrewer:StunPotion"},{"floor":16,"key":"Weak Potion"},{"floor":24,"key":"FearPotion"},{"floor":28,"key":"Strength Potion"},{"floor":33,"key":"SkillPotion"}],"is_trial":false,"path_per_floor":["M","?","M","$","?","R","E","R","T","$","E","M","E","M","R","B",null,"M","?","M","M","$","R","E","R","T","R","M","E","R","?","R","B",null,"M","$","?","?","M","R","E"],"character_chosen":"THE_SERVANT","items_purchased":["SilverBlades","ClockworkSouvenir","SurpressingFire","reliquary:Sod","RealityMarble","FastForward"],"campfire_rested":1,"item_purchase_floors":[4,4,10,22,36,36],"current_hp_per_floor":[62,56,56,56,56,56,43,43,43,43,37,39,47,51,51,73,73,54,54,54,58,58,58,30,30,30,30,12,12,36,36,36,26,67,71,71,63,63,67,67,31,31],"gold":48,"neow_bonus":"NOSTALGIA","is_daily":false,"chose_seed":false,"campfire_upgraded":8,"win_rate":0.0,"timestamp":1614064787,"path_taken":["M","?","M","$","?","R","E","R","T","$","E","M","E","?","R","BOSS","M","?","?","M","$","R","E","R","T","R","M","E","R","?","R","BOSS","M","$","?","?","?","R","E"],"items_purchased_type":["Card","Relic","Card","Relic","Card","Card"],"build_version":"2020-12-22","purchased_purges":1,"victory":false,"max_hp_per_floor":[69,69,69,69,69,69,69,69,69,69,69,69,73,73,73,73,73,73,73,73,73,73,73,77,77,77,77,77,81,81,81,81,81,81,81,81,81,81,81,81,81,81],"card_choices":[{"not_picked":["TimeTheft","Snipe"],"picked":"Starlight","floor":1},{"not_picked":["Orbit","Replace"],"picked":"Moondial","floor":3},{"not_picked":["Spin","Comet"],"picked":"TimeTheft","floor":7},{"not_picked":["FastForward","Potential"],"picked":"Luminosity","floor":11},{"not_picked":["DoubleEdge","SurpressingFire","Alleviate"],"picked":"SKIP","floor":12},{"not_picked":["SpecialFormula","Shuttle"],"picked":"Desolation","floor":13},{"not_picked":["Starlight","BottledTime"],"picked":"Moonlight","floor":14},{"not_picked":["TrueSight","TheWorld"],"picked":"Sunlight","floor":16},{"not_picked":["ShatteredReality","Replace"],"picked":"Defy","floor":18},{"not_picked":["Potential","Replace"],"picked":"Defy","floor":20},{"not_picked":["FanOfKnives+1","LightFlow"],"picked":"Starlight","floor":21},{"not_picked":["Spin+1","FastForward","Ricochet"],"picked":"SKIP","floor":24},{"not_picked":["Ricochet","Snipe"],"picked":"BottledTime","floor":28},{"not_picked":["LightFlow","DoubleEdge+1"],"picked":"InstantArmor","floor":29},{"not_picked":["Sunlight","FlawlessForm"],"picked":"Dilation","floor":33},{"not_picked":["DoubleEdge","Potential+1","ShatteredReality+1"],"picked":"SKIP","floor":35},{"not_picked":["Alleviate","Ricochet"],"picked":"Gouge+1","floor":39}],"player_experience":2308790,"relics_obtained":[{"floor":7,"key":"Replay:WaspNest"},{"floor":9,"key":"reliquary:JackalopeAntler"},{"floor":11,"key":"strawberrySpire:MawJerky"},{"floor":13,"key":"potionbrewer:MortarAndPestle"},{"floor":24,"key":"Mirror"},{"floor":26,"key":"Ornamental Fan"},{"floor":29,"key":"Smiling Mask"}],"event_choices":[{"damage_healed":0,"gold_gain":100,"player_choice":"Pray","damage_taken":0,"max_hp_gain":0,"max_hp_loss":0,"event_name":"Golden Shrine","floor":5,"gold_loss":0}],"is_beta":false,"boss_relics":[{"not_picked":["ChewingGum","reliquary:KinkedSpring","strawberrySpire:SolarisEssence"]},{"not_picked":["aspiration:SilentSkillbook","Runic Pyramid"],"picked":"reliquary:RedCape"}],"items_purged_floors":[36],"is_endless":false,"potions_floor_spawned":[3,7,11,13,16,24,28,33],"killed_by":"Gensokyo:Kasen","ascension_level":10}}