{"host":"clgpak7dimivr1r3","time":1614081162,"event":{"mods":["BaseMod","Colored Map","Colored Powertips","Curses Come First","Minty Spire (QoL Compilation)","Relic Stats","SacredBarkPlus","Say the Spire","StSLib","Thieving Mod"],"gold_per_floor":[109,109,124,124,137,137,170,184,184,184,109,120,120,132,132,211,211,228,238,256,24,38,38,38],"floor_reached":23,"language":"ENG","playtime":831,"items_purged":["Strike_R"],"score":351,"play_id":"0348ff3b-abf0-4026-a49a-a8c0373b5165","local_time":"20210223145242","is_ascension_mode":true,"campfire_choices":[{"data":"Strike_R","floor":6,"key":"SMITH"},{"data":"Metallicize","floor":10,"key":"SMITH"},{"data":"Entrench","floor":15,"key":"SMITH"}],"circlet_count":0,"master_deck":["AscendersBane","Strike_R+1","Strike_R","Strike_R+1","Defend_R","Defend_R+1","Defend_R","Defend_R","Bash","Cleave","Whirlwind+1","Corruption","Metallicize+1","Entrench+1","Inflame","Barricade","Entrench"],"relics":["Burning Blood","NeowsBlessing","Potion Belt","Oddly Smooth Stone","CultistMask","Philosopher\u0027s Stone","Chemical X"],"acts_visited":["Exordium","TheCity"],"potions_floor_usage":[16,16,16,16,16,16,18,19,23,23],"damage_taken":[{"damage":0,"enemies":"Jaw Worm","floor":1,"turns":1},{"damage":0,"enemies":"2 Louse","floor":3,"turns":1},{"damage":0,"enemies":"Cultist","floor":5,"turns":1},{"damage":17,"enemies":"3 Sentries","floor":7,"turns":5},{"damage":7,"enemies":"Large Slime","floor":8,"turns":7},{"damage":0,"enemies":"3 Louse","floor":12,"turns":3},{"damage":5,"enemies":"Exordium Thugs","floor":14,"turns":4},{"damage":34,"enemies":"Slime Boss","floor":16,"turns":6},{"damage":16,"enemies":"Spheric Guardian","floor":18,"turns":5},{"damage":26,"enemies":"3 Byrds","floor":19,"turns":4},{"damage":17,"enemies":"Centurion and Healer","floor":20,"turns":6},{"damage":22,"enemies":"Sentry and Sphere","floor":22,"turns":6},{"damage":8,"enemies":"Book of Stabbing","floor":23,"turns":2}],"seed_played":"1065143477061649092","potions_obtained":[{"floor":7,"key":"EntropicBrew"},{"floor":12,"key":"Explosive Potion"},{"floor":14,"key":"Dexterity Potion"},{"floor":16,"key":"PowerPotion"},{"floor":18,"key":"Weak Potion"},{"floor":22,"key":"Swift Potion"}],"is_trial":false,"path_per_floor":["M","?","M","?","M","R","E","M","T","R","?","M","?","M","R","B",null,"M","M","M","$","M","E"],"character_chosen":"IRONCLAD","items_purchased":["Chemical X"],"campfire_rested":0,"item_purchase_floors":[21],"current_hp_per_floor":[74,51,57,57,63,63,52,51,51,51,51,57,57,58,58,30,64,54,34,23,23,7,0,0],"gold":38,"neow_bonus":"THREE_ENEMY_KILL","is_daily":false,"chose_seed":false,"campfire_upgraded":3,"win_rate":0.0,"timestamp":1614081162,"path_taken":["M","?","M","?","?","R","E","M","T","R","?","M","?","?","R","BOSS","M","M","M","$","M","E"],"items_purchased_type":["Relic"],"build_version":"2020-12-22","purchased_purges":1,"victory":false,"max_hp_per_floor":[75,75,75,75,75,75,75,75,75,75,75,75,75,75,75,75,75,75,75,75,75,75,75,75],"relic_stats":{"counters":[13,51],"Chemical X":[4],"obtain_stats":[{"Potion Belt":7,"NeowsBlessing":0,"Oddly Smooth Stone":9,"Philosopher\u0027s Stone":17,"CultistMask":13,"Chemical X":21,"Burning Blood":0},{"Potion Belt":4,"NeowsBlessing":0,"Oddly Smooth Stone":5,"Philosopher\u0027s Stone":8,"CultistMask":6,"Chemical X":11,"Burning Blood":0},{"Potion Belt":8,"NeowsBlessing":0,"Oddly Smooth Stone":15,"Philosopher\u0027s Stone":28,"CultistMask":18,"Chemical X":43,"Burning Blood":0}],"Burning Blood":72},"card_choices":[{"not_picked":["Clothesline","Anger"],"picked":"Cleave","floor":1},{"not_picked":["Perfected Strike","Flame Barrier"],"picked":"Whirlwind","floor":3},{"not_picked":["Warcry","Havoc","Twin Strike"],"picked":"SKIP","floor":5},{"not_picked":["Thunderclap","True Grit"],"picked":"Corruption","floor":7},{"not_picked":["True Grit","Feel No Pain"],"picked":"Metallicize","floor":8},{"not_picked":["Headbutt","Evolve"],"picked":"Entrench","floor":12},{"not_picked":["Shockwave","Shrug It Off"],"picked":"Inflame","floor":14},{"not_picked":["Berserk","Demon Form"],"picked":"Barricade","floor":16},{"not_picked":["Perfected Strike","Rage+1"],"picked":"Entrench","floor":18},{"not_picked":["True Grit","Headbutt","Perfected Strike"],"picked":"SKIP","floor":19},{"not_picked":["Pummel","Sever Soul+1","Sword Boomerang"],"picked":"SKIP","floor":20},{"not_picked":["Thunderclap","Bloodletting","Twin Strike"],"picked":"SKIP","floor":22}],"player_experience":143211,"relics_obtained":[{"floor":7,"key":"Potion Belt"},{"floor":9,"key":"Oddly Smooth Stone"}],"event_choices":[{"damage_healed":0,"gold_gain":0,"player_choice":"Entered Light","damage_taken":23,"max_hp_gain":0,"max_hp_loss":0,"event_name":"Shining Light","floor":2,"gold_loss":0,"cards_upgraded":["Defend_R","Strike_R"]},{"damage_healed":0,"gold_gain":0,"player_choice":"Upgraded","damage_taken":0,"max_hp_gain":0,"max_hp_loss":0,"event_name":"Upgrade Shrine","floor":4,"gold_loss":0,"cards_upgraded":["Whirlwind"]},{"cards_removed":["Strike_R"],"damage_healed":0,"gold_gain":0,"player_choice":"Card Removal","damage_taken":0,"max_hp_gain":0,"max_hp_loss":0,"event_name":"The Cleric","floor":11,"gold_loss":75},{"damage_healed":0,"gold_gain":0,"player_choice":"Trade","damage_taken":0,"relics_obtained":["CultistMask"],"max_hp_gain":0,"max_hp_loss":0,"event_name":"FaceTrader","floor":13,"gold_loss":0}],"is_beta":false,"boss_relics":[{"not_picked":["Mark of Pain","Coffee Dripper"],"picked":"Philosopher\u0027s Stone"}],"items_purged_floors":[21],"is_endless":false,"potions_floor_spawned":[7,12,14,16,18,22],"killed_by":"Book of Stabbing","ascension_level":16}}