{"host":"zwfzlkwql9nyrw94","time":1614111923,"event":{"mods":["AchievementEnabler","BaseMod","Colored Map","Filter the Spire","Grow up Mod","Highlight Path","Minty Spire (QoL Compilation)","Remove Card Discount Mod"],"gold_per_floor":[110,110,134,150,150,175,175,207,284,284,301,301,320,353,353,457,457,470,470,470,489,489,489,519,519,591,618,344,373,373,472,472,568,568,585,635,647,87,87,119,130,165,165,196,196,48,48,68,68,68],"floor_reached":51,"language":"ENG","playtime":50789,"items_purged":["Strike_G","Defend_G","Defend_G+1","Defend_G+1","Defend_G+1","Strike_G+1","Neutralize+1","Survivor+1","Flying Knee+1","Acrobatics+1","Masterful Stab+1","Poisoned Stab"],"score":1024,"play_id":"1c122d5a-0ace-49ce-ba75-60afa611862c","local_time":"20210223142523","is_ascension_mode":true,"campfire_choices":[{"data":"Neutralize","floor":7,"key":"SMITH"},{"data":"Poisoned Stab","floor":12,"key":"SMITH"},{"data":"Strike_G","floor":15,"key":"SMITH"},{"data":"Acrobatics","floor":23,"key":"SMITH"},{"data":"Masterful Stab","floor":25,"key":"SMITH"},{"data":"Deep Breath","floor":32,"key":"SMITH"},{"data":"Noxious Fumes","floor":47,"key":"SMITH"},{"data":"Burst","floor":49,"key":"SMITH"}],"circlet_count":0,"master_deck":["Poisoned Stab+1","Catalyst+1","Deadly Poison","Deep Breath+1","Catalyst","Noxious Fumes+1","Burst+1"],"relics":["Coffee Dripper","Strawberry","PreservedInsect","Bird Faced Urn","Eternal Feather","Toy Ornithopter","Astrolabe","Enchiridion","FossilizedHelix","StrikeDummy","War Paint","Art of War","Busted Crown","The Specimen","TheAbacus","Gremlin Horn","Anchor","Potion Belt","CeramicFish","White Beast Statue","Boot"],"acts_visited":["Exordium","TheCity","TheBeyond"],"potions_floor_usage":[13,16,16,16,33,48,50,50],"damage_taken":[{"damage":1,"enemies":"Jaw Worm","floor":1,"turns":5},{"damage":0,"enemies":"Cultist","floor":4,"turns":5},{"damage":37,"enemies":"Lagavulin","floor":6,"turns":14},{"damage":21,"enemies":"3 Sentries","floor":8,"turns":9},{"damage":0,"enemies":"2 Louse","floor":11,"turns":2},{"damage":2,"enemies":"Lots of Slimes","floor":13,"turns":4},{"damage":10,"enemies":"Gremlin Nob","floor":14,"turns":4},{"damage":119,"enemies":"Hexaghost","floor":16,"turns":12},{"damage":14,"enemies":"2 Thieves","floor":18,"turns":5},{"damage":1,"enemies":"Chosen","floor":21,"turns":5},{"damage":19,"enemies":"Book of Stabbing","floor":24,"turns":3},{"damage":12,"enemies":"Slavers","floor":27,"turns":5},{"damage":27,"enemies":"Gremlin Leader","floor":29,"turns":3},{"damage":12,"enemies":"Champ","floor":33,"turns":5},{"damage":43,"enemies":"3 Darklings","floor":35,"turns":5},{"damage":170,"enemies":"Mind Bloom Boss Battle","floor":36,"turns":3},{"damage":4,"enemies":"Orb Walker","floor":37,"turns":2},{"damage":12,"enemies":"Nemesis","floor":40,"turns":3},{"damage":0,"enemies":"3 Darklings","floor":41,"turns":3},{"damage":14,"enemies":"Reptomancer","floor":42,"turns":4},{"damage":0,"enemies":"Nemesis","floor":44,"turns":3},{"damage":0,"enemies":"Sphere and 2 Shapes","floor":48,"turns":3},{"damage":0,"enemies":"Awakened One","floor":50,"turns":4}],"seed_played":"8162785265884155621","potions_obtained":[{"floor":1,"key":"SkillPotion"},{"floor":6,"key":"Swift Potion"},{"floor":8,"key":"SneckoOil"},{"floor":13,"key":"SteroidPotion"},{"floor":24,"key":"BlessingOfTheForge"},{"floor":29,"key":"Energy Potion"},{"floor":37,"key":"LiquidMemories"},{"floor":40,"key":"Block Potion"},{"floor":42,"key":"ColorlessPotion"},{"floor":44,"key":"Block Potion"},{"floor":48,"key":"SmokeBomb"}],"is_trial":false,"path_per_floor":["M","?","T","M","?","E","R","E","T","?","M","R","M","E","R","B",null,"M","?","?","M","?","R","E","R","T","E","$","E","?","?","R","B",null,"M","?","M","$","?","E","M","E","T","E","?","$","R","M","R","B",null],"character_chosen":"THE_SILENT","items_purchased":["Deadly Poison","Poisoned Stab","Envenom","Deep Breath","TheAbacus","Gremlin Horn","Anchor","Catalyst","Noxious Fumes","PowerPotion"],"campfire_rested":0,"item_purchase_floors":[28,28,28,28,38,38,38,46,46,46],"current_hp_per_floor":[89,81,91,101,115,88,98,87,97,107,117,133,141,141,157,63,257,253,263,273,282,276,292,285,301,311,311,321,308,318,328,341,348,427,394,238,248,258,268,268,280,278,288,300,310,320,333,352,365,391],"gold":68,"neow_bonus":"BOSS_RELIC","is_daily":false,"chose_seed":false,"campfire_upgraded":8,"win_rate":0.0,"timestamp":1614111923,"path_taken":["M","?","?","?","?","E","R","E","T","?","M","R","?","E","R","BOSS","M","?","?","M","?","R","E","R","T","E","$","E","?","?","R","BOSS","M","?","M","$","?","E","M","E","T","E","?","$","R","?","R","BOSS"],"items_purchased_type":["Card","Card","Card","Card","Relic","Relic","Relic","Card","Card","Potion"],"build_version":"2020-12-22","purchased_purges":12,"victory":true,"max_hp_per_floor":[90,100,110,120,137,147,157,167,177,187,197,207,217,227,237,247,257,267,277,287,297,307,317,327,337,347,357,367,377,387,397,407,417,427,437,447,457,467,477,487,497,507,517,527,537,547,557,567,577,587],"card_choices":[{"not_picked":["Blur","Deflect","Quick Slash"],"picked":"SKIP","floor":1},{"not_picked":["Acrobatics","Outmaneuver","Reflex"],"picked":"SKIP","floor":4},{"not_picked":["Bane","Unload"],"picked":"Poisoned Stab","floor":6},{"not_picked":["Distraction","Leg Sweep","Escape Plan"],"picked":"SKIP","floor":8},{"not_picked":["Dodge and Roll","Predator","Footwork"],"picked":"SKIP","floor":11},{"not_picked":["Dodge and Roll","Predator","Footwork"],"picked":"SKIP","floor":11},{"not_picked":["Acrobatics","Dagger Spray","Sucker Punch"],"picked":"SKIP","floor":13},{"not_picked":["Concentrate","Tactician","Dagger Throw"],"picked":"SKIP","floor":14},{"not_picked":["Heel Hook+1","Caltrops","Bane"],"picked":"SKIP","floor":18},{"not_picked":["Eviscerate+1","Flying Knee","Distraction"],"picked":"SKIP","floor":21},{"not_picked":["Backflip","Infinite Blades","Underhanded Strike"],"picked":"SKIP","floor":24},{"not_picked":["Bane","PiercingWail","Slice"],"picked":"SKIP","floor":27},{"not_picked":["PiercingWail","Slice+1","Calculated Gamble"],"picked":"SKIP","floor":29},{"not_picked":["Cloak And Dagger"],"picked":"SKIP","floor":35},{"not_picked":["PiercingWail+1"],"picked":"SKIP","floor":37},{"not_picked":["Cloak And Dagger"],"picked":"SKIP","floor":40},{"not_picked":["PiercingWail+1"],"picked":"SKIP","floor":41},{"not_picked":["Concentrate+1"],"picked":"SKIP","floor":42},{"not_picked":["Backstab"],"picked":"SKIP","floor":44},{"not_picked":[],"picked":"Burst","floor":48}],"player_experience":182618,"relics_obtained":[{"floor":6,"key":"PreservedInsect"},{"floor":8,"key":"Bird Faced Urn"},{"floor":9,"key":"Eternal Feather"},{"floor":14,"key":"Toy Ornithopter"},{"floor":22,"key":"Enchiridion"},{"floor":24,"key":"FossilizedHelix"},{"floor":26,"key":"StrikeDummy"},{"floor":27,"key":"War Paint"},{"floor":29,"key":"Art of War"},{"floor":36,"key":"The Specimen"},{"floor":40,"key":"Potion Belt"},{"floor":42,"key":"CeramicFish"},{"floor":43,"key":"White Beast Statue"},{"floor":44,"key":"Boot"}],"event_choices":[{"damage_healed":0,"gold_gain":0,"player_choice":"Entered Light","damage_taken":18,"max_hp_gain":0,"max_hp_loss":0,"event_name":"Shining Light","floor":2,"gold_loss":0,"cards_upgraded":["Survivor","Defend_G"]},{"damage_healed":0,"gold_gain":0,"player_choice":"Success","damage_taken":3,"relics_obtained":["Strawberry"],"max_hp_gain":0,"max_hp_loss":0,"event_name":"Scrap Ooze","floor":5,"gold_loss":0},{"damage_healed":0,"gold_gain":0,"player_choice":"Bought 0 Potions","damage_taken":0,"max_hp_gain":0,"max_hp_loss":0,"event_name":"The Woman in Blue","floor":10,"gold_loss":0},{"damage_healed":0,"gold_gain":0,"player_choice":"Ignored","damage_taken":0,"max_hp_gain":0,"max_hp_loss":0,"event_name":"Vampires","floor":19,"gold_loss":0},{"damage_healed":0,"gold_gain":0,"cards_transformed":["Strike_G","Accuracy"],"player_choice":"Became Test Subject","damage_taken":0,"max_hp_gain":0,"max_hp_loss":0,"event_name":"Drug Dealer","floor":20,"gold_loss":0,"cards_obtained":["Masterful Stab","Acrobatics"]},{"damage_healed":0,"gold_gain":0,"player_choice":"Obtained Book","damage_taken":16,"max_hp_gain":0,"max_hp_loss":0,"event_name":"Cursed Tome","floor":22,"gold_loss":0},{"damage_healed":0,"gold_gain":0,"player_choice":"Ignored","damage_taken":0,"max_hp_gain":0,"max_hp_loss":0,"event_name":"Ghosts","floor":30,"gold_loss":0},{"damage_healed":0,"gold_gain":99,"player_choice":"Stole From Cult","damage_taken":0,"max_hp_gain":0,"max_hp_loss":0,"event_name":"Nest","floor":31,"gold_loss":0},{"damage_healed":0,"gold_gain":0,"player_choice":"Fight","damage_taken":0,"max_hp_gain":0,"max_hp_loss":0,"event_name":"MindBloom","floor":36,"gold_loss":0},{"cards_removed":["Envenom"],"damage_healed":0,"gold_gain":0,"player_choice":"Removed Power","damage_taken":0,"max_hp_gain":0,"max_hp_loss":0,"event_name":"Falling","floor":39,"gold_loss":0},{"damage_healed":0,"gold_gain":0,"player_choice":"Ignored","damage_taken":0,"max_hp_gain":0,"max_hp_loss":0,"event_name":"Transmorgrifier","floor":45,"gold_loss":0}],"is_beta":false,"boss_relics":[{"not_picked":["Cursed Key","Runic Pyramid"],"picked":"Astrolabe"},{"not_picked":["HoveringKite","SacredBark"],"picked":"Busted Crown"}],"items_purged_floors":[28,28,28,28,28,28,28,28,28,28,28,46],"is_endless":false,"potions_floor_spawned":[1,6,8,13,24,29,37,40,42,44,48],"ascension_level":1}}