{"host":"359hz4210ybch7ku","time":1614064658,"event":{"mods":["BaseMod","Block Reminder","Colored Map","Colored Powertips","Highlight Path","Minty Spire (QoL Compilation)","Slay the Relics Exporter","StSLib"],"gold_per_floor":[115,127,107,125,144,144,173,187,187,214,228,228,238,86,86,186,186,202,202,215,232,28,60,60,85,85,85,85,85,103,133,133,133,133],"floor_reached":33,"language":"ENG","playtime":3118,"items_purged":["Strike_G"],"score":396,"play_id":"cc3dc93a-7717-4e67-8c3a-f0e0b96f3e31","local_time":"20210222231738","is_ascension_mode":true,"campfire_choices":[{"data":"Dash","floor":6.0,"key":"SMITH"},{"data":"Slice","floor":12.0,"key":"SMITH"},{"floor":15.0,"key":"REST"},{"floor":24.0,"key":"REST"},{"floor":28.0,"key":"REST"},{"floor":32.0,"key":"REST"}],"circlet_count":0,"master_deck":["Strike_G","Strike_G","Strike_G","Strike_G","Defend_G","Defend_G","Defend_G","Defend_G","Defend_G","Survivor","Neutralize+1","Dash+1","Slice+1","Slice","Backflip+1","Escape Plan+1","Outmaneuver+1","Cloak And Dagger+1","Well Laid Plans","Night Terror+1","Cloak And Dagger+1","Outmaneuver+1","Cloak And Dagger+1","Blade Dance+1","Setup+1","Acrobatics+1","RitualDagger","Flechettes"],"relics":["Ring of the Snake","Toxic Egg 2","Bottled Flame","Toy Ornithopter","Fusion Hammer","Pen Nib","TungstenRod","Juzu Bracelet","Oddly Smooth Stone"],"acts_visited":["Exordium","TheCity"],"potions_floor_usage":[],"damage_taken":[{"damage":4.0,"enemies":"2 Louse","floor":1.0,"turns":3.0},{"damage":4.0,"enemies":"Cultist","floor":2.0,"turns":4.0},{"damage":0.0,"enemies":"Jaw Worm","floor":4.0,"turns":5.0},{"damage":7.0,"enemies":"Large Slime","floor":5.0,"turns":9.0},{"damage":11.0,"enemies":"Gremlin Nob","floor":7.0,"turns":4.0},{"damage":1.0,"enemies":"Looter","floor":8.0,"turns":3.0},{"damage":10.0,"enemies":"3 Sentries","floor":10.0,"turns":9.0},{"damage":0.0,"enemies":"Exordium Thugs","floor":11.0,"turns":4.0},{"damage":5.0,"enemies":"Gremlin Gang","floor":13.0,"turns":5.0},{"damage":30.0,"enemies":"Hexaghost","floor":16.0,"turns":16.0},{"damage":0.0,"enemies":"Chosen","floor":18.0,"turns":5.0},{"damage":0.0,"enemies":"3 Byrds","floor":20.0,"turns":6.0},{"damage":15.0,"enemies":"Centurion and Healer","floor":21.0,"turns":7.0},{"damage":35.0,"enemies":"Book of Stabbing","floor":23.0,"turns":7.0},{"damage":7.0,"enemies":"Slavers","floor":25.0,"turns":6.0},{"damage":11.0,"enemies":"Shelled Parasite and Fungi","floor":30.0,"turns":5.0},{"damage":23.0,"enemies":"Book of Stabbing","floor":31.0,"turns":5.0},{"damage":61,"enemies":"Champ","floor":33,"turns":15}],"seed_played":"-8543429224532125485","potions_obtained":[{"floor":2.0,"key":"SpeedPotion"},{"floor":3.0,"key":"Swift Potion"},{"floor":4.0,"key":"Poison Potion"},{"floor":10.0,"key":"Strength Potion"},{"floor":13.0,"key":"Energy Potion"},{"floor":20.0,"key":"AttackPotion"},{"floor":23.0,"key":"Explosive Potion"}],"is_trial":false,"path_per_floor":["M","M","?","M","M","R","E","M","T","E","M","R","M","$","R","B",null,"M","?","M","M","$","E","R","E","T","$","R","?","M","E","R","B"],"character_chosen":"THE_SILENT","items_purchased":["Well Laid Plans","Pen Nib","Blade Dance+1"],"campfire_rested":4,"item_purchase_floors":[14,22,22],"current_hp_per_floor":[66,62,62,62,55,55,44,43,43,33,33,33,28,28,49,24,59,59,46,46,36,36,6,28,26,26,26,48,43,32,9,31,0,0],"gold":133,"neow_bonus":"UPGRADE_CARD","is_daily":false,"chose_seed":false,"campfire_upgraded":2,"win_rate":0.0,"timestamp":1614064658,"path_taken":["M","M","?","M","M","R","E","?","T","E","M","R","M","$","R","BOSS","M","?","M","M","$","E","R","E","T","$","R","?","M","E","R","BOSS"],"items_purchased_type":["Card","Relic","Card"],"build_version":"2020-12-22","purchased_purges":1,"victory":false,"max_hp_per_floor":[70,70,70,70,70,70,70,70,70,70,70,70,70,70,70,70,70,70,75,75,75,75,75,75,75,75,75,75,75,75,75,75,75,75],"card_choices":[{"not_picked":["Dagger Throw","Reflex","Poisoned Stab"],"picked":"SKIP","floor":1.0},{"not_picked":["Sucker Punch","Blade Dance"],"picked":"Dash","floor":2.0},{"not_picked":["Underhanded Strike","Choke"],"picked":"Slice","floor":4.0},{"not_picked":["All Out Attack","Blade Dance"],"picked":"Slice","floor":5.0},{"not_picked":["Calculated Gamble+1","Dagger Spray","Eviscerate"],"picked":"SKIP","floor":7.0},{"not_picked":["Dagger Throw","Heel Hook"],"picked":"Backflip+1","floor":8.0},{"not_picked":["Poisoned Stab","Backflip+1"],"picked":"Escape Plan+1","floor":10.0},{"not_picked":["Flying Knee","Heel Hook"],"picked":"Outmaneuver+1","floor":11.0},{"not_picked":["Reflex+1","Doppelganger+1"],"picked":"Cloak And Dagger+1","floor":13.0},{"not_picked":["Malaise+1","Bullet Time+1"],"picked":"Night Terror+1","floor":16.0},{"not_picked":["Dagger Spray","PiercingWail+1"],"picked":"Cloak And Dagger+1","floor":18.0},{"not_picked":["Reflex+1","Dagger Throw"],"picked":"Outmaneuver+1","floor":20.0},{"not_picked":["Crippling Poison+1","Tactician+1"],"picked":"Cloak And Dagger+1","floor":21.0},{"not_picked":["Predator","Quick Slash"],"picked":"Setup+1","floor":23.0},{"not_picked":["Dagger Spray+1","Storm of Steel+1"],"picked":"Acrobatics+1","floor":25.0},{"not_picked":["Masterful Stab","Dagger Spray","Outmaneuver+1"],"picked":"SKIP","floor":30.0},{"not_picked":["Prepared+1","Eviscerate+1"],"picked":"Flechettes","floor":31.0}],"player_experience":350007,"relics_obtained":[{"floor":7.0,"key":"Toxic Egg 2"},{"floor":9.0,"key":"Bottled Flame"},{"floor":10.0,"key":"Toy Ornithopter"},{"floor":23.0,"key":"TungstenRod"},{"floor":25.0,"key":"Juzu Bracelet"},{"floor":31.0,"key":"Oddly Smooth Stone"}],"event_choices":[{"damage_healed":0.0,"max_hp_gain":0.0,"max_hp_loss":0.0,"gold_gain":0.0,"event_name":"The Woman in Blue","player_choice":"Bought 1 Potion","floor":3.0,"gold_loss":0.0,"damage_taken":0.0},{"damage_healed":0.0,"max_hp_gain":5.0,"max_hp_loss":0.0,"gold_gain":0.0,"event_name":"Forgotten Altar","player_choice":"Shed Blood","floor":19.0,"gold_loss":0.0,"damage_taken":18.0},{"damage_healed":0.0,"max_hp_gain":0.0,"max_hp_loss":0.0,"gold_gain":0.0,"event_name":"Nest","player_choice":"Joined the Cult","floor":29.0,"gold_loss":0.0,"damage_taken":6.0,"cards_obtained":["RitualDagger"]}],"is_beta":false,"boss_relics":[{"not_picked":["Pandora\u0027s Box","Runic Dome"],"picked":"Fusion Hammer"}],"items_purged_floors":[14],"is_endless":false,"potions_floor_spawned":[2,4,10,13,20,23],"killed_by":"Champ","ascension_level":5}}