{"host":"kaame4qwxxqnygv7","time":1614066603,"event":{"mods":["AchievementEnabler","BaseMod","Better Match","Better Skull","Better Third Choice","BetterRewards","Block Reminder","Bossed Relics","DeckTracker","Energized Spire","GungeonMod","Minty Spire (QoL Compilation)","Quick Restart","Red Circlet Mod","StSLib","SuperFastMode","The Blue Laboratory"],"gold_per_floor":[109,109,109,9,32,32,32],"floor_reached":6,"language":"KOR","playtime":247,"items_purged":["Strike_G","Injury"],"score":51,"play_id":"56781187-2e83-44ed-9a0d-6b1a77c0bd39","local_time":"20210223165003","is_ascension_mode":true,"campfire_choices":[],"circlet_count":0,"master_deck":["AscendersBane","Strike_G","Strike_G","Strike_G","Strike_G","Defend_G","Defend_G","Defend_G","Defend_G","Defend_G","Survivor","Neutralize","Distraction","Dodge and Roll"],"relics":["Ring of the Snake","Oddly Smooth Stone","FossilizedHelix","DemoMod:GnawedKey","Shovel","Golden Idol"],"acts_visited":["Exordium"],"potions_floor_usage":[],"damage_taken":[{"damage":0,"enemies":"Jaw Worm","floor":1,"turns":7},{"damage":0,"enemies":"2 Louse","floor":5,"turns":3},{"damage":0,"enemies":"Lagavulin","floor":6,"turns":2}],"seed_played":"5451148648484571723","potions_obtained":[],"is_trial":false,"path_per_floor":["M","?","?","$","M","E"],"character_chosen":"THE_SILENT","items_purchased":["Oddly Smooth Stone","FossilizedHelix","DemoMod:GnawedKey"],"campfire_rested":0,"item_purchase_floors":[0,0,0],"current_hp_per_floor":[31,31,54,54,54,54,54],"gold":32,"neow_bonus":"","is_daily":false,"chose_seed":false,"campfire_upgraded":0,"win_rate":0.0,"timestamp":1614066603,"path_taken":["M","?","?","?","M","E"],"items_purchased_type":["Relic","Relic","Relic"],"build_version":"2020-12-22","purchased_purges":2,"victory":false,"max_hp_per_floor":[70,70,70,70,70,70,70],"card_choices":[{"not_picked":["Backflip","Leg Sweep"],"picked":"Distraction","floor":1},{"not_picked":["Acrobatics","Underhanded Strike"],"picked":"Dodge and Roll","floor":5}],"player_experience":324480,"relics_obtained":[],"event_choices":[{"damage_healed":0,"gold_gain":0,"player_choice":"Take Wound","damage_taken":0,"relics_obtained":["Golden Idol"],"max_hp_gain":0,"max_hp_loss":0,"event_name":"Golden Idol","floor":2,"gold_loss":0,"cards_obtained":["Injury"]},{"damage_healed":23,"gold_gain":0,"player_choice":"Banana","damage_taken":0,"max_hp_gain":0,"max_hp_loss":0,"event_name":"Big Fish","floor":3,"gold_loss":0}],"is_beta":false,"boss_relics":[],"items_purged_floors":[0,4],"is_endless":false,"potions_floor_spawned":[],"killed_by":"Lagavulin","ascension_level":10}}