{"host":"0ghi9uxs64f8c30g","time":1614108969,"event":{"mods":["BaseMod","Minty Spire (QoL Compilation)","StSLib"],"gold_per_floor":[110,35,45,45,62,62,91,91,91,91,91,120,134,148,148,148,148],"floor_reached":16,"language":"ENG","playtime":932,"items_purged":["Strike_R"],"score":149,"play_id":"06f22745-110d-4f64-909d-600104f5b597","local_time":"20210223203609","is_ascension_mode":true,"campfire_choices":[{"data":"Twin Strike","floor":6,"key":"SMITH"},{"floor":10,"key":"REST"},{"data":"Iron Wave","floor":15,"key":"SMITH"}],"circlet_count":0,"master_deck":["Strike_R","Strike_R","Defend_R","Defend_R","Defend_R","Defend_R","Bash","Twin Strike+1","Headbutt","Iron Wave+1","Iron Wave","Twin Strike","Body Slam"],"relics":["Burning Blood","Kunai","Meat on the Bone","Paper Frog"],"acts_visited":[],"potions_floor_usage":[16,16,16],"damage_taken":[{"damage":18,"enemies":"Jaw Worm","floor":1,"turns":4},{"damage":1,"enemies":"Cultist","floor":3,"turns":3},{"damage":14,"enemies":"2 Louse","floor":5,"turns":2},{"damage":42,"enemies":"Lagavulin","floor":7,"turns":6},{"damage":12,"enemies":"3 Sentries","floor":12,"turns":8},{"damage":9,"enemies":"Exordium Thugs","floor":13,"turns":5},{"damage":5,"enemies":"Gremlin Gang","floor":14,"turns":4},{"damage":59,"enemies":"Slime Boss","floor":16,"turns":11}],"seed_played":"4570432641415844564","potions_obtained":[{"floor":1,"key":"LiquidMemories"},{"floor":3,"key":"LiquidBronze"},{"floor":12,"key":"BlessingOfTheForge"}],"is_trial":false,"path_per_floor":["M","$","M","?","M","R","E","?","T","R","$","E","M","M","R","B"],"character_chosen":"IRONCLAD","items_purchased":[],"campfire_rested":1,"item_purchase_floors":[],"current_hp_per_floor":[60,60,65,80,72,72,36,29,29,53,53,47,56,57,57,0,0],"gold":148,"neow_bonus":"TRANSFORM_CARD","is_daily":false,"chose_seed":false,"campfire_upgraded":2,"win_rate":0.0,"timestamp":1614108969,"path_taken":["M","$","M","?","?","R","E","?","T","R","$","E","M","M","R","BOSS"],"items_purchased_type":[],"build_version":"2020-12-22","purchased_purges":1,"victory":false,"max_hp_per_floor":[80,80,80,80,80,80,80,80,80,80,80,80,80,80,80,80,80],"card_choices":[{"not_picked":["Feel No Pain","Flex"],"picked":"Twin Strike","floor":1},{"not_picked":["Thunderclap","Barricade"],"picked":"Headbutt","floor":3},{"not_picked":["Wild Strike","Spot Weakness"],"picked":"Iron Wave","floor":5},{"not_picked":["Entrench","Spot Weakness"],"picked":"Iron Wave","floor":7},{"not_picked":["Double Tap","Iron Wave"],"picked":"Twin Strike","floor":12},{"not_picked":["Intimidate","Rage"],"picked":"Body Slam","floor":13},{"not_picked":["Entrench","Anger","Second Wind"],"picked":"SKIP","floor":14}],"player_experience":213657,"relics_obtained":[{"floor":7,"key":"Kunai"},{"floor":9,"key":"Meat on the Bone"},{"floor":12,"key":"Paper Frog"}],"event_choices":[{"cards_removed":["Rupture"],"damage_healed":15,"gold_gain":0,"player_choice":"Offered Uncommon","damage_taken":0,"max_hp_gain":0,"max_hp_loss":0,"event_name":"Bonfire Elementals","floor":4,"gold_loss":0},{"cards_removed":["Strike_R"],"damage_healed":0,"gold_gain":0,"player_choice":"Card Removal","damage_taken":7,"max_hp_gain":0,"max_hp_loss":0,"event_name":"Golden Wing","floor":8,"gold_loss":0}],"is_beta":false,"boss_relics":[],"items_purged_floors":[2],"is_endless":false,"potions_floor_spawned":[1,3,12],"killed_by":"Slime Boss","ascension_level":7}}