{"host":"d4km6p8r92tm3vpl","time":1614114561,"event":{"mods":["AchievementEnabler","BaseMod","Colored Map","Colored Powertips","DeckTracker","Minty Spire (QoL Compilation)","Relic Stats","StSLib"],"gold_per_floor":[118,137,137,155,0,0,23,76,76,101,141,141,141,165,165,267,267,294,318,318,318],"floor_reached":20,"language":"ENG","playtime":685,"items_purged":["Strike_G"],"score":316,"play_id":"dc2433be-4bf9-4ed4-8659-8b355134bee7","local_time":"20210223160921","is_ascension_mode":true,"campfire_choices":[{"data":"After Image","floor":6.0,"key":"SMITH"},{"data":"Blade Dance","floor":15,"key":"SMITH"}],"circlet_count":0,"master_deck":["AscendersBane","Strike_G","Strike_G","Strike_G","Strike_G","Defend_G","Defend_G","Defend_G","Defend_G","Defend_G","Survivor","Neutralize","Blade Dance","Noxious Fumes","Blade Dance+1","After Image+1","Dagger Throw","A Thousand Cuts","Deflect","Backstab","PiercingWail","Die Die Die","Caltrops","Infinite Blades+1"],"relics":["Ring of the Snake","NeowsBlessing","Golden Idol","CeramicFish","MealTicket","White Beast Statue","SlaversCollar"],"acts_visited":["Exordium","TheCity"],"potions_floor_usage":[18,20],"damage_taken":[{"damage":0.0,"enemies":"2 Louse","floor":1.0,"turns":1.0},{"damage":0.0,"enemies":"Small Slimes","floor":2.0,"turns":1.0},{"damage":0.0,"enemies":"Cultist","floor":4.0,"turns":1.0},{"damage":9.0,"enemies":"3 Louse","floor":7.0,"turns":4.0},{"damage":7.0,"enemies":"Lagavulin","floor":8.0,"turns":5.0},{"damage":3.0,"enemies":"Blue Slaver","floor":10.0,"turns":6.0},{"damage":19.0,"enemies":"3 Sentries","floor":11.0,"turns":7.0},{"damage":0.0,"enemies":"Exordium Wildlife","floor":14.0,"turns":3.0},{"damage":20,"enemies":"Slime Boss","floor":16,"turns":10},{"damage":21,"enemies":"2 Thieves","floor":18,"turns":5},{"damage":23,"enemies":"Spheric Guardian","floor":19,"turns":6},{"damage":9,"enemies":"Snake Plant","floor":20,"turns":2}],"seed_played":"95156669507068399","potions_obtained":[{"floor":2.0,"key":"LiquidBronze"},{"floor":4.0,"key":"DistilledChaos"},{"floor":7.0,"key":"FearPotion"},{"floor":11.0,"key":"Explosive Potion"},{"floor":14,"key":"PowerPotion"},{"floor":18,"key":"LiquidMemories"}],"is_trial":false,"path_per_floor":["M","M","?","M","$","R","M","E","T","M","E","?","?","M","R","B",null,"M","M","M"],"character_chosen":"THE_SILENT","items_purchased":["After Image"],"campfire_rested":0,"item_purchase_floors":[5],"current_hp_per_floor":[59,59,59,59,59,59,50,43,43,40,21,41,41,41,41,21,51,30,7,0,0],"gold":318,"neow_bonus":"THREE_ENEMY_KILL","is_daily":false,"chose_seed":false,"campfire_upgraded":2,"win_rate":0.0,"timestamp":1614114561,"path_taken":["M","M","?","M","$","R","M","E","T","M","E","?","?","M","R","BOSS","M","?","M"],"items_purchased_type":["Card"],"build_version":"2020-12-22","purchased_purges":1,"victory":false,"max_hp_per_floor":[66,66,61,61,61,61,61,61,61,61,61,61,61,61,61,61,61,61,61,61,61],"relic_stats":{"counters":[12,51],"Golden Idol":59,"CeramicFish":63,"MealTicket":0,"obtain_stats":[{"SlaversCollar":17,"NeowsBlessing":0,"Golden Idol":3,"CeramicFish":8,"MealTicket":9,"White Beast Statue":11,"Ring of the Snake":0},{"SlaversCollar":9,"NeowsBlessing":0,"Golden Idol":2,"CeramicFish":5,"MealTicket":5,"White Beast Statue":7,"Ring of the Snake":0},{"SlaversCollar":38,"NeowsBlessing":0,"Golden Idol":2,"CeramicFish":12,"MealTicket":12,"White Beast Statue":25,"Ring of the Snake":0}],"Ring of the Snake":[24]},"card_choices":[{"not_picked":["Slice","Predator"],"picked":"Blade Dance","floor":1.0},{"not_picked":["Well Laid Plans","Bane"],"picked":"Noxious Fumes","floor":2.0},{"not_picked":["Flying Knee","Cloak And Dagger"],"picked":"Blade Dance","floor":4.0},{"not_picked":["Expertise","Prepared"],"picked":"Dagger Throw","floor":7.0},{"not_picked":["Dodge and Roll","Burst"],"picked":"A Thousand Cuts","floor":8.0},{"not_picked":["Outmaneuver","Dagger Spray"],"picked":"Deflect","floor":10.0},{"not_picked":["Dagger Spray","Underhanded Strike"],"picked":"Backstab","floor":11.0},{"not_picked":["Concentrate","Acrobatics"],"picked":"PiercingWail","floor":14},{"not_picked":["Bullet Time","Malaise"],"picked":"Die Die Die","floor":16},{"not_picked":["Tactician","Outmaneuver+1"],"picked":"Caltrops","floor":18},{"not_picked":["Flying Knee+1","Sucker Punch"],"picked":"Infinite Blades+1","floor":19}],"player_experience":856270,"relics_obtained":[{"floor":8.0,"key":"CeramicFish"},{"floor":9.0,"key":"MealTicket"},{"floor":11.0,"key":"White Beast Statue"}],"event_choices":[{"damage_healed":0.0,"max_hp_gain":0.0,"max_hp_loss":5.0,"gold_gain":0.0,"event_name":"Golden Idol","player_choice":"Lose Max HP","floor":3.0,"gold_loss":0.0,"damage_taken":0.0,"relics_obtained":["Golden Idol"]},{"damage_healed":20.0,"max_hp_gain":0.0,"max_hp_loss":0.0,"gold_gain":0.0,"event_name":"Big Fish","player_choice":"Banana","floor":12.0,"gold_loss":0.0,"damage_taken":0.0},{"damage_healed":0.0,"max_hp_gain":0.0,"max_hp_loss":0.0,"gold_gain":0.0,"event_name":"Match and Keep!","player_choice":"0 cards matched","floor":13.0,"gold_loss":0.0,"damage_taken":0.0,"cards_obtained":[]}],"is_beta":false,"boss_relics":[{"not_picked":["Coffee Dripper","Tiny House"],"picked":"SlaversCollar"}],"items_purged_floors":[5],"is_endless":false,"potions_floor_spawned":[2,4,7,11,14,16,18,19],"killed_by":"Snake Plant","ascension_level":14}}