{"host":"sfkslwp4t49i7lrt","time":1614109088,"event":{"mods":["Act Like it!","BaseMod","Bestiary","Block Reminder","Downfall","Friendly Minions","Gensokyo","Highlight Path","Lobotomy","Minty Spire (QoL Compilation)","Relic Stats","Ruina","Spire Arcade","StSLib","Wide Potions","everything is the same but u backflip on backflip","slay the spire mod where everything is the same but ironclad has a cowboy hat"],"gold_per_floor":[116,116,116,137,151,189,289,305,305,318,352,366,386,459,459,589,589,603,563,413,436,456,500,524,524,599,599,635,635,635,635],"floor_reached":30,"language":"ENG","playtime":2366,"items_purged":["Strike_G"],"score":382,"play_id":"1fee381d-2e0a-49aa-b6e7-c35f3d71d982","local_time":"20210224023808","is_ascension_mode":false,"campfire_choices":[{"data":"Endless Agony","floor":15,"key":"SMITH"},{"data":"Catalyst","floor":25,"key":"SMITH"},{"data":"Noxious Fumes","floor":29,"key":"SMITH"}],"circlet_count":0,"master_deck":["WhiteNight","Strike_G","Strike_G","Strike_G","HereticApostle","Defend_G","Defend_G","Defend_G","Survivor","Neutralize","OSAHOGD","Blade Dance+1","Endless Agony+1","Cloak And Dagger","Predator","Flying Knee","GreedKing","Acrobatics","Burst","Infinite Blades","PunishingBird","Storm of Steel","Noxious Fumes+1","Deadly Poison","Catalyst+1"],"relics":["Ring of the Snake","CogitoBucket","Golden Idol","DeathAngel","Incense Burner","Peace Pipe","Ancient Tea Set","SacredBark","champ:DuelingGlove","Bottled Tornado","MealTicket"],"acts_visited":["Exordium","TheCity"],"potions_floor_usage":[],"damage_taken":[{"damage":1,"enemies":"2 Louse","floor":1,"turns":2},{"damage":40,"enemies":"Cultist","floor":3,"turns":5},{"damage":0,"enemies":"Cultist","floor":4,"turns":6},{"damage":0,"enemies":"Small Slimes","floor":5,"turns":3},{"damage":42,"enemies":"Gremlin Nob","floor":6,"turns":7},{"damage":20,"enemies":"Red Slaver","floor":8,"turns":14},{"damage":0,"enemies":"Blue Slaver","floor":10,"turns":4},{"damage":13,"enemies":"Lagavulin","floor":11,"turns":8},{"damage":4,"enemies":"3 Louse","floor":12,"turns":3},{"damage":0,"enemies":"Exordium Wildlife","floor":13,"turns":5},{"damage":0,"enemies":"3 Sentries","floor":14,"turns":8},{"damage":0,"enemies":"The Guardian","floor":16,"turns":7},{"damage":37,"enemies":"2 Thieves","floor":18,"turns":14},{"damage":0,"enemies":"Chosen","floor":21,"turns":4},{"damage":0,"enemies":"Shelled Parasite and Fungi","floor":22,"turns":5},{"damage":0,"enemies":"Gremlin Leader","floor":23,"turns":6},{"damage":0,"enemies":"Snake Plant","floor":24,"turns":6},{"damage":25,"enemies":"Book of Stabbing","floor":28,"turns":4},{"damage":1088,"enemies":"Chosen and Byrds","floor":30,"turns":4}],"seed_played":"-2862410752684895856","potions_obtained":[{"floor":5,"key":"Energy Potion"},{"floor":8,"key":"Swift Potion"},{"floor":10,"key":"Strength Potion"},{"floor":12,"key":"FairyPotion"}],"is_trial":false,"path_per_floor":["M","?","M","M","M","E","?","M","T","M","E","M","M","?","R","B",null,"M","?","$","M","M","E","M","R","T","?","E","R","M"],"character_chosen":"THE_SILENT","items_purchased":["Storm of Steel"],"campfire_rested":0,"item_purchase_floors":[20],"current_hp_per_floor":[69,65,25,35,65,54,54,53,53,65,65,65,65,65,65,65,65,64,64,64,65,65,65,65,65,65,49,59,59,0,0],"gold":635,"neow_bonus":"","is_daily":false,"chose_seed":false,"campfire_upgraded":3,"win_rate":0.0,"timestamp":1614109088,"path_taken":["M","?","M","M","M","E","?","M","T","?","E","M","M","?","R","BOSS","M","?","$","M","?","E","M","R","T","?","E","R","M"],"items_purchased_type":["Card"],"build_version":"2020-12-22","purchased_purges":1,"victory":false,"max_hp_per_floor":[70,65,65,65,65,65,65,65,65,65,65,65,65,65,65,65,65,65,65,65,65,65,65,65,65,65,70,70,70,70,70],"relic_stats":{"Peace Pipe":0,"counters":[23,119],"Golden Idol":116,"MealTicket":0,"obtain_stats":[{"Peace Pipe":11,"champ:DuelingGlove":23,"CogitoBucket":0,"Golden Idol":2,"SacredBark":17,"MealTicket":28,"Incense Burner":9,"DeathAngel":3,"Bottled Tornado":26,"Ancient Tea Set":14,"Ring of the Snake":0},{"Peace Pipe":10,"champ:DuelingGlove":19,"CogitoBucket":0,"Golden Idol":1,"SacredBark":14,"MealTicket":21,"Incense Burner":8,"DeathAngel":3,"Bottled Tornado":20,"Ancient Tea Set":13,"Ring of the Snake":0},{"Peace Pipe":51,"champ:DuelingGlove":104,"CogitoBucket":0,"Golden Idol":2,"SacredBark":74,"MealTicket":114,"Incense Burner":39,"DeathAngel":8,"Bottled Tornado":110,"Ancient Tea Set":67,"Ring of the Snake":0}],"Ring of the Snake":[47]},"card_choices":[{"not_picked":["CrumblingArmor","BeautyBeast"],"picked":"OSAHOGD","floor":1},{"not_picked":["Eviscerate","Bane","Deadly Poison"],"picked":"SKIP","floor":1},{"not_picked":["Acrobatics","Predator"],"picked":"Endless Agony","floor":4},{"not_picked":["Quick Slash","Bane","Dodge and Roll"],"picked":"SKIP","floor":5},{"not_picked":["Finisher","Doppelganger"],"picked":"Cloak And Dagger","floor":6},{"not_picked":["LuminousBraceletRelic","ResearcherNoteRelic","SkinProphecyRelic"],"picked":"Singing Bowl","floor":8},{"not_picked":["Footwork","Prepared"],"picked":"Predator","floor":8},{"not_picked":["PiercingWail","Dash","Underhanded Strike"],"picked":"SKIP","floor":10},{"not_picked":["Scorched","BeautyBeast","Porccubus"],"picked":"Singing Bowl","floor":11},{"not_picked":["Dagger Spray","Venomology","Slice"],"picked":"SKIP","floor":11},{"not_picked":["CrumblingArmor","VoidDream","MeatLantern"],"picked":"Singing Bowl","floor":12},{"not_picked":["Escape Plan","Expertise"],"picked":"Flying Knee","floor":12},{"not_picked":["BigBird","OldLady","GalaxyChild"],"picked":"Singing Bowl","floor":13},{"not_picked":["UniverseFragment","BeautyBeast"],"picked":"GreedKing","floor":13},{"not_picked":["Noxious Fumes","Concentrate"],"picked":"Acrobatics","floor":13},{"not_picked":["FieryBird","Rudolta","Laetitia"],"picked":"Singing Bowl","floor":14},{"not_picked":["Die Die Die","Adrenaline"],"picked":"Burst","floor":16},{"not_picked":["BeautyBeast","CherryBlossoms","Wellcheers"],"picked":"Singing Bowl","floor":16},{"not_picked":["Backflip","Cloak And Dagger"],"picked":"Infinite Blades","floor":18},{"not_picked":["MeatLantern","Wellcheers","Laetitia"],"picked":"Singing Bowl","floor":18},{"not_picked":["Freischutz","Scorched"],"picked":"PunishingBird","floor":18},{"not_picked":["Footwork","Dagger Spray+1"],"picked":"Noxious Fumes","floor":21},{"not_picked":["QueenOfHatred","Bloodbath","GalaxyChild"],"picked":"Singing Bowl","floor":21},{"not_picked":["Calculated Gamble","Blur"],"picked":"Deadly Poison","floor":22},{"not_picked":["DespairKnight","LittlePrince","MeatLantern"],"picked":"Singing Bowl","floor":22},{"not_picked":["UniverseFragment","LongBird","OldLady"],"picked":"Singing Bowl","floor":23},{"not_picked":["Prepared","Reflex+1","Underhanded Strike+1"],"picked":"SKIP","floor":23},{"not_picked":["Deadly Poison+1","Backflip"],"picked":"Catalyst","floor":24},{"not_picked":["VoidDream","Yin","Murderer"],"picked":"Singing Bowl","floor":24},{"not_picked":["Scorched","BeautyBeast","BigBird"],"picked":"Singing Bowl","floor":28},{"not_picked":["A Thousand Cuts","Backflip","Backstab"],"picked":"SKIP","floor":28}],"player_experience":487404,"relics_obtained":[{"floor":3,"key":"DeathAngel"},{"floor":9,"key":"Incense Burner"},{"floor":11,"key":"Peace Pipe"},{"floor":14,"key":"Ancient Tea Set"},{"floor":23,"key":"champ:DuelingGlove"},{"floor":26,"key":"Bottled Tornado"},{"floor":28,"key":"MealTicket"}],"event_choices":[{"damage_healed":0,"gold_gain":0,"player_choice":"Lose Max HP","damage_taken":0,"relics_obtained":["Golden Idol"],"max_hp_gain":0,"max_hp_loss":5,"event_name":"Golden Idol","floor":2,"gold_loss":0},{"damage_healed":0,"gold_gain":100,"player_choice":"Pray","damage_taken":0,"max_hp_gain":0,"max_hp_loss":0,"event_name":"Golden Shrine","floor":7,"gold_loss":0},{"damage_healed":0,"gold_gain":0,"player_choice":"Searched \u00272\u0027 times","damage_taken":0,"max_hp_gain":0,"max_hp_loss":0,"event_name":"Dead Adventurer","floor":14,"gold_loss":0},{"damage_healed":0,"gold_gain":0,"player_choice":"Bought 3 Potions","damage_taken":0,"max_hp_gain":0,"max_hp_loss":0,"event_name":"The Woman in Blue","floor":19,"gold_loss":0},{"damage_healed":0,"gold_gain":0,"player_choice":"Shed Blood","damage_taken":16,"max_hp_gain":5,"max_hp_loss":0,"event_name":"Forgotten Altar","floor":27,"gold_loss":0}],"is_beta":false,"boss_relics":[{"not_picked":["Runic Pyramid","Sozu"],"picked":"SacredBark"}],"items_purged_floors":[20],"is_endless":false,"potions_floor_spawned":[5,8,10,11,12,22,23,28],"killed_by":"Chosen and Byrds","ascension_level":0}}