{"host":"1p8eqzpvl5sxeu5t","time":1614041687,"event":{"mods":["Act Like it!","BaseMod","Block Reminder","Colored Map","Colored Powertips","Curses Come First","Dark Map","Highlight Path","Minty Spire (QoL Compilation)","Relic Stats","Ruina","StSLib","everything is the same but u backflip on backflip","slay the spire mod where everything is the same but ironclad has a cowboy hat"],"gold_per_floor":[111,125,139,139,150,150,178,178,224,324,334,334,349,381,381,485,485,497,507,94,108,128,157,157,157,157,185,205,232,232,264,264,363,363,375,395,406,418,418,451,451,470,541,441,441,473,76,104,104,104,104,104,12,38,38,38],"floor_reached":55,"language":"ENG","playtime":3694,"items_purged":["Strike_R","Strike_R"],"score":885,"play_id":"6a7ee151-3cae-4245-9db9-69b19e2e1369","local_time":"20210223085447","is_ascension_mode":true,"campfire_choices":[{"data":"Flame Barrier","floor":6,"key":"SMITH"},{"data":"Metamorphosis","floor":8,"key":"SMITH"},{"data":"Clothesline","floor":12,"key":"SMITH"},{"data":"Bash","floor":15,"key":"SMITH"},{"data":"ruina:Thirst","floor":24,"key":"SMITH"},{"data":"Rage","floor":32,"key":"SMITH"},{"floor":41,"key":"RECALL"},{"data":"Burning Pact","floor":49,"key":"SMITH"},{"data":"Offering","floor":52,"key":"SMITH"}],"circlet_count":0,"master_deck":["Strike_R","Defend_R","Defend_R","Defend_R","Bash+1","Metamorphosis+1","Flame Barrier+1","Clothesline+1","Cleave","Offering+1","Battle Trance","Impervious","Sword Boomerang+1","Clothesline+1","Twin Strike+1","Rage+1","ruina:Thirst+1","Fiend Fire","Anger+1","Writhe","Pummel+1","Shrug It Off+1","Brutality","Burning Pact+1","Sword Boomerang+1","Reaper","Spot Weakness","Shrug It Off"],"relics":["Burning Blood","Matryoshka","PreservedInsect","Toy Ornithopter","HornCleat","Astrolabe","Du-Vu Doll","ruina:Goodbye","Centennial Puzzle","Strawberry","Bronze Scales","FossilizedHelix","ruina:PrescriptsGrace","Red Skull","Sozu","Sundial","Bag of Preparation","Oddly Smooth Stone","InkBottle","Eternal Feather","Thread and Needle"],"acts_visited":["Exordium","ruina:Briah","TheBeyond","TheEnding"],"potions_floor_usage":[5,22,23,23,31,33,40],"damage_taken":[{"damage":6,"enemies":"Cultist","floor":1,"turns":3},{"damage":0,"enemies":"2 Louse","floor":2,"turns":4},{"damage":6,"enemies":"Jaw Worm","floor":3,"turns":3},{"damage":6,"enemies":"Gremlin Gang","floor":5,"turns":5},{"damage":10,"enemies":"Gremlin Nob","floor":7,"turns":4},{"damage":1,"enemies":"Exordium Wildlife","floor":11,"turns":4},{"damage":9,"enemies":"Looter","floor":13,"turns":3},{"damage":15,"enemies":"3 Sentries","floor":14,"turns":3},{"damage":59,"enemies":"The Guardian","floor":16,"turns":9},{"damage":6,"enemies":"ruina:2_Scarecrows","floor":18,"turns":4},{"damage":14,"enemies":"ruina:3_Bats","floor":19,"turns":3},{"damage":21,"enemies":"ruina:3_Scarecrows","floor":21,"turns":5},{"damage":6,"enemies":"ruina:Woodsman","floor":22,"turns":3},{"damage":29,"enemies":"ruina:RoadHome","floor":23,"turns":4},{"damage":10,"enemies":"ruina:ServantOfWrath","floor":27,"turns":3},{"damage":6,"enemies":"ruina:QueenOfHate","floor":28,"turns":2},{"damage":13,"enemies":"ruina:RoadHome","floor":29,"turns":5},{"damage":0,"enemies":"ruina:ServantOfWrath","floor":31,"turns":3},{"damage":37,"enemies":"ruina:JesterOfNihil","floor":33,"turns":7},{"damage":0,"enemies":"Orb Walker","floor":35,"turns":3},{"damage":2,"enemies":"3 Darklings","floor":36,"turns":5},{"damage":9,"enemies":"Transient","floor":37,"turns":5},{"damage":20,"enemies":"Sphere and 2 Shapes","floor":38,"turns":3},{"damage":23,"enemies":"Giant Head","floor":40,"turns":4},{"damage":0,"enemies":"Jaw Worm Horde","floor":42,"turns":3},{"damage":27,"enemies":"Nemesis","floor":46,"turns":5},{"damage":0,"enemies":"Giant Head","floor":48,"turns":3},{"damage":50,"enemies":"Awakened One","floor":50,"turns":9},{"damage":31,"enemies":"Shield and Spear","floor":54,"turns":5},{"damage":74,"enemies":"The Heart","floor":55,"turns":6}],"seed_played":"6850189931828122402","potions_obtained":[{"floor":2,"key":"AttackPotion"},{"floor":3,"key":"DuplicationPotion"},{"floor":13,"key":"HeartOfIron"},{"floor":14,"key":"SmokeBomb"},{"floor":21,"key":"Fruit Juice"},{"floor":22,"key":"DistilledChaos"},{"floor":23,"key":"FearPotion"},{"floor":27,"key":"SkillPotion"},{"floor":29,"key":"PowerPotion"}],"is_trial":false,"path_per_floor":["M","M","M","?","M","R","E","R","T","?","M","R","M","E","R","B",null,"M","M","$","M","M","E","R","?","T","E","M","E","?","E","R","B",null,"M","M","M","M","?","E","R","M","T","$","?","E","$","E","R","B",null,"R","$","E","B"],"character_chosen":"IRONCLAD","items_purchased":["ruina:Thirst","Fiend Fire","Oddly Smooth Stone","InkBottle","Spot Weakness","Shrug It Off"],"campfire_rested":0,"item_purchase_floors":[20,20,47,47,53,53],"current_hp_per_floor":[72,72,72,77,77,77,73,73,73,73,77,77,74,65,65,12,77,77,69,69,54,64,51,51,51,58,54,54,47,47,58,58,32,89,89,89,86,72,72,60,60,66,66,66,89,84,84,89,89,45,89,89,89,64,0,0],"gold":38,"neow_bonus":"RANDOM_COLORLESS_2","is_daily":false,"chose_seed":false,"campfire_upgraded":8,"win_rate":0.0,"timestamp":1614041687,"path_taken":["M","?","M","?","M","R","E","R","T","?","M","R","M","E","R","BOSS","M","M","$","?","M","E","R","?","T","E","M","E","?","E","R","BOSS","M","M","?","M","?","E","R","M","T","?","?","E","$","E","R","BOSS","R","$","E","BOSS"],"items_purchased_type":["Card","Card","Relic","Relic","Card","Card"],"build_version":"2020-12-22","purchased_purges":2,"victory":false,"max_hp_per_floor":[72,72,72,77,77,77,77,77,77,77,77,77,77,77,77,77,77,77,77,77,77,82,82,82,82,89,89,89,89,89,89,89,89,89,89,89,89,89,89,89,89,89,89,89,89,89,89,89,89,89,89,89,89,89,89,89],"relic_stats":{"counters":[30,128],"Astrolabe":["Sword Boomerang","Clothesline","Twin Strike"],"Eternal Feather":0,"PreservedInsect":773,"Bag of Preparation":[8],"Burning Blood":151,"Sozu":4,"Centennial Puzzle":[33],"Sundial":[2],"Bronze Scales":[216],"obtain_stats":[{"Astrolabe":17,"Oddly Smooth Stone":47,"Eternal Feather":48,"Thread and Needle":54,"PreservedInsect":9,"Bag of Preparation":46,"Burning Blood":0,"Du-Vu Doll":23,"Sozu":34,"Frozen Eye":18,"Centennial Puzzle":26,"Matryoshka":7,"HornCleat":14,"Sundial":40,"Strawberry":26,"Bronze Scales":27,"ruina:Goodbye":25,"ruina:Prescript":30,"ruina:PrescriptsGrace":33,"Toy Ornithopter":9,"FossilizedHelix":29,"Red Skull":31,"InkBottle":47},{"Astrolabe":9,"Oddly Smooth Stone":26,"Eternal Feather":27,"Thread and Needle":29,"PreservedInsect":5,"Bag of Preparation":26,"Burning Blood":0,"Du-Vu Doll":14,"Sozu":19,"Frozen Eye":9,"Centennial Puzzle":14,"Matryoshka":5,"HornCleat":8,"Sundial":24,"Strawberry":14,"Bronze Scales":15,"ruina:Goodbye":14,"ruina:Prescript":17,"ruina:PrescriptsGrace":19,"Toy Ornithopter":5,"FossilizedHelix":17,"Red Skull":18,"InkBottle":26},{"Astrolabe":38,"Oddly Smooth Stone":105,"Eternal Feather":108,"Thread and Needle":122,"PreservedInsect":19,"Bag of Preparation":105,"Burning Blood":0,"Du-Vu Doll":57,"Sozu":77,"Frozen Eye":38,"Centennial Puzzle":57,"Matryoshka":19,"HornCleat":29,"Sundial":97,"Strawberry":57,"Bronze Scales":60,"ruina:Goodbye":57,"ruina:Prescript":67,"ruina:PrescriptsGrace":77,"Toy Ornithopter":19,"FossilizedHelix":67,"Red Skull":70,"InkBottle":105}],"Toy Ornithopter":30,"InkBottle":[8]},"card_choices":[{"not_picked":["Violence","Panache"],"picked":"Metamorphosis","floor":0},{"not_picked":["Dual Wield","Clothesline"],"picked":"Flame Barrier","floor":1},{"not_picked":["Rupture","Body Slam"],"picked":"Clothesline","floor":2},{"not_picked":["Wild Strike","Heavy Blade","Perfected Strike"],"picked":"SKIP","floor":3},{"not_picked":["Shrug It Off","Flex"],"picked":"Cleave","floor":5},{"not_picked":["Battle Trance","Wild Strike"],"picked":"Offering","floor":7},{"not_picked":["Blood for Blood","Ghostly Armor"],"picked":"Battle Trance","floor":11},{"not_picked":["Armaments","Carnage","Havoc"],"picked":"SKIP","floor":13},{"not_picked":["Rupture","Armaments","Power Through"],"picked":"SKIP","floor":14},{"not_picked":["Double Tap","Corruption"],"picked":"Impervious","floor":16},{"not_picked":["Pommel Strike","Rampage"],"picked":"Rage","floor":18},{"not_picked":["Flex+1","Pommel Strike","Headbutt+1"],"picked":"SKIP","floor":19},{"not_picked":["Uppercut+1","Body Slam"],"picked":"Anger+1","floor":21},{"not_picked":["Havoc","Heavy Blade","Flame Barrier"],"picked":"SKIP","floor":22},{"not_picked":["Armaments","Heavy Blade","Dropkick"],"picked":"SKIP","floor":23},{"not_picked":["Clothesline","Headbutt","Impervious"],"picked":"SKIP","floor":27},{"not_picked":["Warcry","Armaments","Clothesline+1"],"picked":"SKIP","floor":28},{"not_picked":["Flex+1","Entrench+1"],"picked":"Pummel+1","floor":29},{"not_picked":["Exhume","Havoc+1"],"picked":"Shrug It Off+1","floor":31},{"not_picked":["Fiend Fire","Juggernaut"],"picked":"Brutality","floor":33},{"not_picked":["Thunderclap+1","Battle Trance","Flex"],"picked":"SKIP","floor":35},{"not_picked":["Hemokinesis+1","Body Slam+1"],"picked":"Burning Pact","floor":36},{"not_picked":["Clothesline","Blood for Blood","Combust+1"],"picked":"SKIP","floor":37},{"not_picked":["Havoc","Anger+1","Body Slam"],"picked":"SKIP","floor":38},{"not_picked":["Cleave","Flex"],"picked":"Sword Boomerang+1","floor":40},{"not_picked":["Headbutt+1","Flex"],"picked":"Reaper","floor":42},{"not_picked":["Metallicize+1","Havoc+1","Wild Strike"],"picked":"SKIP","floor":46},{"not_picked":["Anger","Juggernaut","Reckless Charge"],"picked":"SKIP","floor":48},{"not_picked":["Havoc","Whirlwind","Wild Strike"],"picked":"SKIP","floor":54}],"player_experience":793325,"relics_obtained":[{"floor":7,"key":"Matryoshka"},{"floor":9,"key":"PreservedInsect"},{"floor":9,"key":"Toy Ornithopter"},{"floor":14,"key":"HornCleat"},{"floor":23,"key":"Du-Vu Doll"},{"floor":26,"key":"Centennial Puzzle"},{"floor":26,"key":"Strawberry"},{"floor":27,"key":"Bronze Scales"},{"floor":29,"key":"FossilizedHelix"},{"floor":31,"key":"Red Skull"},{"floor":40,"key":"Sundial"},{"floor":46,"key":"Bag of Preparation"},{"floor":48,"key":"Eternal Feather"},{"floor":54,"key":"Thread and Needle"}],"event_choices":[{"damage_healed":0,"gold_gain":0,"player_choice":"Donut","damage_taken":0,"max_hp_gain":5,"max_hp_loss":0,"event_name":"Big Fish","floor":4,"gold_loss":0},{"damage_healed":0,"gold_gain":100,"player_choice":"Pray","damage_taken":0,"max_hp_gain":0,"max_hp_loss":0,"event_name":"Golden Shrine","floor":10,"gold_loss":0},{"damage_healed":0,"gold_gain":0,"player_choice":"Ignored","damage_taken":0,"max_hp_gain":0,"max_hp_loss":0,"event_name":"Tomb of Lord Red Mask","floor":39,"gold_loss":0},{"damage_healed":23,"gold_gain":0,"player_choice":"Full Heal","damage_taken":0,"max_hp_gain":0,"max_hp_loss":0,"event_name":"Wheel of Change","floor":45,"gold_loss":0}],"is_beta":false,"boss_relics":[{"not_picked":["Runic Pyramid","SlaversCollar"],"picked":"Astrolabe"},{"not_picked":["Mark of Pain","Runic Cube"],"picked":"Sozu"}],"items_purged_floors":[20,44],"is_endless":false,"potions_floor_spawned":[2,3,13,14,21,22,23,27,29,36,37,38,46],"killed_by":"The Heart","ascension_level":1}}