{"host":"0qlrtuw7bw78ucw4","time":1614083873,"event":{"mods":["BaseMod","Downfall","Minty Spire (QoL Compilation)","StSLib"],"gold_per_floor":[99,117,117,135,200,200,200,216,366,380,119,134,19,30,47,47,47,47],"floor_reached":16,"language":"ENG","playtime":650,"items_purged":["Doubt","downfall:Malfunctioning"],"score":174,"play_id":"a6d81abb-e323-42b2-8675-d18ee2519c14","local_time":"20210223233753","is_ascension_mode":true,"campfire_choices":[{"data":"Slimebound:CorrosiveSpit","floor":1,"key":"SMITH"}],"circlet_count":0,"master_deck":["AscendersBane","Slimebound:Strike_Slimebound","Slimebound:Strike_Slimebound+1","Slimebound:Strike_Slimebound","Slimebound:Tackle+1","Slimebound:Defend_Slimebound","Slimebound:Defend_Slimebound","Slimebound:Defend_Slimebound+1","Slimebound:Split","Slimebound:CorrosiveSpit+1","Slimebound:SamplingLick","Slimebound:GrowthPunch","Slimebound:GoopSpray","Slimebound:SplitLeeching","Slimebound:MegaLick","Slimebound:Overexert"],"relics":["Slimebound:AbsorbEndCombat","hexamod:Sixitude","Ornamental Fan","Gremlin Horn","MealTicket"],"acts_visited":["Exordium"],"potions_floor_usage":[11,16,16],"damage_taken":[{"damage":4,"enemies":"Jaw Worm","floor":2,"turns":4},{"damage":0,"enemies":"Small Slimes","floor":4,"turns":3},{"damage":42,"enemies":"3 Sentries","floor":5,"turns":6},{"damage":0,"enemies":"2 Louse","floor":8,"turns":2},{"damage":10,"enemies":"downfall:LooterAlt","floor":10,"turns":3},{"damage":0,"enemies":"downfall:FleeingMerchant","floor":11,"turns":4},{"damage":0,"enemies":"Red Slaver","floor":12,"turns":3},{"damage":0,"enemies":"downfall:FleeingMerchant","floor":13,"turns":4},{"damage":0,"enemies":"Exordium Wildlife","floor":14,"turns":2},{"damage":0,"enemies":"3 Louse","floor":15,"turns":2},{"damage":61,"enemies":"IC_STATUS_ARCHETYPE","floor":16,"turns":13}],"seed_played":"3617278425778513360","potions_obtained":[{"floor":5,"key":"Weak Potion"},{"floor":12,"key":"LiquidBronze"},{"floor":15,"key":"DuplicationPotion"}],"is_trial":false,"path_per_floor":["R","M","?","M","?","T","T","M","?","M","$","M","$","M","M","B"],"character_chosen":"SLIMEBOUND","items_purchased":["MealTicket"],"campfire_rested":0,"item_purchase_floors":[11],"current_hp_per_floor":[53,53,53,59,19,19,19,23,23,15,17,21,40,44,50,0,0,0],"gold":47,"neow_bonus":"REMOVE_CARD","is_daily":false,"chose_seed":false,"campfire_upgraded":1,"win_rate":0.0,"timestamp":1614083873,"path_taken":["R","M","?","M","?","?","T","M","?","M","$","M","$","M","M","BOSS"],"items_purchased_type":["Relic"],"build_version":"2020-12-22","purchased_purges":2,"victory":false,"max_hp_per_floor":[59,59,59,59,59,59,59,59,59,59,59,59,59,59,59,59,59,59],"card_choices":[{"not_picked":["Slimebound:GoopTackle","Slimebound:HungryTackle"],"picked":"Slimebound:SamplingLick","floor":2},{"not_picked":["Slimebound:LivingWall","Slimebound:FormOfPuddle"],"picked":"Slimebound:GrowthPunch","floor":4},{"not_picked":["Slimebound:RollThrough","Slimebound:RainOfGoop"],"picked":"Slimebound:GoopSpray","floor":5},{"not_picked":["Slimebound:LeechingTouch","Slimebound:Chomp","Slimebound:ServeAndProtect"],"picked":"SKIP","floor":8},{"not_picked":["Slimebound:BestDefense","Slimebound:FinishingTackle","Slimebound:SplitBruiser"],"picked":"SKIP","floor":10},{"not_picked":["Slimebound:BestDefense","Slimebound:GoopSpray"],"picked":"Slimebound:SplitLeeching","floor":11},{"not_picked":["Slimebound:SamplingLick","Slimebound:SplitAcid"],"picked":"Slimebound:MegaLick","floor":12},{"not_picked":["Slimebound:SlimeBrawl","Slimebound:SplitBruiser","Slimebound:RollThrough"],"picked":"SKIP","floor":13},{"not_picked":["Slimebound:ComboTackle","Slimebound:DisruptingSlam","Slimebound:SplitAcid"],"picked":"SKIP","floor":14},{"not_picked":["Slimebound:Schlurp","Slimebound:LeechingTouch"],"picked":"Slimebound:Overexert","floor":15}],"player_experience":1046405,"relics_obtained":[{"floor":5,"key":"hexamod:Sixitude"},{"floor":6,"key":"Ornamental Fan"},{"floor":7,"key":"Gremlin Horn"}],"event_choices":[],"is_beta":false,"boss_relics":[],"items_purged_floors":[11,13],"is_endless":false,"potions_floor_spawned":[5,12,15],"killed_by":"IC_STATUS_ARCHETYPE","ascension_level":17}}