{"host":"8srk5r1dwtmjotwd","time":1614049167,"event":{"mods":["AchievementEnabler","Act Like it!","Aspiration","BaseMod","Beaked The Cultist","Bestiary","Better Note","Better Third Choice","Colored Map","Colored Powertips","Conspire","Custom Start","Friendly Minions","GifTheSpireLib","Halation","Hallownest","Hermit","Highlight Path","Hubris","Infinite Spire","Mimic Mod","Minty Spire (QoL Compilation)","Morshu Shopkeeper - ENHANCED","Quick Restart","Rare Cards Sparkle","Reliquary","Replay The Spire","Shop Mod","StSLib","SuperFastMode","Synergy Search","The Bug Knight","The Construct","The Cursed","The Disciple","The Marked","Thieving Mod","Wide Potions","Yohane!","everything is the same but u backflip on backflip","slay the spire mod where everything is the same but ironclad has a cowboy hat"],"gold_per_floor":[116,116,135,135,46,46,61,61,61,136,161,161,191,205,205,300,300,315,315,66,86,103,103,103,103,103,123,123,123],"floor_reached":28,"language":"ENG","playtime":1451,"items_purged":[],"score":251,"play_id":"0bd33068-e4d3-4121-a1d1-38b97c9486ad","local_time":"20210222215927","is_ascension_mode":false,"campfire_choices":[{"floor":6,"key":"REST"},{"data":"construct:AttackMode","floor":8,"key":"SMITH"},{"floor":12,"key":"REST"},{"floor":15,"key":"DIG"},{"data":"construct:ForceCore","floor":23,"key":"SMITH"}],"circlet_count":0,"master_deck":["construct:Strike_Gold","construct:Strike_Gold","construct:Strike_Gold","construct:Strike_Gold","construct:Strike_Gold","construct:Defend_Gold","construct:Defend_Gold","construct:Defend_Gold","construct:Defend_Gold","construct:AttackMode+1","construct:DefenseMode","construct:MetalShell+1","construct:ScopeCore","construct:SweepLaser","construct:SuppressiveFire","construct:GuardCore","construct:HardReboot","construct:Anticipate","construct:SiegeForm+1","construct:LaserCore","construct:ForceCore+1","construct:Boost","construct:LongRangeLance","construct:SweepLaser+1"],"relics":["construct:Cogwheel","Bag of Marbles","Dream Catcher","Garlic","hubris:OldNail","infinitespire:Beetle Shell","conspire:SlowCooker","Ancient Tea Set","hubris:ClockworkCow"],"acts_visited":["Exordium","TheCity"],"potions_floor_usage":[13,16,18,21,21,21],"damage_taken":[{"damage":6,"enemies":"Jaw Worm","floor":1,"turns":4},{"damage":2,"enemies":"Cultist","floor":3,"turns":4},{"damage":0,"enemies":"Small Slimes","floor":7,"turns":2},{"damage":17,"enemies":"Gremlin Nob","floor":11,"turns":4},{"damage":0,"enemies":"HollowMod:MossKnight","floor":13,"turns":4},{"damage":3,"enemies":"2 Fungi Beasts","floor":14,"turns":3},{"damage":22,"enemies":"The Guardian","floor":16,"turns":13},{"damage":6,"enemies":"Chosen","floor":18,"turns":5},{"damage":3,"enemies":"Spheric Guardian","floor":21,"turns":3},{"damage":12,"enemies":"Centurion and Healer","floor":22,"turns":6},{"damage":32,"enemies":"Snecko","floor":27,"turns":5},{"damage":34,"enemies":"Snake Plant","floor":28,"turns":4}],"seed_played":"-5073763025551934020","potions_obtained":[{"floor":3,"key":"Swift Potion"},{"floor":11,"key":"Fire Potion"},{"floor":16,"key":"Adrenaline Potion"},{"floor":18,"key":"Fire Potion"}],"is_trial":false,"path_per_floor":["M","?","M","?","$","R","M","R","T","?","E","R","E","M","R_BF","B",null,"M","?","$","M","M","R","?","?","T","M","M"],"character_chosen":"THE_CONSTRUCT_MOD","items_purchased":["construct:ScopeCore","construct:SweepLaser","FearPotion","SkillPotion","Ancient Tea Set"],"campfire_rested":2,"item_purchase_floors":[5,5,20,20,20],"current_hp_per_floor":[79,79,77,77,77,85,85,85,85,74,57,82,82,79,79,57,85,79,79,79,76,64,64,64,64,64,32,0,0],"gold":123,"neow_bonus":"RANDOM_COMMON_RELIC","is_daily":false,"chose_seed":false,"campfire_upgraded":2,"win_rate":0.0,"timestamp":1614049167,"path_taken":["M","?","?","?","$","R","M","R","T","?","E","R","E","M","R_BF","BOSS","M","?","?","M","M","R","?","?","T","M","?"],"items_purchased_type":["Card","Card","Potion","Potion","Relic"],"build_version":"2020-12-22","purchased_purges":0,"victory":false,"max_hp_per_floor":[85,85,85,85,85,85,85,85,85,85,85,85,85,85,85,85,85,85,85,85,85,85,85,85,85,85,85,85,85],"card_choices":[{"not_picked":["construct:VentSteam","construct:SyphonStrike","construct:Failsafe"],"picked":"SKIP","floor":1},{"not_picked":["construct:Analyze","construct:SyphonStrike"],"picked":"construct:MetalShell","floor":3},{"not_picked":["construct:Stasis","construct:FocusedBeam"],"picked":"construct:SuppressiveFire","floor":7},{"not_picked":["construct:HastyRepair","construct:Enhance"],"picked":"construct:GuardCore","floor":11},{"not_picked":["construct:Reinforce","construct:Dampening"],"picked":"construct:HardReboot","floor":12},{"not_picked":["construct:Backfire","construct:ScrapCannon"],"picked":"construct:Anticipate","floor":13},{"not_picked":["construct:SweepLaser","construct:ModeShift","construct:MetalShell"],"picked":"SKIP","floor":14},{"not_picked":["construct:ClockworkEgg","construct:HammerDown"],"picked":"construct:SiegeForm","floor":16},{"not_picked":["construct:CriticalHit","construct:Isolate"],"picked":"construct:LaserCore","floor":18},{"not_picked":["construct:ModeShift","construct:Forcefield"],"picked":"construct:Boost","floor":21},{"not_picked":["construct:SyphonStrike","construct:FocusedBeam"],"picked":"construct:LongRangeLance","floor":22},{"not_picked":["construct:ScrapCannon","construct:Overcharge"],"picked":"construct:SweepLaser+1","floor":27}],"player_experience":141611,"relics_obtained":[{"floor":9,"key":"Dream Catcher"},{"floor":11,"key":"Garlic"},{"floor":13,"key":"hubris:OldNail"},{"floor":15,"key":"infinitespire:Beetle Shell"},{"floor":26,"key":"hubris:ClockworkCow"}],"event_choices":[{"cards_removed":["construct:Defend_Gold"],"damage_healed":0,"gold_gain":0,"player_choice":"Purged","damage_taken":0,"max_hp_gain":0,"max_hp_loss":0,"event_name":"Purifier","floor":2,"gold_loss":0},{"damage_healed":0,"gold_gain":0,"player_choice":"Grow","damage_taken":0,"max_hp_gain":0,"max_hp_loss":0,"event_name":"Living Wall","floor":4,"gold_loss":0,"cards_upgraded":["construct:MetalShell"]},{"damage_healed":0,"gold_gain":75,"player_choice":"Gold","damage_taken":11,"max_hp_gain":0,"max_hp_loss":0,"event_name":"betterThird:BetterGoop","floor":10,"gold_loss":0},{"cards_removed":["construct:SiegeForm"],"damage_healed":0,"gold_gain":0,"player_choice":"Take \u0026 Give","damage_taken":0,"max_hp_gain":0,"max_hp_loss":0,"event_name":"betterNote:BetterNote","floor":19,"gold_loss":0,"cards_obtained":["construct:ForceCore"]},{"damage_healed":0,"gold_gain":0,"player_choice":"Ignored","damage_taken":0,"max_hp_gain":0,"max_hp_loss":0,"event_name":"Beggar","floor":24,"gold_loss":0},{"damage_healed":0,"gold_gain":0,"player_choice":"Upgraded","damage_taken":0,"max_hp_gain":0,"max_hp_loss":0,"event_name":"Upgrade Shrine","floor":25,"gold_loss":0,"cards_upgraded":["construct:SiegeForm"]}],"is_beta":false,"boss_relics":[{"not_picked":["beaked:MawFillet","Fusion Hammer"],"picked":"conspire:SlowCooker"}],"items_purged_floors":[],"is_endless":false,"potions_floor_spawned":[3,11,16,18],"killed_by":"Snake Plant","ascension_level":0}}