{"host":"lexjlbpq6ib1pogf","time":1614071814,"event":{"mods":["BaseMod","BetterRewards","Minty Spire (QoL Compilation)"],"gold_per_floor":[113,125,138,138,313,313,263,263,289,54,68,29,42,62,62,165,165,180,180,193,193,193],"floor_reached":21,"language":"ENG","playtime":939,"items_purged":[],"score":321,"play_id":"0e887ff1-44e7-4792-b565-a6bbdbe55a67","local_time":"20210223201654","is_ascension_mode":false,"campfire_choices":[{"data":"Cleave","floor":6,"key":"SMITH"},{"data":"Cleave","floor":8,"key":"SMITH"},{"floor":15,"key":"REST"}],"circlet_count":0,"master_deck":["Strike_R","Strike_R","Strike_R","Strike_R","Strike_R","Defend_R","Defend_R","Defend_R+1","Defend_R+1","Bash","Anger","Cleave+1","Cleave+1","Inflame","Demon Form","Fire Breathing","Thunderclap","Blood for Blood","Feed","Anger","Twin Strike"],"relics":["War Paint","Brimstone","SlaversCollar"],"acts_visited":["Exordium","TheCity"],"potions_floor_usage":[18,18,18],"damage_taken":[{"damage":0,"enemies":"Small Slimes","floor":1,"turns":3},{"damage":5,"enemies":"2 Louse","floor":2,"turns":3},{"damage":1,"enemies":"Jaw Worm","floor":3,"turns":4},{"damage":7,"enemies":"Exordium Wildlife","floor":11,"turns":2},{"damage":15,"enemies":"Large Slime","floor":13,"turns":4},{"damage":10,"enemies":"Looter","floor":14,"turns":3},{"damage":0,"enemies":"Slime Boss","floor":16,"turns":5},{"damage":28,"enemies":"3 Byrds","floor":18,"turns":4},{"damage":35,"enemies":"Shell Parasite","floor":20,"turns":4},{"damage":22,"enemies":"Shelled Parasite and Fungi","floor":21,"turns":2}],"seed_played":"-3346949347963484651","potions_obtained":[{"floor":2,"key":"AttackPotion"},{"floor":11,"key":"ElixirPotion"},{"floor":16,"key":"Block Potion"},{"floor":18,"key":"Dexterity Potion"}],"is_trial":false,"path_per_floor":["M","M","M","?","?","R","?","R","T","$","M","$","M","M","R","B",null,"M","?","M","M"],"character_chosen":"IRONCLAD","items_purchased":["PowerPotion","Brimstone","Inflame","Fire Breathing"],"campfire_rested":1,"item_purchase_floors":[0,10,10,12],"current_hp_per_floor":[80,75,74,74,74,74,74,74,74,74,67,67,52,42,66,66,80,55,55,20,0,0],"gold":193,"neow_bonus":"","is_daily":false,"chose_seed":false,"campfire_upgraded":2,"win_rate":0.0,"timestamp":1614071814,"path_taken":["M","M","M","?","?","R","?","R","T","?","M","$","M","M","R","BOSS","M","?","M","M"],"items_purchased_type":["Potion","Relic","Card","Card"],"build_version":"2020-12-22","purchased_purges":0,"victory":false,"max_hp_per_floor":[80,80,80,80,80,80,80,80,80,80,80,80,80,80,80,80,80,83,83,83,83,83],"card_choices":[{"not_picked":["Iron Wave","Wild Strike"],"picked":"Anger","floor":1},{"not_picked":["Thunderclap","Sword Boomerang"],"picked":"Cleave","floor":2},{"not_picked":["Pummel","Bloodletting"],"picked":"Cleave","floor":3},{"not_picked":["Sword Boomerang","Reckless Charge"],"picked":"Demon Form","floor":11},{"not_picked":["Anger","Cleave"],"picked":"Thunderclap","floor":13},{"not_picked":["Sword Boomerang","Pommel Strike"],"picked":"Blood for Blood","floor":14},{"not_picked":["Bludgeon","Offering"],"picked":"Feed","floor":16},{"not_picked":["Pommel Strike","Ghostly Armor"],"picked":"Anger","floor":18},{"not_picked":["Body Slam","Flex"],"picked":"Twin Strike","floor":20}],"player_experience":88715,"relics_obtained":[{"floor":9,"key":"War Paint"}],"event_choices":[{"damage_healed":0,"gold_gain":0,"player_choice":"Ignored","damage_taken":0,"max_hp_gain":0,"max_hp_loss":0,"event_name":"Golden Wing","floor":4,"gold_loss":0},{"damage_healed":0,"gold_gain":175,"player_choice":"AGREE","damage_taken":0,"max_hp_gain":0,"max_hp_loss":0,"event_name":"Liars Game","floor":5,"gold_loss":0,"cards_obtained":["Doubt"]},{"cards_removed":["Doubt"],"damage_healed":0,"gold_gain":0,"player_choice":"Card Removal","damage_taken":0,"max_hp_gain":0,"max_hp_loss":0,"event_name":"The Cleric","floor":7,"gold_loss":50},{"damage_healed":0,"gold_gain":0,"player_choice":"Ignored","damage_taken":0,"max_hp_gain":0,"max_hp_loss":0,"event_name":"Ghosts","floor":19,"gold_loss":0}],"is_beta":false,"boss_relics":[{"not_picked":["Fusion Hammer","Velvet Choker"],"picked":"SlaversCollar"}],"items_purged_floors":[],"is_endless":false,"potions_floor_spawned":[2,11,16,18],"killed_by":"Shelled Parasite and Fungi","ascension_level":0}}