{"host":"feffzurv61v3a0s2","time":1614100962,"event":{"mods":["2.2 Compatiblity","BaseMod","Colored Powertips","Downfall","Hermit","Minty Spire (QoL Compilation)","Quick Restart","Rare Cards Sparkle","Relic Stats","StSLib","Synergy Search","The Cursed","The Disciple","The Hierophant","The Runesmith"],"gold_per_floor":[112,112,122,134,154,182,56,98,145,181,181,149,149,162,162,264,264,265,27,100,200,222,222,257,257,257,285,303,323,338,367,367,468,468,487,509,26,26,139,139,169,169,169,207,221,221,239,254,254,254,254,254,45,116,96,96],"floor_reached":55,"language":"ENG","playtime":5880,"items_purged":["hierophant:Strike_Hierophant","hierophant:Strike_Hierophant","hierophant:Defend_Hierophant"],"score":851,"play_id":"7d1d53dc-9def-46b0-9e7c-d6b302f8456d","local_time":"20210223092242","is_ascension_mode":false,"campfire_choices":[{"data":"hierophant:ChurchCoffers","floor":11.0,"key":"SMITH"},{"data":"hierophant:Punish","floor":13.0,"key":"SMITH"},{"data":"hierophant:Smite","floor":15.0,"key":"SMITH"},{"data":"hierophant:Zeal","floor":23.0,"key":"SMITH"},{"data":"hierophant:MirrorShield","floor":32.0,"key":"SMITH"},{"data":"Apotheosis","floor":40.0,"key":"SMITH"},{"floor":46.0,"key":"RECALL"},{"data":"hierophant:Blessing","floor":49.0,"key":"SMITH"},{"data":"hierophant:Shelter","floor":52.0,"key":"SMITH"}],"circlet_count":0,"master_deck":["hierophant:Strike_Hierophant","hierophant:Punish+1","hierophant:Defend_Hierophant","hierophant:ChurchCoffers+1","hierophant:Zeal+1","hierophant:PristineSoul","hierophant:OrnateBuckler","hierophant:FieryStrike","hierophant:Shelter","hierophant:Smite+1","hierophant:MirrorShield+1","hierophant:Smite","hierophant:Shelter+1","hierophant:ThreeLashes","hierophant:MorningPrayer","hierophant:HammerAndAnvil+1","hierophant:Flagellation","hierophant:Upheaval+1","hierophant:Smite+1","hierophant:Exaltation","hierophant:Kindle","hierophant:Flagellation","Apotheosis+1","Finesse","hierophant:HolyVerse+1","hierophant:Racketeering","hierophant:DisplayOfPower+1","hierophant:Doomsaying+1","hierophant:Blessing+1","hierophant:Glossolalia+1","Jack Of All Trades"],"relics":["hierophant:PropheticMaskRelic","hierophant:DonationBoxRelic","Smiling Mask","Shuriken","Empty Cage","Bottled Lightning","Toy Ornithopter","MutagenicStrength","MealTicket","Strawberry","Coffee Dripper","Vajra","Calipers","Boot","Frozen Egg 2","Ice Cream","Kunai","Ornamental Fan"],"acts_visited":["Exordium","TheCity","TheBeyond","TheEnding"],"potions_floor_usage":[55],"damage_taken":[{"damage":0.0,"enemies":"2 Louse","floor":1.0,"turns":1.0},{"damage":1.0,"enemies":"Cultist","floor":3.0,"turns":3.0},{"damage":0.0,"enemies":"Small Slimes","floor":4.0,"turns":2.0},{"damage":0.0,"enemies":"Exordium Wildlife","floor":5.0,"turns":3.0},{"damage":27.0,"enemies":"3 Sentries","floor":6.0,"turns":8.0},{"damage":0.0,"enemies":"Blue Slaver","floor":8.0,"turns":4.0},{"damage":5.0,"enemies":"Lagavulin","floor":10.0,"turns":7.0},{"damage":0.0,"enemies":"Exordium Thugs","floor":12.0,"turns":4.0},{"damage":0.0,"enemies":"2 Fungi Beasts","floor":14.0,"turns":2.0},{"damage":0.0,"enemies":"Slime Boss","floor":16.0,"turns":4.0},{"damage":2.0,"enemies":"2 Thieves","floor":18.0,"turns":2.0},{"damage":0.0,"enemies":"Shell Parasite","floor":20.0,"turns":1.0},{"damage":0.0,"enemies":"Shelled Parasite and Fungi","floor":22.0,"turns":2.0},{"damage":5.0,"enemies":"Gremlin Leader","floor":24.0,"turns":5.0},{"damage":12.0,"enemies":"Book of Stabbing","floor":27.0,"turns":3.0},{"damage":13.0,"enemies":"3 Cultists","floor":28.0,"turns":5.0},{"damage":0.0,"enemies":"Sentry and Sphere","floor":29.0,"turns":2.0},{"damage":4.0,"enemies":"Centurion and Healer","floor":30.0,"turns":3.0},{"damage":0.0,"enemies":"Slavers","floor":31.0,"turns":3.0},{"damage":0.0,"enemies":"Collector","floor":33.0,"turns":1.0},{"damage":0.0,"enemies":"Orb Walker","floor":35.0,"turns":2.0},{"damage":0.0,"enemies":"3 Darklings","floor":36.0,"turns":2.0},{"damage":6.0,"enemies":"2 Orb Walkers","floor":39.0,"turns":5.0},{"damage":2.0,"enemies":"Nemesis","floor":41.0,"turns":5.0},{"damage":0.0,"enemies":"Reptomancer","floor":44.0,"turns":3.0},{"damage":0.0,"enemies":"Maw","floor":45.0,"turns":3.0},{"damage":0.0,"enemies":"Writhing Mass","floor":47.0,"turns":2.0},{"damage":39.0,"enemies":"Transient","floor":48.0,"turns":5.0},{"damage":53.0,"enemies":"Time Eater","floor":50.0,"turns":8.0},{"damage":28,"enemies":"Shield and Spear","floor":54,"turns":3},{"damage":77,"enemies":"The Heart","floor":55,"turns":6}],"seed_played":"-8893389892763171596","potions_obtained":[{"floor":5.0,"key":"DuplicationPotion"},{"floor":6.0,"key":"SpeedPotion"},{"floor":10.0,"key":"Fire Potion"},{"floor":16.0,"key":"Strength Potion"},{"floor":20.0,"key":"Fire Potion"},{"floor":27.0,"key":"Weak Potion"},{"floor":30.0,"key":"BlessingOfTheForge"},{"floor":31.0,"key":"FearPotion"},{"floor":35.0,"key":"AttackPotion"},{"floor":44.0,"key":"EntropicBrew"},{"floor":47.0,"key":"Energy Potion"}],"is_trial":false,"path_per_floor":["M","?","M","M","M","E","$","M","T","E","R","M","R","M","R","B",null,"M","$","M","?","M","R","E","?","T","E","M","M","M","E","R","B",null,"M","M","$","?","?","R","E","T","T","E","M","R","M","M","R","B",null,"R","$","E","B"],"character_chosen":"HIEROPHANT","items_purchased":["hierophant:Smite","Bottled Lightning","Apotheosis","Finesse","Vajra","hierophant:Glossolalia+1","Jack Of All Trades"],"campfire_rested":0,"item_purchase_floors":[7,19,37,37,37,53,53],"current_hp_per_floor":[82,82,81,81,81,54,54,54,54,49,49,49,49,49,49,49,82,80,80,80,80,80,80,75,75,75,70,57,57,53,60,60,70,89,89,89,89,89,83,83,81,81,81,81,81,81,81,47,47,19,89,89,89,61,0,0],"gold":96,"neow_bonus":"TEN_PERCENT_HP_BONUS","is_daily":false,"chose_seed":false,"campfire_upgraded":8,"win_rate":0.0,"timestamp":1614100962,"path_taken":["M","?","M","?","M","E","$","M","T","E","R","M","R","M","R","BOSS","M","$","M","?","?","R","E","?","T","E","M","M","M","E","R","BOSS","M","M","$","?","?","R","E","?","T","E","?","R","M","M","R","BOSS","R","$","E","BOSS"],"items_purchased_type":["Card","Relic","Card","Card","Relic","Card","Card"],"build_version":"2020-12-22","purchased_purges":3,"victory":false,"max_hp_per_floor":[82,82,82,82,82,82,82,82,82,82,82,82,82,82,82,82,82,82,82,82,82,82,82,82,82,82,82,82,82,82,89,89,89,89,89,89,89,89,89,89,89,89,89,89,89,89,89,89,89,89,89,89,89,89,89,89],"relic_stats":{"counters":[31,109],"Shuriken":[18],"Ornamental Fan":[4],"MealTicket":0,"Kunai":[5],"Smiling Mask":125,"Boot":[19],"obtain_stats":[{"Ice Cream":43,"Calipers":39,"hierophant:PropheticMaskRelic":0,"Vajra":37,"Frozen Egg 2":42,"Smiling Mask":9,"Empty Cage":17,"Boot":41,"Shuriken":10,"Ornamental Fan":54,"MutagenicStrength":25,"Strawberry":31,"hierophant:DonationBoxRelic":6,"MealTicket":27,"Coffee Dripper":34,"Bottled Lightning":19,"Kunai":44,"Toy Ornithopter":24},{"Ice Cream":24,"Calipers":23,"hierophant:PropheticMaskRelic":0,"Vajra":22,"Frozen Egg 2":24,"Smiling Mask":6,"Empty Cage":10,"Boot":24,"Shuriken":7,"Ornamental Fan":30,"MutagenicStrength":14,"Strawberry":19,"hierophant:DonationBoxRelic":5,"MealTicket":15,"Coffee Dripper":20,"Bottled Lightning":11,"Kunai":25,"Toy Ornithopter":14},{"Ice Cream":79,"Calipers":74,"hierophant:PropheticMaskRelic":0,"Vajra":69,"Frozen Egg 2":79,"Smiling Mask":21,"Empty Cage":38,"Boot":79,"Shuriken":28,"Ornamental Fan":103,"MutagenicStrength":48,"Strawberry":64,"hierophant:DonationBoxRelic":17,"MealTicket":51,"Coffee Dripper":65,"Bottled Lightning":40,"Kunai":82,"Toy Ornithopter":48}],"Toy Ornithopter":42},"card_choices":[{"not_picked":["hierophant:Remorse","hierophant:Shelter"],"picked":"hierophant:Zeal","floor":1.0},{"not_picked":["hierophant:Purify","hierophant:RustyCrate"],"picked":"hierophant:PristineSoul","floor":3.0},{"not_picked":["hierophant:SealAway","hierophant:Encroach"],"picked":"hierophant:OrnateBuckler","floor":4.0},{"not_picked":["hierophant:FlamingChariot","hierophant:Sermon"],"picked":"hierophant:FieryStrike","floor":5.0},{"not_picked":["hierophant:Empathy","hierophant:Bribe"],"picked":"hierophant:Shelter","floor":6.0},{"not_picked":["hierophant:Doomsaying","hierophant:Rebuild"],"picked":"hierophant:MirrorShield","floor":8.0},{"not_picked":["hierophant:Purify","hierophant:PristineSoul"],"picked":"hierophant:Smite","floor":10.0},{"not_picked":["hierophant:WrathOfGod","hierophant:Doubloon"],"picked":"hierophant:Shelter","floor":12.0},{"not_picked":["hierophant:Purify","hierophant:Shelter"],"picked":"hierophant:ThreeLashes","floor":14.0},{"not_picked":["hierophant:Levitation","hierophant:AuricForm"],"picked":"hierophant:Kindle","floor":16.0},{"not_picked":["hierophant:RepressedViolence","hierophant:Prophecy","hierophant:SecretStash"],"picked":"SKIP","floor":18.0},{"not_picked":["hierophant:OrnateBuckler+1","hierophant:Smite"],"picked":"hierophant:MorningPrayer","floor":20.0},{"not_picked":["hierophant:Embezzle","hierophant:Cornucopia","hierophant:Community"],"picked":"SKIP","floor":22.0},{"not_picked":["hierophant:SealAway","hierophant:DeathKnell","hierophant:Remorse+1"],"picked":"SKIP","floor":24.0},{"not_picked":["hierophant:ThreeLashes","hierophant:Empathy"],"picked":"hierophant:HammerAndAnvil+1","floor":27.0},{"not_picked":["hierophant:Purify","hierophant:EyeForCoin"],"picked":"hierophant:Flagellation","floor":28.0},{"not_picked":["hierophant:Doubloon+1","hierophant:RustyCrate"],"picked":"hierophant:Upheaval+1","floor":29.0},{"not_picked":["hierophant:FlamingChariot","hierophant:Shelter+1"],"picked":"hierophant:Smite+1","floor":30.0},{"not_picked":["hierophant:Purify","hierophant:ThreeLashes"],"picked":"hierophant:Exaltation","floor":31.0},{"not_picked":["hierophant:WrathOfGod","hierophant:BulkyChest"],"picked":"hierophant:Kindle","floor":33.0},{"not_picked":["hierophant:Sermon","hierophant:CoinFling+1","hierophant:ThreeLashes"],"picked":"SKIP","floor":35.0},{"not_picked":["hierophant:Remorse+1","hierophant:ThreeLashes+1"],"picked":"hierophant:Flagellation","floor":36.0},{"not_picked":["hierophant:FlamingChariot+1","hierophant:Encroach+1"],"picked":"hierophant:HolyVerse+1","floor":39.0},{"not_picked":["hierophant:Zeal","hierophant:ArchangelShield+1"],"picked":"hierophant:Racketeering","floor":41.0},{"not_picked":["hierophant:OrnateJavelin+1","hierophant:SecretStash+1","hierophant:Determination+1"],"picked":"SKIP","floor":44.0},{"not_picked":["hierophant:Martyrdom+1","hierophant:CursedGold+1"],"picked":"hierophant:DisplayOfPower+1","floor":45.0},{"not_picked":["hierophant:RecallFunds+1","hierophant:Doubloon"],"picked":"hierophant:Doomsaying+1","floor":47.0},{"not_picked":["hierophant:FaithHealing","hierophant:FlamingChariot+1"],"picked":"hierophant:Blessing","floor":48.0},{"not_picked":["hierophant:SolarFlare","hierophant:Determination+1","hierophant:AuricBeam+1"],"picked":"SKIP","floor":54}],"player_experience":126105,"relics_obtained":[{"floor":6.0,"key":"hierophant:DonationBoxRelic"},{"floor":9.0,"key":"Smiling Mask"},{"floor":10.0,"key":"Shuriken"},{"floor":24.0,"key":"Toy Ornithopter"},{"floor":27.0,"key":"MealTicket"},{"floor":31.0,"key":"Strawberry"},{"floor":39.0,"key":"Calipers"},{"floor":41.0,"key":"Boot"},{"floor":42.0,"key":"Frozen Egg 2"},{"floor":43.0,"key":"Ice Cream"},{"floor":44.0,"key":"Kunai"},{"floor":54,"key":"Ornamental Fan"}],"event_choices":[{"cards_removed":["hierophant:Defend_Hierophant"],"damage_healed":0.0,"max_hp_gain":0.0,"max_hp_loss":0.0,"gold_gain":0.0,"event_name":"Bonfire Elementals","player_choice":"Offered Basic","floor":2.0,"gold_loss":0.0,"damage_taken":0.0},{"damage_healed":0.0,"max_hp_gain":0.0,"max_hp_loss":0.0,"gold_gain":100.0,"event_name":"Golden Shrine","player_choice":"Pray","floor":21.0,"gold_loss":0.0,"damage_taken":0.0},{"damage_healed":0.0,"max_hp_gain":0.0,"max_hp_loss":0.0,"gold_gain":0.0,"event_name":"Drug Dealer","player_choice":"Inject Mutagens","floor":25.0,"gold_loss":0.0,"damage_taken":0.0,"relics_obtained":["MutagenicStrength"]},{"cards_removed":["hierophant:Kindle"],"damage_healed":0.0,"max_hp_gain":0.0,"max_hp_loss":0.0,"gold_gain":0.0,"event_name":"Falling","player_choice":"Removed Skill","floor":38.0,"gold_loss":0.0,"damage_taken":0.0},{"damage_healed":0.0,"max_hp_gain":0.0,"max_hp_loss":0.0,"gold_gain":0.0,"event_name":"Mysterious Sphere","player_choice":"Fight","floor":39.0,"gold_loss":0.0,"damage_taken":0.0}],"is_beta":false,"boss_relics":[{"not_picked":["Tiny House","Velvet Choker"],"picked":"Empty Cage"},{"not_picked":["Calling Bell","Sozu"],"picked":"Coffee Dripper"}],"items_purged_floors":[7,37,53],"is_endless":false,"potions_floor_spawned":[5,6,10,16,20,22,27,30,31,35,44,47],"killed_by":"The Heart","ascension_level":0}}