{"host":"gf8hyl7jhl0is674","time":1614055119,"event":{"mods":["2.2 Compatiblity","Act Like it!","BaseMod","CapriCore","Colored Map","Gensokyo","Minty Spire (QoL Compilation)","Permanent Neow","Relic Sorter","StSLib","The Alterego","The Blue Laboratory","Unceasing Turn Reminder","Waifu the Spire"],"gold_per_floor":[120,70,70,85,85,85,125,125,125,138,138,163,187,207,207,338,338,353,122,145,45,45,45,83,83,83,83,83,114,114,39,39,142,142,157,207,82,82,102,102,102],"floor_reached":40,"language":"ENG","playtime":3006,"items_purged":["alterego_mod:Strike","alterego_mod:Strike","alterego_mod:Defend"],"score":495,"play_id":"5948b6ec-67b6-4f77-9fb7-71d24245b48b","local_time":"20210222213839","is_ascension_mode":false,"campfire_choices":[{"data":"alterego_mod:SuperDuperMasochism","floor":11,"key":"SMITH"},{"floor":15,"key":"REST"},{"data":"alterego_mod:Crossover","floor":23,"key":"SMITH"},{"data":"alterego_mod:Mirror","floor":25,"key":"SMITH"},{"data":"alterego_mod:Undulate","floor":27,"key":"SMITH"},{"data":"alterego_mod:BigMeatyClaws","floor":32,"key":"SMITH"}],"circlet_count":0,"master_deck":["alterego_mod:Impale","alterego_mod:BigMeatyClaws+1","alterego_mod:BrynhildrsRune","alterego_mod:DeftHands","alterego_mod:Crossover+1","alterego_mod:Jiggle","alterego_mod:DiscoLights","alterego_mod:MaintainEyeContact","alterego_mod:BoobPocket","alterego_mod:Cycle","alterego_mod:Mirror+1","alterego_mod:SuperDuperMasochism+1","alterego_mod:Cooking","alterego_mod:Undulate+1","alterego_mod:Lift","alterego_mod:Table+1","alterego_mod:Support+1","alterego_mod:DiscoLights+1","alterego_mod:ChallengeComplete+1","alterego_mod:Undulate","alterego_mod:Schoolgirl","alterego_mod:PainIsPleasure+1","Flash of Steel"],"relics":["alterego_mod:MasochisticConstitution","Bloody Idol","Pear","Bottled Tornado","HornCleat","Sozu","Art of War","Ornamental Fan","Frozen Egg 2","Mummified Hand","Busted Crown","Mango"],"acts_visited":["Exordium","TheCity","TheBeyond"],"potions_floor_usage":[16,16,24],"damage_taken":[{"damage":9,"enemies":"2 Louse","floor":1,"turns":4},{"damage":5,"enemies":"Small Slimes","floor":4,"turns":6},{"damage":24,"enemies":"Gremlin Nob","floor":7,"turns":5},{"damage":18,"enemies":"Jaw Worm","floor":10,"turns":6},{"damage":7,"enemies":"3 Louse","floor":12,"turns":3},{"damage":18,"enemies":"Looter","floor":13,"turns":4},{"damage":9,"enemies":"2 Fungi Beasts","floor":14,"turns":5},{"damage":57,"enemies":"Slime Boss","floor":16,"turns":14},{"damage":6,"enemies":"Shell Parasite","floor":18,"turns":9},{"damage":28,"enemies":"Spheric Guardian","floor":20,"turns":8},{"damage":9,"enemies":"Gremlin Leader","floor":24,"turns":8},{"damage":11,"enemies":"Book of Stabbing","floor":29,"turns":9},{"damage":5,"enemies":"Automaton","floor":33,"turns":17},{"damage":0,"enemies":"3 Darklings","floor":35,"turns":11},{"damage":3,"enemies":"Mind Bloom Boss Battle","floor":36,"turns":12},{"damage":22,"enemies":"3 Shapes","floor":39,"turns":8},{"damage":128,"enemies":"Reptomancer","floor":40,"turns":3}],"seed_played":"303212826151518013","potions_obtained":[{"floor":10,"key":"blueLaboratory:FruitPreserves"},{"floor":12,"key":"PowerPotion"},{"floor":13,"key":"blueLaboratory:FruitPunch"}],"is_trial":false,"path_per_floor":["M","?","?","M","?","?","E","T","T","M","R","M","M","M","R","B",null,"M","$","M","$","?","R","E","R","T","R","?","E","?","?","R","B",null,"M","?","$","?","M","E"],"character_chosen":"The_Alterego","items_purchased":["Art of War"],"campfire_rested":1,"item_purchase_floors":[19],"current_hp_per_floor":[62,62,45,55,55,72,59,59,59,42,42,36,22,17,43,25,90,91,91,64,64,64,64,66,66,66,66,66,59,59,59,59,63,95,95,110,110,100,103,0,0],"gold":102,"neow_bonus":"REMOVE_CARD","is_daily":false,"chose_seed":false,"campfire_upgraded":5,"win_rate":0.0,"timestamp":1614055119,"path_taken":["M","?","?","M","?","?","E","?","T","M","R","M","?","M","R","BOSS","M","$","M","$","?","R","E","R","T","R","?","E","?","?","R","BOSS","M","?","$","?","M","E"],"items_purchased_type":["Relic"],"build_version":"2020-12-22","purchased_purges":3,"victory":false,"max_hp_per_floor":[71,71,71,72,72,72,83,83,83,84,84,85,86,87,87,90,90,91,91,92,92,92,92,93,93,93,93,93,94,94,94,94,95,95,95,110,110,110,111,111,111],"card_choices":[{"not_picked":["alterego_mod:Complex","alterego_mod:Cycle"],"picked":"alterego_mod:DeftHands","floor":1},{"not_picked":["alterego_mod:GachaTicket","alterego_mod:Cycle"],"picked":"alterego_mod:Crossover","floor":4},{"not_picked":["alterego_mod:Jiggle","alterego_mod:GachaTicket"],"picked":"alterego_mod:Mirror","floor":7},{"not_picked":["alterego_mod:Pet","alterego_mod:Bounce"],"picked":"alterego_mod:SuperDuperMasochism","floor":10},{"not_picked":["alterego_mod:Crossover","alterego_mod:Rip"],"picked":"alterego_mod:Cooking","floor":12},{"not_picked":["alterego_mod:GoddessCore","alterego_mod:Pet","alterego_mod:Jiggle"],"picked":"SKIP","floor":13},{"not_picked":["alterego_mod:Jiggle","alterego_mod:Birthday"],"picked":"alterego_mod:Undulate","floor":14},{"not_picked":["alterego_mod:Palingenesis","alterego_mod:RingBreak"],"picked":"alterego_mod:Lift","floor":16},{"not_picked":["alterego_mod:Birthday+1","alterego_mod:Pet"],"picked":"alterego_mod:Table+1","floor":18},{"not_picked":["alterego_mod:TrashNCrash","alterego_mod:RingBreak"],"picked":"alterego_mod:Support+1","floor":20},{"not_picked":["alterego_mod:Bloomers+1","alterego_mod:Pet"],"picked":"alterego_mod:DiscoLights+1","floor":24},{"not_picked":["alterego_mod:Cycle","alterego_mod:GoddessCore"],"picked":"alterego_mod:Schoolgirl","floor":29},{"not_picked":["alterego_mod:Lift+1","alterego_mod:RingBreak+1"],"picked":"alterego_mod:PainIsPleasure+1","floor":33},{"not_picked":["alterego_mod:MaintainEyeContact"],"picked":"SKIP","floor":35},{"not_picked":[],"picked":"Flash of Steel","floor":38},{"not_picked":["alterego_mod:Jiggle+1"],"picked":"SKIP","floor":39}],"player_experience":362481,"relics_obtained":[{"floor":7,"key":"Pear"},{"floor":8,"key":"Bottled Tornado"},{"floor":9,"key":"HornCleat"},{"floor":24,"key":"Ornamental Fan"},{"floor":26,"key":"Frozen Egg 2"},{"floor":29,"key":"Mummified Hand"},{"floor":36,"key":"Mango"}],"event_choices":[{"cards_removed":["alterego_mod:Defend"],"damage_healed":0,"gold_gain":0,"player_choice":"Card Removal","damage_taken":0,"max_hp_gain":0,"max_hp_loss":0,"event_name":"The Cleric","floor":2,"gold_loss":50},{"damage_healed":0,"gold_gain":0,"player_choice":"Take Damage","damage_taken":17,"relics_obtained":["Golden Idol"],"max_hp_gain":0,"max_hp_loss":0,"event_name":"Golden Idol","floor":3,"gold_loss":0},{"damage_healed":24,"gold_gain":0,"player_choice":"Banana","damage_taken":0,"max_hp_gain":0,"max_hp_loss":0,"event_name":"Big Fish","floor":6,"gold_loss":0},{"damage_healed":0,"gold_gain":0,"player_choice":"Ignored","damage_taken":0,"max_hp_gain":0,"max_hp_loss":0,"event_name":"Vampires","floor":22,"gold_loss":0},{"damage_healed":0,"gold_gain":0,"cards_transformed":["alterego_mod:Strike","alterego_mod:Defend"],"player_choice":"Became Test Subject","damage_taken":0,"max_hp_gain":0,"max_hp_loss":0,"event_name":"Drug Dealer","floor":28,"gold_loss":0,"cards_obtained":["alterego_mod:ChallengeComplete","alterego_mod:Undulate"]},{"damage_healed":0,"gold_gain":0,"player_choice":"Gave Idol","damage_taken":0,"relics_obtained":["Bloody Idol"],"max_hp_gain":0,"max_hp_loss":0,"event_name":"Forgotten Altar","floor":30,"relics_lost":["Golden Idol"],"gold_loss":0},{"cards_removed":["alterego_mod:Defend"],"damage_healed":0,"gold_gain":0,"player_choice":"Gave Gold","damage_taken":0,"max_hp_gain":0,"max_hp_loss":0,"event_name":"Beggar","floor":31,"gold_loss":75},{"damage_healed":0,"gold_gain":0,"player_choice":"Fight","damage_taken":0,"max_hp_gain":0,"max_hp_loss":0,"event_name":"MindBloom","floor":36,"gold_loss":0},{"damage_healed":0,"gold_gain":0,"player_choice":"Memory 3","damage_taken":10,"max_hp_gain":0,"max_hp_loss":0,"event_name":"SensoryStone","floor":38,"gold_loss":0}],"is_beta":false,"boss_relics":[{"not_picked":["Ectoplasm","Black Star"],"picked":"Sozu"},{"not_picked":["Cursed Key","Tiny House"],"picked":"Busted Crown"}],"items_purged_floors":[19,21,37],"is_endless":false,"potions_floor_spawned":[10,12,13,29,33],"killed_by":"Reptomancer","ascension_level":0}}