{"host":"ghnln56zhm0b0ozo","time":1614089835,"event":{"mods":["Bard","BaseMod","Block Reminder","Hermit","Marisa????????","Minty Spire (QoL Compilation)","Potionbrewer","Prisma Mod","READ ME - Snecko Mod","Rare Cards Sparkle","Relic Stats","StSLib","The Bug Knight","The Cursed","The Death Knight","The Forsaken","The Servant 0.9.4","The Wild Card","TheVacant","Waifu the Spire"],"gold_per_floor":[114,114,114,134,151,183,183,148,448,623,638,653,667,254,254,352,352,362,362,135,135,152,180,180,180,227,247,247,247],"floor_reached":28,"language":"ENG","playtime":1103,"items_purged":[],"score":238,"play_id":"8ebd82f9-695d-48f7-91bb-4fb5dc511899","local_time":"20210223161715","is_ascension_mode":false,"campfire_choices":[{"floor":7,"key":"REST"},{"data":"hermit:Gambit","floor":15,"key":"SMITH"},{"data":"hermit:Maintenance","floor":25,"key":"SMITH"}],"circlet_count":0,"master_deck":["hermit:Strike_Hermit","hermit:Strike_Hermit","hermit:Strike_Hermit","hermit:Strike_Hermit","hermit:Defend_Hermit","hermit:Defend_Hermit","hermit:Defend_Hermit","hermit:Defend_Hermit","hermit:Snapshot","hermit:Covet","hermit:Desperado","hermit:Midnight","hermit:CursedWeapon","hermit:Gambit+1","Doubt","hermit:PistolWhip","hermit:HoleUp","hermit:Glare","hermit:Maintenance+1","hermit:ItchyTrigger","hermit:HeroicBravado","hermit:Vantage+1","hermit:Malice","hermit:FlashPowder","hermit:Brawl","RitualDagger","Writhe","hermit:CursedWeapon"],"relics":["hermit:Momento","NeowsBlessing","Ornamental Fan","potionbrewer:MortarAndPestle","Old Coin","Happy Flower","theForsaken:Lifeblossom","Cursed Key","MutagenicStrength","ClockworkSouvenir","CaptainsWheel","Pen Nib"],"acts_visited":["Exordium","TheCity"],"potions_floor_usage":[6,16,18],"damage_taken":[{"damage":0,"enemies":"2 Louse","floor":1,"turns":1},{"damage":0,"enemies":"Jaw Worm","floor":4,"turns":1},{"damage":0,"enemies":"Cultist","floor":5,"turns":1},{"damage":43,"enemies":"Lagavulin","floor":6,"turns":5},{"damage":6,"enemies":"Blue Slaver","floor":11,"turns":4},{"damage":8,"enemies":"Large Slime","floor":12,"turns":5},{"damage":2,"enemies":"3 Louse","floor":13,"turns":2},{"damage":35,"enemies":"The Guardian","floor":16,"turns":9},{"damage":14,"enemies":"3 Byrds","floor":18,"turns":4},{"damage":2,"enemies":"Spheric Guardian","floor":22,"turns":3},{"damage":4,"enemies":"HollowMod:Nosk","floor":23,"turns":10},{"damage":15,"enemies":"Centurion and Healer","floor":27,"turns":5},{"damage":69,"enemies":"Gremlin Leader","floor":28,"turns":4}],"seed_played":"-8001549347777472951","potions_obtained":[{"floor":6,"key":"Fruit Juice"},{"floor":11,"key":"potionbrewer:DiscountPotion"},{"floor":12,"key":"BlessingOfTheForge"},{"floor":13,"key":"CultistPotion"},{"floor":16,"key":"Explosive Potion"},{"floor":18,"key":"potionbrewer:AcidPotion"}],"is_trial":false,"path_per_floor":["M","?","?","M","M","E","R","?","T","?","M","M","M","$","R","B",null,"M","?","$","?","M","E","?","R","T","M","E"],"character_chosen":"HERMIT","items_purchased":["hermit:Maintenance","hermit:ItchyTrigger","Happy Flower","theForsaken:Lifeblossom","hermit:Malice","ClockworkSouvenir"],"campfire_rested":1,"item_purchase_floors":[14,14,14,14,20,20],"current_hp_per_floor":[75,72,72,72,72,34,58,78,78,78,72,64,62,62,62,33,80,67,67,67,67,70,72,66,66,66,57,0,0],"gold":247,"neow_bonus":"THREE_ENEMY_KILL","is_daily":false,"chose_seed":false,"campfire_upgraded":2,"win_rate":0.0,"timestamp":1614089835,"path_taken":["M","?","?","?","M","E","R","?","T","?","M","M","M","$","R","BOSS","M","?","$","?","M","E","?","R","T","M","E"],"items_purchased_type":["Card","Card","Relic","Relic","Card","Relic"],"build_version":"2020-12-22","purchased_purges":0,"victory":false,"max_hp_per_floor":[75,75,75,75,75,80,80,80,80,80,80,80,80,80,80,80,80,80,80,80,80,80,80,80,80,80,80,80,80],"relic_stats":{"Happy Flower":[11],"counters":[16,57],"Ornamental Fan":[56],"Pen Nib":[1],"Cursed Key":1,"obtain_stats":[{"CaptainsWheel":23,"NeowsBlessing":0,"Happy Flower":14,"Ornamental Fan":2,"MutagenicStrength":19,"potionbrewer:MortarAndPestle":6,"theForsaken:Lifeblossom":14,"Pen Nib":26,"Cursed Key":17,"hermit:Momento":0,"Old Coin":9,"ClockworkSouvenir":20},{"CaptainsWheel":14,"NeowsBlessing":3,"Happy Flower":10,"Ornamental Fan":4,"MutagenicStrength":12,"potionbrewer:MortarAndPestle":7,"theForsaken:Lifeblossom":10,"Pen Nib":14,"Cursed Key":11,"hermit:Momento":0,"Old Coin":7,"ClockworkSouvenir":12},{"CaptainsWheel":48,"NeowsBlessing":3,"Happy Flower":22,"Ornamental Fan":4,"MutagenicStrength":35,"potionbrewer:MortarAndPestle":11,"theForsaken:Lifeblossom":22,"Pen Nib":48,"Cursed Key":31,"hermit:Momento":0,"Old Coin":11,"ClockworkSouvenir":35}]},"card_choices":[{"not_picked":["hermit:Feint","hermit:WideOpen"],"picked":"hermit:Desperado","floor":1},{"not_picked":["hermit:EternalForm","hermit:Virtue"],"picked":"hermit:Midnight","floor":4},{"not_picked":["hermit:EyeOfTheStorm","hermit:HoleUp"],"picked":"hermit:CursedWeapon","floor":5},{"not_picked":["hermit:CursedWeapon","hermit:Coalescence"],"picked":"hermit:Gambit","floor":6},{"not_picked":["hermit:LoneWolf","hermit:BodyArmor"],"picked":"hermit:PistolWhip","floor":11},{"not_picked":["hermit:WideOpen","hermit:Coalescence"],"picked":"hermit:HoleUp","floor":12},{"not_picked":["hermit:TakeAim","hermit:SprayPray"],"picked":"hermit:Glare","floor":13},{"not_picked":["hermit:Roughhouse","hermit:DeadOrAlive"],"picked":"hermit:HeroicBravado","floor":16},{"not_picked":["hermit:CalledShot","hermit:Spite"],"picked":"hermit:Vantage+1","floor":18},{"not_picked":["hermit:Ricochet","hermit:CursedWeapon"],"picked":"hermit:FlashPowder","floor":22},{"not_picked":["hermit:Desperado","hermit:Maintenance"],"picked":"hermit:Brawl","floor":23},{"not_picked":["hermit:Misfire+1","hermit:Horror"],"picked":"hermit:CursedWeapon","floor":27}],"player_experience":180745,"relics_obtained":[{"floor":6,"key":"potionbrewer:MortarAndPestle"},{"floor":9,"key":"Old Coin"},{"floor":23,"key":"CaptainsWheel"},{"floor":26,"key":"Pen Nib"}],"event_choices":[{"damage_healed":0,"gold_gain":0,"player_choice":"Success","damage_taken":3,"relics_obtained":["Ornamental Fan"],"max_hp_gain":0,"max_hp_loss":0,"event_name":"Scrap Ooze","floor":2,"gold_loss":0},{"damage_healed":0,"gold_gain":0,"player_choice":"Ignored","damage_taken":0,"max_hp_gain":0,"max_hp_loss":0,"event_name":"Purifier","floor":3,"gold_loss":0},{"damage_healed":20,"gold_gain":0,"player_choice":"Healed","damage_taken":0,"max_hp_gain":0,"max_hp_loss":0,"event_name":"The Cleric","floor":8,"gold_loss":35},{"damage_healed":0,"gold_gain":175,"player_choice":"AGREE","damage_taken":0,"max_hp_gain":0,"max_hp_loss":0,"event_name":"Liars Game","floor":10,"gold_loss":0,"cards_obtained":["Doubt"]},{"damage_healed":0,"gold_gain":0,"player_choice":"Inject Mutagens","damage_taken":0,"relics_obtained":["MutagenicStrength"],"max_hp_gain":0,"max_hp_loss":0,"event_name":"Drug Dealer","floor":19,"gold_loss":0},{"damage_healed":0,"gold_gain":0,"player_choice":"Ignored","damage_taken":0,"max_hp_gain":0,"max_hp_loss":0,"event_name":"Beggar","floor":21,"gold_loss":0},{"damage_healed":0,"gold_gain":0,"player_choice":"Joined the Cult","damage_taken":6,"max_hp_gain":0,"max_hp_loss":0,"event_name":"Nest","floor":24,"gold_loss":0,"cards_obtained":["RitualDagger"]}],"is_beta":false,"boss_relics":[{"not_picked":["Astrolabe","Snecko Eye"],"picked":"Cursed Key"}],"items_purged_floors":[],"is_endless":false,"potions_floor_spawned":[6,11,12,13,16,18,23,27],"killed_by":"Gremlin Leader","ascension_level":0}}