{"host":"by2xx8ri294xcjpl","time":1614084238,"event":{"mods":["Act Like it!","BaseMod","Dota2Spire","Downfall","Minty Spire (QoL Compilation)","Relic Stats","Replay The Spire","StSLib","【功能Mod】混沌之环修复补丁","【功能Mod】精心准备","【遗物Mod】简单游戏","【遗物卡牌】REMEMod"],"gold_per_floor":[99,109,168,153,253,280,304,349,376,403,86,86,86,118,130,231,231,231,244,244,264,264,296,341,341,401,237,37,37,55,89,109,214,214,214,225,242,171,171,171,171,71,71,71,105,139,165,196,208,305,305,305,305,305],"floor_reached":52,"language":"ZHS","playtime":3451,"items_purged":[],"score":1680,"play_id":"8958b895-0aa3-4cfd-9541-a4bccd8de5d6","local_time":"20210223204358","daily_mods":["SealedDeck","Allstar","Colorless Cards","Heirloom","Flight","DeadlyEvents"],"is_ascension_mode":true,"campfire_choices":[{"floor":1,"key":"DIG"},{"floor":13,"key":"DIG"},{"floor":18,"key":"DIG"},{"floor":25,"key":"RECALL"},{"floor":28,"key":"DIG"},{"floor":35,"key":"DIG"},{"floor":40,"key":"DIG"},{"floor":42,"key":"DIG"},{"floor":44,"key":"DIG"},{"floor":52,"key":"DIG"}],"circlet_count":0,"master_deck":["Terror","hexamod:HauntingEcho","hexamod:GhostShield","hexamod:GhostLash+1","hexamod:PhantomCloak","hexamod:BacktrackSmack","hexamod:Firestarter+1","hexamod:HauntingEcho","hexamod:ShieldOfDarkness+1","hexamod:FourthSeal","Discovery+1","hexamod:FlamesFromBeyond","Magnetism","hexamod:GhostLash","hexamod:SoulSteal+1","Dark Shackles","hexamod:TimeOfNeed","REME_HeartOfCthun","hexamod:GhostOfSpireFuture","hexamod:FastForward+1","hexamod:FastForward","hexamod:FlamesFromBeyond+1","REME_Flogging","REME_ProfessionalPlagiarism","hexamod:FastForward+1","Jack Of All Trades+1","hexamod:UnlimitedPower","hexamod:BurningTouch+1","Specialist","hexamod:FirstSeal","Replay:Sssssssssstrike","Jack Of All Trades","hexamod:PowerFromBeyond+1","hexamod:SixthSeal","hexamod:FastForward","hexamod:SixthSeal"],"relics":["hexamod:UnbrokenSoul","REME_ComplimentaryCards","EasyRelic","Shovel","Pondfish Scales","Toy Ornithopter","Dota2Spire:ShadowBlade","Pen Nib","War Paint","Eternal Feather","Dota2Spire:CrimsonGuard","Medical Kit","Whetstone","Garlic","Replay:Bottled Snecko","Fusion Hammer","MealTicket","Replay:Ringing Soul","Dota2Spire:ArmletOfMordiggian","Slimebound:StickyStick","Dota2Spire:EtherealBlade","Oddly Smooth Stone","Akabeko","downfall:HeartBlessingRed","downfall:HeartBlessingGreen","Gremlin Food","Blood Vial","expansioncontent:StudyCardRelic","Dota2Spire:LotusOrb","hexamod:BolsterEngine","downfall:HeartBlessingBlue","Dota2Spire:ArcaneBoots","Nunchaku","bronze:BronzeIdol","Dota2Spire:DivineRapier","Bottled Lightning","ReplayTheSpireMod:Lightbulb","Dota2Spire:MonkeyKingBar"],"acts_visited":["Exordium","TheCity","TheBeyond","Exordium"],"potions_floor_usage":[5,5,6,8,9,11,14,16,23,26,26,46,50],"damage_taken":[{"damage":0,"enemies":"2 Louse","floor":2,"turns":2},{"damage":8,"enemies":"downfall:FleeingMerchant","floor":4,"turns":4},{"damage":0,"enemies":"downfall:LadyInBlue","floor":5,"turns":9},{"damage":7,"enemies":"3 Sentries","floor":6,"turns":5},{"damage":0,"enemies":"Lagavulin","floor":8,"turns":3},{"damage":0,"enemies":"3 Sentries","floor":9,"turns":5},{"damage":9,"enemies":"Lagavulin","floor":10,"turns":5},{"damage":4,"enemies":"downfall:FleeingMerchant","floor":11,"turns":4},{"damage":0,"enemies":"Gremlin Nob","floor":14,"turns":3},{"damage":0,"enemies":"Cultist","floor":15,"turns":2},{"damage":2,"enemies":"SI_SHIV_ARCHETYPE","floor":16,"turns":6},{"damage":0,"enemies":"Chosen","floor":19,"turns":3},{"damage":0,"enemies":"downfall:LooterAlt2","floor":21,"turns":3},{"damage":16,"enemies":"REME_1_Revenger","floor":23,"turns":4},{"damage":0,"enemies":"Book of Stabbing","floor":26,"turns":3},{"damage":0,"enemies":"downfall:FleeingMerchant","floor":27,"turns":3},{"damage":0,"enemies":"Snecko","floor":30,"turns":3},{"damage":0,"enemies":"Gremlin Leader","floor":31,"turns":3},{"damage":0,"enemies":"Centurion and Healer","floor":32,"turns":3},{"damage":16,"enemies":"WA_ARCHETYPE_CALM","floor":33,"turns":7},{"damage":0,"enemies":"3 Shapes","floor":36,"turns":2},{"damage":0,"enemies":"Orb Walker","floor":37,"turns":2},{"damage":0,"enemies":"Nemesis","floor":45,"turns":3},{"damage":8,"enemies":"R_Hoarder","floor":46,"turns":3},{"damage":0,"enemies":"Giant Head","floor":47,"turns":5},{"damage":2,"enemies":"R_Hoarder","floor":48,"turns":4},{"damage":0,"enemies":"3 Darklings","floor":49,"turns":2},{"damage":30,"enemies":"IC_BLOCK_ARCHETYPE","floor":50,"turns":7}],"seed_played":"1802056463919856866","potions_obtained":[{"floor":2,"key":"Guardian:BlockOnCardUsePotion"},{"floor":2,"key":"Block Potion"},{"floor":4,"key":"PowerPotion"},{"floor":5,"key":"bronze:BurnAndBuffPotion"},{"floor":5,"key":"DistilledChaos"},{"floor":6,"key":"Venom Potion"},{"floor":6,"key":"Fire Potion"},{"floor":8,"key":"SneckoOil"},{"floor":9,"key":"FairyPotion"},{"floor":11,"key":"EssenceOfSteel"},{"floor":14,"key":"REME_GoldPotion"},{"floor":21,"key":"SpeedPotion"},{"floor":21,"key":"SkillPotion"},{"floor":23,"key":"Fire Potion"},{"floor":26,"key":"DistilledChaos"},{"floor":33,"key":"hexamod:EctoCoolerPotion"},{"floor":45,"key":"Fire Potion"},{"floor":46,"key":"Dota2Spire:Clarity"},{"floor":47,"key":"CultistPotion"}],"is_trial":true,"path_per_floor":["R","M","?","$","?","E","T","E","E","E","$","?","R","E","M","B",null,"R","M","?","M","?","E","T","R","E","$","R","$","M","E","M","B",null,"R","M","M","$","?","R","T","R","?","R","E","E","E","E","M","B",null,"R"],"character_chosen":"THE_SPIRIT","items_purchased":["Medical Kit","Whetstone","REME_Flogging","Oddly Smooth Stone","Akabeko","hexamod:FirstSeal"],"campfire_rested":0,"item_purchase_floors":[11,11,27,27,27,38],"current_hp_per_floor":[70,70,70,62,62,60,60,65,70,61,62,62,70,70,70,68,70,70,70,73,76,62,54,54,66,79,90,90,90,93,96,99,86,102,102,105,108,111,111,111,111,121,121,121,124,119,124,133,136,109,139,139,139,139],"gold":305,"neow_bonus":"","is_daily":false,"chose_seed":false,"campfire_upgraded":0,"win_rate":0.0,"timestamp":1614084238,"path_taken":["R","M","?","$","?","E","T","E","?","E","$","?","R","E","M","BOSS","R","M","?","?","?","E","T","R","E","$","R","$","M","E","M","BOSS","R","M","M","$","?","R","T","R","?","R","E","?","E","?","M","BOSS","R"],"items_purchased_type":["Relic","Relic","Card","Relic","Relic","Card"],"build_version":"2020-12-22","purchased_purges":0,"victory":false,"max_hp_per_floor":[70,70,70,70,70,70,70,70,70,70,70,70,70,70,70,70,70,70,70,73,76,81,84,84,84,87,90,90,90,93,96,99,102,102,102,105,108,111,111,111,111,121,121,121,124,127,130,133,136,139,139,139,139,139],"relic_stats":{"Blood Vial":4,"Nunchaku":[4],"Shovel":9,"counters":[28,108],"Eternal Feather":20,"MealTicket":8,"Pen Nib":[15],"Whetstone":["hexamod:Firestarter","hexamod:GhostLash"],"War Paint":["hexamod:ShieldOfDarkness","Discovery"],"Medical Kit":[0],"obtain_stats":[{"Dota2Spire:ArmletOfMordiggian":23,"downfall:HeartBlessingGreen":28,"Dota2Spire:ShadowBlade":6,"expansioncontent:StudyCardRelic":34,"Whetstone":11,"Dota2Spire:EtherealBlade":26,"Dota2Spire:LotusOrb":35,"Blood Vial":31,"Replay:Ringing Soul":20,"Nunchaku":44,"Shovel":0,"Dota2Spire:CrimsonGuard":10,"Slimebound:StickyStick":24,"downfall:HeartBlessingBlue":42,"MealTicket":18,"Fusion Hammer":17,"Dota2Spire:DivineRapier":46,"Replay:Bottled Snecko":14,"Dota2Spire:ArcaneBoots":42,"hexamod:SpiritBrand":0,"Gremlin Food":28,"downfall:HeartBlessingRed":28,"Oddly Smooth Stone":27,"Eternal Feather":9,"Pen Nib":7,"War Paint":8,"Medical Kit":11,"Akabeko":27,"EasyRelic":0,"bronze:BronzeIdol":45,"Pondfish Scales":1,"hexamod:UnbrokenSoul":51,"Garlic":13,"Bottled Lightning":47,"hexamod:BolsterEngine":40,"ReplayTheSpireMod:Lightbulb":48,"Dota2Spire:MonkeyKingBar":52,"Toy Ornithopter":5,"REME_ComplimentaryCards":0},{"Dota2Spire:ArmletOfMordiggian":14,"downfall:HeartBlessingGreen":16,"Dota2Spire:ShadowBlade":4,"expansioncontent:StudyCardRelic":20,"Whetstone":8,"Dota2Spire:EtherealBlade":15,"Dota2Spire:LotusOrb":20,"Blood Vial":18,"Replay:Ringing Soul":12,"Nunchaku":22,"Shovel":0,"Dota2Spire:CrimsonGuard":7,"Slimebound:StickyStick":14,"downfall:HeartBlessingBlue":22,"MealTicket":11,"Fusion Hammer":11,"Dota2Spire:DivineRapier":24,"Replay:Bottled Snecko":9,"Dota2Spire:ArcaneBoots":22,"hexamod:SpiritBrand":0,"Gremlin Food":16,"downfall:HeartBlessingRed":16,"Oddly Smooth Stone":16,"Eternal Feather":6,"Pen Nib":4,"War Paint":5,"Medical Kit":8,"Akabeko":16,"EasyRelic":0,"bronze:BronzeIdol":23,"Pondfish Scales":0,"hexamod:UnbrokenSoul":28,"Garlic":8,"Bottled Lightning":25,"hexamod:BolsterEngine":22,"ReplayTheSpireMod:Lightbulb":26,"Dota2Spire:MonkeyKingBar":28,"Toy Ornithopter":3,"REME_ComplimentaryCards":0},{"Dota2Spire:ArmletOfMordiggian":58,"downfall:HeartBlessingGreen":64,"Dota2Spire:ShadowBlade":20,"expansioncontent:StudyCardRelic":80,"Whetstone":37,"Dota2Spire:EtherealBlade":61,"Dota2Spire:LotusOrb":80,"Blood Vial":70,"Replay:Ringing Soul":51,"Nunchaku":84,"Shovel":0,"Dota2Spire:CrimsonGuard":33,"Slimebound:StickyStick":58,"downfall:HeartBlessingBlue":84,"MealTicket":48,"Fusion Hammer":48,"Dota2Spire:DivineRapier":90,"Replay:Bottled Snecko":40,"Dota2Spire:ArcaneBoots":84,"hexamod:SpiritBrand":0,"Gremlin Food":64,"downfall:HeartBlessingRed":64,"Oddly Smooth Stone":64,"Eternal Feather":28,"Pen Nib":20,"War Paint":23,"Medical Kit":37,"Akabeko":64,"EasyRelic":0,"bronze:BronzeIdol":87,"Pondfish Scales":0,"hexamod:UnbrokenSoul":108,"Garlic":37,"Bottled Lightning":95,"hexamod:BolsterEngine":84,"ReplayTheSpireMod:Lightbulb":99,"Dota2Spire:MonkeyKingBar":108,"Toy Ornithopter":15,"REME_ComplimentaryCards":0}],"Toy Ornithopter":35},"card_choices":[{"not_picked":["hexamod:HauntingEcho","hexamod:ThirdSeal"],"picked":"Discovery","floor":2},{"not_picked":["hexamod:ThermalTransfer","Enlightenment","hexamod:RadiantFlame"],"picked":"SKIP","floor":4},{"not_picked":["hexamod:Firestarter","hexamod:BacktrackSmack","ReplayTheSpireMod:Private Reserves"],"picked":"SKIP","floor":6},{"not_picked":["Purity","hexamod:FastForward"],"picked":"hexamod:FlamesFromBeyond","floor":8},{"not_picked":["hexamod:HauntingEcho","Discovery"],"picked":"Magnetism","floor":9},{"not_picked":["hexamod:BurningTouch","hexamod:ShieldOfDarkness"],"picked":"hexamod:GhostLash","floor":10},{"not_picked":["Survey Options","hexamod:BacktrackSmack","hexamod:SwordOfDarkness"],"picked":"SKIP","floor":11},{"not_picked":["hexamod:Haunt","Bandage Up"],"picked":"Dark Shackles","floor":14},{"not_picked":["hexamod:NightmareStrike","Deep Breath"],"picked":"hexamod:TimeOfNeed","floor":15},{"not_picked":["Thinking Ahead","ReplayUltimateDefense"],"picked":"REME_HeartOfCthun","floor":16},{"not_picked":["hexamod:ThermalTransfer+1","hexamod:InspiringFlames+1","hexamod:Haunt"],"picked":"SKIP","floor":19},{"not_picked":["hexamod:BacktrackSmack+1","hexamod:FlamesFromBeyond"],"picked":"hexamod:GhostOfSpireFuture","floor":21},{"not_picked":["hexamod:BacktrackSmack","hexamod:BurningTouch"],"picked":"hexamod:FastForward+1","floor":23},{"not_picked":["hexamod:Hexaguard","hexamod:StepThrough"],"picked":"hexamod:FastForward","floor":26},{"not_picked":["hexamod:SpectersWail","hexamod:SkipABeat"],"picked":"hexamod:FlamesFromBeyond+1","floor":27},{"not_picked":["hexamod:NightmareGuise","hexamod:SpectersWail"],"picked":"REME_ProfessionalPlagiarism","floor":30},{"not_picked":["Forethought","hexamod:PhantomFireball"],"picked":"hexamod:FastForward+1","floor":31},{"not_picked":["hexamod:GhostShield","hexamod:BacktrackSmack"],"picked":"Jack Of All Trades+1","floor":32},{"not_picked":["Secret Technique","hexamod:TurnItUp"],"picked":"hexamod:UnlimitedPower","floor":33},{"not_picked":["Finesse","hexamod:HauntingEcho+1"],"picked":"hexamod:BurningTouch+1","floor":36},{"not_picked":["hexamod:Again","hexamod:StepThrough+1"],"picked":"Specialist","floor":37},{"not_picked":["hexamod:FastForward+1","hexamod:BurningTouch"],"picked":"Replay:Sssssssssstrike","floor":45},{"not_picked":["hexamod:Firestarter","hexamod:GhostShield"],"picked":"Jack Of All Trades","floor":46},{"not_picked":["hexamod:ThermalTransfer","Replay:Sssssssssstrike+1"],"picked":"hexamod:PowerFromBeyond+1","floor":47},{"not_picked":["hexamod:SpectralAdrenaline","hexamod:GhostflameBarrier+1"],"picked":"hexamod:SixthSeal","floor":48},{"not_picked":["hexamod:NightmareGuise","hexamod:SoulSteal+1"],"picked":"hexamod:FastForward","floor":49},{"not_picked":["Midas Touch","Poisoned Strike"],"picked":"hexamod:SixthSeal","floor":50}],"player_experience":37298,"relics_obtained":[{"floor":1,"key":"Pondfish Scales"},{"floor":5,"key":"Toy Ornithopter"},{"floor":6,"key":"Dota2Spire:ShadowBlade"},{"floor":7,"key":"Pen Nib"},{"floor":8,"key":"War Paint"},{"floor":9,"key":"Eternal Feather"},{"floor":10,"key":"Dota2Spire:CrimsonGuard"},{"floor":13,"key":"Garlic"},{"floor":14,"key":"Replay:Bottled Snecko"},{"floor":18,"key":"MealTicket"},{"floor":23,"key":"Dota2Spire:ArmletOfMordiggian"},{"floor":24,"key":"Slimebound:StickyStick"},{"floor":26,"key":"Dota2Spire:EtherealBlade"},{"floor":28,"key":"Gremlin Food"},{"floor":31,"key":"Blood Vial"},{"floor":35,"key":"Dota2Spire:LotusOrb"},{"floor":40,"key":"hexamod:BolsterEngine"},{"floor":42,"key":"Dota2Spire:ArcaneBoots"},{"floor":44,"key":"Nunchaku"},{"floor":45,"key":"bronze:BronzeIdol"},{"floor":46,"key":"Dota2Spire:DivineRapier"},{"floor":47,"key":"Bottled Lightning"},{"floor":48,"key":"ReplayTheSpireMod:Lightbulb"},{"floor":52,"key":"Dota2Spire:MonkeyKingBar"}],"event_choices":[{"damage_healed":0,"gold_gain":59,"player_choice":"Gained Gold","damage_taken":0,"max_hp_gain":0,"max_hp_loss":0,"event_name":"Golden Wing","floor":3,"gold_loss":0}],"is_beta":false,"boss_relics":[{"not_picked":["Cursed Key","Abe\u0027s Treasure"],"picked":"Fusion Hammer"},{"not_picked":["Dota2Spire:RefresherOrb","SacredBark"],"picked":"expansioncontent:StudyCardRelic"},{"not_picked":["Coffee Dripper","Replay:Drink Me"],"picked":"hexamod:UnbrokenSoul"}],"items_purged_floors":[],"is_endless":true,"potions_floor_spawned":[2,6,15,16,21,26,32,33,36,37,45,47],"ascension_level":1}}