{"host":"fbdlh90rovbiajun","time":1614054074,"event":{"mods":["AchievementEnabler","BaseMod","Colored Map","Keyboard Shortcuts","Minty Spire (QoL Compilation)","SuperFastMode"],"gold_per_floor":[116,66,80,80,93,123,123,151,151,163,183,213,213,213],"floor_reached":13,"language":"KOR","playtime":232,"items_purged":[],"score":124,"play_id":"06850b36-4525-4539-a74f-a2dd79052c99","local_time":"20210223132114","is_ascension_mode":true,"campfire_choices":[{"data":"Eruption","floor":7.0,"key":"SMITH"}],"circlet_count":0,"master_deck":["Strike_P","Strike_P","Strike_P","Strike_P","Defend_P","Defend_P","Defend_P","Eruption+1","Vigilance","Consecrate","WheelKick+1","MentalFortress"],"relics":["PureWater","NeowsBlessing","Molten Egg 2","Darkstone Periapt","Omamori","White Beast Statue"],"acts_visited":["Exordium"],"potions_floor_usage":[13,13],"damage_taken":[{"damage":0.0,"enemies":"Small Slimes","floor":1.0,"turns":2.0},{"damage":0.0,"enemies":"Cultist","floor":3.0,"turns":1.0},{"damage":0.0,"enemies":"Jaw Worm","floor":5.0,"turns":1.0},{"damage":32.0,"enemies":"3 Sentries","floor":6.0,"turns":5.0},{"damage":32.0,"enemies":"Gremlin Nob","floor":8.0,"turns":3.0},{"damage":0.0,"enemies":"Large Slime","floor":10.0,"turns":2.0},{"damage":0.0,"enemies":"Exordium Thugs","floor":11.0,"turns":3.0},{"damage":2,"enemies":"3 Sentries","floor":13,"turns":2}],"seed_played":"3907293403317448033","potions_obtained":[{"floor":3.0,"key":"Energy Potion"},{"floor":8.0,"key":"Weak Potion"},{"floor":10.0,"key":"Ancient Potion"},{"floor":11.0,"key":"Swift Potion"}],"is_trial":false,"path_per_floor":["M","?","M","?","M","E","R","E","T","M","M","?","E"],"character_chosen":"WATCHER","items_purchased":[],"campfire_rested":0,"item_purchase_floors":[],"current_hp_per_floor":[65,65,65,65,65,33,33,1,1,1,1,1,0,0],"gold":213,"neow_bonus":"THREE_ENEMY_KILL","is_daily":false,"chose_seed":false,"campfire_upgraded":1,"win_rate":0.0,"timestamp":1614054074,"path_taken":["M","?","M","?","?","E","R","E","T","M","M","?","E"],"items_purchased_type":[],"build_version":"2020-12-22","purchased_purges":0,"victory":false,"max_hp_per_floor":[72,72,72,72,72,72,72,72,72,72,72,72,72,72],"card_choices":[{"not_picked":["PathToVictory","ClearTheMind"],"picked":"Consecrate","floor":1.0},{"not_picked":["Vengeance","Establishment","CutThroughFate"],"picked":"SKIP","floor":3.0},{"not_picked":["FollowUp+1","Protect"],"picked":"WheelKick+1","floor":5.0},{"not_picked":["PathToVictory","SashWhip+1","ClearTheMind"],"picked":"SKIP","floor":6.0},{"not_picked":["PathToVictory","ClearTheMind","WheelKick+1"],"picked":"SKIP","floor":8.0},{"not_picked":["SignatureMove+1","WaveOfTheHand","ClearTheMind"],"picked":"SKIP","floor":10.0},{"not_picked":["BattleHymn","Nirvana"],"picked":"MentalFortress","floor":11.0}],"player_experience":118866,"relics_obtained":[{"floor":4.0,"key":"Molten Egg 2"},{"floor":6.0,"key":"Darkstone Periapt"},{"floor":8.0,"key":"Omamori"},{"floor":9.0,"key":"White Beast Statue"}],"event_choices":[{"cards_removed":["Defend_P"],"damage_healed":0.0,"max_hp_gain":0.0,"max_hp_loss":0.0,"gold_gain":0.0,"event_name":"The Cleric","player_choice":"Card Removal","floor":2.0,"gold_loss":50.0,"damage_taken":0.0},{"damage_healed":0.0,"max_hp_gain":0.0,"max_hp_loss":0.0,"gold_gain":0.0,"event_name":"Wheel of Change","player_choice":"Relic","floor":4.0,"gold_loss":0.0,"damage_taken":0.0},{"damage_healed":0,"gold_gain":30,"player_choice":"Searched \u00271\u0027 times","damage_taken":0,"max_hp_gain":0,"max_hp_loss":0,"event_name":"Dead Adventurer","floor":12,"gold_loss":0}],"is_beta":false,"boss_relics":[],"items_purged_floors":[],"is_endless":false,"potions_floor_spawned":[3,8,10,11],"killed_by":"3 Sentries","ascension_level":6}}