{"host":"agl6880ykeaxaurv","time":1614071647,"event":{"mods":["AchievementEnabler","BaseMod","Colored Map","Colored Powertips","Downfall","Hermit","Highlight Path","Infinite Spire","Minty Spire (QoL Compilation)","Quick Restart","Robot Space Explorer","StSLib","The Cursed","The Disciple","The Runesmith","The Servant 0.9.4"],"gold_per_floor":[115,132,132,132,156,196,101,101,178,0,21,39,83,102,102,223,223,244,244,244,244,45,85,10,35,60,60,60,60,60,79,79,176,176,196,196,207,207,255,273,299,52,52,52,402,402,6,6,6],"floor_reached":48,"language":"ENG","playtime":2277,"items_purged":[],"score":662,"play_id":"7889dcd6-a3a3-4140-8d80-c54d5263842e","local_time":"20210223091407","is_ascension_mode":true,"campfire_choices":[{"floor":8,"key":"RECALL"},{"data":"Ragnarok","floor":15,"key":"SMITH"},{"data":"Eruption","floor":28,"key":"SMITH"},{"floor":32,"key":"REST"},{"data":"infinitespire:DeathsTouch","floor":44,"key":"SMITH"}],"circlet_count":0,"master_deck":["Strike_P","Strike_P","Strike_P","Defend_P","Defend_P","Defend_P","Eruption+1","Vigilance","Wallop","Prostrate","Consecrate","Ragnarok+1","Crescendo","Study","Prostrate","MentalFortress","Conclude","Indignation","Evaluate","WaveOfTheHand","PathToVictory","Judgement","FearNoEvil","TalkToTheHand","FlyingSleeves","PathToVictory","MentalFortress","FlurryOfBlows","Evaluate","JustLucky","Ragnarok","Adaptation+1","infinitespire:DeathsTouch+1","Ragnarok","Halt+1","MasterReality","FlyingSleeves","WaveOfTheHand","CurseOfTheBell","CurseOfTheBell","Finesse"],"relics":["Sozu","Bloody Idol","Strawberry","infinitespire:ShieldingShard","The Courier","SlaversCollar","Enchiridion","Runesmith:AutoHammer","Happy Flower","infinitespire:Lucky Rock","Juzu Bracelet","VioletLotus","Philosopher\u0027s Stone","Thread and Needle","Shuriken","Lizard Tail","Old Coin","downfall:ExtraCursedBell","Bronze Scales","infinitespire:Eraser","Unceasing Top","Kunai","Bag of Marbles"],"acts_visited":["Exordium","TheCity","TheBeyond"],"potions_floor_usage":[],"damage_taken":[{"damage":8,"enemies":"Cultist","floor":1,"turns":4},{"damage":1,"enemies":"Jaw Worm","floor":2,"turns":6},{"damage":0,"enemies":"Small Slimes","floor":5,"turns":4},{"damage":30,"enemies":"Lagavulin","floor":6,"turns":7},{"damage":0,"enemies":"Exordium Wildlife","floor":11,"turns":3},{"damage":0,"enemies":"Exordium Thugs","floor":12,"turns":2},{"damage":10,"enemies":"3 Sentries","floor":13,"turns":4},{"damage":5,"enemies":"Blue Slaver","floor":14,"turns":3},{"damage":23,"enemies":"Hexaghost","floor":16,"turns":8},{"damage":0,"enemies":"Chosen","floor":18,"turns":4},{"damage":0,"enemies":"Book of Stabbing","floor":23,"turns":6},{"damage":14,"enemies":"2 Thieves","floor":25,"turns":3},{"damage":18,"enemies":"Snake Plant","floor":31,"turns":2},{"damage":16,"enemies":"Champ","floor":33,"turns":9},{"damage":17,"enemies":"3 Shapes","floor":35,"turns":3},{"damage":0,"enemies":"3 Darklings","floor":37,"turns":3},{"damage":39,"enemies":"2 Orb Walkers","floor":39,"turns":4},{"damage":0,"enemies":"Transient","floor":40,"turns":5},{"damage":4,"enemies":"Giant Head","floor":41,"turns":5},{"damage":0,"enemies":"Mind Bloom Boss Battle","floor":45,"turns":2},{"damage":83,"enemies":"Nightmare","floor":48,"turns":4}],"seed_played":"-5364250198342553939","potions_obtained":[],"is_trial":false,"path_per_floor":["M","M","?","?","M","E","$","R","T","$","M","M","E","M","R","B",null,"M","?","?","?","$","E","$","M","T","AVR","R","?","?","M","R","B",null,"M","?","M","?","?","M","E","$","T","R","?","?","$","NM"],"character_chosen":"WATCHER","items_purchased":["Crescendo","Study","Prostrate","MentalFortress","Conclude","Runesmith:AutoHammer","TalkToTheHand","FlyingSleeves","MentalFortress","FlurryOfBlows","Lizard Tail","Kunai","Bag of Marbles","Finesse"],"campfire_rested":1,"item_purchase_floors":[7,7,10,10,10,22,22,22,24,24,42,47,47,47],"current_hp_per_floor":[64,63,45,69,69,46,46,46,46,46,46,46,36,31,31,8,79,79,79,63,63,63,63,63,49,49,49,49,49,49,36,59,48,79,67,48,53,53,19,24,25,25,25,25,35,35,35,0,0],"gold":6,"neow_bonus":"BOSS_RELIC","is_daily":false,"chose_seed":false,"campfire_upgraded":3,"win_rate":0.0,"timestamp":1614071647,"path_taken":["M","?","?","?","M","E","$","R","T","?","?","M","E","M","R","BOSS","M","?","?","?","$","E","$","?","T","AVR","R","?","?","M","R","BOSS","M","?","M","?","?","M","E","$","T","R","?","?","?","NM"],"items_purchased_type":["Card","Card","Card","Card","Card","Relic","Card","Card","Card","Card","Relic","Relic","Relic","Card"],"build_version":"2020-12-22","purchased_purges":0,"victory":false,"max_hp_per_floor":[72,72,72,72,72,79,79,79,79,79,79,79,79,79,79,79,79,79,79,79,79,79,79,79,79,79,79,79,79,79,79,79,79,79,79,79,79,79,79,79,79,79,79,79,79,79,79,79,79],"card_choices":[{"not_picked":["BowlingBash","ReachHeaven"],"picked":"Wallop","floor":1},{"not_picked":["ClearTheMind","FollowUp"],"picked":"Prostrate","floor":2},{"not_picked":["ClearTheMind","Study"],"picked":"Consecrate","floor":5},{"not_picked":["CarveReality","WreathOfFlame"],"picked":"Ragnarok","floor":6},{"not_picked":["Adaptation","WindmillStrike"],"picked":"Indignation","floor":11},{"not_picked":["PathToVictory","WaveOfTheHand"],"picked":"Evaluate","floor":12},{"not_picked":["WreathOfFlame","PathToVictory"],"picked":"WaveOfTheHand","floor":13},{"not_picked":["Worship","DeceiveReality"],"picked":"PathToVictory","floor":14},{"not_picked":["Establishment","SpiritShield"],"picked":"Judgement","floor":16},{"not_picked":["Study","MentalFortress"],"picked":"FearNoEvil","floor":18},{"not_picked":["FollowUp","Vault"],"picked":"PathToVictory","floor":23},{"not_picked":["CrushJoints","Conclude"],"picked":"Evaluate","floor":25},{"not_picked":["ClearTheMind","CarveReality"],"picked":"JustLucky","floor":31},{"not_picked":["Scrawl","Vault"],"picked":"Ragnarok","floor":33},{"not_picked":["Crescendo","BowlingBash"],"picked":"Adaptation+1","floor":35},{"not_picked":["infinitespire:TheBestDefense","infinitespire:Starlight"],"picked":"infinitespire:DeathsTouch","floor":36},{"not_picked":["Consecrate","Indignation+1","Conclude+1"],"picked":"SKIP","floor":37},{"not_picked":["EmptyFist+1","Protect"],"picked":"Halt+1","floor":39},{"not_picked":["ThirdEye","EmptyFist+1"],"picked":"MasterReality","floor":40},{"not_picked":["Nirvana+1","FollowUp+1"],"picked":"FlyingSleeves","floor":41},{"not_picked":["EmptyBody+1","BowlingBash+1"],"picked":"WaveOfTheHand","floor":45}],"player_experience":309691,"relics_obtained":[{"floor":6,"key":"Strawberry"},{"floor":9,"key":"infinitespire:ShieldingShard"},{"floor":13,"key":"The Courier"},{"floor":20,"key":"Enchiridion"},{"floor":23,"key":"Happy Flower"},{"floor":26,"key":"infinitespire:Lucky Rock"},{"floor":39,"key":"Thread and Needle"},{"floor":41,"key":"Shuriken"},{"floor":45,"key":"Old Coin"},{"floor":46,"key":"Bronze Scales"},{"floor":46,"key":"infinitespire:Eraser"},{"floor":46,"key":"Unceasing Top"}],"event_choices":[{"damage_healed":0,"gold_gain":0,"player_choice":"Take Damage","damage_taken":18,"relics_obtained":["Golden Idol"],"max_hp_gain":0,"max_hp_loss":0,"event_name":"Golden Idol","floor":3,"gold_loss":0},{"damage_healed":24,"gold_gain":0,"player_choice":"Banana","damage_taken":0,"max_hp_gain":0,"max_hp_loss":0,"event_name":"Big Fish","floor":4,"gold_loss":0},{"cards_removed":["Strike_P"],"damage_healed":0,"gold_gain":0,"player_choice":"Elegance","damage_taken":0,"max_hp_gain":0,"max_hp_loss":0,"event_name":"Back to Basics","floor":19,"gold_loss":0},{"damage_healed":0,"gold_gain":0,"player_choice":"Obtained Book","damage_taken":16,"max_hp_gain":0,"max_hp_loss":0,"event_name":"Cursed Tome","floor":20,"gold_loss":0},{"cards_removed":["Defend_P"],"damage_healed":0,"gold_gain":0,"player_choice":"Purged","damage_taken":0,"max_hp_gain":0,"max_hp_loss":0,"event_name":"Purifier","floor":21,"gold_loss":0},{"damage_healed":0,"gold_gain":0,"player_choice":"Gave Idol","damage_taken":0,"relics_obtained":["Bloody Idol"],"max_hp_gain":0,"max_hp_loss":0,"event_name":"Forgotten Altar","floor":29,"relics_lost":["Golden Idol"],"gold_loss":0},{"damage_healed":0,"gold_gain":0,"player_choice":"Ignored","damage_taken":0,"max_hp_gain":0,"max_hp_loss":0,"event_name":"Ghosts","floor":30,"gold_loss":0},{"damage_healed":0,"gold_gain":0,"player_choice":"1 cards matched","damage_taken":0,"max_hp_gain":0,"max_hp_loss":0,"event_name":"Match and Keep!","floor":38,"gold_loss":0,"cards_obtained":["Ragnarok"]},{"damage_healed":0,"gold_gain":0,"player_choice":"Fight","damage_taken":0,"max_hp_gain":0,"max_hp_loss":0,"event_name":"Mysterious Sphere","floor":39,"gold_loss":0},{"damage_healed":0,"gold_gain":0,"player_choice":"Fight","damage_taken":0,"max_hp_gain":0,"max_hp_loss":0,"event_name":"MindBloom","floor":45,"gold_loss":0}],"is_beta":false,"boss_relics":[{"not_picked":["Runic Dome","Snecko Eye"],"picked":"SlaversCollar"},{"not_picked":["bronze:MakeshiftBattery","Busted Crown"],"picked":"Philosopher\u0027s Stone"}],"items_purged_floors":[],"is_endless":false,"potions_floor_spawned":[1,2,6,11,13,18,31,33,37,41,45],"killed_by":"Nightmare","ascension_level":2}}