{"host":"fuszjwm6fqgjjp4d","time":1614117492,"event":{"mods":["BaseMod","Colored Map","Minty Spire (QoL Compilation)","Permanent Neow","Relic Sorter","Relic Stats","StSLib"],"gold_per_floor":[114,27,27,27,27,27,54,54,54,86,100,129,129,143,143,218,218,234,244,16,16,35,62,62,93,166,166,180,194,84,102,102,173,173,192,212,235,71,71,96,141,171,171,184,214,231,231,231,231,231,231,231,231,103,136,136],"floor_reached":57,"language":"ENG","playtime":1974,"items_purged":["Strike_B"],"score":3092,"play_id":"52eff1a1-2963-4edc-933f-d28660b0cc0e","local_time":"20210223155812","is_ascension_mode":true,"campfire_choices":[{"data":"Zap","floor":6.0,"key":"SMITH"},{"data":"Defragment","floor":8.0,"key":"SMITH"},{"data":"Chill","floor":13.0,"key":"SMITH"},{"data":"Capacitor","floor":15.0,"key":"SMITH"},{"data":"Consume","floor":24.0,"key":"SMITH"},{"floor":27.0,"key":"REST"},{"data":"Biased Cognition","floor":32.0,"key":"SMITH"},{"data":"Buffer","floor":47.0,"key":"SMITH"},{"floor":49.0,"key":"RECALL"},{"data":"Loop","floor":53.0,"key":"SMITH"}],"circlet_count":0,"master_deck":["AscendersBane","Strike_B","Strike_B+1","Defend_B","Defend_B","Defend_B","Defend_B","Zap+1","Dualcast","Streamline","Genetic Algorithm+1","Defragment+1","Chill+1","Consume+1","Capacitor+1","Electrodynamics","Cold Snap+1","Force Field","Defragment+1","Coolheaded","Biased Cognition+1","Buffer+1","Biased Cognition","Ball Lightning","Lockon","Loop+1","Tempest+1"],"relics":["FrozenCore","NeowsBlessing","Blue Candle","Boot","Bottled Tornado","White Beast Statue","FossilizedHelix","Inserter","DollysMirror","Omamori","Bottled Lightning","Darkstone Periapt","Runic Capacitor","Turnip","Lizard Tail","Happy Flower","Thread and Needle","Dead Branch","Vajra"],"acts_visited":["Exordium","TheCity","TheBeyond","TheEnding"],"potions_floor_usage":[56],"damage_taken":[{"damage":0.0,"enemies":"Cultist","floor":1.0,"turns":1.0},{"damage":0.0,"enemies":"3 Sentries","floor":7.0,"turns":1.0},{"damage":0.0,"enemies":"Lagavulin","floor":10.0,"turns":1.0},{"damage":7.0,"enemies":"Jaw Worm","floor":11.0,"turns":3.0},{"damage":2.0,"enemies":"Gremlin Nob","floor":12.0,"turns":3.0},{"damage":0.0,"enemies":"2 Louse","floor":14.0,"turns":4.0},{"damage":11.0,"enemies":"The Guardian","floor":16.0,"turns":9.0},{"damage":0.0,"enemies":"Chosen","floor":18.0,"turns":5.0},{"damage":4.0,"enemies":"2 Thieves","floor":19.0,"turns":4.0},{"damage":6.0,"enemies":"Snake Plant","floor":22.0,"turns":4.0},{"damage":12.0,"enemies":"Book of Stabbing","floor":23.0,"turns":4.0},{"damage":7.0,"enemies":"Slavers","floor":25.0,"turns":4.0},{"damage":0.0,"enemies":"Chosen and Byrds","floor":28.0,"turns":6.0},{"damage":0.0,"enemies":"Centurion and Healer","floor":29.0,"turns":4.0},{"damage":0.0,"enemies":"Shelled Parasite and Fungi","floor":31.0,"turns":5.0},{"damage":7.0,"enemies":"Automaton","floor":33.0,"turns":7.0},{"damage":3.0,"enemies":"Orb Walker","floor":35.0,"turns":5.0},{"damage":13.0,"enemies":"3 Darklings","floor":36.0,"turns":3.0},{"damage":0.0,"enemies":"Giant Head","floor":40.0,"turns":12.0},{"damage":0.0,"enemies":"2 Orb Walkers","floor":41.0,"turns":5.0},{"damage":0.0,"enemies":"Reptomancer","floor":42.0,"turns":6.0},{"damage":0.0,"enemies":"Maw","floor":44.0,"turns":7.0},{"damage":0.0,"enemies":"Giant Head","floor":45.0,"turns":10.0},{"damage":0.0,"enemies":"Jaw Worm Horde","floor":46.0,"turns":4.0},{"damage":20.0,"enemies":"Awakened One","floor":50.0,"turns":13.0},{"damage":0.0,"enemies":"Donu and Deca","floor":51.0,"turns":9.0},{"damage":6.0,"enemies":"Shield and Spear","floor":55.0,"turns":8.0},{"damage":83,"enemies":"The Heart","floor":56,"turns":14}],"seed_played":"6423189689818345994","potions_obtained":[{"floor":7.0,"key":"FearPotion"},{"floor":10.0,"key":"DuplicationPotion"},{"floor":12.0,"key":"PowerPotion"},{"floor":14.0,"key":"DistilledChaos"},{"floor":16.0,"key":"LiquidMemories"},{"floor":19.0,"key":"SkillPotion"},{"floor":22.0,"key":"Fire Potion"},{"floor":23.0,"key":"LiquidMemories"},{"floor":25.0,"key":"PotionOfCapacity"},{"floor":31.0,"key":"DuplicationPotion"},{"floor":33.0,"key":"Fruit Juice"},{"floor":35.0,"key":"Dexterity Potion"},{"floor":36.0,"key":"Weak Potion"},{"floor":40.0,"key":"GamblersBrew"},{"floor":41.0,"key":"DuplicationPotion"},{"floor":42.0,"key":"SpeedPotion"},{"floor":45.0,"key":"BlessingOfTheForge"},{"floor":55.0,"key":"PotionOfCapacity"}],"is_trial":false,"path_per_floor":["M","$","$","?","?","R","E","R","T","E","M","E","R","M","R","B",null,"M","M","$","?","M","E","R","E","T","R","M","M","?","M","R","B",null,"M","M","T","$","?","E","?","E","T","M","E","M","R","?","R","B","B",null,"R","$","E","B",null],"character_chosen":"DEFECT","items_purchased":["Genetic Algorithm","DollysMirror","Coolheaded","Runic Capacitor","Swift Potion"],"campfire_rested":1,"item_purchase_floors":[2,20,20,38,54],"current_hp_per_floor":[64,64,64,64,46,46,46,46,46,46,39,37,37,37,37,26,60,60,56,56,36,30,18,18,11,11,33,33,33,33,33,33,26,64,61,53,53,53,53,53,53,53,53,53,53,53,53,69,69,49,49,73,73,73,67,40],"gold":136,"neow_bonus":"THREE_ENEMY_KILL","is_daily":false,"chose_seed":false,"campfire_upgraded":8,"win_rate":0.0,"timestamp":1614117492,"path_taken":["M","?","$","?","?","R","E","R","T","E","M","E","R","M","R","BOSS","M","M","$","?","M","E","R","E","T","R","M","M","?","?","R","BOSS","M","M","?","$","?","E","?","E","T","M","E","M","R","?","R","BOSS","BOSS","R","$","E","BOSS"],"items_purchased_type":["Card","Relic","Card","Relic","Potion"],"build_version":"2020-12-22","purchased_purges":1,"victory":true,"max_hp_per_floor":[71,71,71,71,71,71,71,71,71,71,71,71,71,71,71,71,71,71,71,71,76,76,76,76,76,76,76,76,76,76,76,76,76,76,76,81,81,81,81,81,81,81,81,81,81,81,81,81,81,81,81,81,81,81,81,81],"relic_stats":{"Darkstone Periapt":0,"Lizard Tail":40,"Inserter":[57],"Happy Flower":[21],"counters":[28,161],"Blue Candle":[0],"Dead Branch":[23],"Turnip":[7],"Boot":[21],"obtain_stats":[{"Darkstone Periapt":26,"Inserter":17,"NeowsBlessing":0,"Happy Flower":42,"Blue Candle":5,"Dead Branch":45,"Vajra":55,"Thread and Needle":43,"Omamori":23,"Runic Capacitor":38,"Bottled Tornado":9,"Boot":7,"White Beast Statue":10,"FrozenCore":34,"Lizard Tail":41,"DollysMirror":20,"Turnip":40,"Bottled Lightning":25,"Cracked Core":0,"FossilizedHelix":12},{"Darkstone Periapt":12,"Inserter":7,"NeowsBlessing":0,"Happy Flower":21,"Blue Candle":1,"Dead Branch":23,"Vajra":27,"Thread and Needle":21,"Omamori":11,"Runic Capacitor":18,"Bottled Tornado":2,"Boot":2,"White Beast Statue":3,"FrozenCore":16,"Lizard Tail":20,"DollysMirror":9,"Turnip":19,"Bottled Lightning":12,"Cracked Core":0,"FossilizedHelix":5},{"Darkstone Periapt":43,"Inserter":22,"NeowsBlessing":0,"Happy Flower":96,"Blue Candle":1,"Dead Branch":113,"Vajra":147,"Thread and Needle":96,"Omamori":39,"Runic Capacitor":73,"Bottled Tornado":2,"Boot":2,"White Beast Statue":3,"FrozenCore":65,"Lizard Tail":90,"DollysMirror":31,"Turnip":85,"Bottled Lightning":43,"Cracked Core":0,"FossilizedHelix":9}],"FrozenCore":[51]},"card_choices":[{"not_picked":["Compile Driver","FTL"],"picked":"Streamline","floor":1.0},{"not_picked":["Hologram","Creative AI"],"picked":"Defragment","floor":7.0},{"not_picked":["Ball Lightning","Fusion"],"picked":"Chill","floor":10.0},{"not_picked":["Chill","FTL","Turbo"],"picked":"SKIP","floor":11.0},{"not_picked":["Go for the Eyes","Barrage"],"picked":"Consume","floor":12.0},{"not_picked":["Scrape","Reprogram"],"picked":"Capacitor","floor":14.0},{"not_picked":["Machine Learning","Creative AI"],"picked":"Electrodynamics","floor":16.0},{"not_picked":["Beam Cell","Redo+1"],"picked":"Cold Snap+1","floor":18.0},{"not_picked":["Aggregate+1","Stack+1"],"picked":"Force Field","floor":19.0},{"not_picked":["Barrage+1","Ball Lightning","Beam Cell"],"picked":"SKIP","floor":22.0},{"not_picked":["Redo","Sunder","Heatsinks"],"picked":"SKIP","floor":23.0},{"not_picked":["Leap","Hologram+1"],"picked":"Biased Cognition","floor":25.0},{"not_picked":["Leap+1","Turbo","Compile Driver"],"picked":"SKIP","floor":28.0},{"not_picked":["Leap","Steam Power","Tempest"],"picked":"SKIP","floor":29.0},{"not_picked":["Coolheaded+1","Recycle","Darkness"],"picked":"SKIP","floor":31.0},{"not_picked":["All For One","Machine Learning"],"picked":"Buffer","floor":33.0},{"not_picked":["Recycle","Steam Power+1","Compile Driver+1"],"picked":"SKIP","floor":35.0},{"not_picked":["Cold Snap+1","Aggregate","Hologram"],"picked":"SKIP","floor":36.0},{"not_picked":["Cold Snap+1","Aggregate","Hologram"],"picked":"SKIP","floor":36.0},{"not_picked":["Rainbow","Stack"],"picked":"Biased Cognition","floor":40.0},{"not_picked":["Stack","Hologram"],"picked":"Ball Lightning","floor":41.0},{"not_picked":["Recycle","Go for the Eyes","Creative AI"],"picked":"SKIP","floor":42.0},{"not_picked":["Hello World+1","Hologram","Gash+1"],"picked":"SKIP","floor":44.0},{"not_picked":["Hello World+1","Hologram","Gash+1"],"picked":"SKIP","floor":44.0},{"not_picked":["Sweeping Beam","BootSequence"],"picked":"Lockon","floor":45.0},{"not_picked":["Darkness+1","Rebound"],"picked":"Loop","floor":46.0},{"not_picked":["Cold Snap+1","White Noise"],"picked":"Tempest+1","floor":55.0}],"player_experience":1521228,"relics_obtained":[{"floor":7.0,"key":"Boot"},{"floor":9.0,"key":"Bottled Tornado"},{"floor":10.0,"key":"White Beast Statue"},{"floor":12.0,"key":"FossilizedHelix"},{"floor":23.0,"key":"Omamori"},{"floor":25.0,"key":"Bottled Lightning"},{"floor":26.0,"key":"Darkstone Periapt"},{"floor":40.0,"key":"Turnip"},{"floor":41.0,"key":"Lizard Tail"},{"floor":42.0,"key":"Happy Flower"},{"floor":43.0,"key":"Thread and Needle"},{"floor":45.0,"key":"Dead Branch"},{"floor":55.0,"key":"Vajra"}],"event_choices":[{"damage_healed":0.0,"max_hp_gain":0.0,"max_hp_loss":0.0,"gold_gain":0.0,"event_name":"Living Wall","player_choice":"Grow","floor":4.0,"gold_loss":0.0,"damage_taken":0.0,"cards_upgraded":["Genetic Algorithm"]},{"damage_healed":0.0,"max_hp_gain":0.0,"max_hp_loss":0.0,"gold_gain":0.0,"event_name":"Scrap Ooze","player_choice":"Success","floor":5.0,"gold_loss":0.0,"damage_taken":18.0,"relics_obtained":["Blue Candle"]},{"damage_healed":0.0,"max_hp_gain":5.0,"max_hp_loss":0.0,"gold_gain":0.0,"event_name":"Forgotten Altar","player_choice":"Shed Blood","floor":21.0,"gold_loss":0.0,"damage_taken":25.0},{"cards_removed":["Strike_B"],"damage_healed":0.0,"max_hp_gain":0.0,"max_hp_loss":0.0,"gold_gain":0.0,"event_name":"Designer","player_choice":"Upgrade and Remove","floor":30.0,"gold_loss":110.0,"damage_taken":0.0,"cards_upgraded":["Strike_B"]},{"damage_healed":0.0,"max_hp_gain":0.0,"max_hp_loss":0.0,"gold_gain":0.0,"event_name":"SensoryStone","player_choice":"Memory 1","floor":39.0,"gold_loss":0.0,"damage_taken":0.0},{"damage_healed":0.0,"max_hp_gain":0.0,"max_hp_loss":0.0,"gold_gain":0.0,"event_name":"Mysterious Sphere","player_choice":"Fight","floor":41.0,"gold_loss":0.0,"damage_taken":0.0},{"damage_healed":16.0,"max_hp_gain":0.0,"max_hp_loss":0.0,"gold_gain":0.0,"event_name":"Winding Halls","player_choice":"Writhe","floor":48.0,"gold_loss":0.0,"damage_taken":0.0,"cards_obtained":["Writhe"]}],"is_beta":false,"boss_relics":[{"not_picked":["Pandora\u0027s Box","Ectoplasm"],"picked":"Inserter"},{"not_picked":["Busted Crown","Philosopher\u0027s Stone"],"picked":"FrozenCore"}],"items_purged_floors":[54],"is_endless":false,"potions_floor_spawned":[7,10,11,12,14,16,18,19,22,23,25,28,29,31,33,35,36,40,41,42,44,45,46,55],"ascension_level":20}}