{"host":"mi0eibewekhugwl1","time":1614060780,"event":{"mods":["AchievementEnabler","BaseMod","Colored Map","Colored Powertips","DeckTracker","Keyboard Shortcuts","Minty Spire (QoL Compilation)","Quick Restart","Rare Cards Sparkle","Relic Stats","StSLib","SuperFastMode","everything is the same but u backflip on backflip"],"gold_per_floor":[113,188,338,129,146,146,157,168,217,217,197,197,215,215,215,294,294,306,306,324,58,75,75,86,86,139,154,164,164,174,188,188,260,260,277,277,288,288,302,302,302],"floor_reached":40,"language":"KOR","playtime":830,"items_purged":["Doubt"],"score":764,"play_id":"9d2c8f99-8ad1-415f-bf13-d4a3dae2153e","local_time":"20210223151300","is_ascension_mode":true,"campfire_choices":[{"data":"Deadly Poison","floor":6,"key":"SMITH"},{"floor":10,"key":"REST"},{"data":"Catalyst","floor":12,"key":"SMITH"},{"data":"Leg Sweep","floor":15,"key":"SMITH"},{"data":"Malaise","floor":23,"key":"SMITH"},{"floor":32,"key":"REST"}],"circlet_count":0,"master_deck":["AscendersBane","Strike_G+1","Strike_G+1","Strike_G+1","Defend_G+1","Defend_G+1","Defend_G+1","Defend_G+1","Survivor","Neutralize","Deadly Poison+1","Poisoned Stab","Leg Sweep+1","Deadly Poison","Catalyst+1","Malaise+1","Crippling Poison","Footwork","Escape Plan","Escape Plan","After Image","Tactician","Calculated Gamble"],"relics":["Ring of the Snake","MealTicket","Centennial Puzzle","Empty Cage","Snake Skull","Mummified Hand","Omamori","Coffee Dripper"],"acts_visited":["Exordium","TheCity","TheBeyond"],"potions_floor_usage":[31,33,40],"damage_taken":[{"damage":1,"enemies":"2 Louse","floor":1,"turns":4},{"damage":2,"enemies":"Small Slimes","floor":5,"turns":5},{"damage":3,"enemies":"Cultist","floor":7,"turns":4},{"damage":13,"enemies":"Blue Slaver","floor":8,"turns":4},{"damage":4,"enemies":"Red Slaver","floor":13,"turns":4},{"damage":40,"enemies":"Hexaghost","floor":16,"turns":11},{"damage":7,"enemies":"Shell Parasite","floor":18,"turns":5},{"damage":1,"enemies":"Chosen","floor":20,"turns":3},{"damage":11,"enemies":"Snake Plant","floor":22,"turns":3},{"damage":11,"enemies":"Snecko","floor":24,"turns":5},{"damage":9,"enemies":"Centurion and Healer","floor":27,"turns":9},{"damage":16,"enemies":"Cultist and Chosen","floor":28,"turns":7},{"damage":13,"enemies":"Snecko","floor":30,"turns":5},{"damage":0,"enemies":"Snake Plant","floor":31,"turns":5},{"damage":28,"enemies":"Collector","floor":33,"turns":6},{"damage":12,"enemies":"3 Darklings","floor":35,"turns":11},{"damage":6,"enemies":"3 Shapes","floor":37,"turns":5},{"damage":12,"enemies":"Sphere and 2 Shapes","floor":39,"turns":6},{"damage":27,"enemies":"Reptomancer","floor":40,"turns":2}],"seed_played":"-3727784208414141372","potions_obtained":[{"floor":5,"key":"Energy Potion"},{"floor":7,"key":"ColorlessPotion"},{"floor":16,"key":"SpeedPotion"},{"floor":24,"key":"BlessingOfTheForge"},{"floor":33,"key":"Energy Potion"},{"floor":35,"key":"Ancient Potion"}],"is_trial":false,"path_per_floor":["M","?","?","$","M","R","M","M","T","R","?","R","M","?","R","B",null,"M","T","M","$","M","R","M","$","T","M","M","?","M","M","R","B",null,"M","?","M","?","M","E"],"character_chosen":"THE_SILENT","items_purchased":["Leg Sweep","Deadly Poison","Mummified Hand"],"campfire_rested":2,"item_purchase_floors":[4,4,21],"current_hp_per_floor":[58,47,47,47,45,45,42,29,29,48,48,48,44,44,44,4,51,44,44,43,58,47,47,36,51,51,42,26,26,13,13,32,4,51,39,39,33,33,21,0,0],"gold":302,"neow_bonus":"THREE_CARDS","is_daily":false,"chose_seed":false,"campfire_upgraded":4,"win_rate":0.0,"timestamp":1614060780,"path_taken":["M","?","?","$","M","R","M","M","T","R","?","R","?","?","R","BOSS","M","?","M","$","M","R","M","$","T","M","M","?","M","M","R","BOSS","M","?","M","?","M","E"],"items_purchased_type":["Card","Card","Relic"],"build_version":"2020-12-22","purchased_purges":1,"victory":false,"max_hp_per_floor":[66,66,66,66,66,66,66,66,66,66,66,66,66,66,66,66,66,66,66,66,66,66,66,66,66,66,66,66,66,66,66,66,66,66,66,63,63,63,63,63,63],"relic_stats":{"Centennial Puzzle":[39],"counters":[19,104],"Mummified Hand":[19],"MealTicket":30,"Snake Skull":[87],"obtain_stats":[{"Centennial Puzzle":14,"Mummified Hand":21,"MealTicket":9,"Snake Skull":19,"Omamori":26,"Coffee Dripper":34,"Empty Cage":17,"Ring of the Snake":0},{"Centennial Puzzle":5,"Mummified Hand":8,"MealTicket":4,"Snake Skull":7,"Omamori":10,"Coffee Dripper":15,"Empty Cage":6,"Ring of the Snake":0},{"Centennial Puzzle":21,"Mummified Hand":40,"MealTicket":17,"Snake Skull":37,"Omamori":48,"Coffee Dripper":80,"Empty Cage":32,"Ring of the Snake":0}],"Ring of the Snake":[38]},"card_choices":[{"not_picked":["Eviscerate","Flechettes"],"picked":"Deadly Poison","floor":0},{"not_picked":["Slice","Acrobatics"],"picked":"Poisoned Stab","floor":1},{"not_picked":["Leg Sweep","Quick Slash","Poisoned Stab"],"picked":"SKIP","floor":5},{"not_picked":["Outmaneuver","Heel Hook","Bane"],"picked":"SKIP","floor":7},{"not_picked":["Backflip","Crippling Poison"],"picked":"Catalyst","floor":8},{"not_picked":["Finisher","Blade Dance","Underhanded Strike"],"picked":"SKIP","floor":13},{"not_picked":["Night Terror","Envenom"],"picked":"Malaise","floor":16},{"not_picked":["Quick Slash","Endless Agony"],"picked":"Crippling Poison","floor":18},{"not_picked":["Masterful Stab","Blade Dance"],"picked":"Footwork","floor":20},{"not_picked":["Prepared","Infinite Blades+1","Outmaneuver+1"],"picked":"SKIP","floor":22},{"not_picked":["Prepared","Deflect","Deadly Poison"],"picked":"SKIP","floor":24},{"not_picked":["Expertise","Acrobatics","Underhanded Strike"],"picked":"SKIP","floor":27},{"not_picked":["Dodge and Roll","Bane"],"picked":"Escape Plan","floor":28},{"not_picked":["Endless Agony","Dash+1"],"picked":"Escape Plan","floor":30},{"not_picked":["Infinite Blades+1","Flying Knee"],"picked":"After Image","floor":31},{"not_picked":["Underhanded Strike","Dagger Throw"],"picked":"Tactician","floor":35},{"not_picked":["Bane","Quick Slash+1","Blade Dance"],"picked":"SKIP","floor":37},{"not_picked":["Blade Dance","Flying Knee+1"],"picked":"Calculated Gamble","floor":39}],"player_experience":1817146,"relics_obtained":[{"floor":9,"key":"MealTicket"},{"floor":19,"key":"Snake Skull"},{"floor":26,"key":"Omamori"}],"event_choices":[{"damage_healed":0,"gold_gain":75,"player_choice":"Gather Gold","damage_taken":11,"max_hp_gain":0,"max_hp_loss":0,"event_name":"World of Goop","floor":2,"gold_loss":0},{"damage_healed":0,"gold_gain":150,"player_choice":"AGREE","damage_taken":0,"max_hp_gain":0,"max_hp_loss":0,"event_name":"Liars Game","floor":3,"gold_loss":0,"cards_obtained":["Doubt"]},{"damage_healed":0,"gold_gain":0,"player_choice":"Bought 1 Potion","damage_taken":0,"max_hp_gain":0,"max_hp_loss":0,"event_name":"The Woman in Blue","floor":11,"gold_loss":0},{"damage_healed":0,"gold_gain":0,"player_choice":"Gave Potion","damage_taken":0,"relics_obtained":["Centennial Puzzle"],"max_hp_gain":0,"max_hp_loss":0,"event_name":"WeMeetAgain","floor":14,"gold_loss":0},{"damage_healed":0,"gold_gain":0,"player_choice":"Simplicity","damage_taken":0,"max_hp_gain":0,"max_hp_loss":0,"event_name":"Back to Basics","floor":29,"gold_loss":0,"cards_upgraded":["Strike_G","Strike_G","Strike_G","Defend_G","Defend_G","Defend_G","Defend_G","Defend_G"]},{"damage_healed":0,"gold_gain":0,"player_choice":"Max HP","damage_taken":0,"max_hp_gain":0,"max_hp_loss":3,"event_name":"Winding Halls","floor":36,"gold_loss":0},{"cards_removed":["Defend_G"],"damage_healed":0,"gold_gain":0,"player_choice":"Purged","damage_taken":0,"max_hp_gain":0,"max_hp_loss":0,"event_name":"Purifier","floor":38,"gold_loss":0}],"is_beta":false,"boss_relics":[{"not_picked":["Calling Bell","Ring of the Serpent"],"picked":"Empty Cage"},{"not_picked":["Velvet Choker","Black Star"],"picked":"Coffee Dripper"}],"items_purged_floors":[4],"is_endless":false,"potions_floor_spawned":[5,7,16,20,24,28,33,35,39],"killed_by":"Reptomancer","ascension_level":20}}