{"host":"my4gslufyvqsq7r2","time":1614118168,"event":{"mods":["BaseMod","Colored Powertips","Hermit","Hubris","Infinite Spire","Minty Spire (QoL Compilation)","Rare Cards Sparkle","Relic Stats","Reliquary","Replay The Spire","Robot Space Explorer","StSLib"],"gold_per_floor":[115,64,11,26,26,26,43,76,76,76,94,110,110,130,130,232,232,202,202,202,202,202,202,202,202,202,202,202,202,202,202,202,202,202,202,202,202,202],"floor_reached":37,"language":"ENG","playtime":2647,"items_purged":[],"score":595,"play_id":"12e99510-6361-4e63-afe4-892e97f96948","local_time":"20210223170928","is_ascension_mode":true,"campfire_choices":[{"data":"Underhanded Strike","floor":6.0,"key":"SMITH"},{"floor":10,"key":"REST"},{"floor":13,"key":"REST"},{"floor":15,"key":"RECALL"},{"data":"Storm of Steel","floor":23,"key":"SMITH"},{"floor":25,"key":"REST"},{"floor":32,"key":"DIG"}],"circlet_count":0,"master_deck":["Strike_G","Strike_G","Strike_G","Strike_G","Strike_G","Defend_G","Defend_G","Defend_G","Defend_G","Defend_G","Survivor","Neutralize","Acrobatics","Quick Slash","Underhanded Strike+1","Slice","Caltrops","Dodge and Roll","Blade Dance","ReplayTheSpireMod:From All Sides","Dagger Throw+1","Storm of Steel+1","Eviscerate","Dash","ReplayTheSpireMod:Speed Training","Eviscerate","Neutralize+1","Blade Dance","Deflect+1","Envenom","Crippling Poison","PiercingWail"],"relics":["Ring of the Snake","reliquary:RoseTintedGlasses","FossilizedHelix","Blue Doll","Replay:Grab Bag","Ectoplasm","hubris:GrandSneckoEye","hubris:ScarierMask","CeramicFish","reliquary:Sod","Bag of Preparation","Replay:Baseball","Tiny House"],"acts_visited":["Exordium","TheCity","TheBeyond"],"potions_floor_usage":[16,16,22,33,33,37],"damage_taken":[{"damage":0.0,"enemies":"Cultist","floor":1.0,"turns":4.0},{"damage":0.0,"enemies":"2 Louse","floor":4.0,"turns":2.0},{"damage":0.0,"enemies":"Jaw Worm","floor":7.0,"turns":3.0},{"damage":54.0,"enemies":"Lagavulin","floor":8.0,"turns":12.0},{"damage":0,"enemies":"Exordium Wildlife","floor":11,"turns":2},{"damage":0,"enemies":"Large Slime","floor":12,"turns":6},{"damage":0,"enemies":"Looter","floor":14,"turns":3},{"damage":52,"enemies":"Hexaghost","floor":16,"turns":13},{"damage":0,"enemies":"2 Thieves","floor":18,"turns":3},{"damage":11,"enemies":"Shell Parasite","floor":19,"turns":5},{"damage":0,"enemies":"Snake Plant","floor":22,"turns":4},{"damage":38,"enemies":"Book of Stabbing","floor":24,"turns":8},{"damage":0,"enemies":"Cultist and Chosen","floor":28,"turns":3},{"damage":0,"enemies":"Sentry and Sphere","floor":30,"turns":1},{"damage":0,"enemies":"Snecko","floor":31,"turns":3},{"damage":1,"enemies":"Pondfish","floor":33,"turns":8},{"damage":78,"enemies":"3 Shapes","floor":35,"turns":3},{"damage":5,"enemies":"3 Darklings","floor":37,"turns":2}],"seed_played":"-8257052477197635056","potions_obtained":[{"floor":1.0,"key":"LifebloodPotion"},{"floor":8.0,"key":"SneckoOil"},{"floor":11,"key":"Weak Potion"},{"floor":16,"key":"Elixir"},{"floor":18,"key":"LifebloodPotion"},{"floor":24,"key":"SteroidPotion"},{"floor":30,"key":"GamblersBrew"},{"floor":31,"key":"CunningPotion"},{"floor":34,"key":"DistilledChaos"},{"floor":35,"key":"Strength Potion"}],"is_trial":false,"path_per_floor":["M","$","$","M","?","R","M","E","T","R","M","M","R","M","R","B",null,"M","M","?","T","M","R","E","R","T","?","M","?","M","M","R","B",null,"M","?","M"],"character_chosen":"THE_SILENT","items_purchased":["Quick Slash","Underhanded Strike"],"campfire_rested":3,"item_purchase_floors":[2,3],"current_hp_per_floor":[77,77,77,77,70,70,70,16,16,39,39,39,62,62,62,10,77,77,66,66,66,66,66,28,51,51,76,76,76,76,76,76,75,82,4,4,0,0],"gold":202,"neow_bonus":"TEN_PERCENT_HP_BONUS","is_daily":false,"chose_seed":false,"campfire_upgraded":2,"win_rate":0.0,"timestamp":1614118168,"path_taken":["M","?","$","M","?","R","M","E","T","R","M","M","R","M","R","BOSS","M","M","?","?","M","R","E","R","T","?","M","?","?","M","R","BOSS","M","?","M"],"items_purchased_type":["Card","Card"],"build_version":"2020-12-22","purchased_purges":0,"victory":false,"max_hp_per_floor":[77,77,77,77,77,77,77,77,77,77,77,77,77,77,77,77,77,77,77,77,77,77,77,77,77,77,77,77,77,77,77,77,77,82,82,82,82,82],"relic_stats":{"counters":[18,85],"CeramicFish":0,"Ectoplasm":420,"Bag of Preparation":[12],"obtain_stats":[{"Tiny House":34,"Replay:Grab Bag":17,"CeramicFish":21,"Blue Doll":9,"Bag of Preparation":26,"reliquary:Sod":24,"Replay:Baseball":32,"hubris:ScarierMask":17,"reliquary:RoseTintedGlasses":5,"Ectoplasm":17,"hubris:GrandSneckoEye":17,"FossilizedHelix":8,"Ring of the Snake":0},{"Tiny House":16,"Replay:Grab Bag":8,"CeramicFish":10,"Blue Doll":4,"Bag of Preparation":12,"reliquary:Sod":12,"Replay:Baseball":15,"hubris:ScarierMask":8,"reliquary:RoseTintedGlasses":2,"Ectoplasm":8,"hubris:GrandSneckoEye":8,"FossilizedHelix":4,"Ring of the Snake":0},{"Tiny House":80,"Replay:Grab Bag":45,"CeramicFish":53,"Blue Doll":21,"Bag of Preparation":65,"reliquary:Sod":65,"Replay:Baseball":72,"hubris:ScarierMask":45,"reliquary:RoseTintedGlasses":6,"Ectoplasm":45,"hubris:GrandSneckoEye":45,"FossilizedHelix":21,"Ring of the Snake":0}],"Ring of the Snake":[36]},"card_choices":[{"not_picked":["Underhanded Strike","Prepared"],"picked":"Acrobatics","floor":1.0},{"not_picked":["Choke","Slice","hubris:Counter"],"picked":"SKIP","floor":4.0},{"not_picked":["hubris:Sniper","Venomology","Dash"],"picked":"SKIP","floor":7.0},{"not_picked":["Predator","Endless Agony"],"picked":"Slice","floor":8.0},{"not_picked":["Setup","Dagger Throw"],"picked":"Caltrops","floor":11},{"not_picked":["PiercingWail","Blur"],"picked":"Dodge and Roll","floor":12},{"not_picked":["Prepared","Slice"],"picked":"Blade Dance","floor":14},{"not_picked":["Malaise","Night Terror"],"picked":"ReplayTheSpireMod:From All Sides","floor":16},{"not_picked":["Dagger Spray","Slice"],"picked":"Dagger Throw+1","floor":18},{"not_picked":["Deadly Poison","Quick Slash"],"picked":"Storm of Steel","floor":19},{"not_picked":["Bane+1","Choke"],"picked":"Dash","floor":22},{"not_picked":["Outmaneuver","Deadly Poison"],"picked":"ReplayTheSpireMod:Speed Training","floor":24},{"not_picked":["Endless Agony","Deadly Poison"],"picked":"Eviscerate","floor":28},{"not_picked":["Skewer","Dagger Throw+1"],"picked":"Blade Dance","floor":30},{"not_picked":["Cloak And Dagger","Blade Dance"],"picked":"Deflect+1","floor":31},{"not_picked":["Wraith Form v2","ReplayTheSpireMod:From All Sides"],"picked":"Envenom","floor":33},{"not_picked":["Flechettes+1","Underhanded Strike"],"picked":"Crippling Poison","floor":34},{"not_picked":["Sucker Punch","Poisoned Stab+1"],"picked":"PiercingWail","floor":35}],"player_experience":575176,"relics_obtained":[{"floor":8.0,"key":"FossilizedHelix"},{"floor":9.0,"key":"Blue Doll"},{"floor":21,"key":"CeramicFish"},{"floor":24,"key":"reliquary:Sod"},{"floor":26,"key":"Bag of Preparation"},{"floor":32,"key":"Replay:Baseball"}],"event_choices":[{"damage_healed":0.0,"max_hp_gain":0.0,"max_hp_loss":0.0,"gold_gain":0.0,"event_name":"Scrap Ooze","player_choice":"Success","floor":5.0,"gold_loss":0.0,"damage_taken":7.0,"relics_obtained":["reliquary:RoseTintedGlasses"]},{"damage_healed":25,"gold_gain":0,"player_choice":"Heal","damage_taken":0,"max_hp_gain":0,"max_hp_loss":0,"event_name":"The Library","floor":27,"gold_loss":0},{"damage_healed":0,"gold_gain":0,"player_choice":"1 cards matched","damage_taken":0,"max_hp_gain":0,"max_hp_loss":0,"event_name":"Match and Keep!","floor":29,"gold_loss":0,"cards_obtained":["Neutralize"]},{"damage_healed":0,"gold_gain":0,"player_choice":"Ignored","damage_taken":0,"max_hp_gain":0,"max_hp_loss":0,"event_name":"Mysterious Sphere","floor":36,"gold_loss":0}],"is_beta":false,"boss_relics":[{"not_picked":["hubris:RunicObelisk","Pandora\u0027s Box"],"picked":"Replay:Grab Bag"},{"not_picked":["Coffee Dripper","reliquary:KinkedSpring"],"picked":"Ectoplasm"},{"not_picked":["ChewingGum","Replay:Bronze Core"],"picked":"hubris:GrandSneckoEye"},{"not_picked":["Ring of Chaos","hubris:BlackHole"],"picked":"hubris:ScarierMask"},{"not_picked":["reliquary:RustamsPendant","Kintsugi"],"picked":"Tiny House"}],"items_purged_floors":[],"is_endless":false,"potions_floor_spawned":[1,8,11,16,18,24,30,31,35],"killed_by":"3 Darklings","ascension_level":2}}