{"host":"z9rwthyxsf7d04ix","time":1614097868,"event":{"mods":["AchievementEnabler","BaseMod","Colored Map","Colored Powertips","Minty Spire (QoL Compilation)","Quick Restart"],"gold_per_floor":[112,125,135,153,153,153,167,167,213,225,250,295,266,295,307,421,433,456,567,346,346,98,98,98,98],"floor_reached":24,"language":"ENG","playtime":1743,"items_purged":[],"score":235,"play_id":"800092ac-f002-4a81-8e1f-6852439ce795","local_time":"20210223183108","is_ascension_mode":true,"campfire_choices":[{"floor":6,"key":"DIG"},{"floor":10,"key":"DIG"},{"floor":15,"key":"REST"},{"floor":23,"key":"DIG"}],"circlet_count":0,"master_deck":["Strike_R","Strike_R","Strike_R","Strike_R+1","Strike_R+1","Defend_R","Defend_R","Defend_R","Bash","Shrug It Off","Warcry","Iron Wave","Spot Weakness","Burning Pact","Barricade","True Grit+1"],"relics":["Burning Blood","Shovel","The Courier","MawBank","Red Skull","Dead Branch","Black Star","Magic Flower","PreservedInsect","Vajra","Whetstone"],"acts_visited":["Exordium","TheCity"],"potions_floor_usage":[12,16,16],"damage_taken":[{"damage":6,"enemies":"Cultist","floor":1,"turns":3},{"damage":14,"enemies":"2 Louse","floor":2,"turns":3},{"damage":0,"enemies":"Small Slimes","floor":3,"turns":3},{"damage":6,"enemies":"Blue Slaver","floor":4,"turns":6},{"damage":4,"enemies":"2 Fungi Beasts","floor":7,"turns":4},{"damage":32,"enemies":"Gremlin Gang","floor":11,"turns":6},{"damage":17,"enemies":"Lagavulin","floor":12,"turns":5},{"damage":6,"enemies":"Lots of Slimes","floor":14,"turns":4},{"damage":27,"enemies":"Hexaghost","floor":16,"turns":11},{"damage":45,"enemies":"Spheric Guardian","floor":18,"turns":8},{"damage":44,"enemies":"Gremlin Leader","floor":24,"turns":5}],"seed_played":"-4520916779876081540","potions_obtained":[{"floor":4,"key":"CultistPotion"},{"floor":7,"key":"ElixirPotion"},{"floor":12,"key":"HeartOfIron"},{"floor":16,"key":"FearPotion"}],"is_trial":false,"path_per_floor":["M","M","M","M","$","R","M","?","T","R","M","E","?","M","R","B",null,"M","?","$","?","$","R","E"],"character_chosen":"IRONCLAD","items_purchased":["Magic Flower","PreservedInsect","Vajra"],"campfire_rested":1,"item_purchase_floors":[20,22,22],"current_hp_per_floor":[56,48,54,54,54,54,56,49,49,49,23,12,12,12,36,15,80,41,41,41,41,41,41,0,0],"gold":98,"neow_bonus":"ONE_RARE_RELIC","is_daily":false,"chose_seed":false,"campfire_upgraded":0,"win_rate":0.0,"timestamp":1614097868,"path_taken":["M","?","?","M","$","R","M","?","T","R","M","E","?","M","R","BOSS","M","?","$","?","$","R","E"],"items_purchased_type":["Relic","Relic","Relic"],"build_version":"2020-12-22","purchased_purges":0,"victory":false,"max_hp_per_floor":[80,80,80,80,80,80,80,80,80,80,80,80,80,80,80,80,80,80,80,80,80,80,80,80,80],"card_choices":[{"not_picked":["Armaments","Body Slam","Havoc"],"picked":"SKIP","floor":1},{"not_picked":["Whirlwind","Cleave"],"picked":"Shrug It Off","floor":2},{"not_picked":["Combust","Wild Strike","Clash"],"picked":"SKIP","floor":3},{"not_picked":["True Grit","Burning Pact"],"picked":"Warcry","floor":4},{"not_picked":["Flex","Shockwave"],"picked":"Iron Wave","floor":7},{"not_picked":["Searing Blow","Sword Boomerang"],"picked":"Spot Weakness","floor":11},{"not_picked":["Double Tap","Twin Strike"],"picked":"Burning Pact","floor":12},{"not_picked":["Body Slam","Clash","Clothesline"],"picked":"SKIP","floor":14},{"not_picked":["Feed","Exhume"],"picked":"Barricade","floor":16},{"not_picked":["Perfected Strike","Cleave"],"picked":"True Grit+1","floor":18}],"player_experience":779231,"relics_obtained":[{"floor":6,"key":"The Courier"},{"floor":9,"key":"MawBank"},{"floor":10,"key":"Red Skull"},{"floor":12,"key":"Dead Branch"},{"floor":23,"key":"Whetstone"}],"event_choices":[{"cards_removed":["Defend_R"],"damage_healed":0,"gold_gain":0,"player_choice":"Card Removal","damage_taken":7,"max_hp_gain":0,"max_hp_loss":0,"event_name":"Golden Wing","floor":8,"gold_loss":0},{"damage_healed":0,"gold_gain":0,"player_choice":"Left Gold","damage_taken":0,"max_hp_gain":0,"max_hp_loss":0,"event_name":"World of Goop","floor":13,"gold_loss":41},{"damage_healed":0,"gold_gain":99,"player_choice":"Stole From Cult","damage_taken":0,"max_hp_gain":0,"max_hp_loss":0,"event_name":"Nest","floor":19,"gold_loss":0},{"damage_healed":0,"gold_gain":0,"player_choice":"Ignored","damage_taken":0,"max_hp_gain":0,"max_hp_loss":0,"event_name":"N\u0027loth","floor":21,"gold_loss":0}],"is_beta":false,"boss_relics":[{"not_picked":["Mark of Pain","Runic Dome"],"picked":"Black Star"}],"items_purged_floors":[],"is_endless":false,"potions_floor_spawned":[4,7,12,16],"killed_by":"Gremlin Leader","ascension_level":4}}