{"host":"og21o26alpnbwmz8","time":1614090813,"event":{"mods":["2.2 Compatiblity","Act Like it!","Aspiration","BaseMod","Conspire","Downfall","Gensokyo","Halation","Hermit","Hubris","Jedi Mod","Mimic Mod","Minty Spire (QoL Compilation)","Pale of the Ancients","Reliquary","Replay The Spire","Shop Mod","Spikes Relics","StSLib","The Alterego","The Animator","The Blue Laboratory","The Bug Knight","Waifu the Spire","Yuri Mod"],"gold_per_floor":[112,112,127,144,200,229,229,258,258,258,276,295,327,342,342,342,342],"floor_reached":16,"language":"ENG","playtime":620,"items_purged":[],"score":122,"play_id":"5b3fc933-36f5-4146-aaa2-ea95799902b3","local_time":"20210223093333","is_ascension_mode":false,"campfire_choices":[{"data":"hermit:Ricochet","floor":7,"key":"SMITH"},{"data":"hermit:Snapshot","floor":10,"key":"SMITH"},{"data":"hermit:Snipe","floor":15,"key":"SMITH"}],"circlet_count":0,"master_deck":["hermit:Strike_Hermit","hermit:Strike_Hermit","hermit:Strike_Hermit","hermit:Defend_Hermit","hermit:Defend_Hermit","hermit:Defend_Hermit","hermit:Defend_Hermit","hermit:Snapshot+1","hermit:Covet","hermit:SprayPray","hermit:Quickdraw+1","hermit:BigShot","hermit:Deadeye","hermit:Ricochet+1","hermit:TakeAim","hermit:Snipe+1"],"relics":["hermit:Momento","RoseTintedShades","Mirror","Bag of Preparation","Question Card","Letter Opener"],"acts_visited":["Exordium"],"potions_floor_usage":[16,16,16],"damage_taken":[{"damage":5,"enemies":"Small Slimes","floor":1,"turns":3},{"damage":0,"enemies":"Cultist","floor":3,"turns":3},{"damage":11,"enemies":"2 Louse","floor":4,"turns":2},{"damage":1,"enemies":"Replay:BlueRogue","floor":6,"turns":4},{"damage":2,"enemies":"HollowMod:MossKnight","floor":8,"turns":4},{"damage":2,"enemies":"Large Slime","floor":11,"turns":2},{"damage":6,"enemies":"conspire:2 RoseBushes","floor":12,"turns":4},{"damage":28,"enemies":"Gremlin Nob","floor":13,"turns":4},{"damage":8,"enemies":"Gremlin Gang","floor":14,"turns":4},{"damage":16,"enemies":"The Guardian","floor":16,"turns":8}],"seed_played":"7002391177768740656","potions_obtained":[{"floor":1,"key":"Elixir"},{"floor":3,"key":"Guardian:BlockOnCardUsePotion"},{"floor":8,"key":"AttackPotion"},{"floor":12,"key":"Energy Potion"}],"is_trial":false,"path_per_floor":["M","?","M","M","?","E","R","E","T","R","M","M","E","M","R","B"],"character_chosen":"HERMIT","items_purchased":[],"campfire_rested":0,"item_purchase_floors":[],"current_hp_per_floor":[70,70,70,59,59,58,58,56,56,56,54,48,20,12,12,0,0],"gold":342,"neow_bonus":"TRANSFORM_CARD","is_daily":false,"chose_seed":false,"campfire_upgraded":3,"win_rate":0.0,"timestamp":1614090813,"path_taken":["M","?","M","?","?","E","R","E","T","R","M","M","E","M","R","BOSS"],"items_purchased_type":[],"build_version":"2020-12-22","purchased_purges":0,"victory":false,"max_hp_per_floor":[75,75,75,75,75,75,75,75,75,75,75,75,75,75,75,75,75],"card_choices":[{"not_picked":["hermit:HoleUp","hermit:NoHoldsBarred"],"picked":"hermit:Quickdraw","floor":1},{"not_picked":["hermit:HoleUp","hermit:Spite"],"picked":"hermit:BigShot","floor":3},{"not_picked":["hermit:LuckOfTheDraw","hermit:Grudge","hermit:Coalescence"],"picked":"SKIP","floor":4},{"not_picked":["hermit:Manifest","hermit:Gestalt"],"picked":"hermit:Deadeye","floor":5},{"not_picked":["hermit:Grudge","hermit:Dissolve"],"picked":"hermit:Ricochet","floor":6},{"not_picked":["hermit:DeadMansHand","hermit:Cheat","hermit:Spite"],"picked":"SKIP","floor":8},{"not_picked":["hermit:ShadowCloak","hermit:ItchyTrigger","hermit:Horror"],"picked":"hermit:TakeAim","floor":11},{"not_picked":["hermit:HoleUp","hermit:TakeCover","hermit:Desperado","hermit:Feint"],"picked":"SKIP","floor":12},{"not_picked":["hermit:OverwhelmingPower","hermit:ItchyTrigger","hermit:LowProfile"],"picked":"hermit:Snipe","floor":13},{"not_picked":["hermit:Feint","hermit:BodyArmor","hermit:Glare","hermit:Quickdraw"],"picked":"SKIP","floor":14}],"player_experience":414748,"relics_obtained":[{"floor":5,"key":"RoseTintedShades"},{"floor":6,"key":"Mirror"},{"floor":8,"key":"Bag of Preparation"},{"floor":9,"key":"Question Card"},{"floor":13,"key":"Letter Opener"}],"event_choices":[{"damage_healed":0,"gold_gain":0,"player_choice":"Upgraded","damage_taken":0,"max_hp_gain":0,"max_hp_loss":0,"event_name":"Upgrade Shrine","floor":2,"gold_loss":0,"cards_upgraded":["hermit:Quickdraw"]}],"is_beta":false,"boss_relics":[],"items_purged_floors":[],"is_endless":false,"potions_floor_spawned":[1,3,8,12],"killed_by":"The Guardian","ascension_level":0}}