{"host":"7oiwk103j2prpym5","time":1614098860,"event":{"mods":["BaseMod","BetterRewards","Colored Map","Colored Powertips","GifTheSpireLib","Infinite Spire","Minty Spire (QoL Compilation)","Permanent Neow","Relic Filter Mod","Reliquary","Remove Card Discount Mod","Replay The Spire","StSLib","Stuff the Spire","Weighted Paths"],"gold_per_floor":[119,119,138,32,50,50,82,82,109,63,79,99,99,119,119,215,215,228,228,77,90,90,123,123,136,210,210,221,221,221],"floor_reached":29,"language":"ENG","playtime":2345,"items_purged":["Strike_R","Defend_R","Strike_R","Defend_R","Strike_R"],"score":365,"play_id":"c56469b3-2f7e-48d0-bb6f-704977349740","local_time":"20210223104740","is_ascension_mode":false,"campfire_choices":[{"floor":6,"key":"REST"},{"floor":8,"key":"RECALL"},{"data":"ReplayTheSpireMod:Brewmster","floor":15,"key":"SMITH"},{"floor":24,"key":"REST"}],"circlet_count":0,"master_deck":["Strike_R","Strike_R","Defend_R","Defend_R","Bash","ReplayTheSpireMod:Brewmster+1","Shrug It Off+1","Sword Boomerang","The Bomb","Anger","ReplayTheSpireMod:Muscle Training","ReplayTheSpireMod:IOU","Shrug It Off+1","Armaments","Panache","Clothesline","Run Through","StuffTheSpire:Incineration","Fire Breathing","Thunderclap","Regret","Pot Of Greed","Pot Of Greed","Wild Strike","Spot Weakness","Decay","Pot Of Greed","Armaments","Evolve","infinitespire:OneForAll+1","Heavy Blade"],"relics":["Black Blood","Replay:WaspNest","ReplayTheSpireMod:CursedCoin","ReplayFunnel","Grinning Jar","Replay:Bottled Eggs","Dream Catcher","Replay:Ringing Soul","reliquary:PurpleTingedLeaf"],"acts_visited":["Exordium","TheCity"],"potions_floor_usage":[3,3,5,7,12,12,16,18,18,23,23,25,25,27,27,28,29,29,29,29],"damage_taken":[{"damage":4,"enemies":"2 Louse","floor":1,"turns":3},{"damage":1,"enemies":"Cultist","floor":3,"turns":3},{"damage":13,"enemies":"Small Slimes","floor":5,"turns":4},{"damage":18,"enemies":"3 Sentries","floor":7,"turns":4},{"damage":5,"enemies":"3 Louse","floor":11,"turns":4},{"damage":14,"enemies":"Red Slaver","floor":12,"turns":4},{"damage":7,"enemies":"Blue Slaver","floor":14,"turns":3},{"damage":55,"enemies":"Hexaghost","floor":16,"turns":6},{"damage":25,"enemies":"Shell Parasite","floor":18,"turns":5},{"damage":11,"enemies":"Chosen","floor":21,"turns":5},{"damage":66,"enemies":"Slavers","floor":23,"turns":4},{"damage":34,"enemies":"Snecko","floor":25,"turns":7},{"damage":2,"enemies":"Book of Stabbing","floor":27,"turns":2},{"damage":30,"enemies":"3 Cultists","floor":28,"turns":5},{"damage":24,"enemies":"Centurion and Healer","floor":29,"turns":7}],"seed_played":"2911927093560346048","potions_obtained":[{"floor":1,"key":"Ancient Potion"},{"floor":2,"key":"AttackPotion"},{"floor":2,"key":"SmokeBomb"},{"floor":7,"key":"Fire Potion"},{"floor":14,"key":"DistilledChaos"},{"floor":25,"key":"Fire Potion"}],"is_trial":false,"path_per_floor":["M","?","M","$","M","R","E","R","T","$","M","M","?","M","R","B",null,"M","?","$","M","?","E","R","M","T","E","M","M"],"character_chosen":"IRONCLAD","items_purchased":["Replay:WaspNest","ReplayTheSpireMod:Brewmster","Shrug It Off","Sword Boomerang","ReplayTheSpireMod:CursedCoin","Shrug It Off+1","Armaments","Panache","StuffTheSpire:Incineration","Dream Catcher"],"campfire_rested":2,"item_purchase_floors":[0,0,0,0,4,4,4,4,10,20],"current_hp_per_floor":[49,49,54,54,47,71,73,73,73,73,74,66,66,65,65,16,80,67,67,67,68,68,14,38,19,19,30,16,0,0],"gold":221,"neow_bonus":"","is_daily":false,"chose_seed":false,"campfire_upgraded":1,"win_rate":0.0,"timestamp":1614098860,"path_taken":["M","?","M","?","?","R","E","R","T","$","M","M","?","M","R","BOSS","M","?","$","M","?","E","R","M","T","E","?","M"],"items_purchased_type":["Relic","Card","Card","Card","Relic","Card","Card","Card","Card","Relic"],"build_version":"2020-12-22","purchased_purges":5,"victory":false,"max_hp_per_floor":[80,80,80,80,80,80,80,80,80,80,80,80,80,80,80,80,80,80,80,80,80,80,80,80,83,83,83,86,86,86],"card_choices":[{"not_picked":["Bloodletting","Life Link"],"picked":"Anger","floor":1},{"not_picked":["Warcry","Run Through"],"picked":"ReplayTheSpireMod:Muscle Training","floor":3},{"not_picked":["StuffTheSpire:Incineration","StuffTheSpire:RockThrow"],"picked":"Clothesline","floor":5},{"not_picked":["Shrug It Off","Carnage"],"picked":"Run Through","floor":7},{"not_picked":["StuffTheSpire:BloodClot","Feel No Pain"],"picked":"Fire Breathing","floor":11},{"not_picked":["Infernal Blade","Wild Strike"],"picked":"Thunderclap","floor":12},{"not_picked":["Fiend Fire","Sword Boomerang"],"picked":"Wild Strike","floor":14},{"not_picked":["Uppercut+1","Iron Wave"],"picked":"Spot Weakness","floor":18},{"not_picked":["Burning Pact+1","Perfected Strike","Carnage+1"],"picked":"SKIP","floor":21},{"not_picked":["Pummel","StuffTheSpire:Slingshot","StuffTheSpire:Incineration"],"picked":"SKIP","floor":23},{"not_picked":["Clothesline","Pommel Strike"],"picked":"infinitespire:OneForAll+1","floor":25},{"not_picked":["Second Wind+1","Sentinel"],"picked":"Heavy Blade","floor":28}],"player_experience":900885,"relics_obtained":[{"floor":7,"key":"ReplayFunnel"},{"floor":23,"key":"Replay:Ringing Soul"},{"floor":26,"key":"reliquary:PurpleTingedLeaf"}],"event_choices":[{"damage_healed":0,"gold_gain":0,"player_choice":"Got Potions","damage_taken":0,"max_hp_gain":0,"max_hp_loss":0,"event_name":"Lab","floor":2,"gold_loss":0},{"damage_healed":0,"gold_gain":0,"player_choice":"Box","damage_taken":0,"relics_obtained":["Grinning Jar"],"max_hp_gain":0,"max_hp_loss":0,"event_name":"Big Fish","floor":13,"gold_loss":0,"cards_obtained":["Regret"]},{"damage_healed":0,"gold_gain":0,"player_choice":"2 cards matched","damage_taken":0,"max_hp_gain":0,"max_hp_loss":0,"event_name":"Match and Keep!","floor":22,"gold_loss":0,"cards_obtained":["Armaments","Evolve"]}],"is_beta":false,"boss_relics":[{"not_picked":["Kintsugi","StuffTheSpire:RunicConfusion"],"picked":"Black Blood"}],"items_purged_floors":[0,0,0,0,4],"is_endless":false,"potions_floor_spawned":[1,7,11,14,16,25,27],"killed_by":"Centurion and Healer","ascension_level":0}}