{"host":"jt67skv49snb75sm","time":1614110267,"event":{"mods":["BaseMod","Bestiary","Minty Spire (QoL Compilation)","Relic Stats"],"gold_per_floor":[111,126,126,143,156,181,181,181,259,224,244,244,276,351,351,424,424,401,401,53,69,84,84,84],"floor_reached":23,"language":"ENG","playtime":865,"items_purged":["Strike_P"],"score":392,"play_id":"7bc2fc9f-6f80-4aa0-8c22-d6f35cd7c5dd","local_time":"20210223205747","is_ascension_mode":true,"campfire_choices":[{"floor":8.0,"key":"REST"},{"data":"LikeWater","floor":12.0,"key":"SMITH"},{"data":"LikeWater","floor":15.0,"key":"SMITH"}],"circlet_count":0,"master_deck":["AscendersBane","Strike_P","Strike_P+1","Strike_P","Defend_P","Defend_P","Defend_P","Defend_P","Eruption","Vigilance","InnerPeace","CutThroughFate","CarveReality+1","FlyingSleeves","FollowUp","LikeWater+1","Evaluate","LikeWater+1","Wish","Decay","FlurryOfBlows","Meditate"],"relics":["PureWater","CaptainsWheel","The Courier","Whetstone","Singing Bowl","Black Star","Bird Faced Urn"],"acts_visited":["Exordium","TheCity"],"potions_floor_usage":[],"damage_taken":[{"damage":7.0,"enemies":"Jaw Worm","floor":1.0,"turns":5.0},{"damage":7.0,"enemies":"Small Slimes","floor":2.0,"turns":3.0},{"damage":10.0,"enemies":"2 Louse","floor":4.0,"turns":2.0},{"damage":6.0,"enemies":"Red Slaver","floor":5.0,"turns":3.0},{"damage":27.0,"enemies":"Lagavulin","floor":6.0,"turns":7.0},{"damage":3.0,"enemies":"Exordium Thugs","floor":11.0,"turns":4.0},{"damage":6.0,"enemies":"3 Sentries","floor":13.0,"turns":5.0},{"damage":19.0,"enemies":"Slime Boss","floor":16.0,"turns":9.0},{"damage":21.0,"enemies":"2 Thieves","floor":18.0,"turns":4.0},{"damage":17.0,"enemies":"Spheric Guardian","floor":21.0,"turns":4.0},{"damage":25.0,"enemies":"3 Cultists","floor":22.0,"turns":6.0},{"damage":0,"enemies":"Book of Stabbing","floor":23,"turns":1}],"seed_played":"-7239261707529515876","potions_obtained":[{"floor":1.0,"key":"BlessingOfTheForge"},{"floor":6.0,"key":"Weak Potion"},{"floor":16.0,"key":"BlessingOfTheForge"},{"floor":21.0,"key":"StancePotion"}],"is_trial":false,"path_per_floor":["M","M","?","M","M","E","?","R","T","?","M","R","E","T","R","B",null,"M","?","$","M","M","E"],"character_chosen":"WATCHER","items_purchased":["Bird Faced Urn","FlurryOfBlows"],"campfire_rested":1,"item_purchase_floors":[20,20],"current_hp_per_floor":[54,47,52,42,36,9,9,30,30,48,45,45,39,39,39,20,60,41,41,41,28,9,9,9],"gold":84,"neow_bonus":"THREE_CARDS","is_daily":false,"chose_seed":false,"campfire_upgraded":2,"win_rate":0.0,"timestamp":1614110267,"path_taken":["M","M","?","M","M","E","?","R","T","?","M","R","E","?","R","BOSS","M","?","$","M","M","E"],"items_purchased_type":["Relic","Card"],"build_version":"2020-12-22","purchased_purges":1,"victory":false,"max_hp_per_floor":[68,68,73,73,73,73,73,73,73,73,73,73,73,73,73,73,73,75,75,75,75,77,77,77],"relic_stats":{"Singing Bowl":4,"counters":[12,53],"Bird Faced Urn":[8],"Black Star":0,"Whetstone":["Strike_P","CarveReality"],"obtain_stats":[{"CaptainsWheel":6,"Singing Bowl":14,"Bird Faced Urn":20,"The Courier":9,"Black Star":17,"Whetstone":13,"PureWater":0},{"CaptainsWheel":5,"Singing Bowl":7,"Bird Faced Urn":9,"The Courier":5,"Black Star":8,"Whetstone":7,"PureWater":0},{"CaptainsWheel":20,"Singing Bowl":29,"Bird Faced Urn":42,"The Courier":20,"Black Star":38,"Whetstone":29,"PureWater":0}]},"card_choices":[{"not_picked":["Consecrate","FollowUp"],"picked":"InnerPeace","floor":0.0},{"not_picked":["Perseverance","JustLucky"],"picked":"CutThroughFate","floor":1.0},{"not_picked":["FollowUp","Evaluate"],"picked":"CarveReality","floor":2.0},{"not_picked":["Prostrate","Nirvana"],"picked":"FlyingSleeves","floor":4.0},{"not_picked":["Indignation","FlyingSleeves"],"picked":"FollowUp","floor":5.0},{"not_picked":["EmptyBody","Wireheading"],"picked":"LikeWater","floor":6.0},{"not_picked":["PathToVictory","FollowUp"],"picked":"Evaluate","floor":11.0},{"not_picked":["Prostrate","MentalFortress"],"picked":"LikeWater","floor":13.0},{"not_picked":["DevaForm","DeusExMachina"],"picked":"Wish","floor":16.0},{"not_picked":["Swivel","BowlingBash","Adaptation"],"picked":"Singing Bowl","floor":18.0},{"not_picked":["FlurryOfBlows","Prostrate"],"picked":"Meditate","floor":21.0},{"not_picked":["JustLucky","Consecrate","Prostrate+1"],"picked":"Singing Bowl","floor":22.0}],"player_experience":883068,"relics_obtained":[{"floor":6.0,"key":"CaptainsWheel"},{"floor":9.0,"key":"The Courier"},{"floor":13.0,"key":"Whetstone"},{"floor":14.0,"key":"Singing Bowl"}],"event_choices":[{"damage_healed":0.0,"max_hp_gain":5.0,"max_hp_loss":0.0,"gold_gain":0.0,"event_name":"Big Fish","player_choice":"Donut","floor":3.0,"gold_loss":0.0,"damage_taken":0.0},{"damage_healed":0.0,"max_hp_gain":0.0,"max_hp_loss":0.0,"gold_gain":0.0,"event_name":"Liars Game","player_choice":"Ignored","floor":7.0,"gold_loss":0.0,"damage_taken":0.0},{"damage_healed":18.0,"max_hp_gain":0.0,"max_hp_loss":0.0,"gold_gain":0.0,"event_name":"The Cleric","player_choice":"Healed","floor":10.0,"gold_loss":35.0,"damage_taken":0.0},{"damage_healed":0.0,"max_hp_gain":0.0,"max_hp_loss":0.0,"gold_gain":0.0,"event_name":"Wheel of Change","player_choice":"Cursed","floor":19.0,"gold_loss":0.0,"damage_taken":0.0,"cards_obtained":["Decay"]}],"is_beta":false,"boss_relics":[{"not_picked":["Sozu","HolyWater"],"picked":"Black Star"}],"items_purged_floors":[20],"is_endless":false,"potions_floor_spawned":[1,6,16,21],"killed_by":"Book of Stabbing","ascension_level":19}}