{"host":"x3q4ieql2tr7v8o6","time":1614092451,"event":{"mods":["BaseMod","Bestiary","Better Altar","Better Match","Better Note","Better Sensory Stone","Better Skull","Better Third Choice","Colored Map","Colored Powertips","Curses Come First","Minty Spire (QoL Compilation)","StSLib"],"gold_per_floor":[119,119,130,280,4,4,31,31,55,55,130,154,178,21,21,102,183,211,256,281,281,306,306,330,330,384,406,434,434,434],"floor_reached":29,"language":"ENG","playtime":631,"items_purged":[],"score":430,"play_id":"7d3f3ce4-c873-4ea9-9d1f-c437e3751cb1","local_time":"20210223150051","is_ascension_mode":true,"campfire_choices":[{"data":"Bash","floor":6,"key":"SMITH"},{"floor":8,"key":"REST"},{"floor":15,"key":"REST"},{"floor":23,"key":"REST"},{"floor":25,"key":"REST"}],"circlet_count":0,"master_deck":["AscendersBane","Bash+1","Iron Wave","Anger","Perfected Strike","Power Through","Armaments","Immolate","Seeing Red","Limit Break","Exhume","Seeing Red","Dual Wield","Reckless Charge","Feed","Spot Weakness","Thunderclap","Iron Wave+1","Bite","Bite","Bite","Bite","Bite","Ghostly Armor","Iron Wave","Twin Strike","Shame","Cleave","Sword Boomerang+1"],"relics":["Cursed Key","Frozen Egg 2","Mercury Hourglass","CeramicFish","Bag of Marbles","Pandora\u0027s Box","Strawberry"],"acts_visited":["Exordium","TheCity"],"potions_floor_usage":[16,24,27,28,29],"damage_taken":[{"damage":1,"enemies":"Cultist","floor":1,"turns":4},{"damage":2,"enemies":"Jaw Worm","floor":3,"turns":3},{"damage":27,"enemies":"Gremlin Nob","floor":7,"turns":4},{"damage":0,"enemies":"Small Slimes","floor":12,"turns":2},{"damage":6,"enemies":"3 Louse","floor":13,"turns":3},{"damage":9,"enemies":"Slime Boss","floor":16,"turns":8},{"damage":25,"enemies":"Spheric Guardian","floor":18,"turns":4},{"damage":12,"enemies":"Chosen","floor":20,"turns":3},{"damage":40,"enemies":"Sentry and Sphere","floor":22,"turns":6},{"damage":19,"enemies":"Cultist and Chosen","floor":24,"turns":5},{"damage":42,"enemies":"Shelled Parasite and Fungi","floor":27,"turns":4},{"damage":10,"enemies":"3 Cultists","floor":28,"turns":4},{"damage":9,"enemies":"Book of Stabbing","floor":29,"turns":1}],"seed_played":"2705172209560776513","potions_obtained":[{"floor":12,"key":"ColorlessPotion"},{"floor":13,"key":"EssenceOfSteel"},{"floor":22,"key":"EssenceOfSteel"},{"floor":24,"key":"SpeedPotion"},{"floor":27,"key":"CultistPotion"}],"is_trial":false,"path_per_floor":["M","?","M","?","$","R","E","R","T","?","?","M","M","$","R","B",null,"M","?","M","?","M","R","M","R","T","M","M","E"],"character_chosen":"IRONCLAD","items_purchased":["Frozen Egg 2","Bag of Marbles"],"campfire_rested":4,"item_purchase_floors":[5,14],"current_hp_per_floor":[67,67,65,65,65,65,38,60,60,53,42,42,36,36,58,49,69,44,44,38,38,11,26,16,31,38,4,7,0,0],"gold":434,"neow_bonus":"BOSS_RELIC","is_daily":false,"chose_seed":false,"campfire_upgraded":1,"win_rate":0.0,"timestamp":1614092451,"path_taken":["M","?","?","?","$","R","E","R","T","?","?","M","M","$","R","BOSS","M","?","M","?","?","R","M","R","T","M","M","E"],"items_purchased_type":["Relic","Relic"],"build_version":"2020-12-22","purchased_purges":0,"victory":false,"max_hp_per_floor":[75,75,75,75,75,75,75,75,75,75,75,75,75,75,75,75,75,75,52,52,52,52,52,52,52,59,59,62,62,62],"card_choices":[{"not_picked":["Headbutt","Heavy Blade"],"picked":"Iron Wave","floor":1},{"not_picked":["Iron Wave","Pummel"],"picked":"Anger","floor":3},{"not_picked":["Sword Boomerang","Sever Soul"],"picked":"Perfected Strike","floor":7},{"not_picked":["Hemokinesis","Rampage"],"picked":"Power Through","floor":12},{"not_picked":["Iron Wave","Dark Embrace+1"],"picked":"Armaments","floor":13},{"not_picked":["Impervious","Exhume"],"picked":"Immolate","floor":16},{"not_picked":["Perfected Strike","Searing Blow"],"picked":"Iron Wave+1","floor":18},{"not_picked":["Warcry","Thunderclap"],"picked":"Ghostly Armor","floor":20},{"not_picked":["Wild Strike","Warcry"],"picked":"Iron Wave","floor":22},{"not_picked":["Iron Wave","Perfected Strike"],"picked":"Twin Strike","floor":24},{"not_picked":["Berserk+1","True Grit"],"picked":"Cleave","floor":27},{"not_picked":["Pommel Strike","Battle Trance"],"picked":"Sword Boomerang+1","floor":28}],"player_experience":750425,"relics_obtained":[{"floor":7,"key":"Mercury Hourglass"},{"floor":9,"key":"CeramicFish"},{"floor":26,"key":"Strawberry"}],"event_choices":[{"damage_healed":0,"gold_gain":0,"player_choice":"Ignored","damage_taken":0,"max_hp_gain":0,"max_hp_loss":0,"event_name":"WeMeetAgain","floor":2,"gold_loss":0},{"damage_healed":0,"gold_gain":150,"player_choice":"AGREE","damage_taken":130,"max_hp_gain":0,"max_hp_loss":0,"event_name":"betterThird:BetterSerpent","floor":4,"gold_loss":0},{"cards_removed":["Doubt"],"damage_healed":0,"gold_gain":0,"player_choice":"Card Removal","damage_taken":7,"max_hp_gain":0,"max_hp_loss":0,"event_name":"Golden Wing","floor":10,"gold_loss":0},{"damage_healed":0,"gold_gain":75,"player_choice":"Gold","damage_taken":11,"max_hp_gain":0,"max_hp_loss":0,"event_name":"betterThird:BetterGoop","floor":11,"gold_loss":0},{"damage_healed":0,"gold_gain":0,"player_choice":"Became a vampire","damage_taken":0,"max_hp_gain":0,"max_hp_loss":23,"event_name":"Vampires","floor":19,"gold_loss":0,"cards_obtained":["Bite","Bite","Bite","Bite","Bite"]},{"cards_removed":["Writhe"],"damage_healed":0,"gold_gain":0,"player_choice":"Purged","damage_taken":0,"max_hp_gain":0,"max_hp_loss":0,"event_name":"Purifier","floor":21,"gold_loss":0}],"is_beta":false,"boss_relics":[{"not_picked":["Black Star","Velvet Choker"],"picked":"Pandora\u0027s Box"}],"items_purged_floors":[],"is_endless":false,"potions_floor_spawned":[12,13,22,24,27],"killed_by":"Book of Stabbing","ascension_level":16}}