{"host":"597bhbb8x3urrkc4","time":1614119320,"event":{"mods":["Aspiration","Astrologer","Bard","BaseMod","Beaked The Cultist","Better Altar","Better Match","Better Sensory Stone","Better Skull","Better Third Choice","Challenge The Spire","Clockwork Mod","Conspire","DeckTracker","GifTheSpireLib","GungeonMod","Hermit","HexUI Lib","Highlight Path","Hubris","Infinite Spire","Mad Scientist","Minty Spire (QoL Compilation)","Random Character Button","Replay The Spire","Reworked Bosses","Shade Mod","Somnambulant","StSLib","The Blackbeard","The Construct","The Cursed","The Forsaken","The Gatherer","The Hayseed","The Hierophant","The Judge","The Jungle","The Problem Sleuth","The Runesmith","The Servant 0.9.4","The Spell Scribe","The Valiant","TheBandit","TheFirefly","Wandering Minibosses","thorton"],"gold_per_floor":[110,185,185,196,69,99,99,128,180,212,223,223,236,186,186,283,283,326,338,338,600,600,600],"floor_reached":22,"language":"ENG","playtime":3122,"items_purged":["Injury"],"score":240,"play_id":"78e65e3d-d2f1-438f-9f9c-c4e54f215412","local_time":"20210223162840","is_ascension_mode":true,"campfire_choices":[{"floor":7,"key":"REST"},{"data":"somnambulantmod: Refracture","floor":15,"key":"SMITH"}],"circlet_count":0,"master_deck":["somnambulantmod: SomnambulantStrike","somnambulantmod: SomnambulantStrike","somnambulantmod: SomnambulantStrike","somnambulantmod: SomnambulantStrike","somnambulantmod: SomnambulantStrike","somnambulantmod: Defend_Somnambulant","somnambulantmod: Defend_Somnambulant","somnambulantmod: Defend_Somnambulant","somnambulantmod: Defend_Somnambulant","somnambulantmod: QuickNap","somnambulantmod: PrimingPunch","somnambulantmod: Harden+1","somnambulantmod: LightSleeper+1","somnambulantmod: SnuggleUp+1","somnambulantmod: Harden+1","somnambulantmod: LightSleeper","somnambulantmod: Refracture+1","somnambulantmod: Amnausea+1","somnambulantmod: HorrificThought+1","somnambulantmod: Sleepyhead+1","somnambulantmod: Stumble"],"relics":["construct:ClawGrip","Toxic Egg 2","Replay:Accelerometer","aspiration:HummingbirdHeart","hubris:TenFootPole","Mirror","Runic Pyramid","DemoMod:JetPack"],"acts_visited":["Exordium","TheCity"],"potions_floor_usage":[6,11,18],"damage_taken":[{"damage":0,"enemies":"Cultist","floor":1,"turns":4},{"damage":0,"enemies":"2 Louse","floor":4,"turns":3},{"damage":17,"enemies":"Gremlin Nob","floor":6,"turns":4},{"damage":1,"enemies":"Lagavulin","floor":8,"turns":6},{"damage":0,"enemies":"Gremlin Nob","floor":10,"turns":4},{"damage":0,"enemies":"Jaw Worm","floor":11,"turns":6},{"damage":1,"enemies":"Exordium Thugs","floor":13,"turns":5},{"damage":10,"enemies":"Hexaghost","floor":16,"turns":7},{"damage":18,"enemies":"2 Thieves","floor":18,"turns":4},{"damage":0,"enemies":"Shell Parasite","floor":19,"turns":3},{"damage":33,"enemies":"3 Cultists","floor":21,"turns":6},{"damage":30,"enemies":"Shelled Parasite and Fungi","floor":22,"turns":6}],"seed_played":"1656222765636652426","potions_obtained":[{"floor":1,"key":"LifebloodPotion"},{"floor":8,"key":"Swift Potion"},{"floor":13,"key":"Swift Potion"}],"is_trial":false,"path_per_floor":["M","?","?","M","$","E","R","E","T","E","M","?","M","?","R","B",null,"M","M","?","M","M"],"character_chosen":"THE_SOMNAMBULANT","items_purchased":["somnambulantmod: LightSleeper+1"],"campfire_rested":1,"item_purchase_floors":[5],"current_hp_per_floor":[70,59,59,59,59,42,63,62,62,62,62,62,61,61,61,51,70,52,52,52,19,0,0],"gold":600,"neow_bonus":"BOSS_RELIC","is_daily":false,"chose_seed":false,"campfire_upgraded":1,"win_rate":0.0,"timestamp":1614119320,"path_taken":["M","?","?","M","$","E","R","E","T","E","M","?","M","?","R","BOSS","M","M","?","M","M"],"items_purchased_type":["Card"],"build_version":"2020-12-22","purchased_purges":1,"victory":false,"max_hp_per_floor":[70,70,70,70,70,70,70,70,70,70,70,70,70,70,70,70,70,70,70,70,70,70,70],"card_choices":[{"not_picked":["somnambulantmod: ShimmeringVeil","somnambulantmod: SnuggleUp","somnambulantmod: HeavyLids"],"picked":"SKIP","floor":1},{"not_picked":["somnambulantmod: Unknow+1","somnambulantmod: Nosebleed+1"],"picked":"somnambulantmod: Harden+1","floor":4},{"not_picked":["somnambulantmod: InLimbo","somnambulantmod: HeadSmack"],"picked":"somnambulantmod: SnuggleUp+1","floor":6},{"not_picked":["somnambulantmod: HeavyLids+1","somnambulantmod: ShimmeringVeil"],"picked":"somnambulantmod: Pinch","floor":8},{"not_picked":["somnambulantmod: Unmake","somnambulantmod: LayeredDefense+1"],"picked":"somnambulantmod: Harden+1","floor":10},{"not_picked":["somnambulantmod: HeavyLids+1","somnambulantmod: MindWave"],"picked":"somnambulantmod: LightSleeper","floor":11},{"not_picked":["somnambulantmod: HeavyLids+1","somnambulantmod: TrepanningBlow"],"picked":"somnambulantmod: Refracture","floor":13},{"not_picked":["somnambulantmod: Withdraw+1","somnambulantmod: SleepParalysis+1"],"picked":"somnambulantmod: Amnausea+1","floor":16},{"not_picked":["somnambulantmod: Harden+1","somnambulantmod: NightmareFuel"],"picked":"somnambulantmod: HorrificThought+1","floor":18},{"not_picked":["somnambulantmod: SleepingBody+1","somnambulantmod: Overshare+1"],"picked":"somnambulantmod: Sleepyhead+1","floor":19},{"not_picked":["somnambulantmod: Sleepyhead+1","somnambulantmod: Harden+1"],"picked":"somnambulantmod: Stumble","floor":21}],"player_experience":1029834,"relics_obtained":[{"floor":6,"key":"Replay:Accelerometer"},{"floor":8,"key":"aspiration:HummingbirdHeart"},{"floor":10,"key":"hubris:TenFootPole"},{"floor":12,"key":"Mirror"}],"event_choices":[{"damage_healed":0,"gold_gain":75,"player_choice":"Gold","damage_taken":11,"max_hp_gain":0,"max_hp_loss":0,"event_name":"betterThird:BetterGoop","floor":2,"gold_loss":0},{"cards_removed":["somnambulantmod: Defend_Somnambulant"],"damage_healed":0,"gold_gain":0,"player_choice":"Card Removal","damage_taken":0,"max_hp_gain":0,"max_hp_loss":0,"event_name":"The Cleric","floor":14,"gold_loss":50},{"cards_removed":["somnambulantmod: Pinch"],"damage_healed":0,"gold_gain":0,"player_choice":"Gave Card","damage_taken":0,"relics_obtained":["DemoMod:JetPack"],"max_hp_gain":0,"max_hp_loss":0,"event_name":"WeMeetAgain","floor":20,"gold_loss":0}],"is_beta":false,"boss_relics":[{"not_picked":["ReplayTheSpireMod:DimensionalGlitch","Replay:Grab Bag"],"picked":"Runic Pyramid"}],"items_purged_floors":[5],"is_endless":false,"potions_floor_spawned":[1,8,13],"killed_by":"Shelled Parasite and Fungi","ascension_level":1}}