{"host":"7fwnp8pk7osg3ahc","time":1614055261,"event":{"mods":["2.2 Compatiblity","BaseMod","Downfall","Marisa????????","Minty Spire (QoL Compilation)","Replay The Spire","StSLib","The Servant 0.9.4"],"gold_per_floor":[112,130,144,163,88,121,139,139,214,214,227,253,253,8,8,111,111,131,6,25,44,144,144,161,11,11,11,36,50,50,62,62,158,158,70,70,85,105,123,158,178,204,216,53,65,84,84,84,84,84],"floor_reached":51,"language":"ENG","playtime":2182,"items_purged":["Defend_MRS","Strike_MRS","Strike_MRS","Strike_MRS","Decay"],"score":893,"play_id":"bb867f8d-a19a-4381-a73c-46f4abff3991","local_time":"20210222224101","is_ascension_mode":false,"campfire_choices":[{"data":"MilkyWay","floor":8,"key":"SMITH"},{"data":"MilkyWay","floor":10,"key":"SMITH"},{"data":"MilkyWay","floor":13,"key":"SMITH"},{"floor":15,"key":"REST"},{"floor":23,"key":"REST"},{"data":"CasketOfStar","floor":27,"key":"SMITH"},{"floor":32,"key":"REST"},{"data":"UnstableBomb","floor":47,"key":"SMITH"},{"data":"MilkyWay+1","floor":49,"key":"PURGE"}],"circlet_count":0,"master_deck":["MilkyWay+1","MilkyWay+1","UnstableBomb+1","CasketOfStar+1","CurseOfTheBell","CommonCold"],"relics":["MiniHakkero","Replay:Wax Seal","Replay:Bottled Steam","SproutingBranch","Medical Kit","Calling Bell","Juzu Bracelet","ReplayTheSpireMod:Shallot","Thread and Needle","PreservedInsect","Strawberry","Ancient Tea Set","Kintsugi","Potion Belt","MawBank","Singing Bowl"],"acts_visited":["Exordium","TheCity","TheBeyond"],"potions_floor_usage":[6,6,50,50,50],"damage_taken":[{"damage":1,"enemies":"Cultist","floor":1,"turns":3},{"damage":7,"enemies":"Small Slimes","floor":2,"turns":3},{"damage":1,"enemies":"Jaw Worm","floor":3,"turns":3},{"damage":1,"enemies":"2 Fungi Beasts","floor":4,"turns":4},{"damage":30,"enemies":"Gremlin Nob","floor":6,"turns":4},{"damage":0,"enemies":"Looter","floor":7,"turns":3},{"damage":3,"enemies":"Exordium Thugs","floor":11,"turns":3},{"damage":18,"enemies":"Lagavulin","floor":12,"turns":5},{"damage":0,"enemies":"The Guardian","floor":16,"turns":5},{"damage":0,"enemies":"3 Byrds","floor":18,"turns":4},{"damage":0,"enemies":"Shell Parasite","floor":20,"turns":3},{"damage":47,"enemies":"Cultist and Chosen","floor":21,"turns":6},{"damage":0,"enemies":"Centurion and Healer","floor":24,"turns":5},{"damage":0,"enemies":"Gremlin Leader","floor":28,"turns":4},{"damage":0,"enemies":"Shelled Parasite and Fungi","floor":29,"turns":3},{"damage":19,"enemies":"Snake Plant","floor":31,"turns":5},{"damage":39,"enemies":"Collector","floor":33,"turns":8},{"damage":15,"enemies":"3 Shapes","floor":35,"turns":4},{"damage":3,"enemies":"3 Darklings","floor":37,"turns":4},{"damage":0,"enemies":"Transient","floor":38,"turns":5},{"damage":16,"enemies":"Maw","floor":39,"turns":6},{"damage":22,"enemies":"R_Hoarder","floor":40,"turns":6},{"damage":13,"enemies":"Writhing Mass","floor":41,"turns":4},{"damage":43,"enemies":"Nemesis","floor":42,"turns":5},{"damage":0,"enemies":"Transient","floor":45,"turns":5},{"damage":8,"enemies":"3 Darklings","floor":46,"turns":4},{"damage":0,"enemies":"Awakened One","floor":50,"turns":2}],"seed_played":"2013790651256288602","potions_obtained":[{"floor":1,"key":"Guardian:BlockOnCardUsePotion"},{"floor":2,"key":"SkillPotion"},{"floor":3,"key":"Explosive Potion"},{"floor":11,"key":"Elixir"},{"floor":12,"key":"PowerPotion"},{"floor":29,"key":"Strength Potion"},{"floor":41,"key":"Languid Potion"},{"floor":42,"key":"Guardian:BlockOnCardUsePotion"}],"is_trial":false,"path_per_floor":["M","M","M","M","$","E","M","R","T","R","M","E","R","$","R","B",null,"M","$","M","M","?","R","M","$","T","R","E","M","?","M","R","B",null,"M","?","M","M","M","E","M","E","T","$","M","M","R","$","R","B",null],"character_chosen":"MARISA","items_purchased":["Medical Kit"],"campfire_rested":3,"item_purchase_floors":[14],"current_hp_per_floor":[74,67,66,65,65,35,35,35,35,35,32,14,14,14,36,50,75,75,75,75,29,29,51,65,65,65,65,82,82,82,68,82,49,82,73,73,82,82,67,60,59,30,30,30,47,53,53,53,53,58],"gold":84,"neow_bonus":"REMOVE_CARD","is_daily":false,"chose_seed":false,"campfire_upgraded":5,"win_rate":0.0,"timestamp":1614055261,"path_taken":["M","?","M","M","$","E","?","R","T","R","M","E","R","$","R","BOSS","M","$","M","M","?","R","M","$","T","R","E","M","?","M","R","BOSS","M","?","M","M","M","E","M","E","T","$","M","M","R","$","R","BOSS"],"items_purchased_type":["Relic"],"build_version":"2020-12-22","purchased_purges":5,"victory":true,"max_hp_per_floor":[75,75,75,75,75,75,75,75,75,75,75,75,75,75,75,75,75,75,75,75,75,75,75,75,75,75,75,82,82,82,82,82,82,82,82,82,82,82,82,82,82,82,82,82,84,86,86,86,86,86],"card_choices":[{"not_picked":["OneTimeOff","MeteoricShower","StarlightTyphoon"],"picked":"SKIP","floor":1},{"not_picked":["Occultation","Robbery"],"picked":"MilkyWay","floor":2},{"not_picked":["GalacticHalo","OneTimeOff","Acceleration"],"picked":"SKIP","floor":3},{"not_picked":["GrandCross","WitchLeyline"],"picked":"MilkyWay","floor":4},{"not_picked":["DC","WitchLeyline"],"picked":"UnstableBomb","floor":6},{"not_picked":["GasGiant","PropBag","EventHorizon"],"picked":"SKIP","floor":7},{"not_picked":["MagicAbsorber","BinaryStars"],"picked":"MilkyWay","floor":11},{"not_picked":["PropBag","6A","UnstableBomb"],"picked":"SKIP","floor":12},{"not_picked":["BinaryStars","TreasureHunter"],"picked":"CasketOfStar","floor":16},{"not_picked":["WitchOfGreed+1","EarthLightRay","GrandCross+1"],"picked":"SKIP","floor":18},{"not_picked":["OortCloud","LuminesStrike","OpenUniverse+1"],"picked":"SKIP","floor":20},{"not_picked":["GalacticHalo","SatelliteIllusion","ShootingEcho"],"picked":"SKIP","floor":21},{"not_picked":["OortCloud","WitchOfGreed+1","AlicesGift"],"picked":"SKIP","floor":24},{"not_picked":["GalacticHalo","ManaConvection","AsteroidBelt"],"picked":"SKIP","floor":28},{"not_picked":["6A","WitchOfGreed","PulseMagic"],"picked":"SKIP","floor":29},{"not_picked":["MilkyWay","LuminesStrike+1","Singularity+1"],"picked":"SKIP","floor":31},{"not_picked":["WitchOfGreed+1","ChargingUp","IllusionStar+1"],"picked":"SKIP","floor":35},{"not_picked":["LuminesStrike","EnergyFlow+1","IllusionStar"],"picked":"SKIP","floor":37},{"not_picked":["AbsoluteMagnitude","NonDirectionalLaser+1","SporeBomb"],"picked":"SKIP","floor":38},{"not_picked":["DC","Acceleration","PowerUp+1"],"picked":"SKIP","floor":39},{"not_picked":["ManaRampage","WitchLeyline+1","OpenUniverse"],"picked":"SKIP","floor":40},{"not_picked":["WitchLeyline+1","ShootingEcho+1","MilkyWay"],"picked":"SKIP","floor":41},{"not_picked":["Acceleration+1","MilkyWay+1","PowerUp"],"picked":"SKIP","floor":42},{"not_picked":["JA","LuminesStrike","FairyDestructionRay"],"picked":"Singing Bowl","floor":45},{"not_picked":["MachineGunSpark","SporeBomb","GalacticHalo+1"],"picked":"Singing Bowl","floor":46}],"player_experience":642554,"relics_obtained":[{"floor":6,"key":"Replay:Wax Seal"},{"floor":9,"key":"Replay:Bottled Steam"},{"floor":12,"key":"SproutingBranch"},{"floor":17,"key":"Juzu Bracelet"},{"floor":17,"key":"ReplayTheSpireMod:Shallot"},{"floor":17,"key":"Thread and Needle"},{"floor":26,"key":"PreservedInsect"},{"floor":28,"key":"Strawberry"},{"floor":40,"key":"Potion Belt"},{"floor":42,"key":"MawBank"},{"floor":43,"key":"Singing Bowl"}],"event_choices":[{"damage_healed":0,"gold_gain":100,"player_choice":"Pray","damage_taken":0,"max_hp_gain":0,"max_hp_loss":0,"event_name":"Golden Shrine","floor":22,"gold_loss":0},{"damage_healed":0,"gold_gain":0,"player_choice":"Got Potions","damage_taken":0,"max_hp_gain":0,"max_hp_loss":0,"event_name":"Lab","floor":36,"gold_loss":0}],"is_beta":false,"boss_relics":[{"not_picked":["Ectoplasm","Velvet Choker"],"picked":"Calling Bell"},{"not_picked":["bronze:MakeshiftBattery","SlaversCollar"],"picked":"Kintsugi"}],"items_purged_floors":[5,14,19,25,44],"is_endless":false,"potions_floor_spawned":[1,2,3,11,12,18,21,29,31,37,39,41,42],"ascension_level":0}}