{"host":"wy4vwr4x0uqk666t","time":1614110503,"event":{"mods":["Aspiration","BaseMod","BetterRewards","Colored Map","Colored Powertips","Curses Come First","Defuse TimeMaze Blight","Downfall","Hubris","Infinite Spire","Jorbs\u0027s Wanderer Trilogy","Kalas","Lobotomy","Minty Spire (QoL Compilation)","Quick Restart","READ ME - Guardian Mod","Replay The Spire","StSLib","The Cursed","The Elementalist","The Hierophant","The Jungle","The Runesmith","The Servant 0.9.4","The Spell Scribe"],"gold_per_floor":[114,125,144,144,144,179,179,208,234,234,263,263,263,263,351,351,351],"floor_reached":16,"language":"ENG","playtime":655,"items_purged":[],"score":148,"play_id":"1e9db7b3-5ba0-43c2-9ccc-3586761c616f","local_time":"20210223210143","is_ascension_mode":true,"campfire_choices":[{"floor":7,"key":"REST"},{"data":"ReplayTheSpireMod:Black Plague","floor":10,"key":"SMITH"}],"circlet_count":0,"master_deck":["Strike_G","Strike_G","Strike_G","Strike_G","Strike_G","Defend_G","Defend_G","Defend_G","Defend_G","Defend_G","Survivor","Neutralize","Dagger Spray","Bloodbath","OSAHOGD","Poisoned Stab","NakedNest","ReplayTheSpireMod:Black Plague+1","Deadly Poison+1","Flying Knee","VoidDream","MeatLantern"],"relics":["Ring of the Snake","CogitoBucket","infinitespire:BottledMercury","Bird Faced Urn","aspiration:TomeofQuesting","hubris:Metronome","Golden Idol"],"acts_visited":["Exordium"],"potions_floor_usage":[11,11],"damage_taken":[{"damage":0,"enemies":"Cultist","floor":1,"turns":4},{"damage":11,"enemies":"Jaw Worm","floor":2,"turns":7},{"damage":0,"enemies":"Small Slimes","floor":3,"turns":3},{"damage":21,"enemies":"Replay:BlueRogue","floor":6,"turns":5},{"damage":13,"enemies":"Lagavulin","floor":8,"turns":7},{"damage":0,"enemies":"Gremlin Nob","floor":11,"turns":3},{"damage":54,"enemies":"Fading Forest","floor":16,"turns":4}],"seed_played":"-2581726210119788011","potions_obtained":[{"floor":6,"key":"CunningPotion"},{"floor":8,"key":"SkillPotion"}],"is_trial":false,"path_per_floor":["M","M","M","T","?","E","R","E","T","R","E","?","?","?","R_BF","B"],"character_chosen":"THE_SILENT","items_purchased":[],"campfire_rested":1,"item_purchase_floors":[],"current_hp_per_floor":[70,63,64,64,48,29,50,39,39,39,40,40,40,40,40,0,0],"gold":351,"neow_bonus":"","is_daily":false,"chose_seed":false,"campfire_upgraded":1,"win_rate":0.0,"timestamp":1614110503,"path_taken":["M","M","M","?","?","E","R","E","T","R","E","?","?","?","R_BF","BOSS"],"items_purchased_type":[],"build_version":"2020-12-22","purchased_purges":0,"victory":false,"max_hp_per_floor":[70,70,70,70,70,70,70,70,70,70,70,70,65,65,65,65,65],"card_choices":[{"not_picked":["Backflip","Outmaneuver"],"picked":"Dagger Spray","floor":1},{"not_picked":["WallGazer","Murderer"],"picked":"Bloodbath","floor":1},{"not_picked":["BigBird","UniverseFragment"],"picked":"OSAHOGD","floor":2},{"not_picked":["Slice","Fluid Movement"],"picked":"Poisoned Stab","floor":2},{"not_picked":["Wellcheers","Scorched","Porccubus"],"picked":"Singing Bowl","floor":3},{"not_picked":["Woodsman","WallGazer"],"picked":"NakedNest","floor":3},{"not_picked":["Distraction","Prepared","Masterful Stab"],"picked":"SKIP","floor":3},{"not_picked":["Distraction","Prepared","Masterful Stab"],"picked":"SKIP","floor":3},{"not_picked":["infinitespire:Oblivion","infinitespire:DeathsTouch"],"picked":"ReplayTheSpireMod:Black Plague","floor":5},{"not_picked":["Sucker Punch","Acrobatics"],"picked":"Deadly Poison","floor":6},{"not_picked":["Outmaneuver","Distraction"],"picked":"Flying Knee","floor":8},{"not_picked":["FairyFestival","Freischutz"],"picked":"VoidDream","floor":8},{"not_picked":["Murderer","FairyFestival"],"picked":"MeatLantern","floor":11},{"not_picked":["Bane","Dodge and Roll","Fluid Movement"],"picked":"SKIP","floor":11},{"not_picked":["Bane","Dodge and Roll","Fluid Movement"],"picked":"SKIP","floor":11}],"player_experience":3758923,"relics_obtained":[{"floor":6,"key":"infinitespire:BottledMercury"},{"floor":8,"key":"Bird Faced Urn"},{"floor":9,"key":"aspiration:TomeofQuesting"},{"floor":11,"key":"hubris:Metronome"}],"event_choices":[{"damage_healed":0,"gold_gain":0,"player_choice":"Ignored","damage_taken":0,"max_hp_gain":0,"max_hp_loss":0,"event_name":"Liars Game","floor":12,"gold_loss":0},{"damage_healed":0,"gold_gain":0,"player_choice":"Lose Max HP","damage_taken":0,"relics_obtained":["Golden Idol"],"max_hp_gain":0,"max_hp_loss":5,"event_name":"Golden Idol","floor":13,"gold_loss":0},{"damage_healed":0,"gold_gain":0,"player_choice":"Grow","damage_taken":0,"max_hp_gain":0,"max_hp_loss":0,"event_name":"Living Wall","floor":14,"gold_loss":0,"cards_upgraded":["Deadly Poison"]}],"is_beta":false,"boss_relics":[],"items_purged_floors":[],"is_endless":false,"potions_floor_spawned":[6,8],"killed_by":"Fading Forest","ascension_level":1}}