{"host":"szp1d6dso4pv7ddl","time":1614048634,"event":{"mods":["AchievementEnabler","Alarm Clock","BaseMod","Bestiary","Block Reminder","Colored Map","Colored Powertips","Curses Come First","Dark Map","Displayed Cursed Tome","Highlight Path","Minty Spire (QoL Compilation)","Permanent Neow","Quick Restart","Relic Sorter","Relic Stats","StSLib","Synergy Search"],"gold_per_floor":[112,124,70,81,81,81,108,125,178,253,253,285,295,322,322,322,322],"floor_reached":16,"language":"ENG","playtime":606,"items_purged":[],"score":240,"play_id":"3124cb18-75d8-43e9-9415-33c0ab12d913","local_time":"20210222185034","is_ascension_mode":true,"campfire_choices":[{"data":"Cleave","floor":6.0,"key":"SMITH"},{"data":"Bash","floor":11.0,"key":"SMITH"},{"data":"Havoc","floor":15.0,"key":"SMITH"}],"circlet_count":0,"master_deck":["AscendersBane","Strike_R","Strike_R","Strike_R","Strike_R","Strike_R","Defend_R","Defend_R","Defend_R","Bash+1","Cleave+1","Thunderclap","Shrug It Off","Cleave","Havoc+1","Sword Boomerang","Sentinel"],"relics":["Burning Blood","StrikeDummy","Pear","Lantern","Blood Vial","Ornamental Fan"],"acts_visited":["Exordium"],"potions_floor_usage":[16],"damage_taken":[{"damage":6.0,"enemies":"Cultist","floor":1.0,"turns":3.0},{"damage":7.0,"enemies":"Jaw Worm","floor":2.0,"turns":3.0},{"damage":2.0,"enemies":"2 Louse","floor":4.0,"turns":3.0},{"damage":2.0,"enemies":"3 Sentries","floor":7.0,"turns":3.0},{"damage":6.0,"enemies":"Blue Slaver","floor":8.0,"turns":4.0},{"damage":8.0,"enemies":"Gremlin Nob","floor":12.0,"turns":3.0},{"damage":9.0,"enemies":"Looter","floor":13.0,"turns":3.0},{"damage":10.0,"enemies":"3 Sentries","floor":14.0,"turns":3.0},{"damage":73,"enemies":"Hexaghost","floor":16,"turns":9}],"seed_played":"-1571108518920313369","potions_obtained":[{"floor":1.0,"key":"AttackPotion"},{"floor":2.0,"key":"DuplicationPotion"},{"floor":8.0,"key":"SteroidPotion"}],"is_trial":false,"path_per_floor":["M","M","$","M","T","R","E","M","T","?","R","E","M","E","R","B"],"character_chosen":"IRONCLAD","items_purchased":["Shrug It Off"],"campfire_rested":0,"item_purchase_floors":[3],"current_hp_per_floor":[68,67,67,71,71,71,85,85,85,74,74,72,71,69,69,0,0],"gold":322,"neow_bonus":"REMOVE_CARD","is_daily":false,"chose_seed":false,"campfire_upgraded":3,"win_rate":0.0,"timestamp":1614048634,"path_taken":["M","M","?","M","?","R","E","M","T","?","R","E","M","E","R","BOSS"],"items_purchased_type":["Card"],"build_version":"2020-12-22","purchased_purges":0,"victory":false,"max_hp_per_floor":[75,75,75,75,75,75,85,85,85,85,85,85,85,85,85,85,85],"relic_stats":{"Blood Vial":6,"counters":[9,34],"Ornamental Fan":[20],"obtain_stats":[{"Blood Vial":12,"Lantern":9,"Pear":7,"Ornamental Fan":14,"StrikeDummy":5,"Burning Blood":0},{"Blood Vial":6,"Lantern":5,"Pear":4,"Ornamental Fan":8,"StrikeDummy":3,"Burning Blood":0},{"Blood Vial":19,"Lantern":16,"Pear":12,"Ornamental Fan":25,"StrikeDummy":9,"Burning Blood":0}],"Burning Blood":48},"card_choices":[{"not_picked":["Sentinel","Body Slam"],"picked":"Cleave","floor":1.0},{"not_picked":["Burning Pact","Twin Strike"],"picked":"Thunderclap","floor":2.0},{"not_picked":["Anger","Thunderclap"],"picked":"Cleave","floor":4.0},{"not_picked":["Pummel","Cleave"],"picked":"Havoc","floor":7.0},{"not_picked":["Iron Wave","Rampage","Pommel Strike"],"picked":"SKIP","floor":8.0},{"not_picked":["Wild Strike","Brutality"],"picked":"Sword Boomerang","floor":12.0},{"not_picked":["Anger","Clothesline","Searing Blow"],"picked":"SKIP","floor":13.0},{"not_picked":["Cleave","Combust"],"picked":"Sentinel","floor":14.0}],"player_experience":1642864,"relics_obtained":[{"floor":5.0,"key":"StrikeDummy"},{"floor":7.0,"key":"Pear"},{"floor":9.0,"key":"Lantern"},{"floor":12.0,"key":"Blood Vial"},{"floor":14.0,"key":"Ornamental Fan"}],"event_choices":[{"damage_healed":0.0,"max_hp_gain":0.0,"max_hp_loss":0.0,"gold_gain":75.0,"event_name":"World of Goop","player_choice":"Gather Gold","floor":10.0,"gold_loss":0.0,"damage_taken":11.0}],"is_beta":false,"boss_relics":[],"items_purged_floors":[],"is_endless":false,"potions_floor_spawned":[1,2,4,8],"killed_by":"Hexaghost","ascension_level":20}}