{"host":"crkd492s78mxo8eu","time":1614049437,"event":{"mods":["BaseMod","Colored Powertips","Hubris","Marisa????????","Minty Spire (QoL Compilation)","Rare Cards Sparkle","Replay The Spire","StSLib","The Cursed","The Mystic","The Servant 0.9.4"],"gold_per_floor":[110,35,46,64,64,64,14,76,76,102,102,102,114,129,129,228,228,246,246,256,273,301,326,326,241,266,266,55,70,169,189,189,288,288,302,302,100,120,139,139,167,184,184,196,228,228,178,188,188,188],"floor_reached":51,"language":"ENG","playtime":9431,"items_purged":["Strike_G","Strike_G","Defend_G"],"score":817,"play_id":"f9d6d8cc-de22-4e63-9921-cf72721fdcf5","local_time":"20210222220357","is_ascension_mode":false,"campfire_choices":[{"data":"Accuracy","floor":6.0,"key":"SMITH"},{"floor":11.0,"key":"REST"},{"data":"Infinite Blades","floor":15.0,"key":"SMITH"},{"data":"hubris:Sniper","floor":24.0,"key":"SMITH"},{"data":"Calculated Gamble","floor":32.0,"key":"SMITH"},{"data":"Tools of the Trade","floor":40,"key":"SMITH"},{"floor":46,"key":"REST"},{"data":"Dodge and Roll","floor":49,"key":"SMITH"}],"circlet_count":0,"master_deck":["Defend_G+1","Defend_G","Defend_G","Defend_G","Survivor+1","Neutralize+1","Blade Dance+1","hubris:Sniper+1","Accuracy+1","ReplayTheSpireMod:Speed Training","Dodge and Roll+1","Blade Dance","Infinite Blades+1","Storm of Steel","Necronomicurse","hubris:Counter","Blade Dance","ReplayTheSpireMod:Scrap Shanks","Blade Dance+1","Cloak And Dagger+1","Infinite Blades","Calculated Gamble+1","Tools of the Trade+1","Prepared","Hidden Blade+1"],"relics":["Ring of the Snake","Dream Catcher","HornCleat","Bronze Scales","SlaversCollar","Necronomicon","Red Mask","Anchor","Mercury Hourglass","War Paint","WristBlade","HandDrill","Smiling Mask","Lantern","Oddly Smooth Stone"],"acts_visited":["TheCity","TheBeyond"],"potions_floor_usage":[41,44,50,50,50],"damage_taken":[{"damage":4.0,"enemies":"Cultist","floor":1.0,"turns":5.0},{"damage":4.0,"enemies":"Jaw Worm","floor":3.0,"turns":5.0},{"damage":0.0,"enemies":"Small Slimes","floor":4.0,"turns":2.0},{"damage":13.0,"enemies":"Lagavulin Event","floor":8.0,"turns":7.0},{"damage":0.0,"enemies":"Looter","floor":13.0,"turns":2.0},{"damage":0.0,"enemies":"3 Louse","floor":14.0,"turns":3.0},{"damage":0.0,"enemies":"Hexaghost","floor":16.0,"turns":7.0},{"damage":0.0,"enemies":"3 Byrds","floor":18.0,"turns":4.0},{"damage":0.0,"enemies":"Spheric Guardian","floor":20.0,"turns":2.0},{"damage":1.0,"enemies":"Shelled Parasite and Fungi","floor":21.0,"turns":3.0},{"damage":2.0,"enemies":"Masked Bandits","floor":22.0,"turns":3.0},{"damage":8.0,"enemies":"Book of Stabbing","floor":23.0,"turns":4.0},{"damage":3.0,"enemies":"Centurion and Healer","floor":29.0,"turns":4.0},{"damage":0.0,"enemies":"Chosen and Byrds","floor":31.0,"turns":5.0},{"damage":18,"enemies":"Pondfish","floor":33,"turns":7},{"damage":0,"enemies":"Orb Walker","floor":35,"turns":2},{"damage":0,"enemies":"3 Darklings","floor":38,"turns":3},{"damage":17,"enemies":"4 Shapes","floor":39,"turns":3},{"damage":0,"enemies":"Giant Head","floor":41,"turns":5},{"damage":5,"enemies":"Sphere and 2 Shapes","floor":42,"turns":3},{"damage":0,"enemies":"Writhing Mass","floor":44,"turns":3},{"damage":0,"enemies":"R_Hoarder","floor":45,"turns":4},{"damage":0,"enemies":"3 Darklings","floor":48,"turns":3},{"damage":23,"enemies":"Replay:Hell Engine","floor":50,"turns":5}],"seed_played":"8333664893543554221","potions_obtained":[{"floor":1.0,"key":"Swift Potion"},{"floor":4.0,"key":"Explosive Potion"},{"floor":8.0,"key":"DistilledChaos"},{"floor":23.0,"key":"Explosive Potion"},{"floor":29.0,"key":"Doom Potion"},{"floor":36,"key":"Dexterity Potion"},{"floor":39,"key":"CunningPotion"},{"floor":44,"key":"Explosive Potion"},{"floor":48,"key":"Poison Potion"}],"is_trial":false,"path_per_floor":["M","$","M","M","?","R","?","?","T","T","R","?","M","M","R","B",null,"M","?","M","M","?","E","R","?","T","?","$","M","?","M","R","B",null,"M","?","$","M","M","R","E","M","T","M","E","R","$","M","R","B",null],"character_chosen":"THE_SILENT","items_purchased":["Cloak And Dagger+1","Infinite Blades","HandDrill","Prepared"],"campfire_rested":2,"item_purchase_floors":[28,28,37,37],"current_hp_per_floor":[66,66,62,62,55,55,55,42,42,42,63,63,63,63,63,63,70,70,54,54,53,51,43,43,43,43,43,43,40,40,40,40,22,70,70,70,70,70,53,53,53,48,48,48,48,69,69,69,69,46],"gold":188,"neow_bonus":"UPGRADE_CARD","is_daily":false,"chose_seed":false,"campfire_upgraded":6,"win_rate":0.0,"timestamp":1614049437,"path_taken":["M","$","M","?","?","R","?","?","T","?","R","?","M","M","R","BOSS","M","?","M","M","?","E","R","?","T","?","$","?","?","M","R","BOSS","M","?","$","M","M","R","E","M","T","?","E","R","$","M","R","BOSS"],"items_purchased_type":["Card","Card","Relic","Card"],"build_version":"2020-12-22","purchased_purges":3,"victory":true,"max_hp_per_floor":[70,70,70,70,70,70,70,70,70,70,70,70,70,70,70,70,70,70,70,70,70,70,70,70,70,70,70,70,70,70,70,70,70,70,70,70,70,70,70,70,70,70,70,70,70,70,70,70,70,70],"card_choices":[{"not_picked":["Backstab","Quick Slash"],"picked":"Blade Dance","floor":1.0},{"not_picked":["Prepared","Underhanded Strike"],"picked":"hubris:Sniper","floor":3.0},{"not_picked":["Poisoned Stab","Footwork"],"picked":"Accuracy","floor":4.0},{"not_picked":["ReplayTheSpireMod:Exploit Weakness","Slice"],"picked":"ReplayTheSpireMod:Speed Training","floor":8.0},{"not_picked":["Bane","Underhanded Strike"],"picked":"Dodge and Roll","floor":11.0},{"not_picked":["Cloak And Dagger","Prepared"],"picked":"Blade Dance","floor":13.0},{"not_picked":["Outmaneuver","Riddle With Holes"],"picked":"Infinite Blades","floor":14.0},{"not_picked":["ReplayTheSpireMod:Necrosis","Poison Darts"],"picked":"Storm of Steel","floor":16.0},{"not_picked":["Underhanded Strike","Caltrops","Poisoned Stab"],"picked":"SKIP","floor":18.0},{"not_picked":["Dagger Throw","Sneak Up"],"picked":"hubris:Counter","floor":20.0},{"not_picked":["ReplayTheSpireMod:Speed Training","Replay:Poison Smokescreen"],"picked":"Blade Dance","floor":21.0},{"not_picked":["Outmaneuver","PiercingWail+1"],"picked":"ReplayTheSpireMod:Scrap Shanks","floor":22.0},{"not_picked":["Backstab","Blur"],"picked":"Blade Dance+1","floor":23.0},{"not_picked":["Dodge and Roll","Sucker Punch+1","Outmaneuver"],"picked":"SKIP","floor":29.0},{"not_picked":["Blade Dance","Sucker Punch+1"],"picked":"Calculated Gamble","floor":31.0},{"not_picked":["Doppelganger","Glass Knife"],"picked":"Tools of the Trade","floor":33},{"not_picked":["Masterful Stab+1","Flechettes+1","Deflect+1"],"picked":"SKIP","floor":35},{"not_picked":["ReplayTheSpireMod:The Works","Hidden Blade","Underhanded Strike+1"],"picked":"SKIP","floor":38},{"not_picked":["Poisoned Stab","Dagger Spray+1","Slice"],"picked":"SKIP","floor":39},{"not_picked":["Sucker Punch","Heel Hook","Underhanded Strike+1"],"picked":"SKIP","floor":41},{"not_picked":["Bane","Replay:Poison Smokescreen","Flying Knee+1"],"picked":"SKIP","floor":42},{"not_picked":["Slice+1","ReplayTheSpireMod:Tripwire+1","hubris:Counter"],"picked":"SKIP","floor":44},{"not_picked":["Terror","Replay:Bag of Tricks","Dagger Throw+1"],"picked":"SKIP","floor":45},{"not_picked":["Quick Slash","Flying Knee+1"],"picked":"Hidden Blade+1","floor":46},{"not_picked":["Bane+1","Calculated Gamble","Die Die Die"],"picked":"SKIP","floor":48}],"player_experience":113240,"relics_obtained":[{"floor":8.0,"key":"Dream Catcher"},{"floor":9.0,"key":"HornCleat"},{"floor":10.0,"key":"Bronze Scales"},{"floor":19.0,"key":"Necronomicon"},{"floor":22.0,"key":"Red Mask"},{"floor":23.0,"key":"Anchor"},{"floor":26.0,"key":"War Paint"},{"floor":41,"key":"Smiling Mask"},{"floor":43,"key":"Lantern"},{"floor":45,"key":"Oddly Smooth Stone"}],"event_choices":[{"cards_removed":["Strike_G"],"damage_healed":0.0,"max_hp_gain":0.0,"max_hp_loss":0.0,"gold_gain":0.0,"event_name":"Golden Wing","player_choice":"Card Removal","floor":5.0,"gold_loss":0.0,"damage_taken":7.0},{"cards_removed":["Strike_G"],"damage_healed":0.0,"max_hp_gain":0.0,"max_hp_loss":0.0,"gold_gain":0.0,"event_name":"The Cleric","player_choice":"Card Removal","floor":7.0,"gold_loss":50.0,"damage_taken":0.0},{"damage_healed":0.0,"max_hp_gain":0.0,"max_hp_loss":0.0,"gold_gain":30.0,"event_name":"Dead Adventurer","player_choice":"Searched \u00273\u0027 times","floor":8.0,"gold_loss":0.0,"damage_taken":0.0},{"damage_healed":0.0,"max_hp_gain":0.0,"max_hp_loss":0.0,"gold_gain":0.0,"event_name":"Upgrade Shrine","player_choice":"Upgraded","floor":12.0,"gold_loss":0.0,"damage_taken":0.0,"cards_upgraded":["Blade Dance"]},{"damage_healed":0.0,"max_hp_gain":0.0,"max_hp_loss":0.0,"gold_gain":0.0,"event_name":"Cursed Tome","player_choice":"Obtained Book","floor":19.0,"gold_loss":0.0,"damage_taken":16.0},{"damage_healed":0.0,"max_hp_gain":0.0,"max_hp_loss":0.0,"gold_gain":0.0,"event_name":"Masked Bandits","player_choice":"Fought Bandits","floor":22.0,"gold_loss":0.0,"damage_taken":0.0},{"damage_healed":0.0,"max_hp_gain":0.0,"max_hp_loss":0.0,"gold_gain":0.0,"event_name":"Addict","player_choice":"Obtained Relic","floor":25.0,"gold_loss":85.0,"damage_taken":0.0,"relics_obtained":["Mercury Hourglass"]},{"cards_removed":["Strike_G"],"damage_healed":0.0,"max_hp_gain":0.0,"max_hp_loss":0.0,"gold_gain":0.0,"event_name":"Purifier","player_choice":"Purged","floor":27.0,"gold_loss":0.0,"damage_taken":0.0},{"damage_healed":0.0,"max_hp_gain":0.0,"max_hp_loss":0.0,"gold_gain":99.0,"event_name":"Nest","player_choice":"Stole From Cult","floor":30.0,"gold_loss":0.0,"damage_taken":0.0},{"damage_healed":0,"gold_gain":0,"player_choice":"Got Potions","damage_taken":0,"max_hp_gain":0,"max_hp_loss":0,"event_name":"Lab","floor":36,"gold_loss":0}],"is_beta":false,"boss_relics":[{"not_picked":["Cursed Key","SacredBark"],"picked":"SlaversCollar"},{"not_picked":["Tiny House","Philosopher\u0027s Stone"],"picked":"WristBlade"}],"items_purged_floors":[2,28,47],"is_endless":false,"potions_floor_spawned":[1,4,8,18,23,29,39,44,48],"ascension_level":0}}