{"host":"q6l9o5ad25lrm2yj","time":1614080428,"event":{"mods":["BaseMod","BetterRewards","Colored Powertips","Lobotomy","Marisa£®ÏF”Í°°ƒß¿Ì…≥£©","Minty Spire (QoL Compilation)","Replay The Spire","StSLib","[IsaacMod]“‘»ˆº‚À˛"],"gold_per_floor":[113,113,113,138,138,138,138,138,138,138,173,173,173,254,254,383,383,401,186,186,186,186,186,186,186,265,180,204,222,222,522,522,642,642,662,388,388,388,721,721,721,721,721,721,721,721,801,868,868,967,967,981,709,769,769,773,773,823,823,823,823,1098,1103,1103],"floor_reached":63,"language":"ZHS","playtime":4286,"items_purged":[],"score":1037,"play_id":"00a34cb3-7bfa-47bd-adde-dbe9f41234aa","local_time":"20210223194028","daily_mods":["Vintage","ControlledChaos","Heirloom","Time Dilation","Flight"],"is_ascension_mode":false,"campfire_choices":[{"floor":32.0,"key":"DIG"},{"floor":49.0,"key":"DIG"}],"circlet_count":0,"master_deck":["SpecialBullet","SpecialBullet","SpecialBullet","SpecialBullet","SpecialBullet","SpecialBullet","SpecialBullet","SuicideKing","SingingMachine","InformationCode","Injury","CherryBlossoms","Tough","ControlCode","ExtractionCode","ParadiseLost","BlueStar","ReplayTheSpireMod:Splinters","SoundOfStar","SoundOfStar","RitualDagger","FourthMatchFlame","TrainingCode","Bloodbath","HappyTeddy","WelfareCode","Mimicry+1","ShyLook","Freischutz","TodaysExpression+1","TodaysExpression+1","CentralCode","DaCapo+1","Yin","CurseOfTheBell","Ecstasy+1","FourthMatchFlame+1","ReplayTheSpireMod:Splinters","ParadiseLost+1","RapturousDream+1","Madness","Madness","Madness","CommonCold","Normality","Clumsy","Regret","Doubt","Writhe","Writhe","Replay:Sluggish","Replay:Sluggish","Shame","ReplayTheSpireMod:Splinters"],"relics":["CogitoBucket","Frozen Eye","HushsDoor","DoctorsRemote","PokeGo","Ornamental Fan","Ancient Tea Set","Replay:WaspNest","SharpPlug","Letter Opener","MagicMushroom","Centennial Puzzle","Frozen Egg 2","ReplayTheSpireMod:CursedCoin","Molten Egg 2","Happy Flower","GuppysTail","StrikeDummy","BackwardClock","AnarchistCookbook","Black Star","Gremlin Horn","HornCleat","Replay:Bottled Snecko","Chameleon Ring","Replay:Wax Seal","Calling Bell","SalivaCoin","Garlic","Du-Vu Doll","Regal Pillow","Lee\u0027s Waffle","Juzu Bracelet","Oddly Smooth Stone","Habit","Ring of Greed","The Courier","Replay:Bandana","ReplayTheSpireMod:Ring of Challenge","D6"],"acts_visited":["Exordium","TheCity","TheBeyond","Exordium"],"potions_floor_usage":[],"damage_taken":[{"damage":0.0,"enemies":"Small Slimes","floor":1.0,"turns":2.0},{"damage":0.0,"enemies":"Gremlin Nob","floor":11.0,"turns":2.0},{"damage":28.0,"enemies":"Fading Forest","floor":16.0,"turns":11.0},{"damage":23.0,"enemies":"Shell Parasite","floor":18.0,"turns":2.0},{"damage":2.0,"enemies":"2 Thieves","floor":28.0,"turns":2.0},{"damage":13.0,"enemies":"3 Cultists","floor":29.0,"turns":2.0},{"damage":4.0,"enemies":"Automaton","floor":33.0,"turns":6.0},{"damage":5.0,"enemies":"3 Shapes","floor":35.0,"turns":2.0},{"damage":43.0,"enemies":"Time Eater","floor":50.0,"turns":8.0},{"damage":0.0,"enemies":"Small Slimes","floor":52.0,"turns":2.0},{"damage":0,"enemies":"Cultist","floor":63,"turns":1}],"seed_played":"-2531093900850726546","potions_obtained":[{"floor":16.0,"key":"Languid Potion"},{"floor":29.0,"key":"Block Potion"},{"floor":50.0,"key":"SteroidPotion"},{"floor":54.0,"key":"Ancient Potion"}],"is_trial":true,"path_per_floor":["M","?","?","T","$","R","R","R","T","?","E","R","R","T","R","B",null,"M","$","?","?","?","R","R","R","T","?","M","M","R","?","R","B",null,"M","$","?","$","?","R","R","R","T","R","$","R","T","?","R","B",null,"M","$","?","?","$","R","?","R","T","R","?","M"],"character_chosen":"Angela","items_purchased":["Frozen Egg 2","ReplayTheSpireMod:CursedCoin","SoundOfStar","HornCleat","TodaysExpression+1","Lee\u0027s Waffle","Ecstasy+1","FourthMatchFlame+1","Oddly Smooth Stone","Habit"],"campfire_rested":0,"item_purchase_floors":[19,19,19,36,36,53,53,53,56,56],"current_hp_per_floor":[70,70,70,70,70,70,70,70,70,70,70,70,70,70,70,56,81,58,58,52,52,52,52,52,52,52,52,55,47,47,47,47,49,93,92,92,92,92,92,92,92,92,92,92,92,92,92,77,77,40,101,101,108,108,108,108,108,108,108,108,108,108,0,0],"gold":1103,"neow_bonus":"","is_daily":false,"chose_seed":false,"campfire_upgraded":0,"win_rate":0.0,"timestamp":1614080428,"path_taken":["M","?","?","?","?","R","R","R","T","?","E","R","R","?","R","BOSS","M","$","?","?","?","R","R","R","T","?","?","M","R","?","R","BOSS","M","$","?","$","?","R","R","R","T","R","$","R","?","?","R","BOSS","M","?","?","?","$","R","?","R","T","R","?","M"],"items_purchased_type":["Relic","Relic","Card","Relic","Card","Relic","Card","Card","Relic","Relic"],"build_version":"2020-12-22","purchased_purges":0,"victory":false,"max_hp_per_floor":[70,70,70,70,70,70,70,70,70,70,70,70,70,70,70,74,81,81,81,81,81,81,81,81,81,81,81,85,89,89,89,89,93,93,97,97,97,97,97,97,97,97,97,97,97,97,97,97,97,101,101,101,108,108,108,108,108,108,108,108,108,108,108,108],"card_choices":[{"not_picked":[],"picked":"SuicideKing","floor":0.0},{"not_picked":["MHz","MeatLantern"],"picked":"SingingMachine","floor":1.0},{"not_picked":["DespairKnight","Scorched"],"picked":"CherryBlossoms","floor":11.0},{"not_picked":["Adoration"],"picked":"Tough","floor":11.0},{"not_picked":["CENSORED_ego"],"picked":"ParadiseLost","floor":16.0},{"not_picked":["Murderer","WallGazer"],"picked":"BlueStar","floor":16.0},{"not_picked":["LaLuna","PunishingBird"],"picked":"Bloodbath","floor":28.0},{"not_picked":["OldLady","WhitesApple"],"picked":"HappyTeddy","floor":29.0},{"not_picked":["Adoration+1","Justitia+1"],"picked":"Mimicry+1","floor":33.0},{"not_picked":["BeautyBeast","HeroicMonk"],"picked":"ShyLook","floor":33.0},{"not_picked":["LittlePrince","Scorched"],"picked":"Freischutz","floor":35.0},{"not_picked":["SoundOfStar+1","Mimicry+1"],"picked":"DaCapo+1","floor":50.0},{"not_picked":["CENSORED","LittlePrince"],"picked":"Yin","floor":50.0},{"not_picked":["MagicBullet+1","Tough+1"],"picked":"ParadiseLost+1","floor":54.0},{"not_picked":["Noise+1","CherryBlossom+1"],"picked":"RapturousDream+1","floor":54.0}],"player_experience":44300,"relics_obtained":[{"floor":1.0,"key":"Ornamental Fan"},{"floor":4.0,"key":"Ancient Tea Set"},{"floor":9.0,"key":"Replay:WaspNest"},{"floor":11.0,"key":"SharpPlug"},{"floor":14.0,"key":"Letter Opener"},{"floor":18.0,"key":"Centennial Puzzle"},{"floor":26.0,"key":"Molten Egg 2"},{"floor":28.0,"key":"GuppysTail"},{"floor":29.0,"key":"StrikeDummy"},{"floor":32.0,"key":"AnarchistCookbook"},{"floor":35.0,"key":"Gremlin Horn"},{"floor":43.0,"key":"Replay:Bottled Snecko"},{"floor":47.0,"key":"Chameleon Ring"},{"floor":49.0,"key":"Replay:Wax Seal"},{"floor":51.0,"key":"SalivaCoin"},{"floor":51.0,"key":"Garlic"},{"floor":51.0,"key":"Du-Vu Doll"},{"floor":52.0,"key":"Regal Pillow"},{"floor":54.0,"key":"Juzu Bracelet"},{"floor":58.0,"key":"Ring of Greed"},{"floor":58.0,"key":"The Courier"},{"floor":58.0,"key":"Replay:Bandana"},{"floor":58.0,"key":"ReplayTheSpireMod:Ring of Challenge"},{"floor":60.0,"key":"D6"}],"event_choices":[{"damage_healed":0.0,"max_hp_gain":0.0,"max_hp_loss":0.0,"gold_gain":0.0,"event_name":"Shining Light","player_choice":"Ignored","floor":3.0,"gold_loss":0.0,"damage_taken":0.0},{"damage_healed":0.0,"max_hp_gain":0.0,"max_hp_loss":0.0,"gold_gain":0.0,"event_name":"Golden Idol","player_choice":"Take Wound","floor":10.0,"gold_loss":0.0,"damage_taken":0.0,"relics_obtained":["Golden Idol"],"cards_obtained":["Injury"]},{"damage_healed":0.0,"max_hp_gain":0.0,"max_hp_loss":0.0,"gold_gain":0.0,"event_name":"Nest","player_choice":"Joined the Cult","floor":20.0,"gold_loss":0.0,"damage_taken":6.0,"cards_obtained":["RitualDagger"]},{"damage_healed":0.0,"max_hp_gain":0.0,"max_hp_loss":0.0,"gold_gain":0.0,"event_name":"Ghosts","player_choice":"Ignored","floor":21.0,"gold_loss":0.0,"damage_taken":0.0},{"damage_healed":0.0,"max_hp_gain":0.0,"max_hp_loss":0.0,"gold_gain":0.0,"event_name":"The Library","player_choice":"Read","floor":22.0,"gold_loss":0.0,"damage_taken":0.0,"cards_obtained":["FourthMatchFlame"]},{"damage_healed":0.0,"max_hp_gain":0.0,"max_hp_loss":0.0,"gold_gain":0.0,"event_name":"Addict","player_choice":"Obtained Relic","floor":27.0,"gold_loss":85.0,"damage_taken":0.0,"relics_obtained":["Happy Flower"]},{"damage_healed":0.0,"max_hp_gain":0.0,"max_hp_loss":0.0,"gold_gain":0.0,"event_name":"Tomb of Lord Red Mask","player_choice":"Ignored","floor":37.0,"gold_loss":0.0,"damage_taken":0.0},{"damage_healed":0.0,"max_hp_gain":0.0,"max_hp_loss":0.0,"gold_gain":333.0,"event_name":"The Moai Head","player_choice":"Gave Idol","floor":39.0,"relics_lost":["Golden Idol"],"gold_loss":0.0,"damage_taken":0.0},{"damage_healed":0.0,"max_hp_gain":0.0,"max_hp_loss":0.0,"gold_gain":275.0,"event_name":"Golden Shrine","player_choice":"Desecrate","floor":62.0,"gold_loss":0.0,"damage_taken":0.0,"cards_obtained":["Regret"]}],"is_beta":false,"boss_relics":[{"not_picked":["Snecko Heart","Ring of Chaos"],"picked":"MagicMushroom"},{"not_picked":[]},{"not_picked":["SacredBark","ChampionBelt"],"picked":"Black Star"},{"not_picked":[]},{"not_picked":["Replay:Grab Bag","Replay:Drink Me"],"picked":"Calling Bell"},{"not_picked":[]}],"items_purged_floors":[],"is_endless":true,"potions_floor_spawned":[16,29,50],"killed_by":"Cultist","ascension_level":0}}