{"host":"p8bnstsjdxjza4jm","time":1614060579,"event":{"mods":["BaseMod","Colored Powertips","Minty Spire (QoL Compilation)","Quick Restart","StSLib","Together in Spire"],"gold_per_floor":[117,117,117,127,40,67,67,85,85,85,30,45,57,82,82,177,177,151,151,91,111,122,122,60,72,72,88,88,100,70,70,70],"floor_reached":31,"language":"KOR","playtime":999,"items_purged":["Strike_G"],"score":311,"play_id":"6c509b96-88f7-4f97-86b8-e614af4fa7c6","local_time":"20210223150939","is_ascension_mode":true,"campfire_choices":[{"data":"Skewer","floor":7,"key":"SMITH"},{"data":"Outmaneuver","floor":10,"key":"SMITH"},{"floor":15,"key":"REST"},{"floor":23,"key":"REST"},{"data":"1","floor":28,"key":"LIFT"}],"circlet_count":0,"master_deck":["Strike_G","Strike_G","Strike_G","Defend_G","Defend_G","Defend_G","Defend_G","Survivor","Neutralize","Skewer+1","Tactician","Outmaneuver+1","Reflex","Slice","Dagger Throw","Slice","Backstab","Dodge and Roll","Underhanded Strike","PiercingWail","Bullet Time","CurseOfTheBell","Acrobatics","Backstab","Slice","Endless Agony","Escape Plan","Prepared","Slice","Finisher"],"relics":["Ring of the Snake","NeowsBlessing","Paper Crane","The Courier","Turnip","Calling Bell","Regal Pillow","Ninja Scroll","CaptainsWheel","Incense Burner","Girya"],"acts_visited":["Exordium","TheCity"],"potions_floor_usage":[16,16,16,25,27,29],"damage_taken":[{"damage":0,"enemies":"Jaw Worm","floor":1,"turns":1},{"damage":0,"enemies":"Cultist","floor":4,"turns":1},{"damage":0,"enemies":"Gremlin Nob","floor":6,"turns":1},{"damage":0,"enemies":"Small Slimes","floor":8,"turns":2},{"damage":5,"enemies":"Exordium Thugs","floor":12,"turns":3},{"damage":8,"enemies":"Lots of Slimes","floor":13,"turns":6},{"damage":13,"enemies":"3 Sentries","floor":14,"turns":5},{"damage":48,"enemies":"Hexaghost","floor":16,"turns":8},{"damage":8,"enemies":"2 Thieves","floor":18,"turns":5},{"damage":0,"enemies":"Spheric Guardian","floor":21,"turns":2},{"damage":51,"enemies":"Chosen and Byrds","floor":22,"turns":10},{"damage":14,"enemies":"Shelled Parasite and Fungi","floor":25,"turns":6},{"damage":18,"enemies":"Centurion and Healer","floor":27,"turns":6},{"damage":12,"enemies":"Snake Plant","floor":29,"turns":2},{"damage":8,"enemies":"Book of Stabbing","floor":31,"turns":2}],"seed_played":"-5580631286079673764","potions_obtained":[{"floor":1,"key":"Strength Potion"},{"floor":6,"key":"Dexterity Potion"},{"floor":8,"key":"EssenceOfSteel"},{"floor":18,"key":"ColorlessPotion"},{"floor":22,"key":"Block Potion"},{"floor":27,"key":"SteroidPotion"}],"is_trial":false,"path_per_floor":["M","?","?","M","$","E","R","M","T","R","$","M","M","E","R","B",null,"M","?","$","M","M","R","$","M","T","M","R","M","$","E"],"character_chosen":"THE_SILENT","items_purchased":["Reflex","Slice","Backstab","Endless Agony","Finisher"],"campfire_rested":2,"item_purchase_floors":[5,5,11,24,30],"current_hp_per_floor":[70,63,63,63,63,63,63,63,63,63,63,58,50,37,58,10,70,62,62,62,62,11,47,47,33,33,15,15,3,3,0,0],"gold":70,"neow_bonus":"THREE_ENEMY_KILL","is_daily":false,"chose_seed":false,"campfire_upgraded":2,"win_rate":0.0,"timestamp":1614060579,"path_taken":["M","?","?","?","$","E","R","M","T","R","$","M","M","E","R","BOSS","M","?","?","M","M","R","$","M","T","?","R","M","$","E"],"items_purchased_type":["Card","Card","Card","Card","Card"],"build_version":"2020-12-22","purchased_purges":1,"victory":false,"max_hp_per_floor":[70,70,70,70,70,70,70,70,70,70,70,70,70,70,70,70,70,70,70,70,70,70,70,70,70,70,70,70,70,70,70,70],"card_choices":[{"not_picked":["Setup","Dodge and Roll"],"picked":"Skewer","floor":1},{"not_picked":["Predator","Dagger Throw"],"picked":"Outmaneuver","floor":4},{"not_picked":["Outmaneuver","Blur"],"picked":"Dagger Throw","floor":6},{"not_picked":["Noxious Fumes","Expertise"],"picked":"Slice","floor":8},{"not_picked":["Blade Dance","Poisoned Stab"],"picked":"Dodge and Roll","floor":12},{"not_picked":["Bane","Blur"],"picked":"Underhanded Strike","floor":13},{"not_picked":["Choke","Noxious Fumes"],"picked":"PiercingWail","floor":14},{"not_picked":["Envenom","Storm of Steel"],"picked":"Bullet Time","floor":16},{"not_picked":["Sucker Punch+1","Reflex+1"],"picked":"Acrobatics","floor":18},{"not_picked":["Distraction","Prepared"],"picked":"Backstab","floor":21},{"not_picked":["Sucker Punch","Underhanded Strike"],"picked":"Slice","floor":22},{"not_picked":["Poisoned Stab","Dash"],"picked":"Escape Plan","floor":25},{"not_picked":["Predator","Flying Knee"],"picked":"Prepared","floor":27},{"not_picked":["Dodge and Roll+1","Poisoned Stab+1"],"picked":"Slice","floor":29}],"player_experience":123654,"relics_obtained":[{"floor":6,"key":"Paper Crane"},{"floor":9,"key":"The Courier"},{"floor":14,"key":"Turnip"},{"floor":17,"key":"Regal Pillow"},{"floor":17,"key":"Ninja Scroll"},{"floor":17,"key":"CaptainsWheel"},{"floor":26,"key":"Girya"}],"event_choices":[{"cards_removed":["Strike_G"],"damage_healed":0,"gold_gain":0,"player_choice":"Card Removal","damage_taken":7,"max_hp_gain":0,"max_hp_loss":0,"event_name":"Golden Wing","floor":2,"gold_loss":0},{"damage_healed":0,"gold_gain":0,"cards_transformed":["Defend_G"],"player_choice":"Transformed","damage_taken":0,"max_hp_gain":0,"max_hp_loss":0,"event_name":"Transmorgrifier","floor":3,"gold_loss":0,"cards_obtained":["Tactician"]},{"damage_healed":0,"gold_gain":0,"player_choice":"Opened","damage_taken":0,"relics_obtained":["Incense Burner"],"max_hp_gain":0,"max_hp_loss":0,"event_name":"The Mausoleum","floor":19,"gold_loss":0}],"is_beta":false,"boss_relics":[{"not_picked":["Astrolabe","Busted Crown"],"picked":"Calling Bell"}],"items_purged_floors":[20],"is_endless":false,"potions_floor_spawned":[1,6,8,13,18,22,27],"killed_by":"Book of Stabbing","ascension_level":1}}