{"host":"x4954lblgztusody","time":1614064793,"event":{"mods":["BaseMod","Colored Map","Curses Come First","Minty Spire (QoL Compilation)","Rare Cards Sparkle","StSLib"],"gold_per_floor":[111,125,145,164,180,180,180,180,203,214,224,251,251,251,251,356,356,367,367,146,158,173,173,206,206,232,29,29,39,39,39,39,140,140,152,171,252,262,281,313,330,5,5,36,36,36,47,47,47,47,47,47,47,77,77,77],"floor_reached":55,"language":"ENG","playtime":5459,"items_purged":["Strike_B","Strike_B","Strike_B+1"],"score":853,"play_id":"cf67c595-a531-4942-acfe-5621d8656909","local_time":"20210222231953","is_ascension_mode":true,"campfire_choices":[{"floor":6,"key":"RECALL"},{"floor":13,"key":"REST"},{"floor":15,"key":"REST"},{"floor":23,"key":"REST"},{"floor":25,"key":"REST"},{"floor":28,"key":"REST"},{"floor":32,"key":"REST"},{"floor":46,"key":"REST"},{"floor":49,"key":"REST"},{"floor":52,"key":"REST"}],"circlet_count":0,"master_deck":["Defend_B+1","Defend_B+1","Defend_B+1","Defend_B+1","Zap+1","Dualcast+1","Compile Driver+1","Ball Lightning+1","Self Repair+1","Cold Snap+1","Glacier+1","Coolheaded+1","Cold Snap+1","Seek+1","Blizzard+1","Creative AI+1","Conserve Battery+1","Seek+1","Coolheaded+1","Static Discharge+1","Darkness+1","Necronomicurse","Echo Form+1","Loop+1","Coolheaded+1","Hologram+1","Skim+1","Blizzard+1"],"relics":["Fusion Hammer","MealTicket","Oddly Smooth Stone","Odd Mushroom","Runic Dome","Tiny Chest","Lantern","Whetstone","Necronomicon","Philosopher\u0027s Stone","HornCleat","Pear","Eternal Feather","Mark of the Bloom","Calipers"],"acts_visited":["Exordium","TheCity","TheBeyond","TheEnding"],"potions_floor_usage":[39,39,50,50,50],"damage_taken":[{"damage":0,"enemies":"Cultist","floor":1,"turns":4},{"damage":0,"enemies":"Small Slimes","floor":2,"turns":3},{"damage":0,"enemies":"2 Louse","floor":3,"turns":2},{"damage":16,"enemies":"Lots of Slimes","floor":4,"turns":5},{"damage":7,"enemies":"Blue Slaver","floor":5,"turns":4},{"damage":4,"enemies":"Looter","floor":10,"turns":4},{"damage":6,"enemies":"Gremlin Gang","floor":11,"turns":4},{"damage":1,"enemies":"The Mushroom Lair","floor":12,"turns":5},{"damage":41,"enemies":"Slime Boss","floor":16,"turns":15},{"damage":19,"enemies":"2 Thieves","floor":18,"turns":4},{"damage":0,"enemies":"Spheric Guardian","floor":21,"turns":5},{"damage":0,"enemies":"Snecko","floor":22,"turns":6},{"damage":36,"enemies":"Book of Stabbing","floor":24,"turns":9},{"damage":2,"enemies":"Snake Plant","floor":29,"turns":6},{"damage":14,"enemies":"Champ","floor":33,"turns":18},{"damage":0,"enemies":"Orb Walker","floor":35,"turns":3},{"damage":20,"enemies":"3 Darklings","floor":36,"turns":7},{"damage":22,"enemies":"4 Shapes","floor":38,"turns":8},{"damage":30,"enemies":"Jaw Worm Horde","floor":39,"turns":5},{"damage":0,"enemies":"Nemesis","floor":40,"turns":15},{"damage":31,"enemies":"Transient","floor":41,"turns":5},{"damage":5,"enemies":"Giant Head","floor":44,"turns":11},{"damage":11,"enemies":"Maw","floor":47,"turns":11},{"damage":0,"enemies":"Awakened One","floor":50,"turns":13},{"damage":74,"enemies":"Shield and Spear","floor":54,"turns":9},{"damage":13,"enemies":"The Heart","floor":55,"turns":2}],"seed_played":"4360819953856153081","potions_obtained":[{"floor":3,"key":"Explosive Potion"},{"floor":4,"key":"FearPotion"},{"floor":10,"key":"LiquidMemories"},{"floor":11,"key":"GamblersBrew"},{"floor":24,"key":"DistilledChaos"},{"floor":33,"key":"SkillPotion"},{"floor":39,"key":"FocusPotion"},{"floor":41,"key":"ColorlessPotion"}],"is_trial":false,"path_per_floor":["M","M","M","M","M","R","?","?","T","M","M","?","R","?","R","B",null,"M","?","$","M","M","R","E","R","T","$","R","M","?","?","R","B",null,"M","M","T","M","M","E","M","$","T","E","$","R","M","?","R","B",null,"R","$","E","B"],"character_chosen":"DEFECT","items_purchased":["Creative AI","Coolheaded","Static Discharge","FocusPotion","EssenceOfSteel","Skim"],"campfire_rested":9,"item_purchase_floors":[20,27,27,42,42,42],"current_hp_per_floor":[75,75,75,66,66,66,59,59,59,62,56,55,75,80,80,46,80,68,68,80,80,80,80,51,75,75,80,80,80,80,64,80,73,80,80,74,74,66,50,74,50,65,65,67,82,90,86,86,86,86,86,86,86,12,0,0],"gold":77,"neow_bonus":"BOSS_RELIC","is_daily":false,"chose_seed":false,"campfire_upgraded":0,"win_rate":0.0,"timestamp":1614064793,"path_taken":["M","M","?","M","M","R","?","?","T","M","?","?","R","?","R","BOSS","M","?","$","M","?","R","E","R","T","$","R","M","?","?","R","BOSS","M","M","?","M","M","E","M","$","T","E","?","R","?","?","R","BOSS","R","$","E","BOSS"],"items_purchased_type":["Card","Card","Card","Potion","Potion","Card"],"build_version":"2020-12-22","purchased_purges":3,"victory":false,"max_hp_per_floor":[75,75,75,75,75,75,75,75,75,75,75,75,75,80,80,80,80,80,80,80,80,80,80,80,80,80,80,80,80,80,80,80,80,80,80,80,80,80,80,90,90,90,90,90,90,90,90,90,90,90,90,90,90,90,90,90],"card_choices":[{"not_picked":["Chill","Turbo"],"picked":"Compile Driver","floor":1},{"not_picked":["Fission","Steam"],"picked":"Ball Lightning","floor":2},{"not_picked":["Steam","Hologram"],"picked":"Self Repair","floor":3},{"not_picked":["Gash","Leap","Steam"],"picked":"SKIP","floor":4},{"not_picked":["Stack","Storm"],"picked":"Cold Snap","floor":5},{"not_picked":["Beam Cell","Buffer"],"picked":"Glacier","floor":10},{"not_picked":["Steam","Hologram"],"picked":"Coolheaded","floor":11},{"not_picked":["Streamline","Conserve Battery"],"picked":"Cold Snap","floor":12},{"not_picked":["Fission","Amplify"],"picked":"Seek","floor":16},{"not_picked":["Coolheaded","Compile Driver"],"picked":"Blizzard","floor":18},{"not_picked":["Turbo","Steam"],"picked":"Conserve Battery+1","floor":21},{"not_picked":["Hologram","Hello World","Sweeping Beam"],"picked":"SKIP","floor":22},{"not_picked":["Streamline","Hologram"],"picked":"Seek","floor":24},{"not_picked":["Cold Snap+1","Turbo"],"picked":"Darkness+1","floor":29},{"not_picked":["Thunder Strike","Electrodynamics"],"picked":"Echo Form","floor":33},{"not_picked":["Steam+1","Conserve Battery"],"picked":"Loop","floor":35},{"not_picked":["Ball Lightning","Gash","Sweeping Beam"],"picked":"SKIP","floor":36},{"not_picked":["Capacitor+1","Fusion","Hologram"],"picked":"SKIP","floor":38},{"not_picked":["Capacitor+1","Beam Cell+1"],"picked":"Coolheaded","floor":39},{"not_picked":["Rebound+1","Cold Snap+1","Double Energy+1"],"picked":"SKIP","floor":40},{"not_picked":["Lockon","Ball Lightning"],"picked":"Hologram+1","floor":41},{"not_picked":["Scrape+1","Barrage+1","Capacitor+1"],"picked":"SKIP","floor":44},{"not_picked":["Biased Cognition","Lockon"],"picked":"Blizzard+1","floor":47},{"not_picked":["Leap","Stack+1","Doom and Gloom+1"],"picked":"SKIP","floor":54}],"player_experience":43379,"relics_obtained":[{"floor":9,"key":"Oddly Smooth Stone"},{"floor":12,"key":"Odd Mushroom"},{"floor":24,"key":"Lantern"},{"floor":26,"key":"Whetstone"},{"floor":31,"key":"Necronomicon"},{"floor":37,"key":"HornCleat"},{"floor":40,"key":"Pear"},{"floor":44,"key":"Eternal Feather"},{"floor":54,"key":"Calipers"}],"event_choices":[{"damage_healed":0,"gold_gain":0,"player_choice":"Success","damage_taken":7,"relics_obtained":["MealTicket"],"max_hp_gain":0,"max_hp_loss":0,"event_name":"Scrap Ooze","floor":7,"gold_loss":0},{"cards_removed":["Strike_B"],"damage_healed":0,"gold_gain":0,"player_choice":"Purged","damage_taken":0,"max_hp_gain":0,"max_hp_loss":0,"event_name":"Purifier","floor":8,"gold_loss":0},{"damage_healed":0,"gold_gain":0,"player_choice":"Fought Mushrooms","damage_taken":0,"max_hp_gain":0,"max_hp_loss":0,"event_name":"Mushrooms","floor":12,"gold_loss":0},{"damage_healed":0,"gold_gain":0,"player_choice":"Donut","damage_taken":0,"max_hp_gain":5,"max_hp_loss":0,"event_name":"Big Fish","floor":14,"gold_loss":0},{"damage_healed":0,"gold_gain":0,"player_choice":"Gave Potion","damage_taken":0,"relics_obtained":["Tiny Chest"],"max_hp_gain":0,"max_hp_loss":0,"event_name":"WeMeetAgain","floor":19,"gold_loss":0},{"damage_healed":0,"gold_gain":0,"player_choice":"Simplicity","damage_taken":0,"max_hp_gain":0,"max_hp_loss":0,"event_name":"Back to Basics","floor":30,"gold_loss":0,"cards_upgraded":["Strike_B","Defend_B","Defend_B","Defend_B","Defend_B"]},{"damage_healed":0,"gold_gain":0,"player_choice":"Obtained Book","damage_taken":16,"max_hp_gain":0,"max_hp_loss":0,"event_name":"Cursed Tome","floor":31,"gold_loss":0},{"damage_healed":0,"gold_gain":0,"player_choice":"Upgrade","damage_taken":0,"relics_obtained":["Mark of the Bloom"],"max_hp_gain":0,"max_hp_loss":0,"event_name":"MindBloom","floor":48,"gold_loss":0,"cards_upgraded":["Zap","Dualcast","Ball Lightning","Self Repair","Glacier","Coolheaded","Cold Snap","Seek","Blizzard","Creative AI","Seek","Coolheaded","Static Discharge","Echo Form","Loop","Coolheaded","Skim"]}],"is_beta":false,"boss_relics":[{"not_picked":["Coffee Dripper","Cursed Key"],"picked":"Runic Dome"},{"not_picked":["Empty Cage","Snecko Eye"],"picked":"Philosopher\u0027s Stone"}],"items_purged_floors":[20,27,42],"is_endless":false,"potions_floor_spawned":[3,4,10,11,24,33,39,41],"killed_by":"The Heart","ascension_level":1}}