{"host":"1xo5g347e5o4auts","time":1614066551,"event":{"mods":["BaseMod","Minty Spire (QoL Compilation)","Permanent Neow","StSLib"],"gold_per_floor":[110,110,123,139,155,180,180,211,211,211,221,221,39,49,49,123,123,140,163,523,47,65,65,65],"floor_reached":23,"language":"ENG","playtime":601,"items_purged":[],"score":502,"play_id":"054ccd12-0b1f-4f8a-8820-d6aee51a6994","local_time":"20210223094911","is_ascension_mode":true,"campfire_choices":[{"floor":7.0,"key":"REST"},{"floor":12.0,"key":"REST"},{"data":"Noxious Fumes","floor":15.0,"key":"SMITH"}],"circlet_count":0,"master_deck":["AscendersBane","Strike_G","Strike_G","Strike_G","Strike_G","Defend_G","Defend_G","Defend_G","Defend_G","Defend_G","Survivor","Neutralize+1","Eviscerate","Bouncing Flask","Skewer","Sucker Punch","Backstab","Predator","Footwork","Noxious Fumes+1","Glass Knife","Backflip","Leg Sweep","Adrenaline","Endless Agony+1","Crippling Poison"],"relics":["Ring of the Serpent","Shovel","Bag of Marbles","Letter Opener","CeramicFish","Snake Skull","Frozen Eye"],"acts_visited":["Exordium","TheCity"],"potions_floor_usage":[23],"damage_taken":[{"damage":1.0,"enemies":"Jaw Worm","floor":1.0,"turns":7.0},{"damage":0.0,"enemies":"Cultist","floor":3.0,"turns":4.0},{"damage":4.0,"enemies":"Small Slimes","floor":4.0,"turns":3.0},{"damage":7.0,"enemies":"Red Slaver","floor":5.0,"turns":3.0},{"damage":45.0,"enemies":"Gremlin Nob","floor":6.0,"turns":5.0},{"damage":20.0,"enemies":"3 Sentries","floor":8.0,"turns":6.0},{"damage":0.0,"enemies":"Blue Slaver","floor":11.0,"turns":2.0},{"damage":4.0,"enemies":"Exordium Thugs","floor":14.0,"turns":5.0},{"damage":0.0,"enemies":"Slime Boss","floor":16.0,"turns":8.0},{"damage":16.0,"enemies":"Spheric Guardian","floor":18.0,"turns":6.0},{"damage":7.0,"enemies":"Chosen","floor":22.0,"turns":3.0},{"damage":15,"enemies":"Gremlin Leader","floor":23,"turns":7}],"seed_played":"6771509982276043130","potions_obtained":[{"floor":5.0,"key":"Explosive Potion"},{"floor":6.0,"key":"GamblersBrew"},{"floor":8.0,"key":"BlessingOfTheForge"},{"floor":11.0,"key":"AttackPotion"},{"floor":16.0,"key":"Weak Potion"},{"floor":22.0,"key":"Explosive Potion"}],"is_trial":false,"path_per_floor":["M","?","M","M","M","E","R","E","T","?","M","R","$","M","R","B",null,"M","T","?","$","M","E"],"character_chosen":"THE_SILENT","items_purchased":["Glass Knife","Backflip","Crippling Poison","Snake Skull","Frozen Eye","Regen Potion"],"campfire_rested":2,"item_purchase_floors":[13,13,21,21,21,21],"current_hp_per_floor":[58,58,58,54,47,2,21,1,1,1,1,20,20,16,16,16,54,38,38,2,2,7,0,0],"gold":65,"neow_bonus":"UPGRADE_CARD","is_daily":false,"chose_seed":false,"campfire_upgraded":1,"win_rate":0.0,"timestamp":1614066551,"path_taken":["M","?","M","?","?","E","R","E","T","?","M","R","$","M","R","BOSS","M","?","?","$","?","E"],"items_purchased_type":["Card","Card","Card","Relic","Relic","Potion"],"build_version":"2020-12-22","purchased_purges":0,"victory":false,"max_hp_per_floor":[66,66,66,66,66,66,66,66,66,66,66,66,66,66,66,66,66,66,66,66,66,66,66,66],"card_choices":[{"not_picked":["Bane","Dodge and Roll","Outmaneuver"],"picked":"SKIP","floor":1.0},{"not_picked":["Quick Slash","Calculated Gamble"],"picked":"Bouncing Flask","floor":3.0},{"not_picked":["Outmaneuver","Sucker Punch"],"picked":"Skewer","floor":4.0},{"not_picked":["Riddle With Holes","PiercingWail"],"picked":"Sucker Punch","floor":5.0},{"not_picked":["Cloak And Dagger","Slice"],"picked":"Backstab","floor":6.0},{"not_picked":["Caltrops","Skewer"],"picked":"Predator","floor":8.0},{"not_picked":["Dagger Spray","Poisoned Stab"],"picked":"Noxious Fumes","floor":11.0},{"not_picked":["Bane","Reflex"],"picked":"Leg Sweep","floor":14.0},{"not_picked":["Grand Finale","Bullet Time"],"picked":"Adrenaline","floor":16.0},{"not_picked":["Deflect","Masterful Stab"],"picked":"Endless Agony+1","floor":18.0},{"not_picked":["Endless Agony+1","Slice+1","Noxious Fumes"],"picked":"SKIP","floor":22.0}],"player_experience":1506662,"relics_obtained":[{"floor":6.0,"key":"Shovel"},{"floor":8.0,"key":"Bag of Marbles"},{"floor":9.0,"key":"Letter Opener"},{"floor":19.0,"key":"CeramicFish"}],"event_choices":[{"damage_healed":0.0,"max_hp_gain":0.0,"max_hp_loss":0.0,"gold_gain":0.0,"cards_transformed":["Strike_G"],"event_name":"Transmorgrifier","player_choice":"Transformed","floor":2.0,"gold_loss":0.0,"damage_taken":0.0,"cards_obtained":["Eviscerate"]},{"damage_healed":0.0,"max_hp_gain":0.0,"max_hp_loss":0.0,"gold_gain":0.0,"event_name":"Match and Keep!","player_choice":"1 cards matched","floor":10.0,"gold_loss":0.0,"damage_taken":0.0,"cards_obtained":["Footwork"]},{"damage_healed":0.0,"max_hp_gain":0.0,"max_hp_loss":0.0,"gold_gain":360.0,"event_name":"Knowing Skull","player_choice":"GOLD GOLD GOLD GOLD ","floor":20.0,"potions_obtained":[],"gold_loss":0.0,"damage_taken":36.0,"cards_obtained":[]}],"is_beta":false,"boss_relics":[{"not_picked":["Velvet Choker","Runic Dome"],"picked":"Ring of the Serpent"}],"items_purged_floors":[],"is_endless":false,"potions_floor_spawned":[5,6,8,11,16,22],"killed_by":"Gremlin Leader","ascension_level":20}}