{"host":"6406jj8da6015sxr","time":1614066947,"event":{"mods":["AchievementEnabler","BaseMod","Colored Map","DeckTracker","Keyboard Shortcuts","Minty Spire (QoL Compilation)","Permanent Neow","Relic Stats","SuperFastMode","everything is the same but u backflip on backflip"],"gold_per_floor":[117,137,152,227,277,277,303,303,327,356,369,369,385,397,397,397,397],"floor_reached":16,"language":"KOR","playtime":539,"items_purged":[],"score":224,"play_id":"00223f75-bc0c-4f94-99ca-2fa4f6a199ee","local_time":"20210223165547","is_ascension_mode":true,"campfire_choices":[{"data":"Neutralize","floor":6.0,"key":"SMITH"},{"data":"Dash","floor":8.0,"key":"SMITH"},{"data":"Dagger Spray","floor":12.0,"key":"SMITH"},{"floor":15.0,"key":"REST"}],"circlet_count":0,"master_deck":["AscendersBane","Strike_G","Strike_G","Strike_G+1","Strike_G","Strike_G+1","Defend_G","Defend_G","Defend_G","Defend_G","Defend_G","Survivor","Neutralize+1","Dash+1","Quick Slash","Adrenaline","Cloak And Dagger","Dagger Spray+1","Deflect","Burst","Sucker Punch"],"relics":["Ring of the Snake","Whetstone","Art of War","Snake Skull","Incense Burner"],"acts_visited":["Exordium"],"potions_floor_usage":[16],"damage_taken":[{"damage":0.0,"enemies":"Jaw Worm","floor":1.0,"turns":4.0},{"damage":2.0,"enemies":"Small Slimes","floor":2.0,"turns":4.0},{"damage":0.0,"enemies":"Cultist","floor":3.0,"turns":3.0},{"damage":6.0,"enemies":"Gremlin Nob","floor":7.0,"turns":3.0},{"damage":22.0,"enemies":"3 Sentries","floor":10.0,"turns":12.0},{"damage":9.0,"enemies":"3 Louse","floor":11.0,"turns":3.0},{"damage":0.0,"enemies":"Looter","floor":13.0,"turns":3.0},{"damage":0.0,"enemies":"Exordium Wildlife","floor":14.0,"turns":2.0},{"damage":17,"enemies":"Slime Boss","floor":16,"turns":6}],"seed_played":"206043657189285781","potions_obtained":[{"floor":2.0,"key":"SkillPotion"},{"floor":3.0,"key":"LiquidMemories"},{"floor":11.0,"key":"SmokeBomb"},{"floor":13.0,"key":"Strength Potion"}],"is_trial":false,"path_per_floor":["M","M","M","?","?","R","E","R","T","E","M","R","M","M","R","B"],"character_chosen":"THE_SILENT","items_purchased":[],"campfire_rested":1,"item_purchase_floors":[],"current_hp_per_floor":[59,57,57,46,46,46,40,40,40,18,9,9,9,9,28,11,11],"gold":397,"neow_bonus":"RANDOM_COMMON_RELIC","is_daily":false,"chose_seed":false,"campfire_upgraded":3,"win_rate":0.0,"timestamp":1614066947,"path_taken":["M","M","M","?","?","R","E","R","T","E","M","R","M","?","R","BOSS"],"items_purchased_type":[],"build_version":"2020-12-22","purchased_purges":0,"victory":false,"max_hp_per_floor":[66,66,66,66,66,66,66,66,66,66,66,66,66,66,66,66,66],"relic_stats":{"counters":[9,40],"Snake Skull":[0],"Art of War":[0],"Whetstone":["Strike_G","Strike_G"],"obtain_stats":[{"Snake Skull":9,"Art of War":7,"Incense Burner":10,"Whetstone":0,"Ring of the Snake":0},{"Snake Skull":4,"Art of War":4,"Incense Burner":5,"Whetstone":0,"Ring of the Snake":0},{"Snake Skull":14,"Art of War":14,"Incense Burner":26,"Whetstone":0,"Ring of the Snake":0}],"Ring of the Snake":[18]},"card_choices":[{"not_picked":["Sucker Punch","Leg Sweep"],"picked":"Dash","floor":1.0},{"not_picked":["PiercingWail","Dodge and Roll"],"picked":"Quick Slash","floor":2.0},{"not_picked":["Deflect","Quick Slash"],"picked":"Adrenaline","floor":3.0},{"not_picked":["Bane","All Out Attack"],"picked":"Cloak And Dagger","floor":7.0},{"not_picked":["Endless Agony","Sucker Punch"],"picked":"Dagger Spray","floor":10.0},{"not_picked":["Prepared","Distraction"],"picked":"Deflect","floor":11.0},{"not_picked":["PiercingWail","Bane"],"picked":"Burst","floor":13.0},{"not_picked":["Quick Slash","Underhanded Strike"],"picked":"Sucker Punch","floor":14.0}],"player_experience":84662,"relics_obtained":[{"floor":7.0,"key":"Art of War"},{"floor":9.0,"key":"Snake Skull"},{"floor":10.0,"key":"Incense Burner"}],"event_choices":[{"damage_healed":0.0,"max_hp_gain":0.0,"max_hp_loss":0.0,"gold_gain":75.0,"event_name":"World of Goop","player_choice":"Gather Gold","floor":4.0,"gold_loss":0.0,"damage_taken":11.0},{"damage_healed":0.0,"max_hp_gain":0.0,"max_hp_loss":0.0,"gold_gain":50.0,"event_name":"Golden Shrine","player_choice":"Pray","floor":5.0,"gold_loss":0.0,"damage_taken":0.0}],"is_beta":false,"boss_relics":[],"items_purged_floors":[],"is_endless":false,"potions_floor_spawned":[2,3,11,13],"killed_by":"Slime Boss","ascension_level":20}}