{"host":"x73jdofm2fk9hsud","time":1614046671,"event":{"mods":["BaseMod","Bestiary","Minty Spire (QoL Compilation)","Relic Stats","ojb\u0027s Better Paths Mod","ojb\u0027s Info Mod"],"gold_per_floor":[113,113,125,144,144,144,170,188,212,212,4,4,34,51,51,125,125,138,138,138,2,2,2,29,41,41,41,41,61,61,61,61],"floor_reached":31,"language":"ENG","playtime":607,"items_purged":["Strike_R","Writhe"],"score":522,"play_id":"cd8db33f-c9b7-48c9-b2ce-72bf3c138d5f","local_time":"20210222211751","is_ascension_mode":true,"campfire_choices":[{"data":"Bludgeon","floor":6.0,"key":"SMITH"},{"data":"Whirlwind","floor":10,"key":"SMITH"},{"data":"Wild Strike","floor":12,"key":"SMITH"},{"data":"Flex","floor":15,"key":"SMITH"},{"data":"J.A.X.","floor":23,"key":"SMITH"},{"floor":28,"key":"REST"},{"floor":30,"key":"REST"}],"circlet_count":0,"master_deck":["AscendersBane","Strike_R","Defend_R","Defend_R","Defend_R","Defend_R","Bash+1","Wild Strike+1","Bludgeon+1","Whirlwind+1","Flex+1","Reaper","Double Tap","Disarm+1","Feed+1","Immolate+1","Flame Barrier","J.A.X.+1","Reaper","Headbutt"],"relics":["Burning Blood","NeowsBlessing","Dream Catcher","Smiling Mask","Membership Card","MealTicket","Astrolabe","Ginger","Frozen Eye","Boot","Ornamental Fan"],"acts_visited":["Exordium","TheCity"],"potions_floor_usage":[16,16,24,29],"damage_taken":[{"damage":0.0,"enemies":"2 Louse","floor":1.0,"turns":1.0},{"damage":0.0,"enemies":"Cultist","floor":3.0,"turns":1.0},{"damage":0.0,"enemies":"Small Slimes","floor":4.0,"turns":1.0},{"damage":35.0,"enemies":"3 Sentries","floor":7.0,"turns":8.0},{"damage":9.0,"enemies":"2 Fungi Beasts","floor":8.0,"turns":3.0},{"damage":8,"enemies":"Gremlin Nob","floor":13,"turns":3},{"damage":11,"enemies":"Looter","floor":14,"turns":2},{"damage":42,"enemies":"The Guardian","floor":16,"turns":13},{"damage":17,"enemies":"2 Thieves","floor":18,"turns":2},{"damage":47,"enemies":"Book of Stabbing","floor":24,"turns":5},{"damage":38,"enemies":"Shell Parasite","floor":25,"turns":6},{"damage":46,"enemies":"Snake Plant","floor":29,"turns":3},{"damage":29,"enemies":"Shelled Parasite and Fungi","floor":31,"turns":2}],"seed_played":"7511592236776962511","potions_obtained":[{"floor":13,"key":"Weak Potion"},{"floor":14,"key":"Weak Potion"},{"floor":16,"key":"PowerPotion"},{"floor":18,"key":"ElixirPotion"},{"floor":25,"key":"ColorlessPotion"}],"is_trial":false,"path_per_floor":["M","?","M","M","?","R","E","M","T","R","$","R","E","M","R","B",null,"M","?","?","$","?","R","E","M","T","?","R","M","R","M"],"character_chosen":"IRONCLAD","items_purchased":["Membership Card","Frozen Eye"],"campfire_rested":2,"item_purchase_floors":[11,21],"current_hp_per_floor":[74,74,75,75,75,75,46,43,43,43,43,43,41,36,36,8,58,63,63,63,75,75,75,34,9,9,9,31,7,29,0,0],"gold":61,"neow_bonus":"THREE_ENEMY_KILL","is_daily":false,"chose_seed":false,"campfire_upgraded":5,"win_rate":0.0,"timestamp":1614046671,"path_taken":["M","?","?","M","?","R","E","M","T","R","$","R","E","M","R","BOSS","M","?","?","$","?","R","E","?","T","?","R","M","R","M"],"items_purchased_type":["Relic","Relic"],"build_version":"2020-12-22","purchased_purges":2,"victory":false,"max_hp_per_floor":[75,75,75,75,75,75,75,75,75,75,75,75,75,75,75,75,75,75,75,75,75,75,75,75,75,75,75,75,75,75,75,75],"relic_stats":{"Dream Catcher":2,"counters":[13,50],"Ornamental Fan":[0],"Astrolabe":["Disarm","Feed","Immolate"],"MealTicket":12,"Ginger":[0],"Smiling Mask":-12,"Boot":[0],"obtain_stats":[{"Frozen Eye":21,"Dream Catcher":7,"NeowsBlessing":0,"Ornamental Fan":26,"Astrolabe":17,"MealTicket":13,"Membership Card":11,"Ginger":20,"Smiling Mask":9,"Boot":24,"Burning Blood":0},{"Frozen Eye":9,"Dream Catcher":4,"NeowsBlessing":0,"Ornamental Fan":11,"Astrolabe":8,"MealTicket":6,"Membership Card":5,"Ginger":9,"Smiling Mask":5,"Boot":10,"Burning Blood":0},{"Frozen Eye":34,"Dream Catcher":11,"NeowsBlessing":0,"Ornamental Fan":45,"Astrolabe":32,"MealTicket":17,"Membership Card":14,"Ginger":34,"Smiling Mask":14,"Boot":39,"Burning Blood":0}],"Burning Blood":61},"card_choices":[{"not_picked":["Shrug It Off","Iron Wave"],"picked":"Wild Strike","floor":1.0},{"not_picked":["Reckless Charge","Pommel Strike"],"picked":"Bludgeon","floor":3.0},{"not_picked":["Bloodletting","Wild Strike","Fire Breathing"],"picked":"SKIP","floor":4.0},{"not_picked":["Rage","Sword Boomerang","Thunderclap"],"picked":"SKIP","floor":7.0},{"not_picked":["Clothesline","Armaments"],"picked":"Whirlwind","floor":8},{"not_picked":["Reckless Charge","Entrench"],"picked":"Flex","floor":13},{"not_picked":["Whirlwind","Seeing Red"],"picked":"Reaper","floor":14},{"not_picked":["Bludgeon","Berserk"],"picked":"Double Tap","floor":16},{"not_picked":["Pommel Strike","Dropkick"],"picked":"Flame Barrier","floor":18},{"not_picked":["Havoc","Body Slam"],"picked":"Headbutt","floor":24},{"not_picked":["Pommel Strike","Iron Wave","Headbutt"],"picked":"SKIP","floor":25},{"not_picked":["Burning Pact","Clash","Warcry"],"picked":"SKIP","floor":29}],"player_experience":5401821,"relics_obtained":[{"floor":7.0,"key":"Dream Catcher"},{"floor":9,"key":"Smiling Mask"},{"floor":13,"key":"MealTicket"},{"floor":24,"key":"Boot"},{"floor":26,"key":"Ornamental Fan"}],"event_choices":[{"damage_healed":0.0,"max_hp_gain":0.0,"max_hp_loss":0.0,"gold_gain":0.0,"event_name":"Upgrade Shrine","player_choice":"Upgraded","floor":2.0,"gold_loss":0.0,"damage_taken":0.0,"cards_upgraded":["Bash"]},{"damage_healed":0.0,"max_hp_gain":0.0,"max_hp_loss":0.0,"gold_gain":0.0,"event_name":"Liars Game","player_choice":"Ignored","floor":5.0,"gold_loss":0.0,"damage_taken":0.0},{"damage_healed":0,"gold_gain":0,"player_choice":"Obtain J.A.X.","damage_taken":0,"max_hp_gain":0,"max_hp_loss":0,"event_name":"Drug Dealer","floor":19,"gold_loss":0,"cards_obtained":["J.A.X."]},{"damage_healed":0,"gold_gain":0,"player_choice":"Opened","damage_taken":0,"relics_obtained":["Ginger"],"max_hp_gain":0,"max_hp_loss":0,"event_name":"The Mausoleum","floor":20,"gold_loss":0,"cards_obtained":["Writhe"]},{"damage_healed":0,"gold_gain":0,"player_choice":"1 cards matched","damage_taken":0,"max_hp_gain":0,"max_hp_loss":0,"event_name":"Match and Keep!","floor":22,"gold_loss":0,"cards_obtained":["Reaper"]},{"damage_healed":0,"gold_gain":0,"player_choice":"Ignored","damage_taken":0,"max_hp_gain":0,"max_hp_loss":0,"event_name":"Cursed Tome","floor":27,"gold_loss":0}],"is_beta":false,"boss_relics":[{"not_picked":["Black Blood","Black Star"],"picked":"Astrolabe"}],"items_purged_floors":[11,21],"is_endless":false,"potions_floor_spawned":[13,14,16,18,25],"killed_by":"Shelled Parasite and Fungi","ascension_level":20}}