{"host":"bgptblc1sp470rxq","time":1614089790,"event":{"mods":["BaseMod","BetterRewards","Colored Map","Highlight Path","Hubris","Minty Spire (QoL Compilation)","Quick Restart","Replay The Spire","StSLib","Waifu the Spire"],"gold_per_floor":[114,114,132,22,32,32,58,58,83,96,46,73,73,101,101,198,198,217,233,233,253,253,253,286,286,310,323,338,338,373,392,392,492,492,512,221,271,281,281,281,296,325,325,336,336,336,182,199,199,199],"floor_reached":51,"language":"ZHS","playtime":2606,"items_purged":["Strike_R","Strike_R","Strike_R","Strike_R"],"score":920,"play_id":"d90bbc09-c5ba-433f-9e0a-2d4cc5b13bbf","local_time":"20210223221630","is_ascension_mode":true,"campfire_choices":[{"data":"Searing Blow","floor":6.0,"key":"SMITH"},{"data":"Searing Blow+1","floor":8.0,"key":"SMITH"},{"data":"Searing Blow+2","floor":15.0,"key":"SMITH"},{"data":"Searing Blow+3","floor":23.0,"key":"SMITH"},{"data":"Searing Blow+4","floor":25.0,"key":"SMITH"},{"data":"Searing Blow+5","floor":32.0,"key":"SMITH"},{"data":"Searing Blow+6","floor":40.0,"key":"SMITH"},{"data":"Searing Blow+7","floor":46.0,"key":"SMITH"},{"data":"Armaments","floor":49,"key":"SMITH"}],"circlet_count":0,"master_deck":["Strike_R","Defend_R","Defend_R","Defend_R","Defend_R","Bash+1","Sever Soul","Burning Pact","Searing Blow+8","Battle Trance","Seeing Red","ReplayTheSpireMod:Stacked","Shrug It Off","Disarm","Ghostly","Ghostly","Ghostly","Ghostly","Ghostly","Offering","Eclipse","Master of Strategy","Secret Technique","Armaments+1"],"relics":["Burning Blood","Happy Flower","Smiling Mask","Iron Hammer","hubris:Towel","ReplayTheSpireMod:Lightbulb","hubris:RunicObelisk","Nloth\u0027s Gift","Replay:Mystery Machine","Pen Nib","Anchor","hubris:ScarierMask","Membership Card","Pondfish Scales","Pear","Bottled Lightning","hubris:Icosahedron","Replay:Baseball"],"acts_visited":["Exordium","TheCity","TheBeyond"],"potions_floor_usage":[50],"damage_taken":[{"damage":10.0,"enemies":"2 Louse","floor":1.0,"turns":3.0},{"damage":1.0,"enemies":"Cultist","floor":3.0,"turns":3.0},{"damage":8.0,"enemies":"Jaw Worm","floor":5.0,"turns":4.0},{"damage":21.0,"enemies":"Gremlin Nob","floor":7.0,"turns":4.0},{"damage":16.0,"enemies":"Blue Slaver","floor":10.0,"turns":4.0},{"damage":25.0,"enemies":"Lagavulin","floor":12.0,"turns":5.0},{"damage":12.0,"enemies":"3 Sentries","floor":14.0,"turns":6.0},{"damage":18.0,"enemies":"Hexaghost","floor":16.0,"turns":8.0},{"damage":10.0,"enemies":"3 Byrds","floor":18.0,"turns":5.0},{"damage":3.0,"enemies":"Chosen","floor":19.0,"turns":6.0},{"damage":10.0,"enemies":"Shelled Parasite and Fungi","floor":21.0,"turns":5.0},{"damage":2.0,"enemies":"Replay:Snechameleon","floor":24.0,"turns":5.0},{"damage":8.0,"enemies":"Centurion and Healer","floor":27.0,"turns":4.0},{"damage":0.0,"enemies":"Snake Plant","floor":28.0,"turns":1.0},{"damage":12.0,"enemies":"Gremlin Leader","floor":30.0,"turns":6.0},{"damage":1.0,"enemies":"Snecko","floor":31.0,"turns":4.0},{"damage":28.0,"enemies":"Automaton","floor":33.0,"turns":9.0},{"damage":0.0,"enemies":"3 Shapes","floor":35.0,"turns":2.0},{"damage":3.0,"enemies":"Mind Bloom Boss Battle","floor":37.0,"turns":5.0},{"damage":1.0,"enemies":"3 Darklings","floor":38.0,"turns":4.0},{"damage":1.0,"enemies":"Jaw Worm Horde","floor":41.0,"turns":4.0},{"damage":1.0,"enemies":"Reptomancer","floor":42.0,"turns":5.0},{"damage":6.0,"enemies":"Spire Growth","floor":44.0,"turns":2.0},{"damage":1.0,"enemies":"4 Shapes","floor":48.0,"turns":3.0},{"damage":31,"enemies":"Time Eater","floor":50,"turns":9}],"seed_played":"5956629040405632341","potions_obtained":[{"floor":1.0,"key":"GamblersBrew"},{"floor":7.0,"key":"Fruit Juice"},{"floor":14.0,"key":"AttackPotion"},{"floor":16.0,"key":"Energy Potion"}],"is_trial":false,"path_per_floor":["M","?","M","$","M","R","E","R","T","M","$","E","?","E","R","B",null,"M","M","?","M","?","R","E","R","T","M","M","?","E","M","R","B",null,"M","$","?","M","?","R","M","E","T","M","?","R","$","M","R","B",null],"character_chosen":"IRONCLAD","items_purchased":["Searing Blow","Membership Card","Master of Strategy","Replay:Baseball","Armaments"],"campfire_rested":0,"item_purchase_floors":[4,36,36,47,47],"current_hp_per_floor":[76,76,80,80,78,78,68,68,68,58,58,39,39,33,33,21,85,81,84,84,80,64,64,68,68,68,66,72,45,39,44,44,22,45,45,45,45,45,45,45,45,55,55,55,55,55,55,55,55,30],"gold":199,"neow_bonus":"RANDOM_COMMON_RELIC","is_daily":false,"chose_seed":false,"campfire_upgraded":9,"win_rate":0.0,"timestamp":1614089790,"path_taken":["M","?","M","?","M","R","E","R","T","M","$","E","?","E","R","BOSS","M","M","?","?","?","R","E","R","T","M","M","?","E","M","R","BOSS","M","$","?","M","?","R","M","E","T","M","?","R","$","M","R","BOSS"],"items_purchased_type":["Card","Relic","Card","Relic","Card"],"build_version":"2020-12-22","purchased_purges":4,"victory":true,"max_hp_per_floor":[80,80,80,80,80,80,85,85,85,85,85,85,85,85,85,85,85,85,85,85,85,90,90,90,90,90,90,90,45,45,45,45,45,45,45,45,45,45,45,45,45,55,55,55,55,55,55,55,55,55],"card_choices":[{"not_picked":["Sever Soul","Replay:Undeath\u0027s Touch","Rage"],"picked":"SKIP","floor":1.0},{"not_picked":["Replay:Undeath\u0027s Touch","Rage"],"picked":"Sever Soul","floor":1.0},{"not_picked":["Body Slam","ReplayTheSpireMod:Strike From Hell"],"picked":"Burning Pact","floor":3.0},{"not_picked":["ReplayTheSpireMod:Muscle Training","Metallicize","hubris:ReadiedAction"],"picked":"SKIP","floor":5.0},{"not_picked":["Abandon","Replay:Undeath\u0027s Touch"],"picked":"Battle Trance","floor":7.0},{"not_picked":["Rampage","ReplayReversal","Hemokinesis"],"picked":"SKIP","floor":10.0},{"not_picked":["Heavy Blade","Feel No Pain"],"picked":"Seeing Red","floor":12.0},{"not_picked":["Reckless Charge","Rampage"],"picked":"ReplayTheSpireMod:Stacked","floor":14.0},{"not_picked":["ReplayTheSpireMod:Stacked","Cleave","Wild Strike"],"picked":"SKIP","floor":18.0},{"not_picked":["Second Wind","ReplayTheSpireMod:Stacked"],"picked":"Shrug It Off","floor":19.0},{"not_picked":["Feel No Pain","Blood for Blood","Bludgeon"],"picked":"SKIP","floor":21.0},{"not_picked":["Sword Boomerang","Clothesline","Shrug It Off+1"],"picked":"SKIP","floor":24.0},{"not_picked":["Headbutt+1","Cleave"],"picked":"Disarm","floor":27.0},{"not_picked":["hubris:ReadiedAction+1","ReplayTheSpireMod:Strike From Hell","Shrug It Off"],"picked":"SKIP","floor":28.0},{"not_picked":["Thunderclap","Dropkick+1"],"picked":"Offering","floor":30.0},{"not_picked":["Pommel Strike+1","Spot Weakness+1","Thunderclap"],"picked":"SKIP","floor":31.0},{"not_picked":["Bludgeon","Berserk"],"picked":"Eclipse","floor":33.0},{"not_picked":["True Grit+1","Hemokinesis","Clash"],"picked":"SKIP","floor":35.0},{"not_picked":["Replay:Undeath\u0027s Touch+1","Havoc","Flex"],"picked":"SKIP","floor":38.0},{"not_picked":["Deep Breath","Sadistic Nature"],"picked":"Secret Technique","floor":39.0},{"not_picked":["Perfected Strike+1","ReplayTheSpireMod:Strike From Hell+1","Clothesline"],"picked":"SKIP","floor":41.0},{"not_picked":["Heavy Blade+1","hubris:SharpeningStone","Cleave+1"],"picked":"SKIP","floor":42.0},{"not_picked":["Sword Boomerang","hubris:SharpeningStone","Havoc+1"],"picked":"SKIP","floor":44.0},{"not_picked":["Sword Boomerang+1","Shockwave+1","True Grit+1"],"picked":"SKIP","floor":48.0}],"player_experience":276013,"relics_obtained":[{"floor":7.0,"key":"Happy Flower"},{"floor":9.0,"key":"Smiling Mask"},{"floor":12.0,"key":"Iron Hammer"},{"floor":14.0,"key":"ReplayTheSpireMod:Lightbulb"},{"floor":24.0,"key":"Replay:Mystery Machine"},{"floor":26.0,"key":"Pen Nib"},{"floor":30.0,"key":"Anchor"},{"floor":37.0,"key":"Pondfish Scales"},{"floor":42.0,"key":"Pear"},{"floor":43.0,"key":"Bottled Lightning"}],"event_choices":[{"damage_healed":0.0,"max_hp_gain":0.0,"max_hp_loss":0.0,"gold_gain":0.0,"event_name":"Upgrade Shrine","player_choice":"Upgraded","floor":2.0,"gold_loss":0.0,"damage_taken":0.0,"cards_upgraded":["Bash"]},{"damage_healed":0.0,"max_hp_gain":0.0,"max_hp_loss":0.0,"gold_gain":0.0,"event_name":"N\u0027loth","player_choice":"Traded Relic","floor":20.0,"relics_lost":["Replay:Rubber Ducky"],"gold_loss":0.0,"damage_taken":0.0,"relics_obtained":["Nloth\u0027s Gift"]},{"damage_healed":0.0,"max_hp_gain":5.0,"max_hp_loss":0.0,"gold_gain":0.0,"event_name":"Forgotten Altar","player_choice":"Shed Blood","floor":22.0,"gold_loss":0.0,"damage_taken":21.0},{"damage_healed":0.0,"max_hp_gain":0.0,"max_hp_loss":45.0,"gold_gain":0.0,"event_name":"Ghosts","player_choice":"Became a Ghost","floor":29.0,"gold_loss":0.0,"damage_taken":0.0,"cards_obtained":["Ghostly","Ghostly","Ghostly","Ghostly","Ghostly"]},{"damage_healed":0.0,"max_hp_gain":0.0,"max_hp_loss":0.0,"gold_gain":0.0,"event_name":"MindBloom","player_choice":"Fight","floor":37.0,"gold_loss":0.0,"damage_taken":0.0},{"damage_healed":0.0,"max_hp_gain":0.0,"max_hp_loss":0.0,"gold_gain":0.0,"event_name":"SensoryStone","player_choice":"Memory 1","floor":39.0,"gold_loss":0.0,"damage_taken":0.0}],"is_beta":false,"boss_relics":[{"not_picked":["SlaversCollar","Abe\u0027s Treasure"],"picked":"hubris:RunicObelisk"},{"not_picked":["Tiny House","hubris:HollowSoul"],"picked":"hubris:ScarierMask"}],"items_purged_floors":[4,11,36,47],"is_endless":false,"potions_floor_spawned":[1,7,14,16,19,24,27,30,35,38,41],"ascension_level":3}}