{"host":"rs1c3lkx7vj3kohb","time":1614089189,"event":{"mods":["Act Like it!","BaseMod","BetterRewards","Chen","Colored Map","Colored Powertips","Friendly Minions","Gensokyo","Gremlin Mod","Hermit","Hero for Fun","KinomotoSakuraMod(ƒæ÷Æ±æ”£)","Koishi","KomeijiMod","Luminous","Marisa£®ÏF”Í°°ƒß¿Ì…≥£©","Minty Spire (QoL Compilation)","Onozuka Komachi Mod","Prisma Mod","Quick Restart","Reimu£®≤©¿ˆ¡È√Œ£©","Remilia£®¿Ÿ√◊¿Ú—«£©","Shop Mod","StSLib","The Administrix","The Alterego","The Cursed","The Senshi","The Servant 0.9.4","Waifu the Spire","WarShipGirlsR/’ΩΩ¢…Ÿ≈ÆR mod","Yakumo Yukari mod","Yohane!","Youmu£®ªÍ∆«—˝√Œ£©","Yuri Mod","Yuyuko"],"gold_per_floor":[118,132,207,307,324,349,364,382,382,382,400,460,460,460,460,563,563,628,721,721,785,174,174,280,386,431,532,617,617,684,737,737,910,910,976,1075,975,1072,1185,1370,1534,1534,1534,1534,1620,1620,400,400,400,450,450,450,44,170,220,220],"floor_reached":55,"language":"ZHS","playtime":4442,"items_purged":["PrismaMod:MiyuCommonAttack","PrismaMod:MiyuCommonAttack","Parasite","PrismaMod:MiyuCommonAttack+1"],"score":828,"play_id":"9cb05b68-3e8b-4102-beca-10bd39462e15","local_time":"20210223220629","is_ascension_mode":false,"campfire_choices":[{"data":"PrismaMod:MiyuCheapChannelAttack","floor":10.0,"key":"SMITH"},{"data":"PrismaMod:MiyuUncommonDexBuff","floor":13.0,"key":"SMITH"},{"data":"PrismaMod:MiyuEvokeBuffStr","floor":15.0,"key":"SMITH"},{"data":"Searching","floor":23.0,"key":"SMITH"},{"data":"PrismaMod:MiyuUncommonDexBuff","floor":29.0,"key":"SMITH"},{"data":"PrismaMod:MiyuUncommonStrBuff","floor":32.0,"key":"SMITH"},{"floor":42.0,"key":"RECALL"},{"data":"1","floor":44.0,"key":"LIFT"},{"data":"2","floor":49.0,"key":"LIFT"},{"data":"3","floor":52.0,"key":"LIFT"}],"circlet_count":0,"master_deck":["PrismaMod:MiyuCommonDefend+1","PrismaMod:MiyuCommonDefend+1","PrismaMod:MiyuCommonDefend+1","PrismaMod:MiyuCommonDefend+1","PrismaMod:MiyuCommonAttack+1","PrismaMod:MiyuCommonAttack+1","PrismaMod:MiyuCheapChannelAttack+1","PrismaMod:MiyuCheapChannelDefend+1","PrismaMod:MiyuCheapDexBuff+1","PrismaMod:MiyuUberAttack+1","PrismaMod:MiyuCheapAttack1+1","PrismaMod:MiyuAttackChannelAttack+1","PrismaMod:MiyuCheapDexBuff+1","PrismaMod:MiyuUberAOEAttack+1","PrismaMod:MiyuAttackChannelVul+1","PrismaMod:MiyuEvokeBuffStr+1","PrismaMod:MiyuUncommonDexBuff+1","PrismaMod:MiyuEvokeAllAttack+1","PrismaMod:MiyuEvokeBuffStr+1","PrismaMod:MiyuEvokeAllAttack+1","Searching+1","PrismaMod:MiyuEvokeBuffStr+1","PrismaMod:MiyuDevil+1","PrismaMod:MiyuUncommonDexBuff+1","PrismaMod:MiyuBride+1","PrismaMod:MiyuUncommonStrBuff+1","PrismaMod:MiyuBride+1","PrismaMod:MiyuMaid+1","PrismaMod:MiyuCarnivalAttack+1","PrismaMod:MiyuUncommonStrBuff+1","PrismaMod:MiyuCheapChannelDefend+1","PrismaMod:MiyuUncommonDexBuff+1","Panache+1","Finesse+1","PrismaMod:MiyuCarnivalDefend"],"relics":["PrismaMod:PrismaSapphire","Toy Ornithopter","Mercury Hourglass","Turnip","Art of War","Girya","Eternal Feather","Philosopher\u0027s Stone","Mango","Clue","Shovel","Clue","Anchor","ScarletDevilRocket","Whetstone","Cursed Key","Bottled Lightning","NitorisBag","Potion Belt","Ornamental Fan","Mark of the Bloom","Bag of Preparation","Boot"],"acts_visited":["Exordium","TheCity","TheBeyond","TheEnding"],"potions_floor_usage":[55,55,55,55,55],"damage_taken":[{"damage":0.0,"enemies":"Cultist","floor":1.0,"turns":4.0},{"damage":3.0,"enemies":"Small Slimes","floor":2.0,"turns":3.0},{"damage":7.0,"enemies":"2 Louse","floor":5.0,"turns":2.0},{"damage":11.0,"enemies":"3 Sentries","floor":6.0,"turns":5.0},{"damage":4.0,"enemies":"Gremlin Gang","floor":7.0,"turns":4.0},{"damage":0.0,"enemies":"Exordium Thugs","floor":8.0,"turns":4.0},{"damage":0.0,"enemies":"Exordium Wildlife","floor":11.0,"turns":2.0},{"damage":9.0,"enemies":"Lagavulin","floor":12.0,"turns":5.0},{"damage":0.0,"enemies":"Slime Boss","floor":16.0,"turns":4.0},{"damage":6.0,"enemies":"Chosen","floor":18.0,"turns":3.0},{"damage":9.0,"enemies":"3 Byrds","floor":19.0,"turns":5.0},{"damage":24.0,"enemies":"Shelled Parasite and Fungi","floor":21.0,"turns":4.0},{"damage":57.0,"enemies":"Gremlin Leader","floor":24.0,"turns":8.0},{"damage":9.0,"enemies":"Snecko","floor":25.0,"turns":4.0},{"damage":42.0,"enemies":"Book of Stabbing","floor":27.0,"turns":5.0},{"damage":11.0,"enemies":"Snake Plant","floor":28.0,"turns":3.0},{"damage":0.0,"enemies":"Cultist and Chosen","floor":30.0,"turns":5.0},{"damage":10.0,"enemies":"3 Cultists","floor":31.0,"turns":4.0},{"damage":45.0,"enemies":"Collector","floor":33.0,"turns":7.0},{"damage":17.0,"enemies":"Orb Walker","floor":35.0,"turns":4.0},{"damage":0.0,"enemies":"3 Shapes","floor":36.0,"turns":3.0},{"damage":29.0,"enemies":"3 Darklings","floor":38.0,"turns":7.0},{"damage":0.0,"enemies":"4 Shapes","floor":39.0,"turns":6.0},{"damage":38.0,"enemies":"Reptomancer","floor":40.0,"turns":6.0},{"damage":9.0,"enemies":"Transient","floor":41.0,"turns":5.0},{"damage":13.0,"enemies":"3 Darklings","floor":45.0,"turns":4.0},{"damage":9.0,"enemies":"Time Eater","floor":50.0,"turns":7.0},{"damage":13.0,"enemies":"Shield and Spear","floor":54.0,"turns":6.0},{"damage":31,"enemies":"The Heart","floor":55,"turns":5}],"seed_played":"-9098964228070622074","potions_obtained":[{"floor":5.0,"key":"BlessingOfTheForge"},{"floor":7.0,"key":"EntropicBrew"},{"floor":11.0,"key":"FearPotion"},{"floor":12.0,"key":"LiquidMemories"},{"floor":19.0,"key":"Regen Potion"},{"floor":27.0,"key":"SpeedPotion"},{"floor":28.0,"key":"DuplicationPotion"},{"floor":30.0,"key":"ColorlessPotion"},{"floor":31.0,"key":"Ancient Potion"},{"floor":35.0,"key":"PowerPotion"},{"floor":37.0,"key":"PowerPotion"},{"floor":40.0,"key":"GamblersBrew"},{"floor":41.0,"key":"Ancient Potion"},{"floor":45.0,"key":"DuplicationPotion"}],"is_trial":false,"path_per_floor":["M","M","?","?","M","E","M","M","T","R","M","E","R","?","R","B",null,"M","M","?","M","$","R","E","M","T","E","M","R","M","M","R","B",null,"M","M","?","M","M","E","M","R","T","R","M","?","$","?","R","B",null,"R","$","E","B"],"character_chosen":"MIYU","items_purchased":["Toy Ornithopter","Mercury Hourglass","PrismaMod:MiyuCheapDexBuff","PrismaMod:MiyuUberAttack","PrismaMod:MiyuCheapAttack1","Searching","Mango","PrismaMod:MiyuEvokeBuffStr","NitorisBag","Potion Belt","Ornamental Fan","PrismaMod:MiyuUncommonDexBuff","Panache","Regen Potion","Regen Potion","DistilledChaos","Finesse","Bag of Preparation","Strength Potion","PowerPotion"],"campfire_rested":0,"item_purchase_floors":[0,0,0,0,0,22,22,22,47,47,47,47,47,47,47,47,47,53,53,53],"current_hp_per_floor":[44,45,34,34,27,20,16,25,25,25,29,24,36,36,45,45,75,69,69,69,54,68,80,46,51,51,23,21,36,40,34,49,18,89,72,76,76,51,55,31,26,44,44,62,53,53,53,53,53,44,44,44,44,31,0,0],"gold":220,"neow_bonus":"","is_daily":false,"chose_seed":false,"campfire_upgraded":6,"win_rate":0.0,"timestamp":1614089189,"path_taken":["M","M","?","?","M","E","M","M","T","R","?","E","R","?","R","BOSS","M","?","?","M","$","R","E","M","T","E","M","R","M","M","R","BOSS","M","M","?","M","?","E","M","R","T","R","M","?","$","?","R","BOSS","R","$","E","BOSS"],"items_purchased_type":["Relic","Relic","Card","Card","Card","Card","Relic","Card","Relic","Relic","Relic","Card","Card","Potion","Potion","Potion","Card","Relic","Potion","Potion"],"build_version":"2020-12-22","purchased_purges":4,"victory":false,"max_hp_per_floor":[75,75,75,75,75,75,75,75,75,75,75,75,75,75,75,75,75,75,75,75,75,89,89,89,89,89,89,89,89,89,89,89,89,89,89,89,89,89,89,89,89,89,89,89,89,89,86,86,86,86,86,86,86,86,86,86],"card_choices":[{"not_picked":["PrismaMod:MiyuUncommonAttack","PrismaMod:MiyuCarnivalAttack"],"picked":"PrismaMod:MiyuAttackChannelAttack","floor":1.0},{"not_picked":["PrismaMod:MiyuEvokeAll","PrismaMod:MiyuUncommonAOEAttack"],"picked":"PrismaMod:MiyuCheapDexBuff","floor":2.0},{"not_picked":["PrismaMod:MiyuMaid","PrismaMod:MiyuDevil"],"picked":"PrismaMod:MiyuUberAOEAttack","floor":5.0},{"not_picked":["PrismaMod:MiyuCheapDexBuff","PrismaMod:MiyuCheapEvoke"],"picked":"PrismaMod:MiyuAttackChannelVul","floor":6.0},{"not_picked":["PrismaMod:MiyuEvokeBuffDex","PrismaMod:MiyuUberAttack"],"picked":"PrismaMod:MiyuEvokeBuffStr","floor":7.0},{"not_picked":["PrismaMod:MiyuUberAttack","PrismaMod:MiyuDefenseExplosion","PrismaMod:MiyuEvokeAll"],"picked":"SKIP","floor":8.0},{"not_picked":["PrismaMod:MiyuCheapEvoke","PrismaMod:MiyuEvokeAll","PrismaMod:MiyuEvokeCheapDefend"],"picked":"SKIP","floor":11.0},{"not_picked":["PrismaMod:MiyuUberDefend","PrismaMod:MiyuCheapDefend1"],"picked":"PrismaMod:MiyuUncommonDexBuff","floor":12.0},{"not_picked":["PrismaMod:MiyuCheapDefend2","PrismaMod:MiyuUberDefend"],"picked":"PrismaMod:MiyuEvokeAllAttack","floor":16.0},{"not_picked":["PrismaMod:MiyuCheapChannelVul","PrismaMod:MiyuMaid"],"picked":"PrismaMod:MiyuEvokeBuffStr","floor":18.0},{"not_picked":["PrismaMod:MiyuCheapAttack2+1","PrismaMod:MiyuCheapAttack1"],"picked":"PrismaMod:MiyuEvokeAllAttack","floor":19.0},{"not_picked":["PrismaMod:MiyuDefenseExplosion","PrismaMod:MiyuEvokeCheapAttack","PrismaMod:MiyuUberAOEAttack"],"picked":"SKIP","floor":21.0},{"not_picked":["PrismaMod:MiyuDefenseAbsorbMinor","PrismaMod:MiyuEvokeCheapAttack"],"picked":"PrismaMod:MiyuDevil+1","floor":24.0},{"not_picked":["PrismaMod:MiyuCheapChannelAttack","PrismaMod:MiyuCheapEvoke+1"],"picked":"PrismaMod:MiyuUncommonDexBuff","floor":25.0},{"not_picked":["PrismaMod:MiyuDefenseRemoval","PrismaMod:MiyuCheapChannelWeak","PrismaMod:MiyuCheapChannelHeal+1"],"picked":"SKIP","floor":25.0},{"not_picked":["PrismaMod:MiyuUberAttack+1","PrismaMod:MiyuCheapAttack1+1"],"picked":"PrismaMod:MiyuBride","floor":27.0},{"not_picked":["PrismaMod:MiyuDevil","PrismaMod:MiyuCheapChannelHeal","PrismaMod:MiyuCheapAttack1+1"],"picked":"SKIP","floor":28.0},{"not_picked":["PrismaMod:MiyuCheapChannelVul","PrismaMod:MiyuEvokeCheapDefend","PrismaMod:MiyuUncommonPlate+1"],"picked":"SKIP","floor":30.0},{"not_picked":["PrismaMod:MiyuMaid","PrismaMod:MiyuCheapChannelWeak"],"picked":"PrismaMod:MiyuUncommonStrBuff","floor":31.0},{"not_picked":["PrismaMod:MiyuCheapEvoke+1","PrismaMod:MiyuCarnivalAttack","PrismaMod:MiyuUberAOEAttack"],"picked":"SKIP","floor":31.0},{"not_picked":["PrismaMod:MiyuUberDefend","PrismaMod:MiyuChannelAttackEvoke"],"picked":"PrismaMod:MiyuBride","floor":33.0},{"not_picked":["PrismaMod:MiyuCheapChannelWeak","PrismaMod:MiyuUncommonAttack+1"],"picked":"PrismaMod:MiyuMaid+1","floor":35.0},{"not_picked":["PrismaMod:MiyuAttackChannelVul","PrismaMod:MiyuUncommonAOEAttack","PrismaMod:MiyuEvokeBuffDex+1"],"picked":"SKIP","floor":36.0},{"not_picked":["PrismaMod:MiyuCheapEvoke+1","PrismaMod:MiyuCheapAttack1+1"],"picked":"PrismaMod:MiyuCarnivalAttack+1","floor":37.0},{"not_picked":["PrismaMod:MiyuCheapChannelHeal+1","PrismaMod:MiyuEvokeBuffDex+1"],"picked":"PrismaMod:MiyuUncommonStrBuff","floor":37.0},{"not_picked":["PrismaMod:MiyuUncommonDefend","PrismaMod:MiyuCheapChannelAttack","PrismaMod:MiyuUncommonPlate"],"picked":"SKIP","floor":38.0},{"not_picked":["PrismaMod:MiyuCheapChannelWeak","PrismaMod:MiyuChannelAttackEvoke","PrismaMod:MiyuEvokeBuffDex"],"picked":"SKIP","floor":39.0},{"not_picked":["PrismaMod:MiyuUncommonAOEAttack+1","PrismaMod:MiyuEvokeBuffStr"],"picked":"PrismaMod:MiyuCheapChannelDefend+1","floor":40.0},{"not_picked":["PrismaMod:MiyuCheapChannelHeal+1","PrismaMod:MiyuUncommonPlate+1","PrismaMod:MiyuCheapStrBuff"],"picked":"SKIP","floor":41.0},{"not_picked":["PrismaMod:MiyuEvokeCheapDefend","PrismaMod:MiyuCheapStrBuff+1","PrismaMod:MiyuEvokeAll"],"picked":"SKIP","floor":45.0},{"not_picked":["PrismaMod:MiyuUncommonAttack+1","PrismaMod:MiyuCheapAttack2"],"picked":"PrismaMod:MiyuCarnivalDefend","floor":54.0}],"player_experience":486515,"relics_obtained":[{"floor":6.0,"key":"Art of War"},{"floor":9.0,"key":"Girya"},{"floor":12.0,"key":"Eternal Feather"},{"floor":24.0,"key":"Clue"},{"floor":24.0,"key":"Shovel"},{"floor":25.0,"key":"Clue"},{"floor":26.0,"key":"Anchor"},{"floor":27.0,"key":"ScarletDevilRocket"},{"floor":33.0,"key":"Whetstone"},{"floor":33.0,"key":"Clue"},{"floor":40.0,"key":"Bottled Lightning"},{"floor":54.0,"key":"Boot"}],"event_choices":[{"damage_healed":0.0,"max_hp_gain":0.0,"max_hp_loss":0.0,"gold_gain":75.0,"event_name":"World of Goop","player_choice":"Gather Gold","floor":3.0,"gold_loss":0.0,"damage_taken":11.0},{"damage_healed":0.0,"max_hp_gain":0.0,"max_hp_loss":0.0,"gold_gain":100.0,"event_name":"Golden Shrine","player_choice":"Pray","floor":4.0,"gold_loss":0.0,"damage_taken":0.0},{"cards_removed":["PrismaMod:MiyuCommonDefend"],"damage_healed":0.0,"max_hp_gain":0.0,"max_hp_loss":0.0,"gold_gain":0.0,"event_name":"Bonfire Elementals","player_choice":"Offered Basic","floor":14.0,"gold_loss":0.0,"damage_taken":0.0},{"damage_healed":0.0,"max_hp_gain":0.0,"max_hp_loss":0.0,"gold_gain":0.0,"event_name":"Tomb of Lord Red Mask","player_choice":"Ignored","floor":46.0,"gold_loss":0.0,"damage_taken":0.0},{"damage_healed":0.0,"max_hp_gain":0.0,"max_hp_loss":0.0,"gold_gain":0.0,"event_name":"MindBloom","player_choice":"Upgrade","floor":48.0,"gold_loss":0.0,"damage_taken":0.0,"cards_upgraded":["PrismaMod:MiyuCommonDefend","PrismaMod:MiyuCommonDefend","PrismaMod:MiyuCommonDefend","PrismaMod:MiyuCommonDefend","PrismaMod:MiyuCommonAttack","PrismaMod:MiyuCommonAttack","PrismaMod:MiyuCommonAttack","PrismaMod:MiyuCheapChannelDefend","PrismaMod:MiyuCheapDexBuff","PrismaMod:MiyuUberAttack","PrismaMod:MiyuCheapAttack1","PrismaMod:MiyuAttackChannelAttack","PrismaMod:MiyuCheapDexBuff","PrismaMod:MiyuEvokeAllAttack","PrismaMod:MiyuEvokeBuffStr","PrismaMod:MiyuEvokeAllAttack","PrismaMod:MiyuEvokeBuffStr","PrismaMod:MiyuBride","PrismaMod:MiyuBride","PrismaMod:MiyuUncommonStrBuff","PrismaMod:MiyuUncommonDexBuff","Panache","Finesse"],"relics_obtained":["Mark of the Bloom"]}],"is_beta":false,"boss_relics":[{"not_picked":["Fusion Hammer","Pandora\u0027s Box"],"picked":"Philosopher\u0027s Stone"},{"not_picked":["Black Star","Tiny House"],"picked":"Cursed Key"}],"items_purged_floors":[0,22,47,53],"is_endless":false,"potions_floor_spawned":[5,7,11,12,18,19,27,28,30,31,35,40,41,45,54],"killed_by":"The Heart","ascension_level":0}}