{"host":"od06gsur5w60l0yz","time":1614047401,"event":{"mods":["BaseMod","Better Match","Better Third Choice","Colored Map","Dio Mod","Downfall","GifTheSpireLib","Googly Eyes","Hermit","Hubris","Minty Spire (QoL Compilation)","Reliquary","Replay The Spire","StSLib","The Cursed","The Forsaken","The Necromancer","The Senshi"],"gold_per_floor":[115,133,133,164,164,199,223,251,277,321,81,113,151,201,201,327,327,353,353,389,239,280,280,328,360,440,440,495,495,64,114,114,249,249,278,310,348,368,417,417,76,76,76,120,120,187,219,219,219,251,251,251,51,103,115],"floor_reached":56,"language":"ENG","playtime":3061,"items_purged":[],"score":1449,"play_id":"ceb06f1d-dcbf-47a4-9f09-c6398610324a","local_time":"20210222233001","is_ascension_mode":true,"campfire_choices":[{"floor":15,"key":"RECALL"},{"data":"dioMod:Muda","floor":23,"key":"SMITH"},{"data":"dioMod:Muda","floor":27,"key":"SMITH"},{"data":"dioMod:Muda","floor":29,"key":"SMITH"},{"data":"dioMod:PathToHeaven","floor":40,"key":"SMITH"},{"data":"dioMod:Muda","floor":42,"key":"SMITH"},{"data":"Pot Of Greed","floor":45,"key":"SMITH"},{"data":"Pot Of Greed","floor":49,"key":"SMITH"},{"data":"dioMod:DoubleTime","floor":52,"key":"SMITH"}],"circlet_count":0,"master_deck":["dioMod:Strike+1","dioMod:Strike+1","dioMod:Strike+1","dioMod:Strike+1","Bite","dioMod:Defend+1","dioMod:Defend+1","dioMod:Defend+1","dioMod:Defend+1","dioMod:GoodbyeJojo","dioMod:Muda+1","dioMod:Muda+1","dioMod:DoubleTime+1","dioMod:GoldVial+1","dioMod:DoubleTime","dioMod:Muda+1","Pot Of Greed+1","Pot Of Greed+1","dioMod:Hiss+1","dioMod:PathToHeaven+1","dioMod:Muda+1","dioMod:CutDeep+1","dioMod:Muda+1","dioMod:Muda+1","dioMod:ComboFever+1"],"relics":["dioMod:VampireBlood","Replay:Bandana","Onion Ring","reliquary:RoseTintedGlasses","MealTicket","Mummified Hand","Replay:Ringing Soul","Painkiller Herb","Orichalcum","theForsaken:Gavel","Pear","Boot","Grinning Jar","Mirror","reliquary:SilkGlove","hubris:VirtuousBlindfold","Prayer Wheel","Oddly Smooth Stone","ReplayFunnel","Medical Kit","Counterbalance"],"acts_visited":["Exordium","TheCity","TheBeyond","TheEnding"],"potions_floor_usage":[6,10,14,16,20,33,37,55,55,55],"damage_taken":[{"damage":6,"enemies":"Cultist","floor":1,"turns":4},{"damage":7,"enemies":"Jaw Worm","floor":2,"turns":3},{"damage":20,"enemies":"3 Sentries","floor":6,"turns":8},{"damage":0,"enemies":"Small Slimes","floor":7,"turns":1},{"damage":0,"enemies":"Blue Slaver","floor":8,"turns":1},{"damage":1,"enemies":"Replay:BlueRogue","floor":10,"turns":2},{"damage":1,"enemies":"Looter","floor":12,"turns":2},{"damage":0,"enemies":"Exordium Wildlife","floor":13,"turns":1},{"damage":19,"enemies":"Gremlin Nob","floor":14,"turns":4},{"damage":61,"enemies":"Fading Forest","floor":16,"turns":11},{"damage":2,"enemies":"Chosen","floor":18,"turns":4},{"damage":0,"enemies":"3 Byrds","floor":20,"turns":3},{"damage":3,"enemies":"Centurion and Healer","floor":22,"turns":4},{"damage":54,"enemies":"Book of Stabbing","floor":24,"turns":7},{"damage":4,"enemies":"Snecko","floor":25,"turns":4},{"damage":7,"enemies":"Slavers","floor":28,"turns":5},{"damage":14,"enemies":"Replay:Snechameleon","floor":31,"turns":3},{"damage":101,"enemies":"Automaton","floor":33,"turns":12},{"damage":52,"enemies":"3 Darklings","floor":35,"turns":6},{"damage":0,"enemies":"3 Shapes","floor":36,"turns":5},{"damage":26,"enemies":"Writhing Mass","floor":37,"turns":4},{"damage":1,"enemies":"4 Shapes","floor":38,"turns":7},{"damage":0,"enemies":"Sphere and 2 Shapes","floor":39,"turns":3},{"damage":38,"enemies":"Spire Growth","floor":44,"turns":4},{"damage":15,"enemies":"Nemesis","floor":46,"turns":3},{"damage":2,"enemies":"4 Shapes","floor":47,"turns":6},{"damage":111,"enemies":"Donu and Deca","floor":50,"turns":9},{"damage":111,"enemies":"Shield and Spear","floor":54,"turns":9},{"damage":65,"enemies":"The Heart","floor":55,"turns":5}],"seed_played":"8267593363161830493","potions_obtained":[{"floor":1,"key":"Dexterity Potion"},{"floor":4,"key":"Fire Potion"},{"floor":4,"key":"sneckomod:MuddlingPotion"},{"floor":6,"key":"SteroidPotion"},{"floor":7,"key":"Dexterity Potion"},{"floor":10,"key":"Adrenaline Potion"},{"floor":14,"key":"ColorlessPotion"},{"floor":18,"key":"AttackPotion"},{"floor":20,"key":"Doom Potion"},{"floor":31,"key":"LiquidMemories"},{"floor":35,"key":"BlessingOfTheForge"},{"floor":37,"key":"LiquidMemories"}],"is_trial":false,"path_per_floor":["M","M","?","?","T","E","M","M","T","E","$","M","M","E","R","B",null,"?","?","?","T","?","T","E","?","T","T","E","T","T","E","T","B",null,"?","?","?","?","?","T","T","T","T","?","T","E","?","?","T","B",null,"T","T","E","B",null],"character_chosen":"THE_DEFAULT","items_purchased":["Mummified Hand","Orichalcum","Grinning Jar","Mirror","dioMod:Hiss+1","Prayer Wheel","dioMod:Muda","Medical Kit","Dexterity Potion"],"campfire_rested":0,"item_purchase_floors":[11,21,30,30,30,41,41,53,53],"current_hp_per_floor":[69,67,64,42,42,37,43,46,46,50,65,69,79,65,65,25,92,92,92,92,92,92,92,51,69,79,79,86,86,104,109,111,38,114,85,114,97,117,120,120,123,123,123,104,110,120,129,129,129,49,129,129,129,74,38],"gold":115,"neow_bonus":"TWENTY_PERCENT_HP_BONUS","is_daily":false,"chose_seed":false,"campfire_upgraded":8,"win_rate":0.0,"timestamp":1614047401,"path_taken":["M","?","?","?","?","E","M","M","T","E","?","M","?","E","R","BOSS","?","?","?","T","?","T","E","?","T","T","E","T","T","E","T","BOSS","?","?","?","?","?","T","T","T","T","?","T","E","?","?","T","BOSS","T","T","E","BOSS"],"items_purchased_type":["Relic","Relic","Relic","Relic","Card","Relic","Card","Relic","Potion"],"build_version":"2020-12-22","purchased_purges":0,"victory":true,"max_hp_per_floor":[89,89,89,89,89,89,89,89,89,89,89,89,89,89,89,92,92,92,92,92,92,92,92,92,95,105,105,108,108,111,111,111,114,114,114,114,114,117,120,120,123,123,123,126,126,129,129,129,129,129,129,129,129,129,129],"card_choices":[{"not_picked":["dioMod:DaggerSpree","dioMod:CautiousMuda"],"picked":"dioMod:GoodbyeJojo","floor":1},{"not_picked":["dioMod:DaggerToss","dioMod:DarkRebirth"],"picked":"dioMod:Muda","floor":2},{"not_picked":["dioMod:LaserVision","dioMod:DominatingPresence"],"picked":"dioMod:Muda","floor":4},{"not_picked":["dioMod:TripleThreat","dioMod:PhantomBlood","dioMod:SecretPlan"],"picked":"SKIP","floor":6},{"not_picked":["dioMod:BloodShield","dioMod:Minions","dioMod:CoffinBath"],"picked":"SKIP","floor":7},{"not_picked":["dioMod:BloodSplash","dioMod:BloodTransfusion","dioMod:StreetSign"],"picked":"SKIP","floor":8},{"not_picked":["dioMod:CutDeep","dioMod:GoodbyeJojo","dioMod:DisarmingVoice"],"picked":"SKIP","floor":10},{"not_picked":["dioMod:Hiss","dioMod:SlashThroughTime"],"picked":"dioMod:DoubleTime","floor":12},{"not_picked":["dioMod:FlyAway","dioMod:LaserVision","dioMod:BloodShield"],"picked":"SKIP","floor":13},{"not_picked":["dioMod:VengefulMuda","dioMod:DaggerSpree","dioMod:Diversion"],"picked":"SKIP","floor":14},{"not_picked":["dioMod:PhantomBlood","dioMod:Refresh"],"picked":"dioMod:GoldVial","floor":16},{"not_picked":["dioMod:Hiss","dioMod:BloodTransfusion","dioMod:WRYYY"],"picked":"SKIP","floor":18},{"not_picked":["dioMod:BlendIn+1","dioMod:WRYYY","dioMod:FlyAway"],"picked":"SKIP","floor":20},{"not_picked":["dioMod:DaggerToss","dioMod:BlendIn+1","dioMod:HeavyLifting"],"picked":"SKIP","floor":22},{"not_picked":["dioMod:BloodTransfusion","dioMod:VengefulMuda","dioMod:DaggerSpree"],"picked":"SKIP","floor":24},{"not_picked":["dioMod:HeavyLifting","dioMod:BlendIn+1"],"picked":"dioMod:DoubleTime","floor":25},{"not_picked":["dioMod:SecretPlan","dioMod:TripleThreat+1"],"picked":"dioMod:Muda","floor":28},{"not_picked":["dioMod:LaserVision","dioMod:Hiss","dioMod:TripleThreat"],"picked":"SKIP","floor":31},{"not_picked":["dioMod:UltimateSacrifice","dioMod:MudaMudaMuda"],"picked":"dioMod:PathToHeaven","floor":33},{"not_picked":["dioMod:CutDeep","dioMod:CautiousMuda","dioMod:GoodbyeJojo+1"],"picked":"SKIP","floor":35},{"not_picked":["dioMod:BlendIn+1","dioMod:BloodShield","dioMod:DarkRebirth"],"picked":"SKIP","floor":36},{"not_picked":["dioMod:SecretPlan+1","dioMod:Roundabout+1","dioMod:Donut"],"picked":"SKIP","floor":37},{"not_picked":["dioMod:DarkRebirth+1","dioMod:Pluck+1"],"picked":"dioMod:Muda+1","floor":38},{"not_picked":["dioMod:Roundabout","dioMod:DaggerSpree"],"picked":"dioMod:CutDeep+1","floor":39},{"not_picked":["dioMod:DoubleTime","dioMod:SlashThroughTime+1"],"picked":"dioMod:Muda+1","floor":44},{"not_picked":["dioMod:BloodTransfusion+1","dioMod:CoffinBath+1","dioMod:BloodSplash+1"],"picked":"SKIP","floor":44},{"not_picked":["dioMod:StreetSign","dioMod:Minions+1"],"picked":"dioMod:ComboFever+1","floor":46},{"not_picked":["dioMod:CautiousMuda+1","dioMod:ComboFever+1","dioMod:BloodSuck"],"picked":"SKIP","floor":47},{"not_picked":["dioMod:Hiss+1","dioMod:DominatingPresence+1","dioMod:WRYYY"],"picked":"SKIP","floor":47},{"not_picked":["dioMod:BloodShield+1","dioMod:BloodSuck","dioMod:Roundabout"],"picked":"SKIP","floor":54}],"player_experience":274335,"relics_obtained":[{"floor":6,"key":"Onion Ring"},{"floor":9,"key":"reliquary:RoseTintedGlasses"},{"floor":10,"key":"MealTicket"},{"floor":14,"key":"Replay:Ringing Soul"},{"floor":24,"key":"theForsaken:Gavel"},{"floor":26,"key":"Pear"},{"floor":28,"key":"Boot"},{"floor":31,"key":"reliquary:SilkGlove"},{"floor":43,"key":"Oddly Smooth Stone"},{"floor":46,"key":"ReplayFunnel"},{"floor":54,"key":"Counterbalance"}],"event_choices":[{"damage_healed":0,"gold_gain":0,"player_choice":"Relic ","damage_taken":3,"max_hp_gain":0,"max_hp_loss":0,"event_name":"betterThird:BetterScrap","floor":3,"gold_loss":0,"cards_obtained":["Flechettes"]},{"damage_healed":0,"gold_gain":0,"player_choice":"Simplicity","damage_taken":0,"max_hp_gain":0,"max_hp_loss":8,"event_name":"betterThird:BetterWriting","floor":19,"gold_loss":0},{"damage_healed":0,"gold_gain":0,"player_choice":"Bought 0 Potions","damage_taken":0,"max_hp_gain":0,"max_hp_loss":0,"event_name":"The Woman in Blue","floor":48,"gold_loss":0}],"is_beta":false,"boss_relics":[{"not_picked":["Empty Cage","Replay:Wanted Poster"],"picked":"Painkiller Herb"},{"not_picked":["Black Star","reliquary:Craggleroot"],"picked":"hubris:VirtuousBlindfold"}],"items_purged_floors":[],"is_endless":false,"potions_floor_spawned":[1,6,7,10,12,14,18,20,25,31,35,37,46,47,54],"ascension_level":3}}