{"host":"t7mx8yfj1no5p62f","time":1614124514,"event":{"mods":["BaseMod","Colored Map","Colored Powertips","Minty Spire (QoL Compilation)","Relic Stats","StSLib","ojb\u0027s Info Mod: The sequel"],"gold_per_floor":[115,125,125,140,140,140,150,181,206,206,206,206],"floor_reached":11,"language":"ENG","playtime":593,"items_purged":[],"score":146,"play_id":"c4759b2d-c3f6-4cd1-9ec5-eddfe5f0b6fc","local_time":"20210223185514","is_ascension_mode":true,"campfire_choices":[{"data":"True Grit","floor":6,"key":"SMITH"},{"data":"Bash","floor":10,"key":"SMITH"}],"circlet_count":0,"master_deck":["AscendersBane","Strike_R","Strike_R","Strike_R","Strike_R","Defend_R","Defend_R","Defend_R","Bash+1","Twin Strike+1","True Grit+1","Dark Embrace","Intimidate","Twin Strike"],"relics":["Burning Blood","Dream Catcher","Bronze Scales"],"acts_visited":["Exordium"],"potions_floor_usage":[7],"damage_taken":[{"damage":2,"enemies":"Small Slimes","floor":1,"turns":6},{"damage":8,"enemies":"2 Louse","floor":2,"turns":2},{"damage":2,"enemies":"Jaw Worm","floor":4,"turns":3},{"damage":11,"enemies":"Exordium Thugs","floor":7,"turns":4},{"damage":39,"enemies":"Lagavulin","floor":8,"turns":8},{"damage":31,"enemies":"3 Sentries","floor":11,"turns":5}],"seed_played":"-3233532693086566742","potions_obtained":[{"floor":4,"key":"Explosive Potion"},{"floor":7,"key":"SpeedPotion"}],"is_trial":false,"path_per_floor":["M","M","?","M","?","R","M","E","T","R","E"],"character_chosen":"IRONCLAD","items_purchased":[],"campfire_rested":0,"item_purchase_floors":[],"current_hp_per_floor":[68,66,66,68,68,68,63,30,30,30,0,0],"gold":206,"neow_bonus":"REMOVE_TWO","is_daily":false,"chose_seed":false,"campfire_upgraded":2,"win_rate":0.0,"timestamp":1614124514,"path_taken":["M","M","?","M","?","R","M","E","T","R","E"],"items_purchased_type":[],"build_version":"2020-12-22","purchased_purges":0,"victory":false,"max_hp_per_floor":[68,68,68,68,68,68,68,68,68,68,68,68],"relic_stats":{"Dream Catcher":0,"counters":[6,28],"Bronze Scales":[15],"obtain_stats":[{"Dream Catcher":8,"Bronze Scales":9,"Burning Blood":0},{"Dream Catcher":5,"Bronze Scales":5,"Burning Blood":0},{"Dream Catcher":23,"Bronze Scales":23,"Burning Blood":0}],"Burning Blood":24},"card_choices":[{"not_picked":["Body Slam","Ghostly Armor"],"picked":"Twin Strike","floor":1},{"not_picked":["Seeing Red","Rampage"],"picked":"True Grit","floor":2},{"not_picked":["Dual Wield","True Grit"],"picked":"Dark Embrace","floor":4},{"not_picked":["Warcry","Blood for Blood"],"picked":"Intimidate","floor":7},{"not_picked":["Sever Soul","Shrug It Off"],"picked":"Twin Strike","floor":8}],"player_experience":1989050,"relics_obtained":[{"floor":8,"key":"Dream Catcher"},{"floor":9,"key":"Bronze Scales"}],"event_choices":[{"damage_healed":0,"gold_gain":0,"player_choice":"Grow","damage_taken":0,"max_hp_gain":0,"max_hp_loss":0,"event_name":"Living Wall","floor":3,"gold_loss":0,"cards_upgraded":["Twin Strike"]},{"damage_healed":0,"gold_gain":0,"player_choice":"Ignored","damage_taken":0,"max_hp_gain":0,"max_hp_loss":0,"event_name":"Liars Game","floor":5,"gold_loss":0}],"is_beta":false,"boss_relics":[],"items_purged_floors":[],"is_endless":false,"potions_floor_spawned":[4,7],"killed_by":"3 Sentries","ascension_level":20}}