{"host":"djrarsjwv6revew5","time":1614112408,"event":{"mods":["2.2 Compatiblity","AchievementEnabler","BaseMod","Colored Map","Colored Powertips","DeckTracker","Highlight Path","Minty Spire (QoL Compilation)","Quick Restart","Random Character Button","Rare Cards Sparkle","Relic Stats","StSLib","SuperFastMode"],"gold_per_floor":[117,117,130,130,149,149,168,168,192,15,28,40,40,40,40,137,137,151,151,171,171,24,59,59,59,83,94,108,208,224,241,241,241,241],"floor_reached":33,"language":"POL","playtime":1582,"items_purged":[],"score":259,"play_id":"c58ce775-186c-470a-9096-6b92c5133e65","local_time":"20210223213328","is_ascension_mode":false,"campfire_choices":[{"data":"Dualcast","floor":6,"key":"SMITH"},{"floor":8,"key":"REST"},{"data":"Reinforced Body","floor":13,"key":"SMITH"},{"data":"Zap","floor":15,"key":"SMITH"},{"floor":24,"key":"REST"},{"floor":32,"key":"REST"}],"circlet_count":0,"master_deck":["Strike_B","Strike_B","Strike_B","Strike_B","Defend_B","Defend_B","Defend_B","Defend_B","Zap+1","Dualcast+1","Force Field","Steam","Self Repair","Sweeping Beam","Leap","Reinforced Body+1","Ball Lightning","Amplify","Beam Cell+1","Defragment","Rebound+1","Rebound+1","Gash","Gash","Compile Driver"],"relics":["Cracked Core","NeowsBlessing","MawBank","Ancient Tea Set","Nuclear Battery","TheAbacus","Bag of Preparation","Bronze Scales"],"acts_visited":["Exordium","TheCity"],"potions_floor_usage":[20,23,27,33],"damage_taken":[{"damage":0,"enemies":"2 Louse","floor":1,"turns":1},{"damage":0,"enemies":"Jaw Worm","floor":3,"turns":1},{"damage":0,"enemies":"Cultist","floor":5,"turns":1},{"damage":38,"enemies":"Gremlin Gang","floor":7,"turns":5},{"damage":2,"enemies":"Large Slime","floor":11,"turns":7},{"damage":0,"enemies":"Exordium Wildlife","floor":12,"turns":3},{"damage":70,"enemies":"Hexaghost","floor":16,"turns":13},{"damage":7,"enemies":"3 Byrds","floor":18,"turns":6},{"damage":21,"enemies":"Spheric Guardian","floor":20,"turns":5},{"damage":21,"enemies":"Book of Stabbing","floor":23,"turns":6},{"damage":9,"enemies":"Centurion and Healer","floor":27,"turns":7},{"damage":11,"enemies":"Snake Plant","floor":28,"turns":2},{"damage":8,"enemies":"3 Cultists","floor":30,"turns":6},{"damage":13,"enemies":"Centurion and Healer","floor":31,"turns":6},{"damage":77,"enemies":"Automaton","floor":33,"turns":10}],"seed_played":"-6089656297233189967","potions_obtained":[{"floor":3,"key":"AttackPotion"},{"floor":11,"key":"Fire Potion"},{"floor":12,"key":"SpeedPotion"},{"floor":16,"key":"AttackPotion"},{"floor":21,"key":"Weak Potion"},{"floor":23,"key":"EntropicBrew"},{"floor":27,"key":"GamblersBrew"}],"is_trial":false,"path_per_floor":["M","?","M","?","M","R","M","R","T","$","M","M","R","?","R","B",null,"M","?","M","?","$","E","R","$","T","M","M","?","M","M","R","B"],"character_chosen":"DEFECT","items_purchased":["Ancient Tea Set","Leap","TheAbacus"],"campfire_rested":3,"item_purchase_floors":[10,10,22],"current_hp_per_floor":[75,75,75,75,75,75,44,66,66,66,71,71,71,71,71,8,75,68,68,61,61,61,47,69,69,69,67,56,56,62,49,71,0,0],"gold":241,"neow_bonus":"THREE_ENEMY_KILL","is_daily":false,"chose_seed":false,"campfire_upgraded":3,"win_rate":0.0,"timestamp":1614112408,"path_taken":["M","?","M","?","M","R","M","R","T","?","?","?","R","?","R","BOSS","M","?","?","?","$","E","R","$","T","M","?","?","?","M","R","BOSS"],"items_purchased_type":["Relic","Card","Relic"],"build_version":"2020-12-22","purchased_purges":0,"victory":false,"max_hp_per_floor":[75,75,75,75,75,75,75,75,75,75,75,75,75,75,75,75,75,75,75,75,75,75,75,75,75,75,75,75,75,75,75,75,75,75],"relic_stats":{"TheAbacus":[36],"counters":[15,79],"Bronze Scales":[90],"Bag of Preparation":[10],"MawBank":12,"obtain_stats":[{"TheAbacus":22,"NeowsBlessing":0,"Bronze Scales":26,"Bag of Preparation":23,"Cracked Core":0,"MawBank":9,"Ancient Tea Set":10,"Nuclear Battery":17},{"TheAbacus":9,"NeowsBlessing":0,"Bronze Scales":10,"Bag of Preparation":10,"Cracked Core":0,"MawBank":4,"Ancient Tea Set":4,"Nuclear Battery":7},{"TheAbacus":42,"NeowsBlessing":0,"Bronze Scales":48,"Bag of Preparation":48,"Cracked Core":0,"MawBank":8,"Ancient Tea Set":8,"Nuclear Battery":31}]},"card_choices":[{"not_picked":["Rebound","Defragment"],"picked":"Force Field","floor":1},{"not_picked":["Doom and Gloom","Heatsinks"],"picked":"Steam","floor":3},{"not_picked":["Steam Power","Double Energy"],"picked":"Self Repair","floor":5},{"not_picked":["Genetic Algorithm","Compile Driver"],"picked":"Sweeping Beam","floor":7},{"not_picked":["Coolheaded","Hologram"],"picked":"Reinforced Body","floor":11},{"not_picked":["Hello World","Compile Driver"],"picked":"Ball Lightning","floor":12},{"not_picked":["Machine Learning","Rainbow"],"picked":"Amplify","floor":16},{"not_picked":["Static Discharge","Conserve Battery"],"picked":"Beam Cell+1","floor":18},{"not_picked":["Coolheaded","Stack"],"picked":"Defragment","floor":20},{"not_picked":["Gash","Go for the Eyes"],"picked":"Rebound+1","floor":23},{"not_picked":["Fission","Compile Driver"],"picked":"Rebound+1","floor":27},{"not_picked":["Chaos","Chill"],"picked":"Gash","floor":28},{"not_picked":["Lockon","Cold Snap"],"picked":"Gash","floor":30},{"not_picked":["Turbo+1","Coolheaded"],"picked":"Compile Driver","floor":31}],"player_experience":91477,"relics_obtained":[{"floor":9,"key":"MawBank"},{"floor":23,"key":"Bag of Preparation"},{"floor":26,"key":"Bronze Scales"}],"event_choices":[{"damage_healed":0,"gold_gain":0,"player_choice":"Ignored","damage_taken":0,"max_hp_gain":0,"max_hp_loss":0,"event_name":"Golden Idol","floor":2,"gold_loss":0},{"damage_healed":0,"gold_gain":0,"player_choice":"Fled","damage_taken":0,"max_hp_gain":0,"max_hp_loss":0,"event_name":"Scrap Ooze","floor":4,"gold_loss":0},{"damage_healed":0,"gold_gain":0,"player_choice":"Ignored","damage_taken":0,"max_hp_gain":0,"max_hp_loss":0,"event_name":"Golden Wing","floor":14,"gold_loss":0},{"damage_healed":0,"gold_gain":0,"player_choice":"Leave","damage_taken":0,"max_hp_gain":0,"max_hp_loss":0,"event_name":"FaceTrader","floor":19,"gold_loss":0},{"damage_healed":0,"gold_gain":0,"player_choice":"Got Potions","damage_taken":0,"max_hp_gain":0,"max_hp_loss":0,"event_name":"Lab","floor":21,"gold_loss":0},{"damage_healed":0,"gold_gain":100,"player_choice":"Pray","damage_taken":0,"max_hp_gain":0,"max_hp_loss":0,"event_name":"Golden Shrine","floor":29,"gold_loss":0}],"is_beta":false,"boss_relics":[{"not_picked":["Astrolabe","Coffee Dripper"],"picked":"Nuclear Battery"}],"items_purged_floors":[],"is_endless":false,"potions_floor_spawned":[3,11,12,16,23,27,28],"killed_by":"Automaton","ascension_level":0}}