{"host":"70zhvo5nwrhp1mbg","time":1614117833,"event":{"mods":["AchievementEnabler","BaseMod","Bestiary","Colored Map","Colored Powertips","Highlight Path","Minty Spire (QoL Compilation)","Rare Cards Sparkle","StSLib","ojb\u0027s Info Mod"],"gold_per_floor":[112,112,162,182,202,213,213,245,245,273,273,25,25,25,25,25,25],"floor_reached":16,"language":"ENG","playtime":1146,"items_purged":[],"score":300,"play_id":"1732cea1-ac2b-48ba-b591-5fb29819de50","local_time":"20210223170353","is_ascension_mode":true,"campfire_choices":[{"data":"Armaments","floor":7,"key":"SMITH"},{"data":"Body Slam","floor":11,"key":"SMITH"},{"data":"Juggernaut","floor":15,"key":"SMITH"}],"circlet_count":0,"master_deck":["AscendersBane","Strike_R","Strike_R","Strike_R","Strike_R","Strike_R","Defend_R","Defend_R","Defend_R","Defend_R","Bash","Iron Wave","Clothesline","Headbutt","Armaments+1","Body Slam+1","Juggernaut+1","Fire Breathing+1"],"relics":["Burning Blood","Pen Nib","Omamori","Mummified Hand","Molten Egg 2","Regal Pillow"],"acts_visited":["Exordium"],"potions_floor_usage":[10,10],"damage_taken":[{"damage":5.0,"enemies":"2 Louse","floor":1.0,"turns":4.0},{"damage":7.0,"enemies":"Jaw Worm","floor":4.0,"turns":2.0},{"damage":1.0,"enemies":"Cultist","floor":5.0,"turns":4.0},{"damage":11,"enemies":"Looter","floor":6,"turns":4},{"damage":19,"enemies":"Gremlin Nob","floor":8,"turns":4},{"damage":27,"enemies":"Lagavulin","floor":10,"turns":7},{"damage":60,"enemies":"Slime Boss","floor":16,"turns":6}],"seed_played":"4236176343236288988","potions_obtained":[{"floor":4.0,"key":"Block Potion"},{"floor":6,"key":"BloodPotion"},{"floor":10,"key":"ElixirPotion"}],"is_trial":false,"path_per_floor":["M","?","?","M","M","M","R","E","T","E","R","$","?","?","R","B"],"character_chosen":"IRONCLAD","items_purchased":["Regal Pillow","Fire Breathing"],"campfire_rested":0,"item_purchase_floors":[12,12],"current_hp_per_floor":[69,69,69,68,73,68,68,55,55,49,49,49,49,54,54,0,0],"gold":25,"neow_bonus":"RANDOM_COMMON_RELIC","is_daily":false,"chose_seed":false,"campfire_upgraded":3,"win_rate":0.0,"timestamp":1614117833,"path_taken":["M","?","?","M","?","M","R","E","T","E","R","$","?","?","R","BOSS"],"items_purchased_type":["Relic","Card"],"build_version":"2020-12-22","purchased_purges":0,"victory":false,"max_hp_per_floor":[75,75,75,75,75,75,75,75,75,75,75,75,75,80,80,80,80],"card_choices":[{"not_picked":["Twin Strike","Inflame"],"picked":"Iron Wave","floor":1.0},{"not_picked":["Body Slam","Seeing Red"],"picked":"Clothesline","floor":4.0},{"not_picked":["Rupture","Dual Wield"],"picked":"Headbutt","floor":5},{"not_picked":["Flex","True Grit"],"picked":"Armaments","floor":6},{"not_picked":["Second Wind","Havoc"],"picked":"Body Slam","floor":8},{"not_picked":["Flex","Dark Embrace"],"picked":"Juggernaut","floor":10}],"player_experience":696153,"relics_obtained":[{"floor":8,"key":"Omamori"},{"floor":9,"key":"Mummified Hand"},{"floor":10,"key":"Molten Egg 2"}],"event_choices":[{"damage_healed":0.0,"max_hp_gain":0.0,"max_hp_loss":0.0,"gold_gain":0.0,"event_name":"Golden Wing","player_choice":"Ignored","floor":2.0,"gold_loss":0.0,"damage_taken":0.0},{"damage_healed":0.0,"max_hp_gain":0.0,"max_hp_loss":0.0,"gold_gain":50.0,"event_name":"Golden Shrine","player_choice":"Pray","floor":3.0,"gold_loss":0.0,"damage_taken":0.0},{"damage_healed":0,"gold_gain":0,"player_choice":"Grow","damage_taken":0,"max_hp_gain":0,"max_hp_loss":0,"event_name":"Living Wall","floor":13,"gold_loss":0,"cards_upgraded":["Fire Breathing"]},{"damage_healed":0,"gold_gain":0,"player_choice":"Donut","damage_taken":0,"max_hp_gain":5,"max_hp_loss":0,"event_name":"Big Fish","floor":14,"gold_loss":0}],"is_beta":false,"boss_relics":[],"items_purged_floors":[],"is_endless":false,"potions_floor_spawned":[4,6,10],"killed_by":"Slime Boss","ascension_level":18}}