{"host":"sr8h12zimc8zi8zs","time":1614075226,"event":{"mods":["2.2 Compatiblity","AchievementEnabler","BaseMod","CapriCore","GifTheSpireLib","Minty Spire (QoL Compilation)","Permanent Neow","Prisma Mod","StSLib"],"gold_per_floor":[52,52,52,52,52,52,118,118,170,170,239,290,290,270,270,474,474,489,560,575,575,619,619,634,672,672,713,713,762,762,762,762,882,882,903,951,321,410,429,494,494,509,509,524,524,524,48,67,67,67,67,67,67,102,102],"floor_reached":56,"language":"KOR","playtime":5668,"items_purged":["PrismaMod:ChloeCommonAttack"],"score":1245,"play_id":"75ea8e71-88af-4c0d-baab-6557997d302b","local_time":"20210223191346","is_ascension_mode":false,"campfire_choices":[{"data":"HandOfGreed","floor":6.0,"key":"SMITH"},{"data":"PrismaMod:ChloeCheapDefend","floor":8.0,"key":"SMITH"},{"data":"PrismaMod:ChloeCheapAttack","floor":10.0,"key":"SMITH"},{"data":"PrismaMod:ChloeExcalibur","floor":13.0,"key":"SMITH"},{"floor":15.0,"key":"RECALL"},{"data":"PrismaMod:ChloeCheapAttackTwo","floor":23,"key":"SMITH"},{"data":"PrismaMod:ChloeRuleBreaker","floor":28,"key":"SMITH"},{"floor":32,"key":"REST"},{"floor":45,"key":"REST"},{"data":"PrismaMod:ChloeUnlimitedBladeWorks","floor":49,"key":"SMITH"},{"floor":52,"key":"DIG"}],"circlet_count":0,"master_deck":["PrismaMod:ChloeCommonAttack+1","PrismaMod:ChloeCommonAttack+1","PrismaMod:ChloeCommonDefend","PrismaMod:ChloeCommonDefend+1","PrismaMod:ChloeCommonDefend+1","PrismaMod:ChloeCommonDefend+1","PrismaMod:ChloeCheapAttack+1","PrismaMod:ChloeCheapDefend+1","HandOfGreed+1","PrismaMod:ChloeRuleBreaker+1","PrismaMod:ChloeExcalibur+1","PrismaMod:ChloeExhaustOne","PrismaMod:ChloeCarnivalDefend+1","PrismaMod:ChloeExhaustOne","PrismaMod:ChloeEyeOfTheEuryale+1","PrismaMod:ChloeUnlimitedBladeWorks+1","PrismaMod:ChloeMaid","PrismaMod:ChloeCheapAttackTwo+1","PrismaMod:ChloeDiscardRecovery+1","PrismaMod:ChloeExcalibur+1","PrismaMod:ChloeUnlimitedBladeWorks+1","PrismaMod:ChloeExhaustThree+1","PrismaMod:ChloeEyeOfTheEuryale+1"],"relics":["PrismaMod:PrismaTraceOn","Golden Idol","Art of War","Orichalcum","Odd Mushroom","Black Star","Gremlin Horn","Ancient Tea Set","Dream Catcher","Singing Bowl","SlaversCollar","Oddly Smooth Stone","Kunai","HandDrill","Shovel","The Courier","PreservedInsect","Mummified Hand","Medical Kit","Potion Belt","Bronze Scales","Akabeko","Pantograph","Bird Faced Urn","War Paint"],"acts_visited":["Exordium","TheCity","TheBeyond","TheEnding"],"potions_floor_usage":[24,33,40,55,55,55,55],"damage_taken":[{"damage":1.0,"enemies":"Small Slimes","floor":1.0,"turns":4.0},{"damage":0.0,"enemies":"2 Louse","floor":7.0,"turns":5.0},{"damage":7.0,"enemies":"Lagavulin","floor":11.0,"turns":7.0},{"damage":10.0,"enemies":"The Mushroom Lair","floor":12.0,"turns":4.0},{"damage":30.0,"enemies":"Slime Boss","floor":16.0,"turns":10.0},{"damage":14.0,"enemies":"2 Thieves","floor":18.0,"turns":4.0},{"damage":1,"enemies":"3 Byrds","floor":19,"turns":4},{"damage":0,"enemies":"Sentry and Sphere","floor":20,"turns":3},{"damage":8,"enemies":"Snecko","floor":22,"turns":5},{"damage":4,"enemies":"Chosen and Byrds","floor":24,"turns":5},{"damage":10,"enemies":"Centurion and Healer","floor":25,"turns":6},{"damage":18,"enemies":"Gremlin Leader","floor":27,"turns":5},{"damage":0,"enemies":"Cultist and Chosen","floor":29,"turns":4},{"damage":39,"enemies":"Automaton","floor":33,"turns":10},{"damage":18,"enemies":"3 Darklings","floor":35,"turns":5},{"damage":0,"enemies":"3 Shapes","floor":36,"turns":2},{"damage":13,"enemies":"2 Orb Walkers","floor":38,"turns":4},{"damage":3,"enemies":"Sphere and 2 Shapes","floor":39,"turns":5},{"damage":18,"enemies":"Nemesis","floor":40,"turns":6},{"damage":1,"enemies":"Writhing Mass","floor":42,"turns":5},{"damage":4,"enemies":"3 Darklings","floor":44,"turns":7},{"damage":0,"enemies":"Maw","floor":48,"turns":9},{"damage":33,"enemies":"Time Eater","floor":50,"turns":9},{"damage":0,"enemies":"Shield and Spear","floor":54,"turns":2},{"damage":77,"enemies":"The Heart","floor":55,"turns":8}],"seed_played":"3875067894529128947","potions_obtained":[{"floor":1.0,"key":"Ancient Potion"},{"floor":12.0,"key":"SkillPotion"},{"floor":14.0,"key":"LiquidMemories"},{"floor":18.0,"key":"SpeedPotion"},{"floor":24,"key":"FairyPotion"},{"floor":36,"key":"Strength Potion"},{"floor":42,"key":"Ancient Potion"}],"is_trial":false,"path_per_floor":["M","?","$","?","T","R","M","R","T","R","E","?","R","?","R","B",null,"M","M","M","?","M","R","M","M","T","E","R","M","?","T","R","B",null,"M","M","$","?","M","E","?","M","T","M","R","?","$","M","R","B",null,"R","$","E","B",null],"character_chosen":"CHLOE","items_purchased":["Oddly Smooth Stone","Kunai","HandDrill","Medical Kit","Potion Belt","Bronze Scales","Akabeko"],"campfire_rested":2,"item_purchase_floors":[37,37,37,47,47,47,47],"current_hp_per_floor":[74,74,74,56,56,56,56,56,56,56,49,39,39,39,39,9,75,61,60,60,60,52,52,48,38,38,20,20,20,20,20,44,5,77,61,63,63,52,51,33,33,34,34,32,60,60,60,62,62,29,93,93,93,95,18],"gold":102,"neow_bonus":"RANDOM_COLORLESS_2","is_daily":false,"chose_seed":false,"campfire_upgraded":7,"win_rate":0.0,"timestamp":1614075226,"path_taken":["M","?","$","?","?","R","M","R","T","R","E","?","R","?","R","BOSS","M","M","M","?","M","R","M","M","T","E","R","M","?","?","R","BOSS","M","M","$","?","M","E","?","?","T","M","R","?","$","M","R","BOSS","R","$","E","BOSS"],"items_purchased_type":["Relic","Relic","Relic","Relic","Relic","Relic","Relic"],"build_version":"2020-12-22","purchased_purges":1,"victory":true,"max_hp_per_floor":[75,75,75,75,75,75,75,75,75,75,75,75,75,75,75,75,75,75,75,75,75,75,75,75,75,75,75,75,75,75,75,77,77,77,79,81,81,83,85,85,85,87,87,89,91,91,91,93,93,93,93,93,93,95,95],"card_choices":[{"not_picked":["Chrysalis","Transmutation"],"picked":"HandOfGreed","floor":0.0},{"not_picked":["PrismaMod:ChloeDiscardRecovery","PrismaMod:ChloeRhongomyniad"],"picked":"PrismaMod:ChloeRuleBreaker","floor":1.0},{"not_picked":["PrismaMod:ChloeCommonAOEAttack","PrismaMod:ChloeCheapAttack","PrismaMod:ChloeCheapDefendTwo"],"picked":"SKIP","floor":7.0},{"not_picked":["PrismaMod:ChloeCaladbolg","PrismaMod:ChloeCheapDefendTwo"],"picked":"PrismaMod:ChloeExcalibur","floor":11.0},{"not_picked":["PrismaMod:ChloeCheapDefendTwo","PrismaMod:ChloeCheapDefend"],"picked":"PrismaMod:ChloeExhaustOne","floor":12.0},{"not_picked":["PrismaMod:ChloeAnyRareTrace","PrismaMod:ChloeAnySkillTrace"],"picked":"PrismaMod:ChloeCarnivalDefend","floor":16.0},{"not_picked":["PrismaMod:ChloeCheapDefendTwo","PrismaMod:ChloeCheapAttack"],"picked":"PrismaMod:ChloeExhaustOne","floor":18.0},{"not_picked":["PrismaMod:ChloeExcalibur+1","PrismaMod:ChloeExhaustOne"],"picked":"PrismaMod:ChloeEyeOfTheEuryale+1","floor":19},{"not_picked":["PrismaMod:ChloeCheapAttack","PrismaMod:ChloeCheapDefend","PrismaMod:ChloeCheapDefendTwo"],"picked":"SKIP","floor":20},{"not_picked":["PrismaMod:ChloeCheapAttack","PrismaMod:ChloeBetterTracePools"],"picked":"PrismaMod:ChloeCheapAttackTwo","floor":22},{"not_picked":["PrismaMod:ChloeMordred","PrismaMod:ChloeCheapAttack"],"picked":"PrismaMod:ChloeDiscardRecovery","floor":24},{"not_picked":["PrismaMod:ChloeDiscardRecovery+1","PrismaMod:ChloeExhaustOne+1"],"picked":"PrismaMod:ChloeExcalibur+1","floor":25},{"not_picked":["PrismaMod:ChloeDiscardRecovery","PrismaMod:ChloeCheapAttack","PrismaMod:ChloeChristmas"],"picked":"SKIP","floor":27},{"not_picked":["PrismaMod:ChloeDiscardRecovery","PrismaMod:ChloeMaid","PrismaMod:ChloeCheapAttack"],"picked":"SKIP","floor":29},{"not_picked":["PrismaMod:ChloeMaid+1","PrismaMod:ChloeCheapDefendTwo","PrismaMod:ChloeCaladbolg"],"picked":"Singing Bowl","floor":32},{"not_picked":["PrismaMod:ChloeAnyCommonTrace","PrismaMod:ChloeHalloween"],"picked":"PrismaMod:ChloeExhaustThree","floor":33},{"not_picked":["PrismaMod:ChloeExhaustOne","PrismaMod:ChloeCommonAOEAttack","PrismaMod:ChloeCheapAttack"],"picked":"Singing Bowl","floor":35},{"not_picked":["PrismaMod:ChloeUncommonAOEAttack","PrismaMod:ChloeCommonAOEAttack+1","PrismaMod:ChloeUncommonAttack"],"picked":"Singing Bowl","floor":36},{"not_picked":["PrismaMod:ChloeCheapAttackTwo+1","PrismaMod:ChloeCommonAOEAttack+1","PrismaMod:ChloeRitsuka"],"picked":"Singing Bowl","floor":38},{"not_picked":["PrismaMod:ChloeChristmas+1","PrismaMod:ChloeBetterTracePools+1","PrismaMod:ChloeUncommonAOEAttack"],"picked":"Singing Bowl","floor":39},{"not_picked":["PrismaMod:ChloeCheapAttackTwo+1","PrismaMod:ChloeExhaustOne+1"],"picked":"PrismaMod:ChloeEyeOfTheEuryale+1","floor":40},{"not_picked":["PrismaMod:ChloeBetterTracePools+1","PrismaMod:ChloeCheapAttackTwo+1","PrismaMod:ChloeCheapDefend"],"picked":"Singing Bowl","floor":42},{"not_picked":["PrismaMod:ChloeExhaustOne+1","PrismaMod:ChloeCheapAttackTwo+1","PrismaMod:ChloeCheapAttack"],"picked":"Singing Bowl","floor":44},{"not_picked":["PrismaMod:ChloeCheapDefendTwo+1","PrismaMod:ChloeUncommonDefend+1","PrismaMod:ChloeCommonAOEAttack+1"],"picked":"Singing Bowl","floor":45},{"not_picked":["PrismaMod:ChloeCheapDefendTwo+1","PrismaMod:ChloeBetterTracePools","PrismaMod:ChloeRhongomyniad"],"picked":"Singing Bowl","floor":48},{"not_picked":["PrismaMod:ChloeExhaustTwo","PrismaMod:ChloeCheapAttackTwo+1","PrismaMod:ChloeMordred+1"],"picked":"Singing Bowl","floor":54}],"player_experience":173678,"relics_obtained":[{"floor":9.0,"key":"Art of War"},{"floor":11.0,"key":"Orichalcum"},{"floor":12.0,"key":"Odd Mushroom"},{"floor":26,"key":"Gremlin Horn"},{"floor":27,"key":"Ancient Tea Set"},{"floor":27,"key":"Dream Catcher"},{"floor":31,"key":"Singing Bowl"},{"floor":38,"key":"Shovel"},{"floor":40,"key":"The Courier"},{"floor":40,"key":"PreservedInsect"},{"floor":43,"key":"Mummified Hand"},{"floor":52,"key":"Pantograph"},{"floor":54,"key":"Bird Faced Urn"},{"floor":54,"key":"War Paint"}],"event_choices":[{"damage_healed":0.0,"max_hp_gain":0.0,"max_hp_loss":0.0,"gold_gain":0.0,"event_name":"Liars Game","player_choice":"Ignored","floor":2.0,"gold_loss":0.0,"damage_taken":0.0},{"damage_healed":0.0,"max_hp_gain":0.0,"max_hp_loss":0.0,"gold_gain":0.0,"event_name":"Golden Idol","player_choice":"Take Damage","floor":4.0,"gold_loss":0.0,"damage_taken":18.0,"relics_obtained":["Golden Idol"]},{"damage_healed":0.0,"max_hp_gain":0.0,"max_hp_loss":0.0,"gold_gain":0.0,"event_name":"Mushrooms","player_choice":"Fought Mushrooms","floor":12.0,"gold_loss":0.0,"damage_taken":0.0},{"damage_healed":0.0,"max_hp_gain":0.0,"max_hp_loss":0.0,"gold_gain":0.0,"event_name":"The Woman in Blue","player_choice":"Bought 1 Potion","floor":14.0,"gold_loss":0.0,"damage_taken":0.0},{"damage_healed":0,"gold_gain":0,"cards_transformed":["PrismaMod:ChloeCommonAttack","PrismaMod:ChloeCommonDefend"],"player_choice":"Became Test Subject","damage_taken":0,"max_hp_gain":0,"max_hp_loss":0,"event_name":"Drug Dealer","floor":21,"gold_loss":0,"cards_obtained":["PrismaMod:ChloeUnlimitedBladeWorks","PrismaMod:ChloeMaid"]},{"damage_healed":0,"gold_gain":0,"player_choice":"Read","damage_taken":0,"max_hp_gain":0,"max_hp_loss":0,"event_name":"The Library","floor":30,"gold_loss":0,"cards_obtained":["PrismaMod:ChloeUnlimitedBladeWorks"]},{"damage_healed":0,"gold_gain":0,"player_choice":"Fight","damage_taken":0,"max_hp_gain":0,"max_hp_loss":0,"event_name":"Mysterious Sphere","floor":38,"gold_loss":0},{"cards_removed":["PrismaMod:ChloeCommonAttack"],"damage_healed":0,"gold_gain":0,"player_choice":"Purged","damage_taken":0,"max_hp_gain":0,"max_hp_loss":0,"event_name":"Purifier","floor":41,"gold_loss":0},{"damage_healed":0,"gold_gain":0,"player_choice":"Ignored","damage_taken":0,"max_hp_gain":0,"max_hp_loss":0,"event_name":"Tomb of Lord Red Mask","floor":46,"gold_loss":0}],"is_beta":false,"boss_relics":[{"not_picked":["Philosopher\u0027s Stone","Empty Cage"],"picked":"Black Star"},{"not_picked":["Fusion Hammer","Busted Crown"],"picked":"SlaversCollar"}],"items_purged_floors":[37],"is_endless":false,"potions_floor_spawned":[1,12,18,19,24,27,29,36,39,40,42],"ascension_level":0}}