{"host":"350rh84kbmtekt58","time":1614040759,"event":{"mods":["AchievementEnabler","Act Like it!","BaseMod","Better Synergies","Block Reminder","CapriCore","Challenge The Spire","Colored Map","Colored Powertips","Communication Mod","Downfall","Energized Spire","Friendly Minions","GifTheSpireLib","Highlight Path","Minty Spire (QoL Compilation)","Quick Restart","Replay The Spire","Shop Mod","StSLib","The Animator","The Disciple","The Immortal","The Marked","The Runesmith","The Servant 0.9.4","The Wild Card","Transform Curses","yUi"],"gold_per_floor":[109,122,140,158,158,190,190,12,38,38,38,38,38,71,83,95,95],"floor_reached":16,"language":"ENG","playtime":855,"items_purged":[],"score":113,"play_id":"827dfe81-9bf1-4b76-859e-1a87f4d157ec","local_time":"20210222183919","is_ascension_mode":true,"campfire_choices":[{"floor":7,"key":"REST"},{"data":"BasicCrystalCard","floor":11,"key":"SMITH"},{"floor":15,"key":"REST"}],"circlet_count":0,"master_deck":["Strike_B","Strike_B","Strike_B","Strike_B","Defend_B","Defend_B","Defend_B","Defend_B","Zap","Dualcast","Fusion","Go for the Eyes","BootSequence","BasicCrystalCard+1","Double Energy","Ball Lightning","Crystallizer"],"relics":["energizedSpire:DeadBattery","Bag of Marbles","Vajra","Strange Spoon","Oddly Smooth Stone","Golden Idol","MawBank"],"acts_visited":["Exordium"],"potions_floor_usage":[6],"damage_taken":[{"damage":1,"enemies":"Cultist","floor":1,"turns":3},{"damage":5,"enemies":"2 Louse","floor":2,"turns":3},{"damage":0,"enemies":"Small Slimes","floor":3,"turns":4},{"damage":9,"enemies":"Blue Slaver","floor":4,"turns":5},{"damage":23,"enemies":"Lagavulin","floor":6,"turns":7},{"damage":31,"enemies":"Gremlin Nob","floor":14,"turns":4},{"damage":45,"enemies":"Hexaghost","floor":16,"turns":11}],"seed_played":"6844943467992889753","potions_obtained":[{"floor":1,"key":"SneckoOil"},{"floor":2,"key":"SmokeBomb"}],"is_trial":false,"path_per_floor":["M","M","M","M","?","E","R","$","T","$","R","?","$","E","R","B"],"character_chosen":"DEFECT","items_purchased":["Strange Spoon","Ball Lightning"],"campfire_rested":2,"item_purchase_floors":[8,8],"current_hp_per_floor":[74,69,69,60,57,34,56,56,56,56,56,56,56,25,45,0,0],"gold":95,"neow_bonus":"BOSS_RELIC","is_daily":false,"chose_seed":false,"campfire_upgraded":1,"win_rate":0.0,"timestamp":1614040759,"path_taken":["M","M","?","M","?","E","R","$","T","$","R","?","$","E","R","BOSS"],"items_purchased_type":["Relic","Card"],"build_version":"2020-12-22","purchased_purges":0,"victory":false,"max_hp_per_floor":[75,75,75,75,75,75,75,75,75,75,75,69,69,69,69,69,69],"card_choices":[{"not_picked":["Go for the Eyes","Barrage"],"picked":"Fusion","floor":1},{"not_picked":["Panic Button","Rip and Tear"],"picked":"Go for the Eyes","floor":2},{"not_picked":["Recycle","Auto Shields"],"picked":"BootSequence","floor":3},{"not_picked":["Compile Driver","Fusion"],"picked":"BasicCrystalCard","floor":4},{"not_picked":["Force Field","Ball Lightning"],"picked":"Double Energy","floor":6},{"not_picked":["Steam Power","Beam Cell"],"picked":"Crystallizer","floor":14}],"player_experience":269336,"relics_obtained":[{"floor":6,"key":"Vajra"},{"floor":9,"key":"Oddly Smooth Stone"},{"floor":14,"key":"MawBank"}],"event_choices":[{"damage_healed":0,"gold_gain":0,"player_choice":"Success","damage_taken":3,"relics_obtained":["Bag of Marbles"],"max_hp_gain":0,"max_hp_loss":0,"event_name":"Scrap Ooze","floor":5,"gold_loss":0},{"damage_healed":0,"gold_gain":0,"player_choice":"Lose Max HP","damage_taken":0,"relics_obtained":["Golden Idol"],"max_hp_gain":0,"max_hp_loss":6,"event_name":"Golden Idol","floor":12,"gold_loss":0}],"is_beta":false,"boss_relics":[],"items_purged_floors":[],"is_endless":false,"potions_floor_spawned":[1,2],"killed_by":"Hexaghost","ascension_level":1}}