{"host":"z439itq93uucuvou","time":1614043440,"event":{"mods":["BaseMod","Colored Powertips","Downfall","Jorbs\u0027s Wanderer Trilogy","Minty Spire (QoL Compilation)","StSLib"],"gold_per_floor":[99,119,119,132,132,132,132,146,157,175,204,218,232,232,232,232],"floor_reached":14,"language":"ENG","playtime":683,"items_purged":[],"score":99,"play_id":"5538b76f-58af-47de-bcb6-0e2586d65dee","local_time":"20210222172400","is_ascension_mode":true,"campfire_choices":[{"data":"champ:Taunt","floor":1.0,"key":"SMITH"},{"data":"champ:FalseCounter","floor":6.0,"key":"SMITH"}],"circlet_count":0,"master_deck":["champ:Strike","champ:Strike","champ:Strike","champ:Strike","champ:Defend","champ:Defend","champ:Defend","champ:Defend","champ:Execute","champ:Taunt+1","champ:FalseCounter+1","champ:FaceSlap","champ:EnGarde","champ:PreemptiveStrike","champ:AdrenalArmor","champ:BerserkerStyle","champ:RageSigil","champ:Lariat"],"relics":["champ:ChampionCrown","champ:LiftRelic","Bottled Lightning","White Beast Statue","Ornamental Fan"],"acts_visited":["Exordium"],"potions_floor_usage":[14],"damage_taken":[{"damage":31.0,"enemies":"Jaw Worm","floor":2.0,"turns":5.0},{"damage":11.0,"enemies":"Cultist","floor":4.0,"turns":4.0},{"damage":10.0,"enemies":"Small Slimes","floor":8.0,"turns":5.0},{"damage":15.0,"enemies":"downfall:LooterAlt","floor":9.0,"turns":3.0},{"damage":15.0,"enemies":"Exordium Thugs","floor":10.0,"turns":6.0},{"damage":68.0,"enemies":"Lagavulin","floor":11.0,"turns":6.0},{"damage":45.0,"enemies":"Large Slime","floor":12.0,"turns":6.0},{"damage":37.0,"enemies":"2 Fungi Beasts","floor":13.0,"turns":5.0},{"damage":71,"enemies":"Gremlin Nob","floor":14,"turns":3}],"seed_played":"6550120771671823463","potions_obtained":[{"floor":2.0,"key":"Strength Potion"},{"floor":8.0,"key":"LiquidBronze"},{"floor":9.0,"key":"SteroidPotion"},{"floor":10.0,"key":"bronze:BurnAndBuffPotion"},{"floor":11.0,"key":"champ:TechniquePotion"}],"is_trial":false,"path_per_floor":["R","M","?","M","T","R","T","M","M","M","E","M","M","E"],"character_chosen":"THE_CHAMP","items_purchased":[],"campfire_rested":0,"item_purchase_floors":[],"current_hp_per_floor":[99,88,88,87,87,87,87,87,87,87,59,59,46,0,0,0],"gold":232,"neow_bonus":"TEN_PERCENT_HP_BONUS","is_daily":false,"chose_seed":false,"campfire_upgraded":2,"win_rate":0.0,"timestamp":1614043440,"path_taken":["R","M","?","M","?","R","T","?","M","M","E","M","M","E"],"items_purchased_type":[],"build_version":"2020-12-22","purchased_purges":0,"victory":false,"max_hp_per_floor":[99,99,99,99,99,99,99,99,99,99,99,99,99,99,99,99],"card_choices":[{"not_picked":["champ:AdrenalArmor","champ:ShieldSigil"],"picked":"champ:FalseCounter","floor":2.0},{"not_picked":["champ:BladeFlurry","champ:RageSigil"],"picked":"champ:FaceSlap","floor":4.0},{"not_picked":["champ:PreciseThrust","champ:PerfectedStrike"],"picked":"champ:EnGarde","floor":8.0},{"not_picked":["champ:BladeFlurry","champ:FlashCut"],"picked":"champ:PreemptiveStrike","floor":9.0},{"not_picked":["champ:TornadoPunch","champ:FancyFootwork"],"picked":"champ:AdrenalArmor","floor":10.0},{"not_picked":["champ:PreciseThrust","champ:CrookedStrike"],"picked":"champ:BerserkerStyle","floor":11.0},{"not_picked":["champ:Shatter","champ:TornadoPunch"],"picked":"champ:RageSigil","floor":12.0},{"not_picked":["champ:DeathBlow","champ:BladeFlurry"],"picked":"champ:Lariat","floor":13.0}],"player_experience":1732441,"relics_obtained":[{"floor":5.0,"key":"Bottled Lightning"},{"floor":7.0,"key":"White Beast Statue"},{"floor":11.0,"key":"Ornamental Fan"}],"event_choices":[],"is_beta":false,"boss_relics":[],"items_purged_floors":[],"is_endless":false,"potions_floor_spawned":[2,8,9,10,11,12,13],"killed_by":"Gremlin Nob","ascension_level":1}}