{"host":"r4yhuzs0e1z69tr3","time":1614056557,"event":{"mods":["BaseMod","Minty Spire (QoL Compilation)","Rare Cards Sparkle"],"gold_per_floor":[215,0,64,44,62,62,90,100,172,172,172,184,194,212,212,313,313,324,342,194,194,194,222,234,268,268,268,268],"floor_reached":27,"language":"ENG","playtime":838,"items_purged":[],"score":291,"play_id":"645d916f-a4bc-4372-97b4-125992ed3751","local_time":"20210223000237","is_ascension_mode":true,"campfire_choices":[{"data":"Static Discharge","floor":6.0,"key":"SMITH"},{"data":"Dualcast","floor":10.0,"key":"SMITH"},{"data":"Darkness","floor":15.0,"key":"SMITH"}],"circlet_count":0,"master_deck":["Defend_B","Defend_B+1","Defend_B","Defend_B","Zap","Dualcast+1","Doom and Gloom","Static Discharge+1","Beam Cell","FTL","Sunder","Darkness+1","Darkness+1","Melter","Thunder Strike","Rebound+1","Bite","Bite","Bite","Bite","Bite","Static Discharge"],"relics":["Cracked Core","Bag of Marbles","Boot","Blue Candle","Sozu","War Paint","Singing Bowl","Vajra","Oddly Smooth Stone","Meat on the Bone"],"acts_visited":["Exordium","TheCity"],"potions_floor_usage":[27,27],"damage_taken":[{"damage":2.0,"enemies":"2 Louse","floor":1.0,"turns":3.0},{"damage":8.0,"enemies":"Jaw Worm","floor":5.0,"turns":3.0},{"damage":18.0,"enemies":"3 Sentries","floor":7.0,"turns":4.0},{"damage":0.0,"enemies":"Cultist","floor":8.0,"turns":3.0},{"damage":6.0,"enemies":"Exordium Wildlife","floor":12.0,"turns":3.0},{"damage":0.0,"enemies":"Lots of Slimes","floor":13.0,"turns":1.0},{"damage":0.0,"enemies":"Blue Slaver","floor":14.0,"turns":2.0},{"damage":28.0,"enemies":"The Guardian","floor":16.0,"turns":7.0},{"damage":0.0,"enemies":"Spheric Guardian","floor":18.0,"turns":2.0},{"damage":5.0,"enemies":"Chosen","floor":19.0,"turns":3.0},{"damage":12.0,"enemies":"Gremlin Leader","floor":23.0,"turns":4.0},{"damage":13.0,"enemies":"3 Cultists","floor":24.0,"turns":3.0},{"damage":33.0,"enemies":"Slavers","floor":25.0,"turns":3.0},{"damage":19,"enemies":"Gremlin Leader","floor":27,"turns":3}],"seed_played":"-5366353256113847028","potions_obtained":[{"floor":1.0,"key":"PowerPotion"},{"floor":4.0,"key":"DistilledChaos"},{"floor":13.0,"key":"Swift Potion"}],"is_trial":false,"path_per_floor":["M","$","?","?","M","R","E","M","T","R","?","M","M","M","R","B",null,"M","M","$","?","T","E","M","E","T","E"],"character_chosen":"DEFECT","items_purchased":["Static Discharge","Bag of Marbles","War Paint"],"campfire_rested":0,"item_purchase_floors":[2,2,20],"current_hp_per_floor":[73,73,73,73,65,65,47,47,47,47,47,41,41,41,41,13,75,75,70,70,52,52,45,38,11,11,0,0],"gold":268,"neow_bonus":"HUNDRED_GOLD","is_daily":false,"chose_seed":false,"campfire_upgraded":3,"win_rate":0.0,"timestamp":1614056557,"path_taken":["M","$","?","?","M","R","E","?","T","R","?","M","M","?","R","BOSS","M","M","$","?","?","E","?","E","T","E"],"items_purchased_type":["Card","Relic","Relic"],"build_version":"2020-12-22","purchased_purges":0,"victory":false,"max_hp_per_floor":[75,75,75,75,75,75,75,75,75,75,75,75,75,75,75,75,75,75,75,75,52,52,52,54,56,56,56,56],"card_choices":[{"not_picked":["Storm","Rebound"],"picked":"Doom and Gloom","floor":1.0},{"not_picked":["Compile Driver","Leap"],"picked":"Beam Cell","floor":5.0},{"not_picked":["Cold Snap","Doom and Gloom"],"picked":"FTL","floor":7.0},{"not_picked":["Sweeping Beam","Turbo"],"picked":"Sunder","floor":8.0},{"not_picked":["Compile Driver","Gash"],"picked":"Darkness","floor":12.0},{"not_picked":["Hyperbeam","Stack"],"picked":"Darkness","floor":13.0},{"not_picked":["BootSequence","Steam"],"picked":"Melter","floor":14.0},{"not_picked":["Hyperbeam","Meteor Strike"],"picked":"Thunder Strike","floor":16.0},{"not_picked":["Compile Driver","Hologram"],"picked":"Rebound+1","floor":18.0},{"not_picked":["Genetic Algorithm+1","Thunder Strike","Sweeping Beam"],"picked":"SKIP","floor":19.0},{"not_picked":["Chaos","Stack"],"picked":"Static Discharge","floor":23.0},{"not_picked":["Chill","Ball Lightning","Auto Shields"],"picked":"Singing Bowl","floor":24.0},{"not_picked":["Defragment+1","Core Surge","Rebound+1"],"picked":"Singing Bowl","floor":25.0}],"player_experience":172913,"relics_obtained":[{"floor":7.0,"key":"Boot"},{"floor":9.0,"key":"Blue Candle"},{"floor":22.0,"key":"Singing Bowl"},{"floor":23.0,"key":"Vajra"},{"floor":25.0,"key":"Oddly Smooth Stone"},{"floor":26.0,"key":"Meat on the Bone"}],"event_choices":[{"damage_healed":0.0,"max_hp_gain":0.0,"max_hp_loss":0.0,"gold_gain":64.0,"event_name":"Golden Wing","player_choice":"Gained Gold","floor":3.0,"gold_loss":0.0,"damage_taken":0.0},{"damage_healed":0.0,"max_hp_gain":0.0,"max_hp_loss":0.0,"gold_gain":0.0,"event_name":"The Woman in Blue","player_choice":"Bought 1 Potion","floor":4.0,"gold_loss":0.0,"damage_taken":0.0},{"cards_removed":["Strike_B"],"damage_healed":0.0,"max_hp_gain":0.0,"max_hp_loss":0.0,"gold_gain":0.0,"event_name":"Bonfire Elementals","player_choice":"Offered Basic","floor":11.0,"gold_loss":0.0,"damage_taken":0.0},{"damage_healed":0.0,"max_hp_gain":0.0,"max_hp_loss":23.0,"gold_gain":0.0,"event_name":"Vampires","player_choice":"Became a vampire","floor":21.0,"gold_loss":0.0,"damage_taken":0.0,"cards_obtained":["Bite","Bite","Bite","Bite","Bite"]}],"is_beta":false,"boss_relics":[{"not_picked":["Coffee Dripper","Runic Dome"],"picked":"Sozu"}],"items_purged_floors":[],"is_endless":false,"potions_floor_spawned":[1,13,14,18,24,25],"killed_by":"Gremlin Leader","ascension_level":1}}