{"host":"8lno9xwgef3sjccz","time":1614111039,"event":{"mods":["AchievementEnabler","BaseMod","Minty Spire (QoL Compilation)","Relic Stats","StSLib"],"gold_per_floor":[117,136,11,24,42,77,77,77,104,129,147,158,158,187,187,286,286,298,312,237,252,252,252,252,252],"floor_reached":24,"language":"ENG","playtime":945,"items_purged":["Defend_R"],"score":218,"play_id":"51e65f4a-94c8-45c2-8fa1-699170ce38d6","local_time":"20210223151039","is_ascension_mode":true,"campfire_choices":[{"data":"Clothesline","floor":8,"key":"SMITH"},{"floor":15,"key":"REST"}],"circlet_count":0,"master_deck":["Strike_R","Strike_R","Defend_R","Defend_R","Defend_R","Bash","Carnage","Bloodletting","Cleave","Clothesline+1","Intimidate","Sever Soul","Spot Weakness","Pommel Strike","Disarm","Double Tap","Armaments+1","Havoc","Necronomicurse"],"relics":["Black Blood","Juzu Bracelet","Strawberry","Regal Pillow","Peace Pipe","Odd Mushroom","Necronomicon","Ancient Tea Set"],"acts_visited":["Exordium","TheCity"],"potions_floor_usage":[6,16,16,18,21,22],"damage_taken":[{"damage":0,"enemies":"Cultist","floor":1,"turns":2},{"damage":0,"enemies":"Small Slimes","floor":2,"turns":3},{"damage":5,"enemies":"2 Louse","floor":4,"turns":2},{"damage":9,"enemies":"Blue Slaver","floor":5,"turns":2},{"damage":12,"enemies":"3 Sentries","floor":6,"turns":2},{"damage":29,"enemies":"Lagavulin","floor":10,"turns":6},{"damage":13,"enemies":"2 Fungi Beasts","floor":11,"turns":3},{"damage":20,"enemies":"Exordium Wildlife","floor":12,"turns":4},{"damage":11,"enemies":"The Mushroom Lair","floor":14,"turns":4},{"damage":23,"enemies":"Hexaghost","floor":16,"turns":9},{"damage":23,"enemies":"Spheric Guardian","floor":18,"turns":4},{"damage":18,"enemies":"3 Byrds","floor":19,"turns":7},{"damage":54,"enemies":"Sentry and Sphere","floor":21,"turns":7},{"damage":19,"enemies":"Book of Stabbing","floor":24,"turns":4}],"seed_played":"-1017214811713004145","potions_obtained":[{"floor":2,"key":"Regen Potion"},{"floor":4,"key":"SpeedPotion"},{"floor":5,"key":"Fire Potion"},{"floor":14,"key":"LiquidMemories"},{"floor":18,"key":"ColorlessPotion"},{"floor":19,"key":"BloodPotion"}],"is_trial":false,"path_per_floor":["M","M","$","M","M","E","?","R","T","E","M","M","?","?","R","B",null,"M","M","?","M","?","?","E"],"character_chosen":"IRONCLAD","items_purchased":["AttackPotion"],"campfire_rested":1,"item_purchase_floors":[3],"current_hp_per_floor":[72,72,72,72,69,63,70,70,70,47,40,26,26,21,59,57,79,68,62,62,20,19,19,0,0],"gold":252,"neow_bonus":"TRANSFORM_TWO_CARDS","is_daily":false,"chose_seed":false,"campfire_upgraded":1,"win_rate":0.0,"timestamp":1614111039,"path_taken":["M","M","?","M","M","E","?","R","T","E","M","M","?","?","R","BOSS","M","M","?","M","?","?","E"],"items_purchased_type":["Potion"],"build_version":"2020-12-22","purchased_purges":1,"victory":false,"max_hp_per_floor":[72,72,72,72,72,72,79,79,79,79,79,79,79,79,79,79,79,79,79,79,79,79,79,79,79],"relic_stats":{"Peace Pipe":0,"Regal Pillow":15,"counters":[14,59],"Black Blood":83,"Juzu Bracelet":2,"Necronomicon":[2],"obtain_stats":[{"Peace Pipe":10,"Regal Pillow":9,"Strawberry":7,"Black Blood":17,"Juzu Bracelet":6,"Necronomicon":22,"Odd Mushroom":14,"Ancient Tea Set":23,"Burning Blood":0},{"Peace Pipe":6,"Regal Pillow":5,"Strawberry":5,"Black Blood":10,"Juzu Bracelet":5,"Necronomicon":13,"Odd Mushroom":9,"Ancient Tea Set":13,"Burning Blood":0},{"Peace Pipe":17,"Regal Pillow":11,"Strawberry":11,"Black Blood":37,"Juzu Bracelet":11,"Necronomicon":55,"Odd Mushroom":28,"Ancient Tea Set":55,"Burning Blood":0}]},"card_choices":[{"not_picked":["Body Slam","Warcry"],"picked":"Cleave","floor":1},{"not_picked":["Clash","Seeing Red"],"picked":"Clothesline","floor":2},{"not_picked":["Perfected Strike","Headbutt"],"picked":"Intimidate","floor":4},{"not_picked":["Blood for Blood","Anger"],"picked":"Sever Soul","floor":5},{"not_picked":["Heavy Blade","Bludgeon"],"picked":"Spot Weakness","floor":6},{"not_picked":["Sever Soul","Hemokinesis"],"picked":"Pommel Strike","floor":10},{"not_picked":["Warcry","True Grit","Body Slam"],"picked":"SKIP","floor":11},{"not_picked":["Carnage","Shrug It Off"],"picked":"Disarm","floor":12},{"not_picked":["Fiend Fire","Immolate"],"picked":"Double Tap","floor":16},{"not_picked":["True Grit","Dropkick"],"picked":"Armaments+1","floor":18},{"not_picked":["Spot Weakness","Clash","Burning Pact"],"picked":"SKIP","floor":19},{"not_picked":["Combust","Body Slam+1"],"picked":"Havoc","floor":21}],"player_experience":141106,"relics_obtained":[{"floor":6,"key":"Juzu Bracelet"},{"floor":7,"key":"Strawberry"},{"floor":9,"key":"Regal Pillow"},{"floor":10,"key":"Peace Pipe"},{"floor":14,"key":"Odd Mushroom"},{"floor":22,"key":"Necronomicon"}],"event_choices":[{"damage_healed":0,"gold_gain":0,"player_choice":"Relic","damage_taken":0,"max_hp_gain":0,"max_hp_loss":0,"event_name":"Wheel of Change","floor":7,"gold_loss":0},{"damage_healed":0,"gold_gain":0,"player_choice":"Bought 0 Potions","damage_taken":0,"max_hp_gain":0,"max_hp_loss":0,"event_name":"The Woman in Blue","floor":13,"gold_loss":0},{"damage_healed":0,"gold_gain":0,"player_choice":"Fought Mushrooms","damage_taken":0,"max_hp_gain":0,"max_hp_loss":0,"event_name":"Mushrooms","floor":14,"gold_loss":0},{"cards_removed":["Strike_R"],"damage_healed":0,"gold_gain":0,"player_choice":"Gave Gold","damage_taken":0,"max_hp_gain":0,"max_hp_loss":0,"event_name":"Beggar","floor":20,"gold_loss":75},{"damage_healed":0,"gold_gain":0,"player_choice":"Obtained Book","damage_taken":16,"max_hp_gain":0,"max_hp_loss":0,"event_name":"Cursed Tome","floor":22,"gold_loss":0},{"damage_healed":0,"gold_gain":0,"player_choice":"Opened","damage_taken":0,"relics_obtained":["Ancient Tea Set"],"max_hp_gain":0,"max_hp_loss":0,"event_name":"The Mausoleum","floor":23,"gold_loss":0}],"is_beta":false,"boss_relics":[{"not_picked":["Fusion Hammer","Empty Cage"],"picked":"Black Blood"}],"items_purged_floors":[3],"is_endless":false,"potions_floor_spawned":[2,4,5,14,18,19],"killed_by":"Book of Stabbing","ascension_level":1}}