{"host":"onk0sru1v5nf4gev","time":1614081485,"event":{"mods":["AchievementEnabler","BaseMod","Colored Map","Colored Powertips","Downfall","Googly Eyes","Infinite Spire","Minty Spire (QoL Compilation)","Quick Restart","Replay The Spire","StSLib","SuperFastMode","The Cursed"],"gold_per_floor":[118,118,135,135,149,149,149,149,161,195,264,35,111,123,50,150,150,254,254,267,283,358,375,29,55,55,55,55,70,97,97,114,125,144,156,156,252,252,280,580,580,599,658,716,716,716,716,776,320,358,0,0,0,0],"floor_reached":55,"language":"FRA","playtime":2218,"items_purged":["Replay:Many Hands","Decay"],"score":877,"play_id":"f5a9e6b8-d65e-4948-b2da-4554c4fb0973","local_time":"20210223125805","is_ascension_mode":true,"campfire_choices":[{"data":"infinitespire:FinalStrike","floor":6.0,"key":"SMITH"},{"floor":17.0,"key":"REST"},{"floor":28,"key":"REST"},{"data":"Massacre","floor":31,"key":"SMITH"},{"data":"Armaments","floor":36,"key":"SMITH"},{"data":"infinitespire:DeathsTouch","floor":45,"key":"SMITH"},{"data":"Limit Break","floor":53,"key":"SMITH"}],"circlet_count":0,"master_deck":["Strike_R","Strike_R","Strike_R","Strike_R","Strike_R","Defend_R","Defend_R","Defend_R","Bash","Massacre+1","infinitespire:FinalStrike+1","Replay:Undeath\u0027s Touch","Replay:Many Hands+1","Shrug It Off","infinitespire:OneForAll","ReplayTheSpireMod:Muscle Training","Flex","Spot Weakness+1","Flex+1","Thunderclap","Transmutation","Offering","Armaments+1","Clash+1","Intimidate","Limit Break+1","Spot Weakness","infinitespire:DeathsTouch+1","Perfected Strike+1","Heavy Blade+1","Thunderclap+1","Clash"],"relics":["Burning Blood","Thread and Needle","HornCleat","Regal Pillow","ReplayFunnel","infinitespire:Cupcake","Brimstone","MealTicket","Oddly Smooth Stone","infinitespire:EvilPickle","Cursed Key","Mirror","Bag of Preparation","Lee\u0027s Waffle","Red Mask","Blue Candle"],"acts_visited":["Exordium","TheCity","TheBeyond"],"potions_floor_usage":[18,25,33,37,44,48,50,50],"damage_taken":[{"damage":5.0,"enemies":"2 Louse","floor":1.0,"turns":3.0},{"damage":0.0,"enemies":"Small Slimes","floor":3.0,"turns":2.0},{"damage":0.0,"enemies":"Cultist","floor":5.0,"turns":2.0},{"damage":8.0,"enemies":"3 Louse","floor":9.0,"turns":3.0},{"damage":30.0,"enemies":"3 Sentries","floor":10.0,"turns":6.0},{"damage":5.0,"enemies":"Lots of Slimes","floor":14.0,"turns":2.0},{"damage":28,"enemies":"Slime Boss","floor":18,"turns":8},{"damage":1,"enemies":"Spheric Guardian","floor":20,"turns":2},{"damage":5,"enemies":"Chosen","floor":21,"turns":3},{"damage":20,"enemies":"Centurion and Healer","floor":23,"turns":4},{"damage":33,"enemies":"Slavers","floor":25,"turns":3},{"damage":6,"enemies":"Sentry and Sphere","floor":29,"turns":2},{"damage":7,"enemies":"Snake Plant","floor":32,"turns":2},{"damage":0,"enemies":"Centurion and Healer","floor":33,"turns":4},{"damage":7,"enemies":"Cultist and Chosen","floor":34,"turns":2},{"damage":7,"enemies":"Snake Plant","floor":35,"turns":3},{"damage":39,"enemies":"Pondfish","floor":37,"turns":7},{"damage":17,"enemies":"3 Shapes","floor":39,"turns":4},{"damage":2,"enemies":"Orb Walker","floor":42,"turns":2},{"damage":16,"enemies":"Jaw Worm Horde","floor":43,"turns":2},{"damage":1,"enemies":"Maw","floor":44,"turns":4},{"damage":14,"enemies":"4 Shapes","floor":48,"turns":4},{"damage":16,"enemies":"Jaw Worm Horde","floor":50,"turns":2},{"damage":55,"enemies":"Replay:Hell Engine","floor":54,"turns":6}],"seed_played":"-8134020907251671634","potions_obtained":[{"floor":3.0,"key":"Fire Potion"},{"floor":10.0,"key":"Reflective Coating"},{"floor":21,"key":"LiquidBronze"},{"floor":29,"key":"Guardian:BlockOnCardUsePotion"},{"floor":34,"key":"Energy Potion"},{"floor":37,"key":"SpeedPotion"},{"floor":39,"key":"AttackPotion"},{"floor":44,"key":"Block Potion"}],"is_trial":false,"path_per_floor":["M","?","M","?","M","R","PTL","PTL","M","E","T","$","?","M","$","?","R_BF","B",null,"M","M","?","M","$","E","PTL","PTL","R","M","T","R","M","M","M","M","R","B",null,"M","?","AVR","M","M","M","R","?","T","M","$","M","?","?","R","B",null],"character_chosen":"IRONCLAD","items_purchased":["Regal Pillow","Regen Potion","Brimstone","Transmutation","Bag of Preparation","Block Potion","Lee\u0027s Waffle"],"campfire_rested":2,"item_purchase_floors":[12,15,24,24,49,49,49],"current_hp_per_floor":[80,59,65,65,71,71,71,71,69,45,45,45,13,14,14,14,53,46,80,80,80,72,58,58,31,31,31,70,70,70,70,69,75,74,73,73,40,80,69,69,69,73,63,68,68,68,68,60,87,77,77,72,72,23],"gold":0,"neow_bonus":"ONE_RANDOM_RARE_CARD","is_daily":false,"chose_seed":false,"campfire_upgraded":5,"win_rate":0.0,"timestamp":1614081485,"path_taken":["M","?","M","?","M","R","PTL","PTL","M","E","T","$","?","M","$","?","R_BF","BOSS","M","?","?","?","$","E","PTL","PTL","R","M","T","R","M","M","M","M","R","BOSS","M","?","AVR","?","M","M","R","?","T","M","?","M","?","?","R","BOSS"],"items_purchased_type":["Relic","Potion","Relic","Card","Relic","Potion","Relic"],"build_version":"2020-12-22","purchased_purges":2,"victory":true,"max_hp_per_floor":[80,80,80,80,80,80,80,80,80,80,80,80,80,80,80,80,80,80,80,80,80,80,80,80,80,80,80,80,80,80,80,80,80,80,80,80,80,80,80,80,80,80,80,80,80,80,80,80,87,87,87,87,87,87],"card_choices":[{"not_picked":["Clash","ReplayTheSpireMod:LeadingStrike"],"picked":"Massacre","floor":1.0},{"not_picked":["infinitespire:Collect","ReplayTheSpireMod:Haul"],"picked":"infinitespire:FinalStrike","floor":2.0},{"not_picked":["Sword Boomerang","Iron Wave"],"picked":"Replay:Undeath\u0027s Touch","floor":3.0},{"not_picked":["Pummel","Dark Embrace","Exhume"],"picked":"SKIP","floor":5.0},{"not_picked":["Twin Strike","ReplayTheSpireMod:Corrosion Curse","Headbutt"],"picked":"SKIP","floor":9.0},{"not_picked":["Clothesline","Warcry"],"picked":"Shrug It Off","floor":10.0},{"not_picked":["Twin Strike","Ghostly Armor"],"picked":"infinitespire:OneForAll","floor":13.0},{"not_picked":["Disarm","Body Slam"],"picked":"ReplayTheSpireMod:Muscle Training","floor":13.0},{"not_picked":["Clash","Bludgeon"],"picked":"Flex","floor":14.0},{"not_picked":["Anger","Power Through"],"picked":"Spot Weakness+1","floor":20},{"not_picked":["Metallicize","Anger"],"picked":"Flex+1","floor":21},{"not_picked":["Havoc","Battle Trance"],"picked":"Thunderclap","floor":23},{"not_picked":["Wild Strike","Iron Wave+1"],"picked":"Offering","floor":25},{"not_picked":["Iron Wave","Havoc","Shrug It Off"],"picked":"SKIP","floor":29},{"not_picked":["Seeing Red","Pommel Strike"],"picked":"Armaments","floor":32},{"not_picked":["Intimidate","Iron Wave+1"],"picked":"Clash+1","floor":33},{"not_picked":["Twin Strike+1","True Grit","Run Through"],"picked":"SKIP","floor":34},{"not_picked":["Clash","Replay:Undeath\u0027s Touch"],"picked":"Intimidate","floor":35},{"not_picked":["Exhume","Reaper"],"picked":"Limit Break","floor":37},{"not_picked":["Iron Wave+1","Bloodletting+1"],"picked":"Spot Weakness","floor":39},{"not_picked":["Pommel Strike+1","Evolve+1"],"picked":"Perfected Strike+1","floor":42},{"not_picked":["Run Through","Dual Wield"],"picked":"Heavy Blade+1","floor":43},{"not_picked":["Fire Breathing+1","Clothesline+1"],"picked":"Thunderclap+1","floor":44},{"not_picked":["Rampage+1","Hemokinesis","Fire Breathing"],"picked":"SKIP","floor":48},{"not_picked":["Hemokinesis","Replay:Undeath\u0027s Touch"],"picked":"Clash","floor":50}],"player_experience":302368,"relics_obtained":[{"floor":10.0,"key":"Thread and Needle"},{"floor":11.0,"key":"HornCleat"},{"floor":13.0,"key":"ReplayFunnel"},{"floor":25,"key":"MealTicket"},{"floor":30,"key":"Oddly Smooth Stone"},{"floor":47,"key":"Mirror"}],"event_choices":[{"damage_healed":0.0,"max_hp_gain":0.0,"max_hp_loss":0.0,"gold_gain":100.0,"event_name":"Golden Shrine","player_choice":"Pray","floor":16.0,"gold_loss":0.0,"damage_taken":0.0},{"damage_healed":0,"gold_gain":75,"player_choice":"Touch","damage_taken":8,"max_hp_gain":0,"max_hp_loss":0,"event_name":"FaceTrader","floor":22,"gold_loss":0},{"damage_healed":0,"gold_gain":300,"player_choice":"Gold","damage_taken":0,"max_hp_gain":0,"max_hp_loss":0,"event_name":"Wheel of Change","floor":40,"gold_loss":0},{"damage_healed":0,"gold_gain":0,"player_choice":"Paid","damage_taken":0,"relics_obtained":["Red Mask"],"max_hp_gain":0,"max_hp_loss":0,"event_name":"Tomb of Lord Red Mask","floor":51,"gold_loss":358}],"is_beta":false,"boss_relics":[{"not_picked":["bronze:MakeshiftBattery","Velvet Choker"],"picked":"infinitespire:Cupcake"},{"not_picked":["Black Blood","ReplayTheSpireMod:SealedPack"],"picked":"Cursed Key"}],"items_purged_floors":[12,49],"is_endless":false,"potions_floor_spawned":[3,10,21,29,34,37,39,44],"ascension_level":4}}