{"host":"6pic12dj9p7186mz","time":1614104117,"event":{"mods":["BaseMod","Minty Spire (QoL Compilation)","Permanent Neow","Relic Stats","StSLib"],"gold_per_floor":[112,62,76,36,47,75,86,86,86,86,86,86,106,140,140,244,244,259,272,22,32,49,78,78,113,113,113,38,52,77,77,77,173,173,183,183,196,211,226,226,256,256,280,293,293,305,305,305,305,305,305,305,65,97,97,97],"floor_reached":55,"language":"ENG","playtime":2747,"items_purged":["Strike_G"],"score":995,"play_id":"9d65d8d0-8d75-4b91-a21c-3927ae43216d","local_time":"20210223121517","is_ascension_mode":true,"campfire_choices":[{"data":"Blade Dance","floor":8,"key":"SMITH"},{"data":"Flechettes","floor":10,"key":"SMITH"},{"data":"Envenom","floor":15,"key":"SMITH"},{"data":"Blade Dance","floor":27,"key":"SMITH"},{"floor":32,"key":"REST"},{"data":"After Image","floor":40,"key":"SMITH"},{"data":"Cloak And Dagger","floor":42,"key":"SMITH"},{"floor":49,"key":"RECALL"},{"data":"Well Laid Plans","floor":52,"key":"SMITH"}],"circlet_count":0,"master_deck":["Strike_G","Strike_G","Defend_G","Defend_G","Defend_G+1","Defend_G","Defend_G","Survivor","Neutralize+1","Flechettes+1","Blade Dance+1","Blur+1","All Out Attack","Well Laid Plans+1","Envenom+1","Quick Slash+1","Footwork","A Thousand Cuts","Deflect+1","Terror","Blade Dance+1","Finisher","Blade Dance+1","Deflect","Cloak And Dagger+1","Acrobatics","Cloak And Dagger+1","After Image+1","Footwork","Envenom+1","Accuracy","Parasite","Blade Dance+1","Backflip","Good Instincts","Trip","Acrobatics"],"relics":["Ring of the Snake","Bag of Preparation","Regal Pillow","Boot","Kunai","WristBlade","Oddly Smooth Stone","Gambling Chip","Darkstone Periapt","Paper Crane","Bottled Tornado","Coffee Dripper","Pear","Shuriken","Whetstone"],"acts_visited":["Exordium","TheCity","TheBeyond","TheEnding"],"potions_floor_usage":[16,16,19,22,22,25,30,30,39,55,55,55],"damage_taken":[{"damage":1,"enemies":"Jaw Worm","floor":1,"turns":8},{"damage":4,"enemies":"Small Slimes","floor":3,"turns":2},{"damage":0,"enemies":"2 Louse","floor":5,"turns":2},{"damage":15,"enemies":"3 Sentries","floor":6,"turns":12},{"damage":1,"enemies":"2 Fungi Beasts","floor":7,"turns":4},{"damage":7,"enemies":"Large Slime","floor":13,"turns":4},{"damage":0,"enemies":"Lagavulin","floor":14,"turns":4},{"damage":7,"enemies":"Slime Boss","floor":16,"turns":7},{"damage":11,"enemies":"Spheric Guardian","floor":18,"turns":5},{"damage":18,"enemies":"2 Thieves","floor":19,"turns":3},{"damage":0,"enemies":"Shelled Parasite and Fungi","floor":21,"turns":3},{"damage":23,"enemies":"Snake Plant","floor":22,"turns":5},{"damage":0,"enemies":"Gremlin Leader","floor":23,"turns":7},{"damage":13,"enemies":"Book of Stabbing","floor":25,"turns":3},{"damage":0,"enemies":"3 Cultists","floor":29,"turns":3},{"damage":17,"enemies":"Slavers","floor":30,"turns":5},{"damage":21,"enemies":"Champ","floor":33,"turns":8},{"damage":0,"enemies":"Orb Walker","floor":35,"turns":2},{"damage":0,"enemies":"3 Shapes","floor":37,"turns":6},{"damage":2,"enemies":"Writhing Mass","floor":38,"turns":5},{"damage":0,"enemies":"Spire Growth","floor":39,"turns":4},{"damage":14,"enemies":"Reptomancer","floor":41,"turns":7},{"damage":0,"enemies":"Jaw Worm Horde","floor":44,"turns":3},{"damage":0,"enemies":"3 Darklings","floor":46,"turns":2},{"damage":31,"enemies":"Donu and Deca","floor":50,"turns":8},{"damage":14,"enemies":"Shield and Spear","floor":54,"turns":7},{"damage":96,"enemies":"The Heart","floor":55,"turns":6}],"seed_played":"-4203435786568850861","potions_obtained":[{"floor":1,"key":"CunningPotion"},{"floor":3,"key":"Weak Potion"},{"floor":7,"key":"BlessingOfTheForge"},{"floor":14,"key":"Fire Potion"},{"floor":16,"key":"SpeedPotion"},{"floor":18,"key":"Explosive Potion"},{"floor":21,"key":"Regen Potion"},{"floor":25,"key":"LiquidBronze"},{"floor":29,"key":"Weak Potion"},{"floor":30,"key":"Strength Potion"},{"floor":33,"key":"DistilledChaos"},{"floor":37,"key":"EntropicBrew"},{"floor":44,"key":"Dexterity Potion"},{"floor":45,"key":"LiquidBronze"}],"is_trial":false,"path_per_floor":["M","?","M","$","M","E","M","R","T","R","?","?","M","E","R","B",null,"M","M","$","M","M","E","?","E","T","R","$","M","E","?","R","B",null,"M","?","M","M","M","R","E","R","T","M","?","M","?","?","R","B",null,"R","$","E","B"],"character_chosen":"THE_SILENT","items_purchased":["Blur","Oddly Smooth Stone","Blade Dance","Swift Potion","Shuriken"],"campfire_rested":1,"item_purchase_floors":[4,20,20,20,53],"current_hp_per_floor":[69,69,65,65,65,50,49,49,49,49,49,35,28,28,28,21,70,59,41,41,41,32,32,32,19,19,19,19,19,2,2,38,17,70,70,70,70,74,74,74,70,70,70,70,70,70,60,60,60,29,86,86,86,72,0,0],"gold":97,"neow_bonus":"RANDOM_COMMON_RELIC","is_daily":false,"chose_seed":false,"campfire_upgraded":7,"win_rate":0.0,"timestamp":1614104117,"path_taken":["M","?","M","$","M","E","M","R","T","R","?","?","M","E","R","BOSS","M","M","$","M","M","E","?","E","T","R","$","M","E","?","R","BOSS","M","?","M","?","M","R","E","R","T","M","?","?","?","?","R","BOSS","R","$","E","BOSS"],"items_purchased_type":["Card","Relic","Card","Potion","Relic"],"build_version":"2020-12-22","purchased_purges":1,"victory":false,"max_hp_per_floor":[70,70,70,70,70,70,70,70,70,70,70,70,70,70,70,70,70,70,70,70,70,70,70,70,70,70,70,70,70,70,70,70,70,70,70,70,70,76,76,76,86,86,86,86,86,86,86,86,86,86,86,86,86,86,86,86],"relic_stats":{"Darkstone Periapt":6,"Regal Pillow":15,"counters":[27,135],"Shuriken":[13],"Gambling Chip":[51],"Bag of Preparation":[54],"Kunai":[77],"Whetstone":["Neutralize","Quick Slash"],"Boot":[64],"obtain_stats":[{"Darkstone Periapt":25,"Regal Pillow":6,"Pear":41,"Oddly Smooth Stone":20,"Bag of Preparation":0,"Whetstone":54,"Paper Crane":26,"Bottled Tornado":30,"Boot":9,"WristBlade":17,"Shuriken":53,"Gambling Chip":23,"Coffee Dripper":34,"Kunai":14,"Ring of the Snake":0},{"Darkstone Periapt":14,"Regal Pillow":4,"Pear":22,"Oddly Smooth Stone":10,"Bag of Preparation":0,"Whetstone":26,"Paper Crane":14,"Bottled Tornado":16,"Boot":5,"WristBlade":8,"Shuriken":25,"Gambling Chip":13,"Coffee Dripper":17,"Kunai":7,"Ring of the Snake":0},{"Darkstone Periapt":69,"Regal Pillow":24,"Pear":109,"Oddly Smooth Stone":51,"Bag of Preparation":0,"Whetstone":129,"Paper Crane":69,"Bottled Tornado":77,"Boot":28,"WristBlade":43,"Shuriken":122,"Gambling Chip":66,"Coffee Dripper":85,"Kunai":36,"Ring of the Snake":0}],"Ring of the Snake":[54]},"card_choices":[{"not_picked":["Bane","Reflex"],"picked":"Flechettes","floor":1},{"not_picked":["Deflect","Outmaneuver"],"picked":"Blade Dance","floor":3},{"not_picked":["Endless Agony","Deflect"],"picked":"All Out Attack","floor":5},{"not_picked":["Finisher","Endless Agony"],"picked":"Well Laid Plans","floor":6},{"not_picked":["Bane","Well Laid Plans"],"picked":"Envenom","floor":7},{"not_picked":["Distraction","Riddle With Holes"],"picked":"Quick Slash","floor":13},{"not_picked":["Terror","Underhanded Strike"],"picked":"Footwork","floor":14},{"not_picked":["Die Die Die","Envenom"],"picked":"A Thousand Cuts","floor":16},{"not_picked":["Footwork+1","Acrobatics"],"picked":"Deflect+1","floor":18},{"not_picked":["Bouncing Flask+1","Predator"],"picked":"Terror","floor":19},{"not_picked":["Backflip+1","Caltrops"],"picked":"Finisher","floor":21},{"not_picked":["Dodge and Roll","Bane"],"picked":"Blade Dance+1","floor":22},{"not_picked":["Sucker Punch+1","Grand Finale"],"picked":"Deflect","floor":23},{"not_picked":["Noxious Fumes","Reflex"],"picked":"Cloak And Dagger","floor":25},{"not_picked":["Eviscerate+1","Noxious Fumes+1"],"picked":"Acrobatics","floor":29},{"not_picked":["Dodge and Roll","Outmaneuver","Cloak And Dagger+1"],"picked":"SKIP","floor":30},{"not_picked":["Dodge and Roll","Outmaneuver"],"picked":"Cloak And Dagger+1","floor":30},{"not_picked":["Glass Knife","Phantasmal Killer"],"picked":"After Image","floor":33},{"not_picked":["Blur","Blade Dance"],"picked":"Footwork","floor":35},{"not_picked":["Footwork","Calculated Gamble"],"picked":"Accuracy","floor":37},{"not_picked":["Eviscerate","Sucker Punch","Acrobatics"],"picked":"SKIP","floor":38},{"not_picked":["Dagger Spray+1","PiercingWail","Prepared"],"picked":"SKIP","floor":39},{"not_picked":["Noxious Fumes+1","Tactician"],"picked":"Backstab+1","floor":41},{"not_picked":["Tactician+1","PiercingWail+1"],"picked":"Blade Dance+1","floor":44},{"not_picked":["Deadly Poison+1","Blade Dance"],"picked":"Backflip","floor":46},{"not_picked":["The Bomb","Bandage Up"],"picked":"Good Instincts","floor":47},{"not_picked":["Good Instincts","Forethought"],"picked":"Trip","floor":47},{"not_picked":["Outmaneuver+1","Quick Slash"],"picked":"Acrobatics","floor":54}],"player_experience":54254,"relics_obtained":[{"floor":6,"key":"Regal Pillow"},{"floor":9,"key":"Boot"},{"floor":14,"key":"Kunai"},{"floor":23,"key":"Gambling Chip"},{"floor":25,"key":"Darkstone Periapt"},{"floor":26,"key":"Paper Crane"},{"floor":30,"key":"Bottled Tornado"},{"floor":41,"key":"Pear"},{"floor":54,"key":"Whetstone"}],"event_choices":[{"cards_removed":["Strike_G"],"damage_healed":0,"gold_gain":0,"player_choice":"Card Removal","damage_taken":0,"max_hp_gain":0,"max_hp_loss":0,"event_name":"The Cleric","floor":2,"gold_loss":50},{"cards_removed":["Strike_G"],"damage_healed":0,"gold_gain":0,"player_choice":"Forget","damage_taken":0,"max_hp_gain":0,"max_hp_loss":0,"event_name":"Living Wall","floor":11,"gold_loss":0},{"damage_healed":0,"gold_gain":0,"player_choice":"Entered Light","damage_taken":14,"max_hp_gain":0,"max_hp_loss":0,"event_name":"Shining Light","floor":12,"gold_loss":0,"cards_upgraded":["Blur","Defend_G"]},{"damage_healed":0,"gold_gain":0,"player_choice":"Ignored","damage_taken":0,"max_hp_gain":0,"max_hp_loss":0,"event_name":"Vampires","floor":24,"gold_loss":0},{"damage_healed":0,"gold_gain":0,"player_choice":"Leave","damage_taken":0,"max_hp_gain":0,"max_hp_loss":0,"event_name":"FaceTrader","floor":31,"gold_loss":0},{"damage_healed":0,"gold_gain":0,"player_choice":"Copied","damage_taken":0,"max_hp_gain":0,"max_hp_loss":0,"event_name":"Duplicator","floor":36,"gold_loss":0,"cards_obtained":["Envenom"]},{"damage_healed":0,"gold_gain":0,"player_choice":"Got Potions","damage_taken":0,"max_hp_gain":0,"max_hp_loss":0,"event_name":"Lab","floor":45,"gold_loss":0},{"damage_healed":0,"gold_gain":0,"player_choice":"Memory 3","damage_taken":10,"max_hp_gain":0,"max_hp_loss":0,"event_name":"SensoryStone","floor":47,"gold_loss":0},{"cards_removed":["Backstab"],"damage_healed":0,"gold_gain":0,"player_choice":"Removed Attack","damage_taken":0,"max_hp_gain":0,"max_hp_loss":0,"event_name":"Falling","floor":48,"gold_loss":0}],"is_beta":false,"boss_relics":[{"not_picked":["Tiny House","Runic Dome"],"picked":"WristBlade"},{"not_picked":["Velvet Choker","Runic Pyramid"],"picked":"Coffee Dripper"}],"items_purged_floors":[28],"is_endless":false,"potions_floor_spawned":[1,3,7,14,16,18,21,25,29,30,33,37,44],"killed_by":"The Heart","ascension_level":4}}