{"host":"IMPacifista","time":1614067140,"event":{"mods":["BaseMod","Minty Spire (QoL Compilation)"],"gold_per_floor":[118,137,57,74,93,93,106,106,154,181,181,217,217,231,231,350,350,366,366,366,387,408,408,447,466,491,505,519,572,572,143,143,143,143],"floor_reached":33,"language":"ENG","playtime":1567,"items_purged":["Regret"],"score":430,"play_id":"5300f181-82e6-47f0-a380-9c0e2e55e3d5","local_time":"20210222235900","is_ascension_mode":true,"campfire_choices":[{"data":"Carnage","floor":6,"key":"SMITH"},{"data":"Shrug It Off","floor":8,"key":"SMITH"},{"data":"Carnage","floor":15,"key":"SMITH"},{"floor":23,"key":"REST"},{"floor":32,"key":"REST"}],"circlet_count":0,"master_deck":["Defend_R","Defend_R","Defend_R","Defend_R","Bash","Cleave","Shrug It Off+1","Flame Barrier+1","Carnage+1","Ghostly Armor+1","Thunderclap","Injury","Carnage+1","Uppercut","Feed","Whirlwind","Clothesline","Sword Boomerang+1","Armaments+1","Feed","Cleave","Bite","Bite","Bite","Bite","Bite","Shrug It Off"],"relics":["Burning Blood","Akabeko","Happy Flower","Kunai","Golden Idol","MealTicket","Strawberry","Mark of Pain","Question Card","War Paint","Boot","Pen Nib","Molten Egg 2"],"acts_visited":["Exordium","TheCity"],"potions_floor_usage":[10,12,16,22,25,33,33],"damage_taken":[{"damage":1,"enemies":"Cultist","floor":1,"turns":3},{"damage":0,"enemies":"Small Slimes","floor":2,"turns":3},{"damage":0,"enemies":"2 Louse","floor":4,"turns":2},{"damage":11,"enemies":"Large Slime","floor":5,"turns":5},{"damage":0,"enemies":"Looter","floor":7,"turns":2},{"damage":10,"enemies":"3 Sentries","floor":10,"turns":6},{"damage":4,"enemies":"Lagavulin","floor":12,"turns":11},{"damage":6,"enemies":"Red Slaver","floor":14,"turns":2},{"damage":31,"enemies":"Slime Boss","floor":16,"turns":7},{"damage":14,"enemies":"Spheric Guardian","floor":18,"turns":4},{"damage":20,"enemies":"3 Byrds","floor":21,"turns":5},{"damage":16,"enemies":"Sentry and Sphere","floor":22,"turns":5},{"damage":48,"enemies":"Gremlin Leader","floor":24,"turns":5},{"damage":20,"enemies":"Shelled Parasite and Fungi","floor":25,"turns":2},{"damage":35,"enemies":"Snake Plant","floor":27,"turns":3},{"damage":3,"enemies":"3 Cultists","floor":28,"turns":5},{"damage":94,"enemies":"Champ","floor":33,"turns":13}],"seed_played":"-6345991746382386607","potions_obtained":[{"floor":1,"key":"BlessingOfTheForge"},{"floor":7,"key":"AttackPotion"},{"floor":10,"key":"SkillPotion"},{"floor":12,"key":"PowerPotion"},{"floor":18,"key":"ElixirPotion"},{"floor":22,"key":"FairyPotion"},{"floor":25,"key":"Fruit Juice"},{"floor":28,"key":"GamblersBrew"}],"is_trial":false,"path_per_floor":["M","M","$","M","M","R","M","R","T","E","?","E","?","M","R","B",null,"M","?","?","M","M","R","E","M","T","M","M","T","?","$","R","B"],"character_chosen":"IRONCLAD","items_purchased":["Flame Barrier","Molten Egg 2","Energy Potion","Shrug It Off"],"campfire_rested":2,"item_purchase_floors":[3,31,31,31],"current_hp_per_floor":[77,80,80,80,75,75,80,80,80,76,76,78,85,85,85,60,80,72,72,72,61,55,83,44,35,35,36,42,42,42,57,73,0,0],"gold":143,"neow_bonus":"RANDOM_COMMON_RELIC","is_daily":false,"chose_seed":false,"campfire_upgraded":3,"win_rate":0.0,"timestamp":1614067140,"path_taken":["M","M","?","M","?","R","M","R","T","E","?","E","?","M","R","BOSS","M","?","?","M","?","R","E","M","T","M","M","?","?","$","R","BOSS"],"items_purchased_type":["Card","Relic","Potion","Card"],"build_version":"2020-12-18","purchased_purges":1,"victory":false,"max_hp_per_floor":[80,80,80,80,80,80,80,80,80,80,80,80,87,87,87,87,87,87,87,87,90,94,94,97,102,102,102,105,105,73,73,73,73,73],"card_choices":[{"not_picked":["Rupture","Pommel Strike"],"picked":"Cleave","floor":1},{"not_picked":["Evolve","Iron Wave"],"picked":"Shrug It Off","floor":2},{"not_picked":["Havoc","Cleave"],"picked":"Carnage","floor":4},{"not_picked":["Dark Embrace","Flex","Searing Blow"],"picked":"SKIP","floor":5},{"not_picked":["Seeing Red","Cleave"],"picked":"Ghostly Armor","floor":7},{"not_picked":["Armaments","Pommel Strike"],"picked":"Thunderclap","floor":10},{"not_picked":["Hemokinesis","Armaments"],"picked":"Carnage","floor":12},{"not_picked":["Fire Breathing","Clash"],"picked":"Uppercut","floor":14},{"not_picked":["Corruption","Brutality"],"picked":"Feed","floor":16},{"not_picked":["Iron Wave","Flex","Armaments"],"picked":"SKIP","floor":18},{"not_picked":["Second Wind","Iron Wave","Flex","Anger"],"picked":"SKIP","floor":21},{"not_picked":["Iron Wave","Bloodletting","Headbutt"],"picked":"Clothesline","floor":22},{"not_picked":["Thunderclap","Perfected Strike","Body Slam"],"picked":"Sword Boomerang+1","floor":24},{"not_picked":["Seeing Red+1","Infernal Blade","Blood for Blood+1"],"picked":"Armaments+1","floor":25},{"not_picked":["Heavy Blade","Havoc+1","Burning Pact"],"picked":"Feed","floor":27},{"not_picked":["Headbutt+1","Body Slam","Clothesline"],"picked":"Cleave","floor":28}],"player_experience":329021,"relics_obtained":[{"floor":9,"key":"Happy Flower"},{"floor":10,"key":"Kunai"},{"floor":12,"key":"MealTicket"},{"floor":24,"key":"War Paint"},{"floor":26,"key":"Boot"},{"floor":29,"key":"Pen Nib"}],"event_choices":[{"damage_healed":0,"gold_gain":0,"player_choice":"Take Wound","damage_taken":0,"relics_obtained":["Golden Idol"],"max_hp_gain":0,"max_hp_loss":0,"event_name":"Golden Idol","floor":11,"gold_loss":0,"cards_obtained":["Injury"]},{"damage_healed":0,"gold_gain":0,"player_choice":"Box","damage_taken":0,"relics_obtained":["Strawberry"],"max_hp_gain":0,"max_hp_loss":0,"event_name":"Big Fish","floor":13,"gold_loss":0,"cards_obtained":["Regret"]},{"damage_healed":0,"gold_gain":0,"player_choice":"Read","damage_taken":0,"max_hp_gain":0,"max_hp_loss":0,"event_name":"The Library","floor":19,"gold_loss":0,"cards_obtained":["Whirlwind"]},{"damage_healed":0,"gold_gain":0,"player_choice":"Gave Potion","damage_taken":0,"relics_obtained":["Question Card"],"max_hp_gain":0,"max_hp_loss":0,"event_name":"WeMeetAgain","floor":20,"gold_loss":0},{"damage_healed":0,"gold_gain":0,"player_choice":"Became a vampire","damage_taken":0,"max_hp_gain":0,"max_hp_loss":32,"event_name":"Vampires","floor":30,"gold_loss":0,"cards_obtained":["Bite","Bite","Bite","Bite","Bite"]}],"is_beta":true,"boss_relics":[{"not_picked":["SacredBark","Black Star"],"picked":"Mark of Pain"}],"items_purged_floors":[31],"is_endless":false,"potions_floor_spawned":[1,7,10,12,18,22,25,28],"killed_by":"Champ","ascension_level":9}}