{"host":"nc4yx0rr2icfz9m0","time":1614089528,"event":{"mods":["BaseMod","Colored Powertips","Minty Spire (QoL Compilation)","Shop Mod"],"gold_per_floor":[114,134,104,120,132,132,149,4,29,29,4,35,35,50,50,153,153,166,155,171,186,186,186,186,186],"floor_reached":24,"language":"ZHS","playtime":1295,"items_purged":[],"score":235,"play_id":"d0c24de2-2d5b-4d46-801f-c6adc3fd06a9","local_time":"20210223221208","is_ascension_mode":true,"campfire_choices":[{"data":"Blade Dance","floor":6,"key":"SMITH"},{"floor":10,"key":"REST"},{"floor":15,"key":"REST"},{"floor":23,"key":"REST"}],"circlet_count":0,"master_deck":["Strike_G","Strike_G","Strike_G","Strike_G","Strike_G","Defend_G","Defend_G","Defend_G","Defend_G","Defend_G","Survivor","Neutralize","Bullet Time","Dagger Spray","Blade Dance+1","Outmaneuver","Bullet Time","Flying Knee","PiercingWail","CarveReality","Hologram","Machine Learning","CurseOfTheBell","Flying Knee","Prepared+1","Dodge and Roll","Acrobatics","Deep Breath"],"relics":["Ring of the Snake","PrismaticShard","Oddly Smooth Stone","Strawberry","Bag of Marbles","Calling Bell","Anchor","Pear","Tough Bandages"],"acts_visited":["Exordium","TheCity"],"potions_floor_usage":[7,12,16,16,16,21,24],"damage_taken":[{"damage":3,"enemies":"Small Slimes","floor":1,"turns":4},{"damage":0,"enemies":"Cultist","floor":2,"turns":4},{"damage":0,"enemies":"2 Louse","floor":4,"turns":2},{"damage":7,"enemies":"2 Fungi Beasts","floor":5,"turns":4},{"damage":9,"enemies":"Exordium Thugs","floor":7,"turns":6},{"damage":16,"enemies":"Lagavulin","floor":12,"turns":8},{"damage":0,"enemies":"Looter","floor":14,"turns":2},{"damage":55,"enemies":"The Guardian","floor":16,"turns":16},{"damage":30,"enemies":"Chosen","floor":18,"turns":6},{"damage":0,"enemies":"2 Thieves","floor":19,"turns":4},{"damage":31,"enemies":"Snecko","floor":20,"turns":7},{"damage":9,"enemies":"Shelled Parasite and Fungi","floor":21,"turns":4},{"damage":32,"enemies":"Cultist and Chosen","floor":24,"turns":5}],"seed_played":"-2628084085277739832","potions_obtained":[{"floor":3,"key":"SpeedPotion"},{"floor":3,"key":"DuplicationPotion"},{"floor":4,"key":"Poison Potion"},{"floor":7,"key":"PowerPotion"},{"floor":12,"key":"Fire Potion"},{"floor":18,"key":"AttackPotion"},{"floor":21,"key":"Energy Potion"}],"is_trial":false,"path_per_floor":["M","M","?","M","M","R","M","$","T","R","$","E","?","M","R","B",null,"M","M","M","M","?","R","M"],"character_chosen":"THE_SILENT","items_purchased":["PrismaticShard","PiercingWail"],"campfire_rested":3,"item_purchase_floors":[8,11],"current_hp_per_floor":[46,46,46,46,39,39,30,30,30,51,51,42,35,35,58,3,87,57,57,26,17,5,31,0,0],"gold":186,"neow_bonus":"THREE_RARE_CARDS","is_daily":false,"chose_seed":false,"campfire_upgraded":1,"win_rate":0.0,"timestamp":1614089528,"path_taken":["M","M","?","?","?","R","M","$","T","R","$","E","?","M","R","BOSS","M","M","M","M","?","R","M"],"items_purchased_type":["Relic","Card"],"build_version":"2020-12-22","purchased_purges":0,"victory":false,"max_hp_per_floor":[70,70,70,70,70,70,70,70,70,70,70,77,77,77,77,77,87,87,87,87,87,87,87,87,87],"card_choices":[{"not_picked":["Die Die Die","Phantasmal Killer"],"picked":"Bullet Time","floor":0},{"not_picked":["Underhanded Strike","Noxious Fumes"],"picked":"Dagger Spray","floor":1},{"not_picked":["Dagger Spray","PiercingWail"],"picked":"Blade Dance","floor":2},{"not_picked":["Dagger Spray","Dodge and Roll"],"picked":"Outmaneuver","floor":4},{"not_picked":["Dash","Deflect"],"picked":"Bullet Time","floor":5},{"not_picked":["Dodge and Roll","Endless Agony"],"picked":"Flying Knee","floor":7},{"not_picked":["FlurryOfBlows","Go for the Eyes"],"picked":"CarveReality","floor":12},{"not_picked":["Slice","Cloak And Dagger"],"picked":"Hologram","floor":14},{"not_picked":["Glass Knife","Impervious"],"picked":"Machine Learning","floor":16},{"not_picked":["Ball Lightning","Reckless Charge"],"picked":"Flying Knee","floor":18},{"not_picked":["Forethought","BattleHymn"],"picked":"Prepared+1","floor":19},{"not_picked":["Gash","Warcry+1"],"picked":"Dodge and Roll","floor":20},{"not_picked":["Flame Barrier","Halt+1"],"picked":"Acrobatics","floor":21}],"player_experience":29923,"relics_obtained":[{"floor":9,"key":"Oddly Smooth Stone"},{"floor":12,"key":"Strawberry"},{"floor":17,"key":"Anchor"},{"floor":17,"key":"Pear"},{"floor":17,"key":"Tough Bandages"}],"event_choices":[{"damage_healed":0,"gold_gain":0,"player_choice":"Bought 2 Potions","damage_taken":0,"max_hp_gain":0,"max_hp_loss":0,"event_name":"The Woman in Blue","floor":3,"gold_loss":0},{"damage_healed":0,"gold_gain":0,"player_choice":"Success","damage_taken":7,"relics_obtained":["Bag of Marbles"],"max_hp_gain":0,"max_hp_loss":0,"event_name":"Scrap Ooze","floor":13,"gold_loss":0},{"damage_healed":0,"gold_gain":0,"player_choice":"CARD ","damage_taken":12,"max_hp_gain":0,"max_hp_loss":0,"event_name":"Knowing Skull","floor":22,"potions_obtained":[],"gold_loss":0,"cards_obtained":["Deep Breath"]}],"is_beta":false,"boss_relics":[{"not_picked":["Empty Cage","Tiny House"],"picked":"Calling Bell"}],"items_purged_floors":[],"is_endless":false,"potions_floor_spawned":[4,7,12,18,21],"killed_by":"Cultist and Chosen","ascension_level":1}}