{"host":"fl9v8v0ogd4flw78","time":1614086500,"event":{"mods":["BaseMod","Downfall","Ekko","Gremlin Mod","Highlight Path","Koishi","Luminous","Marked Mod","Minty Spire (QoL Compilation)","Quick Restart","READ ME - Guardian Mod","Relic Stats","Replay The Spire","StSLib","Td1madao Mod","The Marked","The Servant 0.9.4"],"gold_per_floor":[110,59,72,83,100,100,115,115,139,152,172,186,221,239,239,343,343,330,348,188,188,188,188,263,108,108,108,108,108,119,130,130,235,235,253,269,243,243,243],"floor_reached":38,"language":"ZHS","playtime":2653,"items_purged":[],"score":407,"play_id":"8db68937-6036-4f34-80ed-9e23ddb7d68e","local_time":"20210223212140","is_ascension_mode":false,"campfire_choices":[{"data":"Hello World","floor":6.0,"key":"SMITH"},{"data":"Echo Form","floor":23.0,"key":"SMITH"},{"floor":27.0,"key":"REST"},{"floor":29.0,"key":"REST"},{"floor":32.0,"key":"REST"}],"circlet_count":0,"master_deck":["Strike_B","Strike_B","Strike_B","Strike_B+1","Defend_B","Defend_B+1","Defend_B","Defend_B","Zap","Dualcast+1","Stack+1","Crystallizer+1","Cold Snap+1","Hologram","Hello World+1","Leap","Steam","Blizzard","BasicCrystalCard","White Noise","Self Repair","Echo Form+1","Glacier","FIFO Queue+1","Magnetism","Magnetism","Recycle+1","Streamline","Hologram","Electrodynamics","Hologram+1","Undo+1","Cold Snap+1"],"relics":["Cracked Core","Centennial Puzzle","Blue Doll","DataDisk","bronze:MakeshiftBattery","Gremlin Food","Replay:Ringing Soul","Nuclear Battery"],"acts_visited":["Exordium","TheCity","TheBeyond"],"potions_floor_usage":[38],"damage_taken":[{"damage":3.0,"enemies":"Small Slimes","floor":1.0,"turns":2.0},{"damage":2.0,"enemies":"Cultist","floor":3.0,"turns":5.0},{"damage":1.0,"enemies":"Jaw Worm","floor":4.0,"turns":3.0},{"damage":3.0,"enemies":"3 Louse","floor":5.0,"turns":5.0},{"damage":13.0,"enemies":"Exordium Wildlife","floor":7.0,"turns":4.0},{"damage":3.0,"enemies":"2 Fungi Beasts","floor":10.0,"turns":3.0},{"damage":0.0,"enemies":"Large Slime","floor":11.0,"turns":6.0},{"damage":5.0,"enemies":"3 Louse","floor":12.0,"turns":3.0},{"damage":2.0,"enemies":"Gremlin Nob","floor":13.0,"turns":4.0},{"damage":7.0,"enemies":"Red Slaver","floor":14.0,"turns":2.0},{"damage":69.0,"enemies":"Fading Forest","floor":16.0,"turns":11.0},{"damage":30.0,"enemies":"2 Thieves","floor":18.0,"turns":4.0},{"damage":3.0,"enemies":"Chosen","floor":19.0,"turns":6.0},{"damage":20.0,"enemies":"Centurion and Healer","floor":21.0,"turns":2.0},{"damage":5.0,"enemies":"Snecko","floor":30.0,"turns":5.0},{"damage":35.0,"enemies":"Snake Plant","floor":31.0,"turns":6.0},{"damage":60.0,"enemies":"Automaton","floor":33.0,"turns":14.0},{"damage":34.0,"enemies":"3 Shapes","floor":35.0,"turns":5.0},{"damage":58.0,"enemies":"3 Darklings","floor":36.0,"turns":5.0},{"damage":29,"enemies":"4 Shapes","floor":38,"turns":3}],"seed_played":"8862842405105243982","potions_obtained":[{"floor":1.0,"key":"Explosive Potion"},{"floor":7.0,"key":"GamblersBrew"},{"floor":10.0,"key":"Ancient Potion"},{"floor":13.0,"key":"SmokeBomb"},{"floor":19.0,"key":"Explosive Potion"},{"floor":33.0,"key":"FocusPotion"},{"floor":36.0,"key":"DuplicationPotion"}],"is_trial":false,"path_per_floor":["M","$","M","M","M","R","M","?","T","M","M","M","E","M","R","B",null,"M","M","$","M","?","R","?","$","T","R","$","R","M","M","R","B",null,"M","M","$","M"],"character_chosen":"DEFECT","items_purchased":["Crystallizer+1","Magnetism","Recycle+1","Gremlin Food","Cold Snap+1"],"campfire_rested":3,"item_purchase_floors":[2,20,20,25,37],"current_hp_per_floor":[72,72,70,69,66,66,53,53,53,50,50,45,43,36,58,13,75,52,56,56,36,36,36,29,29,29,51,51,73,71,46,70,13,84,60,12,15,0,0],"gold":243,"neow_bonus":"RANDOM_COMMON_RELIC","is_daily":false,"chose_seed":false,"campfire_upgraded":2,"win_rate":0.0,"timestamp":1614086500,"path_taken":["M","$","M","M","M","R","M","?","T","M","M","?","E","M","R","BOSS","M","M","$","M","?","R","?","$","T","R","$","R","M","?","R","BOSS","M","M","$","M"],"items_purchased_type":["Card","Card","Card","Relic","Card"],"build_version":"2020-12-22","purchased_purges":0,"victory":false,"max_hp_per_floor":[75,75,75,75,75,75,75,75,75,75,75,75,75,75,75,75,75,75,75,75,75,75,75,75,75,75,75,75,75,78,81,81,84,84,87,90,93,93,93],"relic_stats":{"Centennial Puzzle":[57],"counters":[20,98],"obtain_stats":[{"Gremlin Food":25,"Replay:Ringing Soul":26,"Centennial Puzzle":0,"DataDisk":13,"Blue Doll":9,"Cracked Core":0,"bronze:MakeshiftBattery":17,"Nuclear Battery":34},{"Gremlin Food":14,"Replay:Ringing Soul":14,"Centennial Puzzle":0,"DataDisk":9,"Blue Doll":5,"Cracked Core":0,"bronze:MakeshiftBattery":11,"Nuclear Battery":17},{"Gremlin Food":60,"Replay:Ringing Soul":60,"Centennial Puzzle":0,"DataDisk":35,"Blue Doll":19,"Cracked Core":0,"bronze:MakeshiftBattery":48,"Nuclear Battery":85}]},"card_choices":[{"not_picked":["Steam","Sweeping Beam"],"picked":"Stack","floor":1.0},{"not_picked":["Self Repair","Steam"],"picked":"Cold Snap","floor":3.0},{"not_picked":["Reprogram","Defragment"],"picked":"Hologram","floor":4.0},{"not_picked":["Lockon","Rebound"],"picked":"Hello World","floor":5.0},{"not_picked":["Thunder Strike","Beam Cell"],"picked":"Leap","floor":7.0},{"not_picked":["ReplayTheSpireMod:Reroute Power","Rebound"],"picked":"Steam","floor":10.0},{"not_picked":["Sweeping Beam","Reprogram"],"picked":"Blizzard","floor":11.0},{"not_picked":["Barrage","Steam"],"picked":"BasicCrystalCard","floor":12.0},{"not_picked":["Reprogram","Recycle"],"picked":"White Noise","floor":13.0},{"not_picked":["Panic Button","Cold Snap"],"picked":"Self Repair","floor":14.0},{"not_picked":["Amplify","ReplayTheSpireMod:Omega Cannon"],"picked":"Echo Form","floor":16.0},{"not_picked":["Coolheaded","BasicCrystalCard"],"picked":"Glacier","floor":18.0},{"not_picked":["Streamline","Fusion"],"picked":"FIFO Queue+1","floor":19.0},{"not_picked":["Skim+1","BasicCrystalCard"],"picked":"Streamline","floor":30.0},{"not_picked":["Consume","Panic Button"],"picked":"Hologram","floor":31.0},{"not_picked":["Amplify","Reboot"],"picked":"Electrodynamics","floor":33.0},{"not_picked":["Darkness","Redo"],"picked":"Hologram+1","floor":35.0},{"not_picked":["Stack","Leap+1"],"picked":"Undo+1","floor":36.0}],"player_experience":534707,"relics_obtained":[{"floor":9.0,"key":"Blue Doll"},{"floor":13.0,"key":"DataDisk"},{"floor":26.0,"key":"Replay:Ringing Soul"}],"event_choices":[{"damage_healed":0.0,"max_hp_gain":0.0,"max_hp_loss":0.0,"gold_gain":0.0,"event_name":"Accursed Blacksmith","player_choice":"Forge","floor":8.0,"gold_loss":0.0,"damage_taken":0.0,"cards_upgraded":["Dualcast"]},{"damage_healed":0.0,"max_hp_gain":0.0,"max_hp_loss":0.0,"gold_gain":0.0,"event_name":"Ghosts","player_choice":"Ignored","floor":22.0,"gold_loss":0.0,"damage_taken":0.0},{"damage_healed":0.0,"max_hp_gain":0.0,"max_hp_loss":0.0,"gold_gain":75.0,"event_name":"FaceTrader","player_choice":"Touch","floor":24.0,"gold_loss":0.0,"damage_taken":7.0}],"is_beta":false,"boss_relics":[{"not_picked":["FrozenCore","Replay:Grab Bag"],"picked":"bronze:MakeshiftBattery"},{"not_picked":["Philosopher\u0027s Stone","Runic Pyramid"],"picked":"Nuclear Battery"}],"items_purged_floors":[],"is_endless":false,"potions_floor_spawned":[1,7,10,13,14,19,33,36],"killed_by":"4 Shapes","ascension_level":0}}