{"host":"2l5k2wp87eek7qja","time":1614115524,"event":{"mods":["BaseMod","Colored Map","Minty Spire (QoL Compilation)","Relic Stats"],"gold_per_floor":[113,113,113,134,134,172,172,192,192,192,192,210,230,271,271,370,370,395,149,149,164,189,189,189],"floor_reached":23,"language":"ENG","playtime":572,"items_purged":["Strike_G"],"score":477,"play_id":"d05e1faf-beb8-4fa6-bb40-275c99d41eb4","local_time":"20210223232524","is_ascension_mode":true,"campfire_choices":[{"data":"Blade Dance","floor":7,"key":"SMITH"},{"data":"Blade Dance","floor":10,"key":"SMITH"},{"data":"Blade Dance","floor":15,"key":"SMITH"}],"circlet_count":0,"master_deck":["AscendersBane","Strike_G","Strike_G","Strike_G","Defend_G","Defend_G","Defend_G","Defend_G","Defend_G","Survivor","Neutralize+1","Blade Dance+1","Flying Knee","Blade Dance+1","Blade Dance+1","Leg Sweep","Adrenaline","Blade Dance+1","Leg Sweep","Caltrops"],"relics":["Ring of the Snake","NeowsBlessing","Golden Idol","Ancient Tea Set","Question Card","Mercury Hourglass","Sozu","Nunchaku"],"acts_visited":["Exordium","TheCity"],"potions_floor_usage":[14,14],"damage_taken":[{"damage":0,"enemies":"Jaw Worm","floor":1,"turns":1},{"damage":0,"enemies":"2 Louse","floor":4,"turns":1},{"damage":0,"enemies":"Lagavulin","floor":6,"turns":1},{"damage":0,"enemies":"Cultist","floor":8,"turns":3},{"damage":0,"enemies":"Exordium Wildlife","floor":12,"turns":4},{"damage":5,"enemies":"Red Slaver","floor":13,"turns":4},{"damage":5,"enemies":"3 Sentries","floor":14,"turns":7},{"damage":42,"enemies":"Hexaghost","floor":16,"turns":14},{"damage":3,"enemies":"Shell Parasite","floor":18,"turns":4},{"damage":7,"enemies":"Chosen","floor":21,"turns":5},{"damage":24,"enemies":"Snake Plant","floor":22,"turns":6},{"damage":19,"enemies":"Slavers","floor":23,"turns":1}],"seed_played":"2706560338993163276","potions_obtained":[{"floor":6,"key":"Energy Potion"},{"floor":12,"key":"DuplicationPotion"},{"floor":16,"key":"Energy Potion"}],"is_trial":false,"path_per_floor":["M","?","?","M","T","E","R","M","T","R","?","M","M","E","R","B",null,"M","$","?","M","M","E"],"character_chosen":"THE_SILENT","items_purchased":["Nunchaku"],"campfire_rested":0,"item_purchase_floors":[19],"current_hp_per_floor":[59,59,64,64,64,64,64,64,64,64,64,64,59,54,54,12,52,49,49,49,42,18,0,0],"gold":189,"neow_bonus":"THREE_ENEMY_KILL","is_daily":false,"chose_seed":false,"campfire_upgraded":3,"win_rate":0.0,"timestamp":1614115524,"path_taken":["M","?","?","M","?","E","R","?","T","R","?","M","M","E","R","BOSS","M","$","?","M","?","E"],"items_purchased_type":["Relic"],"build_version":"2020-12-22","purchased_purges":1,"victory":false,"max_hp_per_floor":[66,60,65,65,65,65,65,65,65,65,65,65,65,65,65,65,65,65,65,65,65,65,65,65],"relic_stats":{"Sozu":2,"Nunchaku":[6],"counters":[12,50],"Golden Idol":65,"Question Card":8,"obtain_stats":[{"Sozu":17,"Nunchaku":19,"NeowsBlessing":0,"Golden Idol":2,"Ancient Tea Set":5,"Question Card":6,"Ring of the Snake":0,"Mercury Hourglass":14},{"Sozu":8,"Nunchaku":9,"NeowsBlessing":0,"Golden Idol":1,"Ancient Tea Set":2,"Question Card":3,"Ring of the Snake":0,"Mercury Hourglass":7},{"Sozu":35,"Nunchaku":39,"NeowsBlessing":0,"Golden Idol":1,"Ancient Tea Set":2,"Question Card":3,"Ring of the Snake":0,"Mercury Hourglass":21}],"Ring of the Snake":[24],"Mercury Hourglass":[80]},"card_choices":[{"not_picked":["Bane","Caltrops"],"picked":"Blade Dance","floor":1},{"not_picked":["Quick Slash","Sucker Punch"],"picked":"Flying Knee","floor":4},{"not_picked":["Bane","Catalyst","Distraction"],"picked":"SKIP","floor":6},{"not_picked":["Cloak And Dagger","Quick Slash","Deflect"],"picked":"Blade Dance","floor":8},{"not_picked":["Dagger Spray","Glass Knife","Finisher"],"picked":"Blade Dance","floor":12},{"not_picked":["Reflex","Calculated Gamble","Dodge and Roll"],"picked":"Leg Sweep","floor":13},{"not_picked":["Slice","Bane","Predator","Doppelganger"],"picked":"SKIP","floor":14},{"not_picked":["Bullet Time","A Thousand Cuts","Envenom"],"picked":"Adrenaline","floor":16},{"not_picked":["Flying Knee","Concentrate","Infinite Blades+1"],"picked":"Blade Dance+1","floor":18},{"not_picked":["Distraction+1","Deadly Poison","Sucker Punch"],"picked":"Leg Sweep","floor":21},{"not_picked":["All Out Attack","Quick Slash","Setup"],"picked":"Caltrops","floor":22}],"player_experience":876190,"relics_obtained":[{"floor":5,"key":"Ancient Tea Set"},{"floor":6,"key":"Question Card"},{"floor":14,"key":"Mercury Hourglass"}],"event_choices":[{"damage_healed":0,"gold_gain":0,"player_choice":"Lose Max HP","damage_taken":0,"relics_obtained":["Golden Idol"],"max_hp_gain":0,"max_hp_loss":6,"event_name":"Golden Idol","floor":2,"gold_loss":0},{"damage_healed":0,"gold_gain":0,"player_choice":"Donut","damage_taken":0,"max_hp_gain":5,"max_hp_loss":0,"event_name":"Big Fish","floor":3,"gold_loss":0},{"damage_healed":0,"gold_gain":0,"player_choice":"Upgraded","damage_taken":0,"max_hp_gain":0,"max_hp_loss":0,"event_name":"Upgrade Shrine","floor":11,"gold_loss":0,"cards_upgraded":["Neutralize"]},{"cards_removed":["Strike_G"],"damage_healed":0,"gold_gain":0,"player_choice":"Offered Basic","damage_taken":0,"max_hp_gain":0,"max_hp_loss":0,"event_name":"Bonfire Elementals","floor":20,"gold_loss":0}],"is_beta":false,"boss_relics":[{"not_picked":["Ectoplasm","Philosopher\u0027s Stone"],"picked":"Sozu"}],"items_purged_floors":[19],"is_endless":false,"potions_floor_spawned":[6,12,16,21,22],"killed_by":"Slavers","ascension_level":20}}