{"host":"0ueeacaatm8t6jyh","time":1614086195,"event":{"mods":["AchievementEnabler","BaseMod","Colored Powertips","Minty Spire (QoL Compilation)","Quick Restart","Rare Cards Sparkle","Shop Mod","StSLib"],"gold_per_floor":[113,113,113,124,139,139,172,172,172,195,207,217,291,59,74,74,147,147,100,100,100],"floor_reached":20,"language":"ZHS","playtime":782,"items_purged":["Regret"],"score":322,"play_id":"570201f8-7b82-4c30-bed3-fe5cdb45f93a","local_time":"20210223211635","is_ascension_mode":true,"campfire_choices":[{"data":"Hologram","floor":6.0,"key":"SMITH"},{"data":"Reprogram","floor":8,"key":"SMITH"},{"floor":16,"key":"REST"}],"circlet_count":0,"master_deck":["AscendersBane","Strike_B","Strike_B","Strike_B","Strike_B","Defend_B","Defend_B","Defend_B","Defend_B","Reboot","Genetic Algorithm","Hologram+1","Thunder Strike","Rip and Tear","Turbo","Chill","Reprogram+1","Self Repair","Hologram+1","Flash of Steel","Reinforced Body+1","Buffer"],"relics":["Cracked Core","White Beast Statue","Regal Pillow","Toxic Egg 2","DataDisk","Ornamental Fan","Empty Cage"],"acts_visited":["Exordium","TheCity"],"potions_floor_usage":[7,7,17,17,20],"damage_taken":[{"damage":0.0,"enemies":"Small Slimes","floor":1.0,"turns":2.0},{"damage":2.0,"enemies":"Cultist","floor":4.0,"turns":3.0},{"damage":12.0,"enemies":"Jaw Worm","floor":5.0,"turns":3.0},{"damage":26,"enemies":"Gremlin Nob","floor":7,"turns":4},{"damage":5,"enemies":"2 Fungi Beasts","floor":11,"turns":4},{"damage":3,"enemies":"3 Louse","floor":12,"turns":4},{"damage":10,"enemies":"Blue Slaver","floor":15,"turns":4},{"damage":28,"enemies":"Hexaghost","floor":17,"turns":17},{"damage":30,"enemies":"2 Thieves","floor":19,"turns":5},{"damage":48,"enemies":"Chosen","floor":20,"turns":8}],"seed_played":"-2145998265119060656","potions_obtained":[{"floor":4.0,"key":"BlessingOfTheForge"},{"floor":5.0,"key":"Fire Potion"},{"floor":7,"key":"DuplicationPotion"},{"floor":11,"key":"Ancient Potion"},{"floor":17,"key":"FocusPotion"},{"floor":19,"key":"GamblersBrew"}],"is_trial":false,"path_per_floor":["M","?","?","M","M","R","E","R","T","T","M","M","T","$","M","R","B",null,"M","M"],"character_chosen":"DEFECT","items_purchased":["Hologram+1","Flash of Steel"],"campfire_rested":1,"item_purchase_floors":[14,14],"current_hp_per_floor":[64,64,64,62,50,50,24,24,24,24,19,23,23,23,20,56,35,62,39,0,0],"gold":100,"neow_bonus":"ONE_RANDOM_RARE_CARD","is_daily":false,"chose_seed":false,"campfire_upgraded":2,"win_rate":0.0,"timestamp":1614086195,"path_taken":["M","?","?","M","M","R","E","R","T","T","?","M","?","$","M","R","BOSS","M","M"],"items_purchased_type":["Card","Card"],"build_version":"2020-12-22","purchased_purges":1,"victory":false,"max_hp_per_floor":[71,71,71,71,71,71,71,71,71,71,71,71,71,71,71,71,71,71,71,71,71],"card_choices":[{"not_picked":["Leap","Double Energy"],"picked":"Genetic Algorithm","floor":1.0},{"not_picked":["Tempest","Barrage"],"picked":"Turbo","floor":4.0},{"not_picked":["Static Discharge","Steam"],"picked":"Chill","floor":5.0},{"not_picked":["Darkness","Recycle"],"picked":"Reprogram","floor":7},{"not_picked":["Beam Cell","Gash"],"picked":"Self Repair","floor":11},{"not_picked":["Tempest+1","Sweeping Beam","BootSequence+1"],"picked":"SKIP","floor":12},{"not_picked":["Defragment","Conserve Battery+1"],"picked":"Reinforced Body+1","floor":15},{"not_picked":["Meteor Strike","Thunder Strike"],"picked":"Buffer","floor":17},{"not_picked":["Turbo+1","BootSequence+1","Steam+1"],"picked":"SKIP","floor":19}],"player_experience":577185,"relics_obtained":[{"floor":7,"key":"Regal Pillow"},{"floor":9,"key":"Toxic Egg 2"},{"floor":10,"key":"DataDisk"},{"floor":13,"key":"Ornamental Fan"}],"event_choices":[{"damage_healed":0.0,"max_hp_gain":0.0,"max_hp_loss":0.0,"gold_gain":0.0,"event_name":"Big Fish","player_choice":"Box","floor":2.0,"gold_loss":0.0,"damage_taken":0.0,"relics_obtained":["White Beast Statue"],"cards_obtained":["Regret"]},{"damage_healed":0.0,"max_hp_gain":0.0,"max_hp_loss":0.0,"gold_gain":0.0,"event_name":"Match and Keep!","player_choice":"3 cards matched","floor":3.0,"gold_loss":0.0,"damage_taken":0.0,"cards_obtained":["Hologram","Thunder Strike","Rip and Tear"]}],"is_beta":false,"boss_relics":[{"not_picked":["Philosopher\u0027s Stone","SlaversCollar"],"picked":"Empty Cage"}],"items_purged_floors":[14],"is_endless":false,"potions_floor_spawned":[4,5,7,11,12,15,17,19],"killed_by":"Chosen","ascension_level":17}}