{"host":"ibckqdmmf9y74ymf","time":1614124393,"event":{"mods":["2.2 Compatiblity","BaseMod","Colored Map","Curses Come First","Highlight Path","Minty Spire (QoL Compilation)","Quick Restart","Rare Cards Sparkle","Relic Stats","StSLib"],"gold_per_floor":[109,120,120,139,139,172,172,190,261,261,261,279,311,61,61,140,140,152,168,168,168,179,179,179],"floor_reached":23,"language":"ENG","playtime":729,"items_purged":[],"score":402,"play_id":"dd4858dd-817a-4baf-a1fa-a2a2651bebe8","local_time":"20210224005313","is_ascension_mode":true,"campfire_choices":[{"floor":7,"key":"REST"},{"data":"Devotion","floor":11,"key":"SMITH"},{"floor":15,"key":"REST"}],"circlet_count":0,"master_deck":["AscendersBane","Strike_P","Strike_P","Strike_P","Defend_P","Defend_P","Defend_P","Eruption","Vigilance","FollowUp","SashWhip","Consecrate","DeusExMachina","Devotion+1","DeceiveReality","MentalFortress","CarveReality","Vault","ClearTheMind","BowlingBash","Wallop"],"relics":["PureWater","MealTicket","WingedGreaves","Kunai","Pen Nib","Damaru","Sozu"],"acts_visited":["Exordium","TheCity"],"potions_floor_usage":[6,13,19],"damage_taken":[{"damage":6.0,"enemies":"2 Louse","floor":1.0,"turns":3.0},{"damage":7,"enemies":"Small Slimes","floor":2,"turns":4},{"damage":0,"enemies":"Jaw Worm","floor":4,"turns":3},{"damage":25,"enemies":"Lagavulin","floor":6,"turns":5},{"damage":5,"enemies":"3 Louse","floor":8,"turns":3},{"damage":6,"enemies":"2 Fungi Beasts","floor":12,"turns":3},{"damage":20,"enemies":"Gremlin Nob","floor":13,"turns":3},{"damage":20,"enemies":"The Guardian","floor":16,"turns":9},{"damage":6,"enemies":"Shell Parasite","floor":18,"turns":5},{"damage":2,"enemies":"3 Byrds","floor":19,"turns":5},{"damage":11,"enemies":"Centurion and Healer","floor":22,"turns":4},{"damage":57,"enemies":"Slavers","floor":23,"turns":5}],"seed_played":"-9056178430211104704","potions_obtained":[{"floor":2,"key":"Strength Potion"},{"floor":8,"key":"AttackPotion"},{"floor":16,"key":"Fire Potion"}],"is_trial":false,"path_per_floor":["M","M","?","M","?","E","R","M","T","?","R","M","E","$","R","B",null,"M","M","?","?","M","E"],"character_chosen":"WATCHER","items_purchased":["Damaru","CarveReality"],"campfire_rested":2,"item_purchase_floors":[14,14],"current_hp_per_floor":[55,48,53,53,46,21,42,37,37,37,37,31,11,26,47,27,62,56,54,54,54,43,0,0],"gold":179,"neow_bonus":"RANDOM_COMMON_RELIC","is_daily":false,"chose_seed":false,"campfire_upgraded":1,"win_rate":0.0,"timestamp":1614124393,"path_taken":["M","M","?","M","?","E","R","M","T","?","R","?","E","$","R","BOSS","M","M","?","?","M","E"],"items_purchased_type":["Relic","Card"],"build_version":"2020-12-22","purchased_purges":0,"victory":false,"max_hp_per_floor":[68,68,73,73,73,73,73,73,73,73,73,73,73,73,73,73,73,73,73,73,73,73,73,73],"relic_stats":{"Sozu":2,"counters":[12,52],"MealTicket":15,"Pen Nib":[5],"Kunai":[14],"obtain_stats":[{"Sozu":17,"Damaru":14,"MealTicket":0,"WingedGreaves":6,"Pen Nib":13,"Kunai":9,"PureWater":0},{"Sozu":8,"Damaru":7,"MealTicket":0,"WingedGreaves":4,"Pen Nib":7,"Kunai":5,"PureWater":0},{"Sozu":33,"Damaru":24,"MealTicket":0,"WingedGreaves":15,"Pen Nib":24,"Kunai":18,"PureWater":0}]},"card_choices":[{"not_picked":["Crescendo","Swivel"],"picked":"FollowUp","floor":1.0},{"not_picked":["FlyingSleeves","Prostrate"],"picked":"SashWhip","floor":2},{"not_picked":["FlyingSleeves","EmptyMind"],"picked":"Consecrate","floor":4},{"not_picked":["InnerPeace","Weave","WaveOfTheHand"],"picked":"SKIP","floor":6},{"not_picked":["BowlingBash","Sanctity"],"picked":"DeusExMachina","floor":8},{"not_picked":["EmptyFist","WreathOfFlame"],"picked":"DeceiveReality","floor":12},{"not_picked":["InnerPeace","ClearTheMind"],"picked":"MentalFortress","floor":13},{"not_picked":["DevaForm","LessonLearned"],"picked":"Vault","floor":16},{"not_picked":["EmptyFist","Evaluate"],"picked":"ClearTheMind","floor":18},{"not_picked":["Evaluate","Crescendo"],"picked":"BowlingBash","floor":19},{"not_picked":["Crescendo","ThirdEye"],"picked":"Wallop","floor":22}],"player_experience":562326,"relics_obtained":[{"floor":6,"key":"WingedGreaves"},{"floor":9,"key":"Kunai"},{"floor":13,"key":"Pen Nib"}],"event_choices":[{"damage_healed":0,"gold_gain":0,"player_choice":"Donut","damage_taken":0,"max_hp_gain":5,"max_hp_loss":0,"event_name":"Big Fish","floor":3,"gold_loss":0},{"cards_removed":["Strike_P"],"damage_healed":0,"gold_gain":0,"player_choice":"Card Removal","damage_taken":7,"max_hp_gain":0,"max_hp_loss":0,"event_name":"Golden Wing","floor":5,"gold_loss":0},{"damage_healed":0,"gold_gain":0,"cards_transformed":["Defend_P"],"player_choice":"Change","damage_taken":0,"max_hp_gain":0,"max_hp_loss":0,"event_name":"Living Wall","floor":10,"gold_loss":0,"cards_obtained":["Devotion"]},{"damage_healed":0,"gold_gain":0,"player_choice":"Ignored","damage_taken":0,"max_hp_gain":0,"max_hp_loss":0,"event_name":"Ghosts","floor":20,"gold_loss":0},{"damage_healed":0,"gold_gain":0,"player_choice":"Ignored","damage_taken":0,"max_hp_gain":0,"max_hp_loss":0,"event_name":"The Mausoleum","floor":21,"gold_loss":0}],"is_beta":false,"boss_relics":[{"not_picked":["Empty Cage","SlaversCollar"],"picked":"Sozu"}],"items_purged_floors":[],"is_endless":false,"potions_floor_spawned":[2,8,16,18,22],"killed_by":"Slavers","ascension_level":20}}