{"host":"3zmssa4s99zhxek5","time":1614055580,"event":{"mods":["AchievementEnabler","BaseMod","Minty Spire (QoL Compilation)","Permanent Neow","Relic Stats"],"gold_per_floor":[113,113,127,127,52,52,82,102,125,141,151,151,151,182,182,256,256,275,275,292,26,26,26],"floor_reached":22,"language":"KOR","playtime":1373,"items_purged":["Parasite","Tempest"],"score":388,"play_id":"c43178a0-c15b-4450-a413-a1f8ed75351e","local_time":"20210223134620","is_ascension_mode":true,"campfire_choices":[{"data":"Zap","floor":6.0,"key":"SMITH"},{"floor":12,"key":"REST"},{"data":"Gash","floor":15,"key":"SMITH"}],"circlet_count":0,"master_deck":["AscendersBane","Zap+1","Dualcast","Capacitor+1","Hologram+1","Auto Shields","Chill","Melter","Sweeping Beam","Recycle","Gash+1","White Noise","Echo Form","Skim","Storm","Rebound","Double Energy","Force Field","Steam","Gash+1","Hologram"],"relics":["Cracked Core","NlothsMask","Akabeko","Smiling Mask","Pandora\u0027s Box","Orichalcum"],"acts_visited":["Exordium","TheCity"],"potions_floor_usage":[12],"damage_taken":[{"damage":10.0,"enemies":"Small Slimes","floor":1.0,"turns":4.0},{"damage":0.0,"enemies":"2 Louse","floor":3.0,"turns":4.0},{"damage":9.0,"enemies":"Lagavulin","floor":7.0,"turns":8.0},{"damage":4,"enemies":"Cultist","floor":8,"turns":3},{"damage":5,"enemies":"3 Louse","floor":10,"turns":3},{"damage":13,"enemies":"Exordium Thugs","floor":11,"turns":6},{"damage":11,"enemies":"3 Sentries","floor":14,"turns":8},{"damage":7,"enemies":"Hexaghost","floor":16,"turns":9},{"damage":29,"enemies":"Shell Parasite","floor":18,"turns":5},{"damage":20,"enemies":"Spheric Guardian","floor":20,"turns":4},{"damage":15,"enemies":"Cultist and Chosen","floor":22,"turns":2}],"seed_played":"-6354004713406443900","potions_obtained":[{"floor":3.0,"key":"Fruit Juice"},{"floor":8,"key":"DuplicationPotion"},{"floor":16,"key":"FocusPotion"}],"is_trial":false,"path_per_floor":["M","?","M","?","$","R","E","M","T","M","M","R","?","E","R","B",null,"M","?","M","$","M"],"character_chosen":"DEFECT","items_purchased":["Hologram","Orichalcum"],"campfire_rested":1,"item_purchase_floors":[21,21],"current_hp_per_floor":[54,33,33,33,33,33,24,20,20,15,2,28,33,22,22,15,62,33,33,13,13,0,0],"gold":26,"neow_bonus":"TRANSFORM_TWO_CARDS","is_daily":false,"chose_seed":false,"campfire_upgraded":2,"win_rate":0.0,"timestamp":1614055580,"path_taken":["M","?","M","?","$","R","E","M","T","?","M","R","?","E","R","BOSS","M","?","?","$","?"],"items_purchased_type":["Card","Relic"],"build_version":"2020-12-22","purchased_purges":2,"victory":false,"max_hp_per_floor":[71,71,71,71,68,68,68,68,68,68,68,73,78,78,78,78,78,78,78,78,78,78,78],"relic_stats":{"counters":[11,56],"Pandora\u0027s Box":["Skim","Storm","Rebound","Tempest","Double Energy","Force Field"],"Orichalcum":[12],"Smiling Mask":50,"obtain_stats":[{"Pandora\u0027s Box":17,"Orichalcum":21,"Cracked Core":0,"Smiling Mask":14,"Akabeko":7,"NlothsMask":4},{"Pandora\u0027s Box":8,"Orichalcum":10,"Cracked Core":0,"Smiling Mask":7,"Akabeko":3,"NlothsMask":2},{"Pandora\u0027s Box":45,"Orichalcum":54,"Cracked Core":0,"Smiling Mask":36,"Akabeko":16,"NlothsMask":8}]},"card_choices":[{"not_picked":["Fusion","Loop"],"picked":"Auto Shields","floor":1.0},{"not_picked":["Redo","Coolheaded"],"picked":"Chill","floor":3.0},{"not_picked":["Skim","Turbo"],"picked":"Melter","floor":7.0},{"not_picked":["Fusion","Go for the Eyes"],"picked":"Sweeping Beam","floor":8},{"not_picked":["Melter","Sweeping Beam"],"picked":"Recycle","floor":10},{"not_picked":["Steam","Loop"],"picked":"Gash","floor":11},{"not_picked":["Meteor Strike","Melter"],"picked":"White Noise","floor":14},{"not_picked":["All For One","Multi-Cast"],"picked":"Echo Form","floor":16},{"not_picked":["Darkness","Conserve Battery"],"picked":"Steam","floor":18},{"not_picked":["Heatsinks","Blizzard","Barrage"],"picked":"SKIP","floor":20}],"player_experience":1677998,"relics_obtained":[{"floor":7.0,"key":"Akabeko"},{"floor":14,"key":"Smiling Mask"}],"event_choices":[{"damage_healed":0.0,"max_hp_gain":0.0,"max_hp_loss":0.0,"gold_gain":0.0,"event_name":"Shining Light","player_choice":"Entered Light","floor":2.0,"gold_loss":0.0,"damage_taken":21.0,"cards_upgraded":["Hologram","Capacitor"]},{"damage_healed":0.0,"max_hp_gain":0.0,"max_hp_loss":0.0,"gold_gain":0.0,"event_name":"FaceTrader","player_choice":"Trade","floor":4.0,"gold_loss":0.0,"damage_taken":0.0,"relics_obtained":["NlothsMask"]},{"damage_healed":0,"gold_gain":0,"player_choice":"Donut","damage_taken":0,"max_hp_gain":5,"max_hp_loss":0,"event_name":"Big Fish","floor":13,"gold_loss":0},{"damage_healed":0,"gold_gain":0,"player_choice":"Copied","damage_taken":0,"max_hp_gain":0,"max_hp_loss":0,"event_name":"Duplicator","floor":19,"gold_loss":0,"cards_obtained":["Gash"]}],"is_beta":false,"boss_relics":[{"not_picked":["SacredBark","Sozu"],"picked":"Pandora\u0027s Box"}],"items_purged_floors":[5,21],"is_endless":false,"potions_floor_spawned":[3,8,16,18,20],"killed_by":"Cultist and Chosen","ascension_level":20}}