{"host":"4qp30tywltrhkmjj","time":1614045854,"event":{"mods":["2.2 Compatiblity","AchievementEnabler","Act Like it!","Ascension Unlocker","Aspiration","BaseMod","Beaked The Cultist","Bestiary","Better Altar","Better Match","Better Note","Better Skull","Better Third Choice","BetterRewards","CCEM2","CapriCore","Challenge The Spire","Colored Map","Colored Powertips","Conjunction","Conspire","Defuse TimeMaze Blight","Displayed Cursed Tome","Downfall","EXCEPTION","Emptier Cage","Energized Spire","Exacting","Gold Saver","Halation","Highlight Path","Hubris","Infinite Spire","Jedi Mod","Lobotomy","LobotomyExtend","Minty Spire (QoL Compilation)","Poor People Problems","Replay The Spire","Reworked Bosses","Ruina","SacredBarkPlus","Shop Mod","Spicy Shops","Spire Arcade","StSLib","The Animator","The Blue Laboratory","Transform Curses","Uncapped","Unceasing Turn Reminder","Wandering Minibosses","Yuri Mod"],"gold_per_floor":[668,254,254,285,310,344,344,376,376,401,438,473,548,508,508,580,605,634,634,634,704,719,830,846,901,926,986,986,986,986,60,60,146,121,251,143,159,159,242,300,360,360,385,447,347,417,443,56,156,156,156],"floor_reached":50,"language":"ENG","playtime":4557,"items_purged":["animator:Strike"],"score":1422,"play_id":"ca92103c-3aef-4d5c-91e8-cf1d666af766","local_time":"20210223030414","is_ascension_mode":true,"campfire_choices":[{"data":"animator:AcuraAkari","floor":7.0,"key":"SMITH"},{"data":"animator:HigakiRinne","floor":28.0,"key":"SMITH"},{"floor":32.0,"key":"RECALL"},{"data":"animator:TsurugaMeisai","floor":42.0,"key":"SMITH"}],"circlet_count":0,"master_deck":["QueenOfHatred","Mercenary","AscendersBane","animator:Strike_HitsugiNoChaika","animator:Defend_HitsugiNoChaika","animator:Defend","animator:Defend","animator:Defend","animator:AcuraAkari+1","animator:Gillette","OSAHOGD","animator:Nanami","animator:Layla+1","animator:FielNirvalen","animator:Viivi","animator:AcuraAkari","animator:Gilgamesh+25","animator:Viivi","animator:IzunaHatsuse","animator:AcuraAkari","animator:HigakiRinne+1","animator:Emonzaemon","animator:Yuuichirou","infinitespire:UltimateForm","ruina:Mimicry","animator:Shiro","animator:Strike","animator:Chung","animator:Shichika","animator:HigakiRinne","animator:HigakiRinne","animator:Konayuki","animator:AcuraAkari","animator:HououinKyouma"],"relics":["animator:LivingPicture","animator:TheMissingPiece","animator:PurgingStone","CogitoBucket","LetterFromLob","CCEMRelics:DissonantTune","MerchantsRug","bronze:BronzeIdol","Lantern","aspiration:VileToxins","CCEMRelics:Barrel","AdjustmentMirror","SolemnVow_r","hubris:OldNail","SlaversCollar","jedi:heavyjacket","Logging_r","ChangeAnything","WantedRequest","halation:QuantumPhysicsTextbook","CCEMRelics:SelfSharpeningBlade","animator:BattleDrones","Philosopher\u0027s Stone","Guardian:BottledAnomaly","infinitespire:WardingShard","animator:ShionDessert","energizedSpire:HugeHouse","AtMidnight","CCEMRelics:HeirloomTomato","BackwardClock","ReplayTheSpireMod:Lightbulb","Slimebound:StickyStick","infinitespire:PuzzleCube","Replay:Mystery Machine","Gremlin Food","InTheNameOfLoveAndHate_r","wanderingMiniBosses:CarrionFlame","Red Skull","Medical Kit","PreservedInsect","ReplayTheSpireMod:ShopPack","Bag of Preparation","Art of War","CCEMRelics:BundleOfDynamite","Boot"],"acts_visited":["Exordium","ruina:Briah","TheBeyond"],"potions_floor_usage":[],"damage_taken":[{"damage":2.0,"enemies":"2 Louse","floor":1.0,"turns":3.0},{"damage":0.0,"enemies":"Cultist","floor":4.0,"turns":3.0},{"damage":0.0,"enemies":"conspire:RoseBush","floor":5.0,"turns":3.0},{"damage":1.0,"enemies":"Lagavulin","floor":6.0,"turns":5.0},{"damage":7.0,"enemies":"Replay:BlueRogue","floor":8.0,"turns":3.0},{"damage":15.0,"enemies":"Lagavulin","floor":10.0,"turns":4.0},{"damage":3.0,"enemies":"Gremlin Gang","floor":11.0,"turns":4.0},{"damage":15.0,"enemies":"Blue Slaver","floor":12.0,"turns":3.0},{"damage":10.0,"enemies":"3 Sentries","floor":13.0,"turns":5.0},{"damage":0.0,"enemies":"Hexaghost","floor":16.0,"turns":7.0},{"damage":15.0,"enemies":"ruina:BadWolf","floor":18.0,"turns":3.0},{"damage":33.0,"enemies":"ruina:3_Bats","floor":21.0,"turns":11.0},{"damage":0.0,"enemies":"ruina:KingOfGreed","floor":22.0,"turns":6.0},{"damage":11.0,"enemies":"ruina:RoadHome","floor":23.0,"turns":8.0},{"damage":0.0,"enemies":"ruina:Woodsman","floor":24.0,"turns":3.0},{"damage":12.0,"enemies":"Nightmare","floor":25.0,"turns":6.0},{"damage":6.0,"enemies":"ruina:RoadHome","floor":27.0,"turns":6.0},{"damage":0.0,"enemies":"ruina:Ozma","floor":33.0,"turns":7.0},{"damage":0.0,"enemies":"Orb Walker","floor":35.0,"turns":11.0},{"damage":0.0,"enemies":"3 Shapes","floor":37.0,"turns":2.0},{"damage":1.0,"enemies":"conspire:MimicChest","floor":39.0,"turns":5.0},{"damage":17.0,"enemies":"Nightmare","floor":40.0,"turns":5.0},{"damage":4.0,"enemies":"R_Hoarder","floor":41.0,"turns":4.0},{"damage":20.0,"enemies":"Transient","floor":44.0,"turns":6.0},{"damage":4.0,"enemies":"Nemesis","floor":46.0,"turns":4.0},{"damage":0.0,"enemies":"Jaw Worm Horde","floor":47.0,"turns":1.0},{"damage":16,"enemies":"hubris:GrandSnecko","floor":50,"turns":2}],"seed_played":"8129991147384496767","potions_obtained":[{"floor":4.0,"key":"blueLaboratory:HummingbirdPotion"},{"floor":8.0,"key":"blueLaboratory:HeartbeatPotion"},{"floor":10.0,"key":"GamblersBrew"},{"floor":14.0,"key":"blueLaboratory:BubblePotion"},{"floor":16.0,"key":"blueLaboratory:LouseDecoction"},{"floor":21.0,"key":"blueLaboratory:LouseDecoction"},{"floor":22.0,"key":"LifebloodPotion"},{"floor":25.0,"key":"blueLaboratory:FrostheartPotion"},{"floor":27.0,"key":"Explosive Potion"},{"floor":39.0,"key":"AttackPotion"},{"floor":40.0,"key":"PowerPotion"},{"floor":41.0,"key":"Adrenaline Potion"}],"is_trial":false,"path_per_floor":["M","$","?","M","M","E","R","E","T","E","M","M","E","?","R_BF","B",null,"M","?","?","M","M","E","M","NM","T","E","R","?","AVR","$","R","B",null,"M","$","M","?","?","NM","E","R","T","M","NS","E","M","$","R_BF","B"],"character_chosen":"THE_ANIMATOR","items_purchased":["animator:Layla","CCEMRelics:DissonantTune","MerchantsRug","ruina:Mimicry","Guardian:BottledAnomaly","infinitespire:WardingShard","animator:ShionDessert","blueLaboratory:FruitPunch","ReplayTheSpireMod:Lightbulb","Medical Kit","PreservedInsect","ReplayTheSpireMod:ShopPack"],"campfire_rested":0,"item_purchase_floors":[2,2,2,31,31,31,31,31,36,48,48,48],"current_hp_per_floor":[52,52,52,52,52,51,51,44,44,29,26,12,10,10,28,29,54,45,45,45,12,28,17,17,5,5,8,8,8,8,8,8,19,51,67,67,68,57,67,58,68,68,68,70,70,69,70,70,3,0,0],"gold":156,"neow_bonus":"","is_daily":false,"chose_seed":false,"campfire_upgraded":3,"win_rate":0.0,"timestamp":1614045854,"path_taken":["M","$","?","?","?","E","R","E","T","E","M","?","E","?","R_BF","BOSS","M","?","?","?","M","E","M","NM","T","E","R","?","AVR","?","R","BOSS","M","$","?","?","?","NM","E","R","T","M","NS","E","M","?","R_BF","BOSS"],"items_purchased_type":["Card","Relic","Relic","Card","Relic","Relic","Relic","Potion","Relic","Relic","Relic","Relic"],"build_version":"2020-12-22","purchased_purges":1,"victory":false,"max_hp_per_floor":[60,60,60,60,60,60,60,60,60,60,60,61,61,61,61,62,62,62,62,62,62,62,62,62,62,62,63,63,63,63,63,63,67,62,67,67,68,68,68,68,70,70,70,70,70,70,70,70,70,70,70],"card_choices":[{"not_picked":["WhitesApple","FairyFestival"],"picked":"OSAHOGD","floor":1.0},{"not_picked":["animator:Chung","animator:Melzalgald"],"picked":"animator:Nanami","floor":1.0},{"not_picked":["animator:Alexander","animator:TsurugaMeisai","animator:Konayuki"],"picked":"SKIP","floor":1.0},{"not_picked":["WallGazer","OldLady","CherryBlossoms"],"picked":"Singing Bowl","floor":4.0},{"not_picked":["animator:DolaRiku","animator:Lancer"],"picked":"animator:FielNirvalen","floor":4.0},{"not_picked":["PunishingBird","Scorched","BeautyBeast"],"picked":"Singing Bowl","floor":5.0},{"not_picked":["animator:Mitsurugi","animator:Verdia"],"picked":"animator:Viivi","floor":5.0},{"not_picked":["OldLady","GalaxyChild","MHz"],"picked":"Singing Bowl","floor":6.0},{"not_picked":["MeatLantern","BeautyBeast"],"picked":"DespairKnight","floor":6.0},{"not_picked":["animator:Guy","animator:Fredrika"],"picked":"animator:AcuraAkari","floor":6.0},{"not_picked":["animator:Layla","animator:Azekura","animator:Ara"],"picked":"SKIP","floor":8.0},{"not_picked":["Bloodbath","ShyLook","WhitesApple"],"picked":"Singing Bowl","floor":8.0},{"not_picked":["animator:Layla","animator:Azekura","animator:Ara"],"picked":"SKIP","floor":8.0},{"not_picked":["BeautyBeast","SpiderBud","Bloodbath"],"picked":"Singing Bowl","floor":10.0},{"not_picked":["animator:Togame","animator:Nanami"],"picked":"animator:Gilgamesh","floor":10.0},{"not_picked":["BigBird","GreedKing"],"picked":"Funeral","floor":11.0},{"not_picked":["animator:Archer","animator:CrowleyEusford"],"picked":"animator:Viivi","floor":11.0},{"not_picked":["QueenBee","Wellcheers","WallGazer"],"picked":"Singing Bowl","floor":12.0},{"not_picked":["animator:ChlammyZell","animator:DolaRiku"],"picked":"animator:IzunaHatsuse","floor":12.0},{"not_picked":["UniverseFragment","Wellcheers","HeroicMonk"],"picked":"Singing Bowl","floor":13.0},{"not_picked":["animator:Alexander","animator:Shinoa"],"picked":"animator:AcuraAkari","floor":13.0},{"not_picked":["Scorched","PunishingBird"],"picked":"Woodsman","floor":16.0},{"not_picked":["animator:AcuraShin","animator:Elesis"],"picked":"animator:HigakiRinne","floor":16.0},{"not_picked":["animator:TukaLunaMarceau","animator:YunYun","animator:Entoma+1"],"picked":"SKIP","floor":18.0},{"not_picked":["animator:Emonzaemon","animator:Tyuule"],"picked":"animator:MetalKnight+1","floor":21.0},{"not_picked":["OldLady","Alriune"],"picked":"Mercenary","floor":22.0},{"not_picked":["SingingMachine","MeatLantern","Variant"],"picked":"Singing Bowl","floor":23.0},{"not_picked":["animator:Darkness","animator:Yuuichirou"],"picked":"animator:Emonzaemon","floor":23.0},{"not_picked":["Freischutz","ShyLook","SnowQueen"],"picked":"Singing Bowl","floor":24.0},{"not_picked":["animator:Kazuma","animator:Vanir","animator:ChlammyZell"],"picked":"SKIP","floor":24.0},{"not_picked":["CherryBlossoms","DreamingCurrent","Alriune"],"picked":"Singing Bowl","floor":25.0},{"not_picked":["animator:Sonic","animator:Verdia+1"],"picked":"animator:Yuuichirou","floor":25.0},{"not_picked":["animator:Viivi","animator:ChaikaBohdan"],"picked":"animator:Fredrika","floor":27.0},{"not_picked":["QueenBee","WhitesApple","Bloodbath"],"picked":"Singing Bowl","floor":27.0},{"not_picked":["animator:Elesis","animator:PinaCoLada"],"picked":"animator:Shiro","floor":33.0},{"not_picked":["MeatLantern","GalaxyChild","PunishingBird"],"picked":"Singing Bowl","floor":33.0},{"not_picked":["Rudolta","DreamingCurrent","Murderer"],"picked":"Singing Bowl","floor":35.0},{"not_picked":["animator:Emonzaemon","animator:Sonic","animator:TukaLunaMarceau"],"picked":"SKIP","floor":35.0},{"not_picked":["FieryBird","Alriune"],"picked":"QueenOfHatred","floor":37.0},{"not_picked":["animator:TsurugaMeisai","animator:Archer"],"picked":"animator:Shichika","floor":37.0},{"not_picked":["GreedKing","SnowQueen","Yin"],"picked":"Singing Bowl","floor":39.0},{"not_picked":["animator:UneriGinkaku","animator:Illya"],"picked":"animator:TsurugaMeisai","floor":39.0},{"not_picked":["QueenBee","RedShoes","HappyTeddy"],"picked":"Singing Bowl","floor":40.0},{"not_picked":["animator:Guy","animator:DolaSchwi"],"picked":"animator:HigakiRinne","floor":40.0},{"not_picked":["animator:Hitei","animator:Nanami"],"picked":"animator:Konayuki","floor":41.0},{"not_picked":["BlueStar","SingingMachine","CENSORED"],"picked":"Singing Bowl","floor":44.0},{"not_picked":["animator:Tatsumaki","animator:Genos","animator:PandorasActor"],"picked":"SKIP","floor":44.0},{"not_picked":["animator:Vanir","animator:TsurugaMeisai+1"],"picked":"animator:AcuraAkari","floor":46.0},{"not_picked":["BodiesMountain","WhitesApple","GalaxyChild"],"picked":"Singing Bowl","floor":47.0},{"not_picked":["animator:Archer","animator:Ara","animator:Melzalgald"],"picked":"SKIP","floor":47.0},{"not_picked":["animator:Lelouch","animator:Patchouli"],"picked":"animator:HououinKyouma","floor":48.0}],"player_experience":584355,"relics_obtained":[{"floor":1.0,"key":"LetterFromLob"},{"floor":6.0,"key":"bronze:BronzeIdol"},{"floor":8.0,"key":"Lantern"},{"floor":9.0,"key":"aspiration:VileToxins"},{"floor":10.0,"key":"CCEMRelics:Barrel"},{"floor":13.0,"key":"hubris:OldNail"},{"floor":23.0,"key":"halation:QuantumPhysicsTextbook"},{"floor":25.0,"key":"CCEMRelics:SelfSharpeningBlade"},{"floor":27.0,"key":"animator:BattleDrones"},{"floor":35.0,"key":"AtMidnight"},{"floor":35.0,"key":"CCEMRelics:HeirloomTomato"},{"floor":39.0,"key":"Slimebound:StickyStick"},{"floor":40.0,"key":"infinitespire:PuzzleCube"},{"floor":41.0,"key":"Replay:Mystery Machine"},{"floor":43.0,"key":"Gremlin Food"},{"floor":44.0,"key":"wanderingMiniBosses:CarrionFlame"},{"floor":46.0,"key":"Red Skull"}],"event_choices":[{"cards_removed":["animator:Strike"],"damage_healed":0.0,"max_hp_gain":0.0,"max_hp_loss":0.0,"gold_gain":0.0,"event_name":"Bonfire Elementals","player_choice":"Offered Basic","floor":3.0,"gold_loss":0.0,"damage_taken":0.0},{"damage_healed":0.0,"max_hp_gain":0.0,"max_hp_loss":0.0,"gold_gain":0.0,"event_name":"The Woman in Blue","player_choice":"Bought 3 Potions","floor":14.0,"gold_loss":0.0,"damage_taken":0.0},{"damage_healed":0.0,"max_hp_gain":0.0,"max_hp_loss":0.0,"gold_gain":0.0,"event_name":"Winding Halls","player_choice":"Embrace Madness","floor":38.0,"gold_loss":0.0,"damage_taken":11.0,"cards_obtained":["animator:HigakiRinne"]},{"damage_healed":0.0,"max_hp_gain":0.0,"max_hp_loss":0.0,"gold_gain":0.0,"event_name":"betterSkull:BetterSkull","player_choice":"RE RE RE RE ","floor":49.0,"gold_loss":0.0,"damage_taken":75.0,"cards_upgraded":[],"relics_obtained":["Bag of Preparation","Art of War","CCEMRelics:BundleOfDynamite","Boot"]}],"is_beta":false,"boss_relics":[{"not_picked":["halation:MonkeysPaw","hubris:BlackHole"],"picked":"SlaversCollar"},{"not_picked":["energizedSpire:EnergizedDie","animator:CursedBlade"],"picked":"energizedSpire:HugeHouse"}],"items_purged_floors":[30],"is_endless":false,"potions_floor_spawned":[4,8,10,16,21,22,25,27,39,40,41],"killed_by":"hubris:GrandSnecko","ascension_level":20}}