{"host":"4i5my69dv6e41930","time":1614117621,"event":{"mods":["AchievementEnabler","BaseMod","Minty Spire (QoL Compilation)","Relic Stats"],"gold_per_floor":[212,227,227,245,264,277,307,307,307,27,27,52,52,0,0,0,0],"floor_reached":16,"language":"ENG","playtime":967,"items_purged":[],"score":198,"play_id":"357b5135-a301-47b6-9662-0423fa04092b","local_time":"20210223170021","is_ascension_mode":true,"campfire_choices":[{"floor":8,"key":"REST"},{"data":"Bash","floor":11,"key":"SMITH"},{"data":"True Grit","floor":15,"key":"SMITH"}],"circlet_count":0,"master_deck":["AscendersBane","Strike_R","Strike_R","Strike_R","Strike_R","Defend_R","Defend_R","Defend_R","Defend_R","Bash+1","Pommel Strike","True Grit+1","Ghostly Armor","Body Slam","Iron Wave","Shrug It Off+1","Spot Weakness+1","Impervious+1","True Grit+1"],"relics":["Burning Blood","Lizard Tail","Toxic Egg 2","ClockworkSouvenir","Ice Cream","Golden Idol"],"acts_visited":["Exordium"],"potions_floor_usage":[6,16],"damage_taken":[{"damage":1.0,"enemies":"2 Louse","floor":1.0,"turns":2.0},{"damage":1.0,"enemies":"Cultist","floor":2.0,"turns":4.0},{"damage":3.0,"enemies":"Small Slimes","floor":4.0,"turns":3.0},{"damage":29.0,"enemies":"Exordium Thugs","floor":5.0,"turns":8.0},{"damage":10,"enemies":"Large Slime","floor":6,"turns":9},{"damage":40,"enemies":"Gremlin Nob","floor":7,"turns":5},{"damage":28,"enemies":"Lagavulin","floor":12,"turns":7},{"damage":17,"enemies":"The Guardian","floor":16,"turns":5}],"seed_played":"-2274451989683232074","potions_obtained":[{"floor":5.0,"key":"DuplicationPotion"},{"floor":12,"key":"Fruit Juice"}],"is_trial":false,"path_per_floor":["M","M","?","M","M","M","E","R","T","$","R","E","?","$","R","B"],"character_chosen":"IRONCLAD","items_purchased":["Shrug It Off+1","Spot Weakness+1","ClockworkSouvenir","True Grit+1"],"campfire_rested":1,"item_purchase_floors":[10,10,10,14],"current_hp_per_floor":[73,75,75,75,52,48,14,36,36,36,36,14,14,14,14,2,2],"gold":0,"neow_bonus":"HUNDRED_GOLD","is_daily":false,"chose_seed":false,"campfire_upgraded":2,"win_rate":0.0,"timestamp":1614117621,"path_taken":["M","M","?","M","?","M","E","R","T","$","R","E","?","?","R","BOSS"],"items_purchased_type":["Card","Card","Relic","Card"],"build_version":"2020-12-22","purchased_purges":0,"victory":false,"max_hp_per_floor":[75,75,75,75,75,75,75,75,75,75,75,75,68,68,68,73,73],"relic_stats":{"Lizard Tail":0,"counters":[8,43],"Golden Idol":0,"obtain_stats":[{"Ice Cream":12,"Lizard Tail":7,"Golden Idol":13,"Toxic Egg 2":9,"Burning Blood":0,"ClockworkSouvenir":10},{"Ice Cream":7,"Lizard Tail":6,"Golden Idol":7,"Toxic Egg 2":6,"Burning Blood":0,"ClockworkSouvenir":6},{"Ice Cream":38,"Lizard Tail":31,"Golden Idol":38,"Toxic Egg 2":31,"Burning Blood":0,"ClockworkSouvenir":31}],"Burning Blood":36},"card_choices":[{"not_picked":["Iron Wave","Armaments"],"picked":"Pommel Strike","floor":1.0},{"not_picked":["Evolve","Sentinel","Clash"],"picked":"SKIP","floor":2.0},{"not_picked":["Evolve","Sentinel","Clash"],"picked":"SKIP","floor":2.0},{"not_picked":["Sword Boomerang","Havoc"],"picked":"Ghostly Armor","floor":4.0},{"not_picked":["Pummel","Anger","Body Slam"],"picked":"SKIP","floor":5.0},{"not_picked":["Pummel","Anger"],"picked":"Body Slam","floor":5.0},{"not_picked":["Heavy Blade","Warcry","Sword Boomerang"],"picked":"SKIP","floor":6},{"not_picked":["True Grit","Havoc"],"picked":"Iron Wave","floor":7},{"not_picked":["Sentinel+1","True Grit+1"],"picked":"Impervious+1","floor":12}],"player_experience":128427,"relics_obtained":[{"floor":7,"key":"Lizard Tail"},{"floor":9,"key":"Toxic Egg 2"},{"floor":12,"key":"Ice Cream"}],"event_choices":[{"damage_healed":0.0,"max_hp_gain":0.0,"max_hp_loss":0.0,"gold_gain":0.0,"cards_transformed":["Strike_R"],"event_name":"Transmorgrifier","player_choice":"Transformed","floor":3.0,"gold_loss":0.0,"damage_taken":0.0,"cards_obtained":["True Grit"]},{"damage_healed":0,"gold_gain":0,"player_choice":"Lose Max HP","damage_taken":0,"relics_obtained":["Golden Idol"],"max_hp_gain":0,"max_hp_loss":7,"event_name":"Golden Idol","floor":13,"gold_loss":0}],"is_beta":false,"boss_relics":[],"items_purged_floors":[],"is_endless":false,"potions_floor_spawned":[5,12],"killed_by":"The Guardian","ascension_level":16}}