{"host":"0kwl2uefibxd2nsv","time":1614087412,"event":{"mods":["Act Like it!","Aspiration","BaseMod","Better Note","BetterRewards","DeckTracker","Googly Eyes","Hubris","Jedi Mod","Minty Spire (QoL Compilation)","Reliquary","Ruina","Shop Mod","StS++","StSLib"],"gold_per_floor":[113,113,113,124,138,138,138,151,177,189,224,224,243,260,260,362,362,382,382,282,282,314,143,159,159,159,191,208,208,312,312,411,461,478,478,478,578,593,628,628,628,628],"floor_reached":42,"language":"ENG","playtime":3829,"items_purged":["Strike_G","Strike_G","Strike_G"],"score":939,"play_id":"652216b1-7a39-4c34-b06d-760871be3326","local_time":"20210223143652","is_ascension_mode":true,"campfire_choices":[{"data":"Poisoned Stab","floor":7.0,"key":"SMITH"},{"data":"Blade Dance","floor":12.0,"key":"SMITH"},{"data":"Poisoned Stab","floor":15.0,"key":"SMITH"},{"floor":27,"key":"REST"},{"data":"Deadly Poison","floor":30,"key":"SMITH"},{"floor":32,"key":"REST"},{"data":"After Image","floor":41,"key":"SMITH"}],"circlet_count":0,"master_deck":["AscendersBane","Strike_G","Strike_G","Defend_G","Defend_G","Defend_G","Defend_G","Defend_G","Survivor","Neutralize+1","Poisoned Stab+1","Dagger Spray","Poisoned Stab+1","Backflip+1","PiercingWail","Dodge and Roll","Blade Dance+1","After Image+1","Dodge and Roll","Unload","Cloak And Dagger+1","Dodge and Roll+1","Deadly Poison+1","Cloak And Dagger","Backflip","After Image+1","Crippling Poison","jedi:pocketpoison+1"],"relics":["Ring of the Snake","jedi:crownofsimplicity","hubris:Icosahedron","Art of War","hubris:Teleporter","hubris:Backtick","Snake Skull","aspiration:StickyExplosives_weak","Pantograph","Orichalcum","Tiny House","Molten Egg 2","MealTicket"],"acts_visited":["Exordium","Exordium","TheBeyond"],"potions_floor_usage":[23,23,33,40],"damage_taken":[{"damage":0.0,"enemies":"Jaw Worm","floor":1.0,"turns":3.0},{"damage":4.0,"enemies":"Small Slimes","floor":4.0,"turns":4.0},{"damage":0.0,"enemies":"Cultist","floor":5.0,"turns":3.0},{"damage":0.0,"enemies":"2 Fungi Beasts","floor":8.0,"turns":2.0},{"damage":0.0,"enemies":"3 Louse","floor":10.0,"turns":3.0},{"damage":0.0,"enemies":"3 Sentries","floor":11.0,"turns":6.0},{"damage":0.0,"enemies":"Large Slime","floor":13.0,"turns":4.0},{"damage":0.0,"enemies":"Blue Slaver","floor":14.0,"turns":3.0},{"damage":7.0,"enemies":"Slime Boss","floor":16.0,"turns":11.0},{"damage":17.0,"enemies":"ruina:Nosferatu","floor":18.0,"turns":5.0},{"damage":11,"enemies":"ruina:Mountain","floor":23,"turns":6},{"damage":8,"enemies":"ruina:3_Bats","floor":25,"turns":5},{"damage":6,"enemies":"ruina:ServantOfWrath","floor":28,"turns":6},{"damage":5,"enemies":"ruina:KnightOfDespair","floor":29,"turns":5},{"damage":45,"enemies":"ruina:Red_and_Wolf","floor":33,"turns":15},{"damage":0,"enemies":"3 Darklings","floor":35,"turns":7},{"damage":0,"enemies":"3 Shapes","floor":39,"turns":4},{"damage":23,"enemies":"Giant Head","floor":40,"turns":9},{"damage":13,"enemies":"Writhing Mass","floor":42,"turns":6}],"seed_played":"2402772008356488137","potions_obtained":[{"floor":4.0,"key":"SpeedPotion"},{"floor":5.0,"key":"LiquidMemories"},{"floor":11.0,"key":"StSpp:InhibitionPotion"},{"floor":16.0,"key":"PowerPotion"},{"floor":18.0,"key":"Regen Potion"},{"floor":33,"key":"FearPotion"},{"floor":34,"key":"Energy Potion"},{"floor":35,"key":"Weak Potion"}],"is_trial":false,"path_per_floor":["M","?","?","M","M","?","R","M","T","M","E","R","M","M","R","B",null,"M","?","$","?","E","$","M","T","R","E","M","R","?","R","B",null,"M","?","T","?","M","E","R","M"],"character_chosen":"THE_SILENT","items_purchased":["jedi:crownofsimplicity","Poisoned Stab","Dagger Spray","Deadly Poison"],"campfire_rested":2,"item_purchase_floors":[0,0,0,24],"current_hp_per_floor":[45,45,45,41,41,41,41,41,41,41,41,41,70,70,70,63,68,51,31,31,31,35,35,27,27,48,42,37,37,37,58,25,64,64,64,64,64,64,41,41,28,28],"gold":628,"neow_bonus":"","is_daily":false,"chose_seed":false,"campfire_upgraded":5,"win_rate":0.0,"timestamp":1614087412,"path_taken":["M","?","?","M","M","?","R","M","T","M","E","R","M","?","R","BOSS","M","?","$","?","E","$","M","T","R","E","M","R","?","R","BOSS","M","?","?","?","?","E","R","M"],"items_purchased_type":["Relic","Card","Card","Card"],"build_version":"2020-12-22","purchased_purges":3,"victory":false,"max_hp_per_floor":[70,70,70,70,70,70,70,70,70,70,70,70,70,70,70,70,70,70,70,70,70,70,70,70,70,70,70,70,70,70,70,70,75,75,75,75,75,75,75,75,75,75],"card_choices":[{"not_picked":["Deflect","Outmaneuver"],"picked":"Poisoned Stab","floor":1.0},{"not_picked":["PiercingWail","Sucker Punch"],"picked":"Backflip","floor":4.0},{"not_picked":["Predator","Finisher"],"picked":"PiercingWail","floor":5.0},{"not_picked":["Endless Agony","Bane"],"picked":"Dodge and Roll","floor":8.0},{"not_picked":["jedi:unstablefumes","All Out Attack"],"picked":"Blade Dance","floor":10.0},{"not_picked":["Crippling Poison","Terror"],"picked":"After Image","floor":11.0},{"not_picked":["Heel Hook","Concentrate","Calculated Gamble"],"picked":"SKIP","floor":13.0},{"not_picked":["Acrobatics","jedi:pocketpoison"],"picked":"Dodge and Roll","floor":14.0},{"not_picked":["Wraith Form v2","Die Die Die"],"picked":"Unload","floor":16.0},{"not_picked":["Deadly Poison+1","hubris:SlightOfHand"],"picked":"Cloak And Dagger","floor":18.0},{"not_picked":["Doppelganger","Quick Slash"],"picked":"Dodge and Roll+1","floor":23},{"not_picked":["StSpp:Dive","hubris:TrickCloak","Flechettes"],"picked":"SKIP","floor":25},{"not_picked":["Well Laid Plans+1","All Out Attack"],"picked":"Cloak And Dagger","floor":28},{"not_picked":["Reflex","Outmaneuver"],"picked":"Backflip","floor":29},{"not_picked":["Venomology","Doppelganger"],"picked":"After Image","floor":33},{"not_picked":["Acrobatics","Prepared+1"],"picked":"Crippling Poison","floor":35},{"not_picked":["Dodge and Roll+1","Acrobatics+1"],"picked":"jedi:pocketpoison+1","floor":39},{"not_picked":["StSpp:TimeParadox+1","Prepared+1","jedi:unstablefumes+1"],"picked":"SKIP","floor":40}],"player_experience":2051844,"relics_obtained":[{"floor":9.0,"key":"Art of War"},{"floor":11.0,"key":"hubris:Teleporter"},{"floor":23,"key":"aspiration:StickyExplosives_weak"},{"floor":26,"key":"Pantograph"},{"floor":28,"key":"Orichalcum"},{"floor":37,"key":"Molten Egg 2"},{"floor":40,"key":"MealTicket"}],"event_choices":[{"damage_healed":0.0,"max_hp_gain":0.0,"max_hp_loss":0.0,"gold_gain":0.0,"event_name":"Match and Keep!","player_choice":"0 cards matched","floor":6.0,"gold_loss":0.0,"damage_taken":0.0,"cards_obtained":[]},{"damage_healed":0,"gold_gain":0,"player_choice":"Ignored","damage_taken":0,"max_hp_gain":0,"max_hp_loss":0,"event_name":"Tomb of Lord Red Mask","floor":36,"gold_loss":0},{"damage_healed":0,"gold_gain":100,"player_choice":"Pray","damage_taken":0,"max_hp_gain":0,"max_hp_loss":0,"event_name":"Golden Shrine","floor":38,"gold_loss":0}],"is_beta":false,"boss_relics":[{"not_picked":["hubris:ScarierMask","Calling Bell"],"picked":"hubris:Backtick"},{"not_picked":["Snecko Eye","jedi:hotpepper"],"picked":"Tiny House"}],"items_purged_floors":[0,21,24],"is_endless":false,"potions_floor_spawned":[4,5,11,16,18,33,35],"killed_by":"Writhing Mass","ascension_level":10}}