{"host":"blhqr6uo32maonpv","time":1614110875,"event":{"mods":["BaseMod","Colored Powertips","Downfall","Hermit","Minty Spire (QoL Compilation)","Replay The Spire","StSLib","The Bug Knight","The Marked"],"gold_per_floor":[99,116,116,132,147,21,21,21,35,53,69,69,81,93,117,226,238,150,182,212,235,247,271,283,295,117,134,134,134,134,134],"floor_reached":29,"language":"ENG","playtime":1594,"items_purged":["Pride"],"score":219,"play_id":"d99b9825-42a6-4841-9ab9-c3e05ea9ab5d","local_time":"20210223160755","is_ascension_mode":false,"campfire_choices":[{"floor":1,"key":"RECALL"},{"floor":18,"key":"DIG"},{"floor":28,"key":"REST"}],"circlet_count":0,"master_deck":["sneckomod:Strike","sneckomod:Strike","sneckomod:Defend","sneckomod:Defend","sneckomod:Defend","sneckomod:TailWhip","sneckomod:SnekBite","sneckomod:Unknown","sneckomod:IronFang","sneckomod:UnknownX","sneckomod:SerpentIdol","sneckomod:SlitherStrike","sneckomod:ImprovisedGuard","sneckomod:WideSting+1","sneckomod:CheapStock","Echo Form+1","sneckomod:SlitherStrike","sneckomod:QuickMove","Amnesia","sneckomod:Unknown1Cost","sneckomod:UnknownRareAttack","sneckomod:UnknownUncommonPower","sneckomod:UnknownClassSLIMEBOUND+1","sneckomod:SerpentIdol","sneckomod:UnknownUncommonPower","hexamod:WildfireWeapon","sneckomod:UnknownRareSkill","sneckomod:UnknownClassHEXA_GHOST_PURPLE","sneckomod:IronFang","sneckomod:UnknownClassSLIMEBOUND"],"relics":["sneckomod:SneckoSoul","Tiny Chest","Ornamental Fan","MawBank","downfall:ShatteredFragment","Replay:Bronze Core","downfall:HeartBlessingRed","Bottled Lightning","Gremlin Food","Quantum Egg"],"acts_visited":["Exordium","TheCity"],"potions_floor_usage":[11,15,16,26,29,29],"damage_taken":[{"damage":0,"enemies":"Small Slimes","floor":2,"turns":3},{"damage":9,"enemies":"Cultist","floor":4,"turns":4},{"damage":4,"enemies":"Jaw Worm","floor":5,"turns":3},{"damage":0,"enemies":"downfall:FleeingMerchant","floor":6,"turns":4},{"damage":24,"enemies":"Large Slime","floor":9,"turns":5},{"damage":10,"enemies":"downfall:LooterAlt","floor":10,"turns":3},{"damage":0,"enemies":"Gremlin Gang","floor":11,"turns":2},{"damage":6,"enemies":"Large Slime","floor":15,"turns":3},{"damage":51,"enemies":"IC_STATUS_ARCHETYPE","floor":16,"turns":12},{"damage":16,"enemies":"Spheric Guardian","floor":19,"turns":4},{"damage":6,"enemies":"Shell Parasite","floor":20,"turns":6},{"damage":7,"enemies":"Centurion and Healer","floor":21,"turns":6},{"damage":19,"enemies":"Snake Plant","floor":23,"turns":3},{"damage":0,"enemies":"downfall:FleeingMerchant","floor":26,"turns":5},{"damage":20,"enemies":"Snecko","floor":27,"turns":7},{"damage":63,"enemies":"Gremlin Leader","floor":29,"turns":4}],"seed_played":"7942038271487837159","potions_obtained":[{"floor":9,"key":"Languid Potion"},{"floor":10,"key":"sneckomod:MuddlingPotion"},{"floor":15,"key":"Energy Potion"},{"floor":20,"key":"EssenceOfSteel"},{"floor":23,"key":"DistilledChaos"},{"floor":26,"key":"Guardian:BlockOnCardUsePotion"}],"is_trial":false,"path_per_floor":["R","M","?","M","M","$","T","R","M","M","M","T","?","?","M","B",null,"R","M","M","M","?","M","T","R","$","M","R","E"],"character_chosen":"THE_SNECKO","items_purchased":["sneckomod:WideSting+1","sneckomod:CheapStock","sneckomod:UnknownClassHEXA_GHOST_PURPLE","sneckomod:IronFang"],"campfire_rested":1,"item_purchase_floors":[6,6,26,26],"current_hp_per_floor":[90,90,90,81,77,77,77,77,53,43,43,43,90,69,63,12,90,90,74,68,61,61,42,42,42,49,29,56,0,0,0],"gold":134,"neow_bonus":"RANDOM_COMMON_RELIC","is_daily":false,"chose_seed":false,"campfire_upgraded":0,"win_rate":0.0,"timestamp":1614110875,"path_taken":["R","M","?","M","?","$","T","R","M","M","?","?","?","?","M","BOSS","R","M","M","M","?","M","T","R","$","M","R","E"],"items_purchased_type":["Card","Card","Card","Card"],"build_version":"2020-12-22","purchased_purges":1,"victory":false,"max_hp_per_floor":[90,90,90,90,90,90,90,90,90,90,90,90,90,90,90,90,90,90,90,90,90,90,90,90,90,90,90,90,90,90,90],"card_choices":[{"not_picked":["sneckomod:DefensiveFlair","sneckomod:RainOfDice"],"picked":"sneckomod:IronFang","floor":2},{"not_picked":["sneckomod:Rotation","sneckomod:UnknownUncommonSkill"],"picked":"sneckomod:SerpentIdol","floor":4},{"not_picked":["sneckomod:QuickBite","sneckomod:DiceCrush"],"picked":"sneckomod:SlitherStrike","floor":5},{"not_picked":["sneckomod:DiceBlock","sneckomod:TrashToTreasure"],"picked":"sneckomod:ImprovisedGuard","floor":6},{"not_picked":["sneckomod:QuickMove","sneckomod:CheapStock"],"picked":"sneckomod:Unknown1Cost","floor":9},{"not_picked":["sneckomod:DiceBlock","sneckomod:WideSting"],"picked":"sneckomod:SlitherStrike","floor":10},{"not_picked":["sneckomod:DangerNoodle","sneckomod:UnknownCommonAttack"],"picked":"sneckomod:QuickMove","floor":11},{"not_picked":["sneckomod:QuickBite","sneckomod:SoulDraw"],"picked":"sneckomod:Unknown1Cost","floor":15},{"not_picked":["sneckomod:SerpentMind","sneckomod:SoulExchange"],"picked":"sneckomod:UnknownRareAttack","floor":16},{"not_picked":["sneckomod:Rotation","sneckomod:IronFang"],"picked":"sneckomod:UnknownUncommonPower","floor":19},{"not_picked":["sneckomod:UnknownClassBLUE+1","sneckomod:DiceBlock+1"],"picked":"sneckomod:UnknownClassSLIMEBOUND+1","floor":20},{"not_picked":["sneckomod:UnknownExhaust+1","sneckomod:UnknownClassBLUE"],"picked":"sneckomod:SerpentIdol","floor":21},{"not_picked":["sneckomod:DiceBlock","sneckomod:UnknownExhaust+1"],"picked":"sneckomod:UnknownUncommonPower","floor":23},{"not_picked":["sneckomod:RainOfDice","sneckomod:WideSting+1"],"picked":"sneckomod:UnknownRareSkill","floor":26},{"not_picked":["sneckomod:UnknownUncommonAttack+1","sneckomod:UnknownCommonSkill"],"picked":"sneckomod:UnknownClassSLIMEBOUND","floor":27}],"player_experience":65515,"relics_obtained":[{"floor":7,"key":"Ornamental Fan"},{"floor":12,"key":"MawBank"},{"floor":18,"key":"Bottled Lightning"},{"floor":24,"key":"Quantum Egg"}],"event_choices":[{"damage_healed":0,"gold_gain":0,"player_choice":"Stole Relic","damage_taken":0,"relics_obtained":["Gremlin Food"],"max_hp_gain":0,"max_hp_loss":0,"event_name":"Addict","floor":22,"gold_loss":0,"cards_obtained":["Pride"]}],"is_beta":false,"boss_relics":[{"not_picked":["Velvet Choker","Coffee Dripper"],"picked":"Replay:Bronze Core"}],"items_purged_floors":[26],"is_endless":false,"potions_floor_spawned":[9,10,15,20,23],"killed_by":"Gremlin Leader","ascension_level":0}}