{"host":"yhhyog5h1q67ienp","time":1614038649,"event":{"mods":["AchievementEnabler","BaseMod","Block Reminder","Colored Map","Colored Powertips","Minty Spire (QoL Compilation)","Quick Restart","Relic Stats","StSLib","ojb\u0027s Better Paths Mod","ojb\u0027s Info Mod"],"gold_per_floor":[109,127,147,14,14,14,39,74,74,74,88,120,189,189,189],"floor_reached":14,"language":"ENG","playtime":1067,"items_purged":["Strike_G"],"score":196,"play_id":"2268ba0e-baf8-4822-93bc-c5f92f5f9a96","local_time":"20210222210409","is_ascension_mode":true,"campfire_choices":[{"data":"Skewer","floor":6,"key":"SMITH"},{"data":"Acrobatics","floor":10,"key":"SMITH"}],"circlet_count":0,"master_deck":["AscendersBane","Strike_G","Strike_G","Strike_G","Strike_G","Defend_G","Defend_G","Defend_G","Defend_G","Defend_G","Survivor","Neutralize","Skewer+1","Acrobatics+1","Slice","Blade Dance","Escape Plan","Bouncing Flask","Poisoned Stab"],"relics":["Ring of the Snake","Centennial Puzzle","Torii","InkBottle","Ice Cream"],"acts_visited":["Exordium"],"potions_floor_usage":[8,12],"damage_taken":[{"damage":0,"enemies":"2 Louse","floor":1,"turns":4},{"damage":1,"enemies":"Jaw Worm","floor":2,"turns":3},{"damage":10,"enemies":"Small Slimes","floor":3,"turns":6},{"damage":21,"enemies":"Lagavulin","floor":8,"turns":7},{"damage":0,"enemies":"2 Fungi Beasts","floor":11,"turns":3},{"damage":28,"enemies":"Gremlin Nob","floor":12,"turns":4},{"damage":12,"enemies":"3 Sentries","floor":14,"turns":4}],"seed_played":"-5825189862843755882","potions_obtained":[{"floor":1,"key":"Ancient Potion"},{"floor":2,"key":"Weak Potion"},{"floor":3,"key":"Explosive Potion"}],"is_trial":false,"path_per_floor":["M","M","M","$","?","R","T","E","T","R","M","E","?","E"],"character_chosen":"THE_SILENT","items_purchased":["Blade Dance"],"campfire_rested":0,"item_purchase_floors":[4],"current_hp_per_floor":[65,64,54,54,54,54,54,33,33,33,33,5,5,0,0],"gold":189,"neow_bonus":"TEN_PERCENT_HP_BONUS","is_daily":false,"chose_seed":false,"campfire_upgraded":2,"win_rate":0.0,"timestamp":1614038649,"path_taken":["M","M","M","$","?","R","?","E","T","R","M","E","?","E"],"items_purchased_type":["Card"],"build_version":"2020-12-22","purchased_purges":1,"victory":false,"max_hp_per_floor":[72,72,72,72,72,72,72,72,72,72,72,72,72,72,72],"relic_stats":{"Centennial Puzzle":[9],"Torii":2,"counters":[7,31],"obtain_stats":[{"Ice Cream":12,"Centennial Puzzle":7,"Torii":8,"InkBottle":9,"Ring of the Snake":0},{"Ice Cream":6,"Centennial Puzzle":3,"Torii":4,"InkBottle":4,"Ring of the Snake":0},{"Ice Cream":27,"Centennial Puzzle":13,"Torii":20,"InkBottle":20,"Ring of the Snake":0}],"InkBottle":[4],"Ring of the Snake":[14]},"card_choices":[{"not_picked":["Infinite Blades","Dagger Spray"],"picked":"Skewer","floor":1},{"not_picked":["Dagger Spray","All Out Attack"],"picked":"Acrobatics","floor":2},{"not_picked":["Distraction","Dodge and Roll"],"picked":"Slice","floor":3},{"not_picked":["Dagger Throw","Backflip"],"picked":"Escape Plan","floor":8},{"not_picked":["Cloak And Dagger","Underhanded Strike"],"picked":"Bouncing Flask","floor":11},{"not_picked":["Reflex","Dagger Spray"],"picked":"Poisoned Stab","floor":12}],"player_experience":1525658,"relics_obtained":[{"floor":7,"key":"Centennial Puzzle"},{"floor":8,"key":"Torii"},{"floor":9,"key":"InkBottle"},{"floor":12,"key":"Ice Cream"}],"event_choices":[{"damage_healed":0,"gold_gain":0,"player_choice":"Ignored","damage_taken":0,"max_hp_gain":0,"max_hp_loss":0,"event_name":"Liars Game","floor":5,"gold_loss":0},{"damage_healed":0,"gold_gain":69,"player_choice":"Gained Gold","damage_taken":0,"max_hp_gain":0,"max_hp_loss":0,"event_name":"Golden Wing","floor":13,"gold_loss":0}],"is_beta":false,"boss_relics":[],"items_purged_floors":[4],"is_endless":false,"potions_floor_spawned":[1,2,3],"killed_by":"3 Sentries","ascension_level":20}}