{"host":"to2s10i0cynxbiqz","time":1614083569,"event":{"mods":["BaseMod","Colored Powertips","Highlight Path","Minty Spire (QoL Compilation)","Quick Restart","StSLib","slay the spire mod where everything is the same but ironclad has a cowboy hat"],"gold_per_floor":[113,113,38,54,54,92,118,118,166,166,166,184,184,197,197,316,316,256,256,156,175,191,191,206,206,206,288,307,347,363,402,402,525,525,540,445,445,469,489,489,489],"floor_reached":40,"language":"ZHS","playtime":1778,"items_purged":["Strike_G","Strike_G","Strike_G"],"score":549,"play_id":"3a5cc5fb-608e-4074-bf8f-f59436f62787","local_time":"20210223203249","is_ascension_mode":true,"campfire_choices":[{"floor":8.0,"key":"REST"},{"data":"Footwork","floor":11.0,"key":"SMITH"},{"data":"Noxious Fumes","floor":13.0,"key":"SMITH"},{"data":"Noxious Fumes","floor":15.0,"key":"SMITH"},{"data":"Bullet Time","floor":23.0,"key":"SMITH"},{"data":"Bouncing Flask","floor":25.0,"key":"SMITH"},{"floor":32.0,"key":"REST"}],"circlet_count":0,"master_deck":["Strike_G","Defend_G","Defend_G","Defend_G","Defend_G","Defend_G","Survivor","Neutralize","Noxious Fumes+1","Backflip","Footwork+1","Leg Sweep","Deflect","Noxious Fumes+1","Bullet Time+1","Bouncing Flask+1","Deflect","Prepared+1","Bouncing Flask","Backflip","Blur+1","After Image+1","Noxious Fumes+1","Backflip","Prepared+1","Noxious Fumes+1"],"relics":["Ring of the Serpent","NeowsBlessing","Golden Idol","Blue Candle","Odd Mushroom","Sozu","White Beast Statue","Ninja Scroll","Frozen Egg 2","Smiling Mask"],"acts_visited":["Exordium","TheCity","TheBeyond"],"potions_floor_usage":[],"damage_taken":[{"damage":0.0,"enemies":"Small Slimes","floor":1.0,"turns":1.0},{"damage":0.0,"enemies":"Jaw Worm","floor":4.0,"turns":1.0},{"damage":0.0,"enemies":"3 Sentries","floor":6.0,"turns":2.0},{"damage":16.0,"enemies":"The Mushroom Lair","floor":7.0,"turns":6.0},{"damage":0.0,"enemies":"Cultist","floor":12.0,"turns":5.0},{"damage":9.0,"enemies":"Gremlin Gang","floor":14.0,"turns":6.0},{"damage":0.0,"enemies":"The Guardian","floor":16.0,"turns":10.0},{"damage":3.0,"enemies":"2 Thieves","floor":18.0,"turns":4.0},{"damage":0.0,"enemies":"Chosen","floor":21.0,"turns":6.0},{"damage":4.0,"enemies":"Shelled Parasite and Fungi","floor":22.0,"turns":6.0},{"damage":0.0,"enemies":"Snecko","floor":24.0,"turns":6.0},{"damage":0.0,"enemies":"Cultist and Chosen","floor":28.0,"turns":6.0},{"damage":5.0,"enemies":"Slavers","floor":29.0,"turns":6.0},{"damage":2.0,"enemies":"Centurion and Healer","floor":30.0,"turns":6.0},{"damage":30.0,"enemies":"Gremlin Leader","floor":31.0,"turns":8.0},{"damage":9.0,"enemies":"Automaton","floor":33.0,"turns":9.0},{"damage":0.0,"enemies":"3 Shapes","floor":35.0,"turns":5.0},{"damage":0.0,"enemies":"Orb Walker","floor":38.0,"turns":4.0},{"damage":14,"enemies":"Jaw Worm Horde","floor":39,"turns":5},{"damage":61,"enemies":"Reptomancer","floor":40,"turns":4}],"seed_played":"2710709419463121684","potions_obtained":[{"floor":7.0,"key":"AttackPotion"},{"floor":12.0,"key":"Ancient Potion"},{"floor":14.0,"key":"LiquidMemories"}],"is_trial":false,"path_per_floor":["M","?","$","M","?","E","?","R","T","?","R","M","R","M","R","B",null,"M","?","$","M","M","R","M","R","T","T","M","E","M","E","R","B",null,"M","$","?","M","M","E"],"character_chosen":"THE_SILENT","items_purchased":["Backflip"],"campfire_rested":2,"item_purchase_floors":[36],"current_hp_per_floor":[70,53,53,53,46,46,30,51,51,51,51,51,51,42,42,42,70,67,67,67,67,63,63,63,63,63,63,63,58,56,26,47,38,70,70,70,70,70,56,0,0],"gold":489,"neow_bonus":"THREE_ENEMY_KILL","is_daily":false,"chose_seed":false,"campfire_upgraded":5,"win_rate":0.0,"timestamp":1614083569,"path_taken":["M","?","$","M","?","E","?","R","T","?","R","M","R","M","R","BOSS","M","?","$","M","M","R","M","R","T","?","M","E","M","E","R","BOSS","M","$","?","M","?","E"],"items_purchased_type":["Card"],"build_version":"2020-12-22","purchased_purges":3,"victory":false,"max_hp_per_floor":[70,70,70,70,70,70,70,70,70,70,70,70,70,70,70,70,70,70,70,70,70,70,70,70,70,70,70,70,70,70,70,70,70,70,70,70,70,70,70,70,70],"card_choices":[{"not_picked":["Outmaneuver","Infinite Blades"],"picked":"Noxious Fumes","floor":1.0},{"not_picked":["Acrobatics","Endless Agony"],"picked":"Backflip","floor":4.0},{"not_picked":["Blade Dance","Bane"],"picked":"Footwork","floor":6.0},{"not_picked":["Quick Slash","Terror"],"picked":"Leg Sweep","floor":7.0},{"not_picked":["Backflip","Underhanded Strike"],"picked":"Deflect","floor":12.0},{"not_picked":["Finisher","Slice"],"picked":"Noxious Fumes","floor":14.0},{"not_picked":["A Thousand Cuts","Envenom"],"picked":"Bullet Time","floor":16.0},{"not_picked":["Acrobatics","Poisoned Stab"],"picked":"Bouncing Flask","floor":18.0},{"not_picked":["Flying Knee","Dagger Spray"],"picked":"Deflect","floor":21.0},{"not_picked":["Cloak And Dagger","Dagger Spray","Sucker Punch"],"picked":"SKIP","floor":22.0},{"not_picked":["Cloak And Dagger","Dagger Spray","Sucker Punch"],"picked":"SKIP","floor":22.0},{"not_picked":["Unload","Dagger Throw","Finisher"],"picked":"SKIP","floor":24.0},{"not_picked":["Blade Dance","Dodge and Roll+1"],"picked":"Prepared+1","floor":28.0},{"not_picked":["Prepared","Poisoned Stab"],"picked":"Bouncing Flask","floor":29.0},{"not_picked":["Quick Slash","Crippling Poison"],"picked":"Backflip","floor":30.0},{"not_picked":["Dagger Spray+1","Dodge and Roll"],"picked":"Blur+1","floor":31.0},{"not_picked":["Unload","Storm of Steel"],"picked":"After Image+1","floor":33.0},{"not_picked":["Dodge and Roll","Heel Hook+1"],"picked":"Noxious Fumes+1","floor":35.0},{"not_picked":["Bane","Cloak And Dagger"],"picked":"Prepared+1","floor":38.0},{"not_picked":["Poisoned Stab+1","Blade Dance"],"picked":"Noxious Fumes+1","floor":39}],"player_experience":196241,"relics_obtained":[{"floor":6.0,"key":"Blue Candle"},{"floor":7.0,"key":"Odd Mushroom"},{"floor":26.0,"key":"White Beast Statue"},{"floor":27.0,"key":"Ninja Scroll"},{"floor":29.0,"key":"Frozen Egg 2"},{"floor":31.0,"key":"Smiling Mask"}],"event_choices":[{"damage_healed":0.0,"max_hp_gain":0.0,"max_hp_loss":0.0,"gold_gain":0.0,"event_name":"Golden Idol","player_choice":"Take Damage","floor":2.0,"gold_loss":0.0,"damage_taken":17.0,"relics_obtained":["Golden Idol"]},{"cards_removed":["Strike_G"],"damage_healed":0.0,"max_hp_gain":0.0,"max_hp_loss":0.0,"gold_gain":0.0,"event_name":"Golden Wing","player_choice":"Card Removal","floor":5.0,"gold_loss":0.0,"damage_taken":7.0},{"damage_healed":0.0,"max_hp_gain":0.0,"max_hp_loss":0.0,"gold_gain":0.0,"event_name":"Mushrooms","player_choice":"Fought Mushrooms","floor":7.0,"gold_loss":0.0,"damage_taken":0.0},{"damage_healed":0.0,"max_hp_gain":0.0,"max_hp_loss":0.0,"gold_gain":0.0,"event_name":"Dead Adventurer","player_choice":"Searched \u00271\u0027 times","floor":10.0,"gold_loss":0.0,"damage_taken":0.0},{"damage_healed":0.0,"max_hp_gain":0.0,"max_hp_loss":0.0,"gold_gain":0.0,"event_name":"The Mausoleum","player_choice":"Ignored","floor":19.0,"gold_loss":0.0,"damage_taken":0.0},{"damage_healed":0.0,"max_hp_gain":0.0,"max_hp_loss":0.0,"gold_gain":0.0,"event_name":"SecretPortal","player_choice":"Ignored","floor":37.0,"gold_loss":0.0,"damage_taken":0.0}],"is_beta":false,"boss_relics":[{"not_picked":["Fusion Hammer","Snecko Eye"],"picked":"Sozu"},{"not_picked":["Philosopher\u0027s Stone","SlaversCollar"],"picked":"Ring of the Serpent"}],"items_purged_floors":[3,20,36],"is_endless":false,"potions_floor_spawned":[7,12,14,21,22,28,29,30,31,33,35,38,39],"killed_by":"Reptomancer","ascension_level":1}}