{"host":"a1eatafr7pisesky","time":1614089425,"event":{"mods":["AchievementEnabler","BaseMod","Colored Map","Keyboard Shortcuts","Minty Spire (QoL Compilation)","Say the Spire","StSLib","SuperFastMode","everything is the same but u backflip on backflip"],"gold_per_floor":[361,378,217,217,235,261,261,293,293,306,316,43,56,69,69,144,144,164,39,55,55,55,81,101,101,126,161,11,37,49,64,64,141,141,151,169,32,57,107,135,135,145,169,188,58,72,72,100,100,100,100,100,50,76,76,76],"floor_reached":55,"language":"KOR","playtime":2185,"items_purged":["Defend_P","Strike_P","Defend_P","Defend_P","Defend_P","Parasite","Strike_P"],"score":1483,"play_id":"c6eb069e-4a56-4850-8500-b1b1e8bf3cb2","local_time":"20210223231025","is_ascension_mode":true,"campfire_choices":[{"floor":7.0,"key":"REST"},{"data":"Eruption","floor":15.0,"key":"SMITH"},{"floor":25.0,"key":"DIG"},{"floor":32.0,"key":"DIG"},{"floor":41.0,"key":"DIG"},{"data":"Adaptation","floor":47.0,"key":"SMITH"},{"floor":49.0,"key":"RECALL"},{"data":"TalkToTheHand","floor":52.0,"key":"SMITH"}],"circlet_count":0,"master_deck":["AscendersBane","Strike_P","Strike_P","Eruption+1","Vigilance","MentalFortress","TalkToTheHand+1","Tantrum","EmptyFist","FearNoEvil","Scrawl+1","Halt+1","Vault+1","Blasphemy+1","Study","Adaptation+1"],"relics":["PureWater","Toxic Egg 2","Tiny Chest","Singing Bowl","Bag of Preparation","Coffee Dripper","Shovel","Kunai","Bronze Scales","TeardropLocket","Smiling Mask","Matryoshka","Busted Crown","Ice Cream","Blood Vial","Bottled Lightning","Anchor","Akabeko","Damaru"],"acts_visited":["Exordium","TheCity","TheBeyond","TheEnding"],"potions_floor_usage":[],"damage_taken":[{"damage":0.0,"enemies":"Cultist","floor":1.0,"turns":2.0},{"damage":2.0,"enemies":"2 Louse","floor":2.0,"turns":2.0},{"damage":8.0,"enemies":"Small Slimes","floor":5.0,"turns":5.0},{"damage":15.0,"enemies":"3 Sentries","floor":6.0,"turns":5.0},{"damage":10.0,"enemies":"Gremlin Nob","floor":8.0,"turns":3.0},{"damage":6.0,"enemies":"Looter","floor":10.0,"turns":3.0},{"damage":4.0,"enemies":"Red Slaver","floor":11.0,"turns":5.0},{"damage":10.0,"enemies":"3 Louse","floor":13.0,"turns":3.0},{"damage":0.0,"enemies":"Blue Slaver","floor":14.0,"turns":3.0},{"damage":4.0,"enemies":"Hexaghost","floor":16.0,"turns":10.0},{"damage":0.0,"enemies":"Chosen","floor":18.0,"turns":4.0},{"damage":8.0,"enemies":"3 Byrds","floor":20.0,"turns":4.0},{"damage":2.0,"enemies":"Gremlin Leader","floor":23.0,"turns":5.0},{"damage":16.0,"enemies":"Cultist and Chosen","floor":24.0,"turns":7.0},{"damage":0.0,"enemies":"Slavers","floor":27.0,"turns":4.0},{"damage":0.0,"enemies":"3 Cultists","floor":30.0,"turns":4.0},{"damage":0.0,"enemies":"Snake Plant","floor":31.0,"turns":4.0},{"damage":9.0,"enemies":"Automaton","floor":33.0,"turns":10.0},{"damage":10.0,"enemies":"3 Shapes","floor":35.0,"turns":2.0},{"damage":0.0,"enemies":"3 Darklings","floor":36.0,"turns":4.0},{"damage":2.0,"enemies":"Mind Bloom Boss Battle","floor":38.0,"turns":6.0},{"damage":5.0,"enemies":"Reptomancer","floor":40.0,"turns":9.0},{"damage":0.0,"enemies":"Maw","floor":42.0,"turns":7.0},{"damage":15.0,"enemies":"Writhing Mass","floor":44.0,"turns":5.0},{"damage":6.0,"enemies":"4 Shapes","floor":46.0,"turns":3.0},{"damage":21.0,"enemies":"Nemesis","floor":48.0,"turns":7.0},{"damage":11.0,"enemies":"Awakened One","floor":50.0,"turns":10.0},{"damage":37.0,"enemies":"Shield and Spear","floor":54.0,"turns":7.0},{"damage":56,"enemies":"The Heart","floor":55,"turns":3}],"seed_played":"-2857395632949951123","potions_obtained":[{"floor":2.0,"key":"AttackPotion"},{"floor":4.0,"key":"LiquidBronze"},{"floor":4.0,"key":"PowerPotion"},{"floor":8.0,"key":"AttackPotion"},{"floor":11.0,"key":"SneckoOil"},{"floor":13.0,"key":"Explosive Potion"},{"floor":14.0,"key":"EntropicBrew"},{"floor":16.0,"key":"SteroidPotion"},{"floor":30.0,"key":"FearPotion"},{"floor":31.0,"key":"SpeedPotion"},{"floor":33.0,"key":"Block Potion"},{"floor":36.0,"key":"EntropicBrew"},{"floor":54.0,"key":"BottledMiracle"}],"is_trial":false,"path_per_floor":["M","M","$","?","M","E","R","E","T","M","M","$","M","M","R","B",null,"M","$","M","?","?","E","M","R","T","E","$","T","M","M","R","B",null,"M","M","$","?","?","E","R","M","T","M","$","M","R","E","R","B",null,"R","$","E","B"],"character_chosen":"WATCHER","items_purchased":["TalkToTheHand","Bag of Preparation","Study","Adaptation"],"campfire_rested":1,"item_purchase_floors":[3,12,37,45],"current_hp_per_floor":[43,41,41,41,33,18,38,28,28,24,22,22,14,14,14,10,58,60,60,52,52,46,46,32,32,32,32,32,32,34,36,36,27,70,62,64,64,64,64,61,61,65,65,54,54,52,52,35,35,26,79,79,79,46,0,0],"gold":76,"neow_bonus":"TWO_FIFTY_GOLD","is_daily":false,"chose_seed":false,"campfire_upgraded":3,"win_rate":0.0,"timestamp":1614089425,"path_taken":["M","?","$","?","M","E","R","E","T","M","M","$","M","?","R","BOSS","M","$","M","?","?","E","M","R","T","E","$","?","M","?","R","BOSS","M","M","$","?","?","E","R","M","T","M","$","M","R","E","R","BOSS","R","$","E","BOSS"],"items_purchased_type":["Card","Relic","Card","Card"],"build_version":"2020-12-22","purchased_purges":7,"victory":false,"max_hp_per_floor":[68,68,68,68,68,68,68,68,68,70,72,72,74,74,74,74,74,76,76,76,76,76,78,80,80,80,80,80,80,82,84,84,84,84,86,88,88,90,90,92,92,94,94,96,93,95,95,97,97,97,97,97,97,99,99,99],"card_choices":[{"not_picked":["FollowUp","Halt"],"picked":"MentalFortress","floor":1.0},{"not_picked":["EmptyBody","BattleHymn","ClearTheMind"],"picked":"SKIP","floor":2.0},{"not_picked":["Sanctity","WreathOfFlame","CarveReality"],"picked":"SKIP","floor":5.0},{"not_picked":["Alpha+1","Crescendo+1"],"picked":"Tantrum","floor":6.0},{"not_picked":["Indignation+1","SignatureMove"],"picked":"EmptyFist","floor":8.0},{"not_picked":["CutThroughFate","Indignation+1","Wallop"],"picked":"Singing Bowl","floor":10.0},{"not_picked":["FlurryOfBlows","Halt+1","BowlingBash"],"picked":"Singing Bowl","floor":11.0},{"not_picked":["FollowUp","FlyingSleeves","Crescendo+1"],"picked":"Singing Bowl","floor":13.0},{"not_picked":["Wallop","SashWhip"],"picked":"FearNoEvil","floor":14.0},{"not_picked":["Judgement+1","Wish+1"],"picked":"Scrawl+1","floor":16.0},{"not_picked":["CrushJoints","Indignation+1","ThirdEye+1"],"picked":"Singing Bowl","floor":18.0},{"not_picked":["FollowUp","Protect+1"],"picked":"Halt+1","floor":20.0},{"not_picked":["Crescendo+1","Prostrate+1","JustLucky"],"picked":"Singing Bowl","floor":23.0},{"not_picked":["Crescendo+1","CutThroughFate","Conclude"],"picked":"Singing Bowl","floor":24.0},{"not_picked":["Consecrate","JustLucky"],"picked":"Vault+1","floor":27.0},{"not_picked":["Tantrum","EmptyMind+1","Perseverance+1"],"picked":"Singing Bowl","floor":30.0},{"not_picked":["Collect+1","Evaluate+1","JustLucky+1"],"picked":"Singing Bowl","floor":31.0},{"not_picked":["Establishment","Wish+1"],"picked":"Blasphemy+1","floor":33.0},{"not_picked":["BattleHymn"],"picked":"Singing Bowl","floor":35.0},{"not_picked":["BowlingBash"],"picked":"Singing Bowl","floor":36.0},{"not_picked":["ClearTheMind+1"],"picked":"Singing Bowl","floor":38.0},{"not_picked":["CrushJoints"],"picked":"Singing Bowl","floor":40.0},{"not_picked":["EmptyFist"],"picked":"Singing Bowl","floor":42.0},{"not_picked":["JustLucky"],"picked":"Singing Bowl","floor":44.0},{"not_picked":["SandsOfTime+1"],"picked":"Singing Bowl","floor":46.0},{"not_picked":["WheelKick"],"picked":"Singing Bowl","floor":48.0},{"not_picked":["Evaluate+1"],"picked":"Singing Bowl","floor":54.0}],"player_experience":490397,"relics_obtained":[{"floor":6.0,"key":"Toxic Egg 2"},{"floor":8.0,"key":"Tiny Chest"},{"floor":9.0,"key":"Singing Bowl"},{"floor":23.0,"key":"Shovel"},{"floor":25.0,"key":"Kunai"},{"floor":26.0,"key":"Bronze Scales"},{"floor":27.0,"key":"TeardropLocket"},{"floor":29.0,"key":"Smiling Mask"},{"floor":32.0,"key":"Matryoshka"},{"floor":38.0,"key":"Ice Cream"},{"floor":40.0,"key":"Blood Vial"},{"floor":41.0,"key":"Bottled Lightning"},{"floor":43.0,"key":"Anchor"},{"floor":48.0,"key":"Akabeko"},{"floor":54.0,"key":"Damaru"}],"event_choices":[{"damage_healed":0.0,"max_hp_gain":0.0,"max_hp_loss":0.0,"gold_gain":0.0,"event_name":"Lab","player_choice":"Got Potions","floor":4.0,"gold_loss":0.0,"damage_taken":0.0},{"damage_healed":0.0,"max_hp_gain":0.0,"max_hp_loss":0.0,"gold_gain":0.0,"event_name":"Knowing Skull","player_choice":"","floor":22.0,"potions_obtained":[],"gold_loss":0.0,"damage_taken":6.0,"cards_obtained":[]},{"damage_healed":0.0,"max_hp_gain":0.0,"max_hp_loss":0.0,"gold_gain":0.0,"event_name":"MindBloom","player_choice":"Fight","floor":38.0,"gold_loss":0.0,"damage_taken":0.0},{"damage_healed":0.0,"max_hp_gain":0.0,"max_hp_loss":0.0,"gold_gain":50.0,"event_name":"Golden Shrine","player_choice":"Pray","floor":39.0,"gold_loss":0.0,"damage_taken":0.0}],"is_beta":false,"boss_relics":[{"not_picked":["Pandora\u0027s Box","Runic Dome"],"picked":"Coffee Dripper"},{"not_picked":["Snecko Eye","Velvet Choker"],"picked":"Busted Crown"}],"items_purged_floors":[3,12,19,28,37,45,53],"is_endless":false,"potions_floor_spawned":[2,8,11,13,14,16,18,23,30,31,33,36,40,44,48,54],"killed_by":"The Heart","ascension_level":18}}