{"host":"z439itq93uucuvou","time":1614124518,"event":{"mods":["BaseMod","Colored Powertips","Downfall","Jorbs\u0027s Wanderer Trilogy","Minty Spire (QoL Compilation)","StSLib"],"gold_per_floor":[99,110,129,149,149,149,217,234,261,123,148,148,168,168,186,186,186,186],"floor_reached":16,"language":"ENG","playtime":1119,"items_purged":["Pain"],"score":118,"play_id":"2e6c3018-6c42-4589-b57a-d86b98de5b83","local_time":"20210223155518","is_ascension_mode":true,"campfire_choices":[{"data":"bronze:Break","floor":1.0,"key":"SMITH"},{"data":"bronze:Mutator","floor":6.0,"key":"SMITH"},{"floor":12.0,"key":"REST"}],"circlet_count":0,"master_deck":["bronze:Strike","bronze:Defend","bronze:Defend","bronze:Defend","bronze:Defend+1","bronze:Replicate","bronze:Goto","bronze:Break+1","bronze:CutThrough","bronze:CloningBeam","bronze:Overheat","bronze:ClassDefault","bronze:Mutator+1","bronze:Allocate","bronze:Optimize","bronze:Frontload+1","bronze:Verify","bronze:BuggyMess","bronze:CleanCode+1","bronze:ChosenStrike","downfall:Malfunctioning","bronze:Invalidate"],"relics":["bronze:BronzeCore","Mummified Hand","Oddly Smooth Stone","hexamod:CandleOfCauterizing"],"acts_visited":["Exordium"],"potions_floor_usage":[16,16],"damage_taken":[{"damage":5.0,"enemies":"Small Slimes","floor":2.0,"turns":2.0},{"damage":0.0,"enemies":"Cultist","floor":3.0,"turns":2.0},{"damage":6.0,"enemies":"2 Louse","floor":4.0,"turns":3.0},{"damage":0.0,"enemies":"2 Fungi Beasts","floor":8.0,"turns":2.0},{"damage":40.0,"enemies":"3 Sentries","floor":9.0,"turns":6.0},{"damage":4.0,"enemies":"downfall:FleeingMerchant","floor":10.0,"turns":4.0},{"damage":6.0,"enemies":"Lagavulin","floor":11.0,"turns":7.0},{"damage":0.0,"enemies":"Blue Slaver","floor":13.0,"turns":3.0},{"damage":5.0,"enemies":"Gremlin Gang","floor":15.0,"turns":6.0},{"damage":30,"enemies":"WA_ARCHETYPE_RETAIN","floor":16,"turns":4}],"seed_played":"-8981129718009610863","potions_obtained":[{"floor":4.0,"key":"SneckoOil"},{"floor":9.0,"key":"ColorlessPotion"},{"floor":11.0,"key":"SkillPotion"},{"floor":15.0,"key":"Energy Potion"}],"is_trial":false,"path_per_floor":["R","M","M","M","?","R","T","M","E","$","E","R","M","?","M","B"],"character_chosen":"THE_AUTOMATON","items_purchased":["bronze:BuggyMess"],"campfire_rested":1,"item_purchase_floors":[10],"current_hp_per_floor":[70,65,65,59,59,59,59,59,19,15,9,30,30,30,25,0,0,0],"gold":186,"neow_bonus":"ONE_RANDOM_RARE_CARD","is_daily":false,"chose_seed":false,"campfire_upgraded":2,"win_rate":0.0,"timestamp":1614124518,"path_taken":["R","M","M","M","?","R","T","?","E","$","E","R","M","?","M","BOSS"],"items_purchased_type":["Card"],"build_version":"2020-12-22","purchased_purges":1,"victory":false,"max_hp_per_floor":[70,70,70,70,70,70,70,70,70,70,70,70,70,70,70,70,70,70],"card_choices":[{"not_picked":["bronze:DelayedGuard","bronze:BitShift","bronze:CutThrough"],"picked":"SKIP","floor":2.0},{"not_picked":["bronze:DelayedGuard","bronze:BitShift"],"picked":"bronze:CutThrough","floor":2.0},{"not_picked":["bronze:ForLoop","bronze:Frontload"],"picked":"bronze:CloningBeam","floor":3.0},{"not_picked":["bronze:InfiniteBeams","bronze:Constructor"],"picked":"bronze:Overheat","floor":4.0},{"not_picked":["bronze:BuggyMess","bronze:Philosophize"],"picked":"bronze:Optimize","floor":8.0},{"not_picked":["bronze:InfiniteBeams","bronze:CutThrough"],"picked":"bronze:Frontload","floor":9.0},{"not_picked":["bronze:Overheat","bronze:Branch"],"picked":"bronze:Verify","floor":10.0},{"not_picked":["bronze:Deprecate","bronze:FineTuning"],"picked":"bronze:CleanCode","floor":11.0},{"not_picked":["bronze:FineTuning","bronze:BugBarrage"],"picked":"bronze:ChosenStrike","floor":13.0},{"not_picked":["bronze:Turbo","bronze:CutThrough"],"picked":"bronze:Invalidate","floor":15.0}],"player_experience":1749559,"relics_obtained":[{"floor":7.0,"key":"Mummified Hand"},{"floor":9.0,"key":"Oddly Smooth Stone"},{"floor":11.0,"key":"hexamod:CandleOfCauterizing"}],"event_choices":[],"is_beta":false,"boss_relics":[],"items_purged_floors":[10],"is_endless":false,"potions_floor_spawned":[4,9,11,15],"killed_by":"WA_ARCHETYPE_RETAIN","ascension_level":1}}