{"host":"Pascal","time":1614113803,"event":{"mods":["BaseMod","Googly Eyes","Minty Spire (QoL Compilation)","Permanent Neow","Relic Stats","StSLib"],"gold_per_floor":[113,126,141,155,10,10,45,28,55,84,64,15,15,26,26,128,128,138,138,150,150,150],"floor_reached":21,"language":"ENG","playtime":1695,"items_purged":["Strike_R"],"score":258,"play_id":"e8536a70-4d91-4fe8-95fa-8cb43dd0338e","local_time":"20210223215643","is_ascension_mode":true,"campfire_choices":[{"data":"Dual Wield","floor":6,"key":"SMITH"},{"floor":13,"key":"REST"},{"floor":15,"key":"REST"}],"circlet_count":0,"master_deck":["Strike_R","Strike_R","Strike_R","Strike_R","Defend_R","Defend_R","Defend_R","Defend_R","Flame Barrier","Dual Wield+1","Combust","Rampage","Barricade+1","Havoc","Exhume"],"relics":["Black Blood","Mummified Hand","Ancient Tea Set","Bag of Preparation"],"acts_visited":["Exordium","TheCity"],"potions_floor_usage":[7,14,16],"damage_taken":[{"damage":0,"enemies":"Cultist","floor":1,"turns":4},{"damage":4,"enemies":"Jaw Worm","floor":2,"turns":6},{"damage":0,"enemies":"2 Louse","floor":3,"turns":4},{"damage":2,"enemies":"2 Fungi Beasts","floor":4,"turns":6},{"damage":33,"enemies":"Lagavulin","floor":7,"turns":10},{"damage":10,"enemies":"Exordium Thugs","floor":8,"turns":4},{"damage":48,"enemies":"3 Sentries","floor":10,"turns":11},{"damage":7,"enemies":"Large Slime","floor":14,"turns":7},{"damage":11,"enemies":"Hexaghost","floor":16,"turns":10},{"damage":26,"enemies":"3 Byrds","floor":18,"turns":4},{"damage":57,"enemies":"Shell Parasite","floor":20,"turns":13},{"damage":26,"enemies":"Cultist and Chosen","floor":21,"turns":4}],"seed_played":"506280775911192620","potions_obtained":[{"floor":2,"key":"ColorlessPotion"},{"floor":7,"key":"FairyPotion"},{"floor":10,"key":"Energy Potion"},{"floor":14,"key":"ColorlessPotion"},{"floor":18,"key":"CultistPotion"}],"is_trial":false,"path_per_floor":["M","M","M","M","$","R","E","M","T","E","?","$","R","M","R","B",null,"M","?","M","M"],"character_chosen":"IRONCLAD","items_purchased":["Rampage","Havoc"],"campfire_rested":2,"item_purchase_floors":[5,12],"current_hp_per_floor":[78,80,80,80,80,80,53,49,49,7,7,7,31,30,54,49,72,58,58,13,12,12],"gold":150,"neow_bonus":"TRANSFORM_CARD","is_daily":false,"chose_seed":false,"campfire_upgraded":1,"win_rate":0.0,"timestamp":1614113803,"path_taken":["M","M","M","M","$","R","E","M","T","E","?","$","R","M","R","BOSS","M","?","M","M"],"items_purchased_type":["Card","Card"],"build_version":"2020-12-18","purchased_purges":1,"victory":false,"max_hp_per_floor":[80,80,80,80,80,80,80,80,80,80,80,80,80,80,80,80,80,80,80,80,80,80],"relic_stats":{"counters":[12,83],"Mummified Hand":[13],"Black Blood":68,"Bag of Preparation":[10],"obtain_stats":[{"Mummified Hand":7,"Black Blood":17,"Bag of Preparation":10,"Ancient Tea Set":9,"Burning Blood":0},{"Mummified Hand":5,"Black Blood":9,"Bag of Preparation":7,"Ancient Tea Set":6,"Burning Blood":0},{"Mummified Hand":30,"Black Blood":62,"Bag of Preparation":45,"Ancient Tea Set":34,"Burning Blood":0}]},"card_choices":[{"not_picked":["Clothesline","Perfected Strike"],"picked":"Dual Wield","floor":1},{"not_picked":["Thunderclap","Fiend Fire","Anger"],"picked":"SKIP","floor":2},{"not_picked":["Clash","Pommel Strike","Anger"],"picked":"SKIP","floor":3},{"not_picked":["Headbutt","Warcry"],"picked":"Combust","floor":4},{"not_picked":["True Grit","Second Wind"],"picked":"Barricade","floor":7},{"not_picked":["Flex","Cleave","Flame Barrier"],"picked":"SKIP","floor":8},{"not_picked":["Iron Wave","Clash","Anger"],"picked":"SKIP","floor":10},{"not_picked":["Warcry","Combust","Clash"],"picked":"SKIP","floor":14},{"not_picked":["Barricade","Demon Form"],"picked":"Exhume","floor":16},{"not_picked":["Warcry","Armaments","Dual Wield+1"],"picked":"SKIP","floor":18},{"not_picked":["Sword Boomerang+1","Headbutt","Clash"],"picked":"SKIP","floor":20}],"player_experience":193606,"relics_obtained":[{"floor":7,"key":"Mummified Hand"},{"floor":9,"key":"Ancient Tea Set"},{"floor":10,"key":"Bag of Preparation"}],"event_choices":[{"damage_healed":0,"gold_gain":0,"player_choice":"Left Gold","damage_taken":0,"max_hp_gain":0,"max_hp_loss":0,"event_name":"World of Goop","floor":11,"gold_loss":20},{"damage_healed":0,"gold_gain":0,"player_choice":"Forge","damage_taken":0,"max_hp_gain":0,"max_hp_loss":0,"event_name":"Accursed Blacksmith","floor":19,"gold_loss":0,"cards_upgraded":["Barricade"]}],"is_beta":true,"boss_relics":[{"not_picked":["SacredBark","Busted Crown"],"picked":"Black Blood"}],"items_purged_floors":[5],"is_endless":false,"potions_floor_spawned":[2,7,10,14,18],"killed_by":"Cultist and Chosen","ascension_level":7}}