{"host":"5jyeqch4fosnsiz2","time":1614053317,"event":{"mods":["BaseMod","Bestiary","Colored Map","Colored Powertips","Filter the Spire","Minty Spire (QoL Compilation)","Relic Stats","StSLib","Waifu the Spire","ojb\u0027s Better Paths Mod","ojb\u0027s Info Mod"],"gold_per_floor":[99,10,10,10,10,10,10,10,10,10,10,10,0,0,0,0,0,0,0,0,0,0,0,0,0,0,0,0,0,0,0,0,0,0,0,0,0,0,0,0,0,0,0,0,0,0,0,0,0,0],"floor_reached":51,"language":"ENG","playtime":2440,"items_purged":[],"score":920,"play_id":"b9a4a62d-b18b-480d-b678-23149760ae53","local_time":"20210222230837","is_ascension_mode":false,"campfire_choices":[{"data":"Fasting2","floor":12,"key":"SMITH"},{"data":"LikeWater","floor":15,"key":"SMITH"},{"data":"Eruption","floor":29,"key":"SMITH"},{"floor":32,"key":"REST"},{"floor":49,"key":"RECALL"}],"circlet_count":0,"master_deck":["Strike_P+1","Strike_P+1","Strike_P+1","Defend_P+1","Defend_P+1","Eruption+1","Vigilance","EmptyFist","Fasting2+1","FlurryOfBlows","Adaptation","CrushJoints","FearNoEvil","LikeWater+1","Scrawl+1","Halt+1","Vault+1","Devotion","Prostrate+1","DeusExMachina+1","Madness+1","Madness+1"],"relics":["Ectoplasm","Mummified Hand","Bag of Marbles","Toxic Egg 2","Runic Pyramid","Nilry\u0027s Codex","Bottled Flame","InkBottle","Ornamental Fan","Pear","Empty Cage","Letter Opener","Question Card","Art of War","FossilizedHelix"],"acts_visited":["Exordium","TheCity","TheBeyond"],"potions_floor_usage":[6,16,16,18,24,27,28,40,41,41,50],"damage_taken":[{"damage":0,"enemies":"2 Louse","floor":1,"turns":2},{"damage":18,"enemies":"3 Sentries","floor":6,"turns":6},{"damage":3,"enemies":"Jaw Worm","floor":8,"turns":2},{"damage":6,"enemies":"3 Sentries","floor":10,"turns":7},{"damage":0,"enemies":"Small Slimes","floor":11,"turns":3},{"damage":5,"enemies":"Looter","floor":13,"turns":2},{"damage":4,"enemies":"The Guardian","floor":16,"turns":10},{"damage":3,"enemies":"3 Byrds","floor":18,"turns":5},{"damage":0,"enemies":"Chosen","floor":20,"turns":2},{"damage":18,"enemies":"Book of Stabbing","floor":23,"turns":4},{"damage":30,"enemies":"Snake Plant","floor":24,"turns":2},{"damage":0,"enemies":"Cultist and Chosen","floor":25,"turns":3},{"damage":0,"enemies":"3 Cultists","floor":27,"turns":2},{"damage":0,"enemies":"Gremlin Leader","floor":28,"turns":3},{"damage":0,"enemies":"Sentry and Sphere","floor":31,"turns":4},{"damage":0,"enemies":"Collector","floor":33,"turns":6},{"damage":0,"enemies":"3 Darklings","floor":35,"turns":5},{"damage":0,"enemies":"3 Shapes","floor":38,"turns":5},{"damage":13,"enemies":"Writhing Mass","floor":39,"turns":3},{"damage":22,"enemies":"Giant Head","floor":40,"turns":4},{"damage":1,"enemies":"4 Shapes","floor":41,"turns":2},{"damage":0,"enemies":"Reptomancer","floor":42,"turns":3},{"damage":0,"enemies":"Jaw Worm Horde","floor":47,"turns":3},{"damage":0,"enemies":"Mind Bloom Boss Battle","floor":48,"turns":5},{"damage":0,"enemies":"Donu and Deca","floor":50,"turns":8}],"seed_played":"-8888569015497704053","potions_obtained":[{"floor":1,"key":"EntropicBrew"},{"floor":8,"key":"GamblersBrew"},{"floor":13,"key":"Regen Potion"},{"floor":18,"key":"Fire Potion"},{"floor":20,"key":"SteroidPotion"},{"floor":25,"key":"BottledMiracle"},{"floor":27,"key":"DistilledChaos"},{"floor":28,"key":"Swift Potion"},{"floor":33,"key":"BlessingOfTheForge"},{"floor":40,"key":"Energy Potion"},{"floor":41,"key":"SkillPotion"}],"is_trial":false,"path_per_floor":["M","$","?","?","$","E","?","M","T","?","M","R","M","$","R","B",null,"M","?","M","?","T","E","M","M","T","M","E","R","?","M","R","B",null,"M","?","$","M","M","E","M","E","T","?","$","?","M","?","R","B",null],"character_chosen":"WATCHER","items_purchased":["Fasting2","FlurryOfBlows"],"campfire_rested":1,"item_purchase_floors":[2,2],"current_hp_per_floor":[72,72,65,65,65,47,36,33,33,27,27,27,22,22,22,33,72,69,69,69,53,53,35,5,5,5,5,15,15,15,15,39,39,82,82,82,82,82,69,47,46,46,46,36,36,72,72,72,72,72],"gold":0,"neow_bonus":"BOSS_RELIC","is_daily":false,"chose_seed":false,"campfire_upgraded":3,"win_rate":0.0,"timestamp":1614053317,"path_taken":["M","$","?","?","$","E","?","M","T","?","M","R","M","?","R","BOSS","M","?","M","?","?","E","M","M","T","?","E","R","?","M","R","BOSS","M","?","?","M","M","E","M","E","T","?","$","?","M","?","R","BOSS"],"items_purchased_type":["Card","Card"],"build_version":"2020-12-22","purchased_purges":0,"victory":true,"max_hp_per_floor":[72,72,72,72,72,72,72,72,72,72,72,72,72,72,72,72,72,72,72,72,72,72,72,72,72,72,72,82,82,82,82,82,82,82,82,82,82,82,82,82,82,82,82,82,82,72,72,72,72,72],"relic_stats":{"counters":[25,101],"Mummified Hand":[84],"Ornamental Fan":[148],"Ectoplasm":939,"Art of War":[1],"Letter Opener":[85],"Question Card":2,"obtain_stats":[{"Pear":28,"Nilry\u0027s Codex":21,"Letter Opener":40,"Empty Cage":34,"Question Card":42,"Bottled Flame":22,"Mummified Hand":6,"Ornamental Fan":26,"Ectoplasm":0,"Bag of Marbles":9,"Art of War":43,"PureWater":0,"Toxic Egg 2":10,"InkBottle":23,"FossilizedHelix":48,"Runic Pyramid":17},{"Pear":14,"Nilry\u0027s Codex":9,"Letter Opener":20,"Empty Cage":16,"Question Card":22,"Bottled Flame":9,"Mummified Hand":2,"Ornamental Fan":12,"Ectoplasm":0,"Bag of Marbles":3,"Art of War":22,"PureWater":0,"Toxic Egg 2":3,"InkBottle":10,"FossilizedHelix":24,"Runic Pyramid":7},{"Pear":53,"Nilry\u0027s Codex":39,"Letter Opener":80,"Empty Cage":63,"Question Card":85,"Bottled Flame":39,"Mummified Hand":8,"Ornamental Fan":48,"Ectoplasm":0,"Bag of Marbles":10,"Art of War":85,"PureWater":0,"Toxic Egg 2":10,"InkBottle":43,"FossilizedHelix":93,"Runic Pyramid":32}],"InkBottle":[30]},"card_choices":[{"not_picked":["Worship","EmptyBody"],"picked":"EmptyFist","floor":1},{"not_picked":["ThirdEye","LikeWater"],"picked":"Adaptation","floor":6},{"not_picked":["Worship","JustLucky"],"picked":"CrushJoints","floor":8},{"not_picked":["Indignation+1","Collect+1"],"picked":"FearNoEvil","floor":10},{"not_picked":["BowlingBash","WheelKick"],"picked":"LikeWater","floor":11},{"not_picked":["FearNoEvil","Swivel+1","Collect+1"],"picked":"SKIP","floor":13},{"not_picked":["Establishment","Alpha+1"],"picked":"Scrawl+1","floor":16},{"not_picked":["ForeignInfluence+1","JustLucky+1","FlyingSleeves"],"picked":"SKIP","floor":18},{"not_picked":["BattleHymn","SashWhip","Protect+1"],"picked":"SKIP","floor":20},{"not_picked":["Wireheading","BattleHymn","ThirdEye+1"],"picked":"SKIP","floor":23},{"not_picked":["FearNoEvil","EmptyFist","Conclude"],"picked":"SKIP","floor":24},{"not_picked":["FlurryOfBlows","Ragnarok","BowlingBash+1"],"picked":"SKIP","floor":25},{"not_picked":["PathToVictory+1","WindmillStrike"],"picked":"Halt+1","floor":27},{"not_picked":["Adaptation","ThirdEye+1"],"picked":"Vault+1","floor":28},{"not_picked":["FlurryOfBlows","Crescendo+1","PathToVictory+1"],"picked":"SKIP","floor":31},{"not_picked":["Ragnarok","Brilliance"],"picked":"Devotion","floor":33},{"not_picked":["CutThroughFate","BattleHymn","EmptyFist"],"picked":"SKIP","floor":35},{"not_picked":["SashWhip+1","Protect+1","JustLucky+1"],"picked":"SKIP","floor":38},{"not_picked":["EmptyFist","ThirdEye+1"],"picked":"Prostrate+1","floor":39},{"not_picked":["CrushJoints","EmptyBody+1","Judgement+1"],"picked":"SKIP","floor":40},{"not_picked":["JustLucky+1","Nirvana+1","FlyingSleeves"],"picked":"SKIP","floor":41},{"not_picked":["FlurryOfBlows","Pray+1"],"picked":"DeusExMachina+1","floor":42},{"not_picked":["FollowUp+1","WreathOfFlame+1","EmptyMind+1","BattleHymn"],"picked":"SKIP","floor":47}],"player_experience":409428,"relics_obtained":[{"floor":6,"key":"Mummified Hand"},{"floor":9,"key":"Bag of Marbles"},{"floor":21,"key":"Nilry\u0027s Codex"},{"floor":22,"key":"Bottled Flame"},{"floor":23,"key":"InkBottle"},{"floor":26,"key":"Ornamental Fan"},{"floor":28,"key":"Pear"},{"floor":40,"key":"Letter Opener"},{"floor":42,"key":"Question Card"},{"floor":43,"key":"Art of War"},{"floor":48,"key":"FossilizedHelix"}],"event_choices":[{"cards_removed":["Defend_P"],"damage_healed":0,"gold_gain":0,"player_choice":"Card Removal","damage_taken":7,"max_hp_gain":0,"max_hp_loss":0,"event_name":"Golden Wing","floor":3,"gold_loss":0},{"damage_healed":0,"gold_gain":0,"player_choice":"Ignored","damage_taken":0,"max_hp_gain":0,"max_hp_loss":0,"event_name":"Liars Game","floor":4,"gold_loss":0},{"damage_healed":0,"gold_gain":75,"player_choice":"Gather Gold","damage_taken":11,"max_hp_gain":0,"max_hp_loss":0,"event_name":"World of Goop","floor":7,"gold_loss":0},{"damage_healed":0,"gold_gain":0,"player_choice":"Searched \u00273\u0027 times","damage_taken":0,"relics_obtained":["Toxic Egg 2"],"max_hp_gain":0,"max_hp_loss":0,"event_name":"Dead Adventurer","floor":10,"gold_loss":0},{"damage_healed":0,"gold_gain":0,"player_choice":"Simplicity","damage_taken":0,"max_hp_gain":0,"max_hp_loss":0,"event_name":"Back to Basics","floor":19,"gold_loss":0,"cards_upgraded":["Strike_P","Strike_P","Strike_P","Strike_P","Defend_P","Defend_P","Defend_P"]},{"damage_healed":0,"gold_gain":0,"player_choice":"Obtained Book","damage_taken":16,"max_hp_gain":0,"max_hp_loss":0,"event_name":"Cursed Tome","floor":21,"gold_loss":0},{"damage_healed":0,"gold_gain":99,"player_choice":"Stole From Cult","damage_taken":0,"max_hp_gain":0,"max_hp_loss":0,"event_name":"Nest","floor":30,"gold_loss":0},{"damage_healed":0,"gold_gain":0,"player_choice":"Ignored","damage_taken":0,"max_hp_gain":0,"max_hp_loss":0,"event_name":"Golden Shrine","floor":36,"gold_loss":0},{"damage_healed":0,"gold_gain":0,"player_choice":"Embrace Madness","damage_taken":10,"max_hp_gain":0,"max_hp_loss":0,"event_name":"Winding Halls","floor":44,"gold_loss":0,"cards_obtained":["Madness","Madness"]},{"damage_healed":72,"gold_gain":0,"player_choice":"Heal","damage_taken":0,"max_hp_gain":0,"max_hp_loss":10,"event_name":"The Moai Head","floor":46,"gold_loss":0},{"damage_healed":0,"gold_gain":0,"player_choice":"Fight","damage_taken":0,"max_hp_gain":0,"max_hp_loss":0,"event_name":"MindBloom","floor":48,"gold_loss":0}],"is_beta":false,"boss_relics":[{"not_picked":["Sozu","Velvet Choker"],"picked":"Runic Pyramid"},{"not_picked":["Snecko Eye","Black Star"],"picked":"Empty Cage"}],"items_purged_floors":[],"is_endless":false,"potions_floor_spawned":[1,8,11,13,18,20,25,27,28,33,40,41],"ascension_level":0}}