{"host":"0k7350af1t8odskw","time":1614099273,"event":{"mods":["AchievementEnabler","BaseMod","Better Vampires","BetterRewards","Colored Map","Downfall","Highlight Path","Hubris","Lobotomy","Marisa£®ÏF”Í°°ƒß¿Ì…≥£©","Minty Spire (QoL Compilation)","Quick Restart","Replay The Spire","Shop Mod","StSLib","The Administrix","The Death Knight","The Runesmith","Youmu£®ªÍ∆«—˝√Œ£©"],"gold_per_floor":[118,218,237,249,94,94,94,94],"floor_reached":7,"language":"ZHS","playtime":319,"items_purged":[],"score":41,"play_id":"94920d84-5258-4def-ac50-ae02cec234d1","local_time":"20210223085433","is_ascension_mode":false,"campfire_choices":[{"data":"ReplayTheSpireMod:Scrap Shanks","floor":6,"key":"SMITH"}],"circlet_count":0,"master_deck":["Strike_G","Strike_G","Strike_G","Strike_G","Defend_G","Defend_G","Defend_G","Defend_G","Defend_G","Survivor","Neutralize","Poisoned Stab","hubris:Counter","Dagger Spray","Replay:Poison Smokescreen","Backflip","ReplayTheSpireMod:Scrap Shanks+1","Prepared","Cloak And Dagger"],"relics":["Ring of the Snake","Lantern","hubris:Teleporter","Chemical X"],"acts_visited":["Exordium"],"potions_floor_usage":[],"damage_taken":[{"damage":7,"enemies":"Small Slimes","floor":1,"turns":6},{"damage":0,"enemies":"Cultist","floor":3,"turns":3},{"damage":1,"enemies":"Jaw Worm","floor":4,"turns":3},{"damage":5,"enemies":"3 Sentries","floor":7,"turns":4}],"seed_played":"-4281371368852794407","potions_obtained":[{"floor":4,"key":"LiquidMemories"}],"is_trial":false,"path_per_floor":["M","?","M","M","$","R","E"],"character_chosen":"THE_SILENT","items_purchased":["Lantern","Poisoned Stab","Chemical X","ReplayTheSpireMod:Scrap Shanks","Prepared","Cloak And Dagger"],"campfire_rested":0,"item_purchase_floors":[0,0,0,5,5,5],"current_hp_per_floor":[31,31,31,30,30,30,25,25],"gold":94,"neow_bonus":"","is_daily":false,"chose_seed":false,"campfire_upgraded":1,"win_rate":0.0,"timestamp":1614099273,"path_taken":["M","?","M","M","$","R","E"],"items_purchased_type":["Card","Card","Relic","Card","Card","Card"],"build_version":"2020-12-22","purchased_purges":0,"victory":false,"max_hp_per_floor":[70,70,70,70,70,70,70,70],"card_choices":[{"not_picked":["Sucker Punch","ReplayTheSpireMod:Exploit Weakness"],"picked":"Dagger Spray","floor":1},{"not_picked":["Endless Agony","Dodge and Roll"],"picked":"Replay:Poison Smokescreen","floor":3},{"not_picked":["Escape Plan","hubris:Sniper"],"picked":"Backflip","floor":4}],"player_experience":99521,"relics_obtained":[],"event_choices":[{"damage_healed":0,"gold_gain":100,"player_choice":"Pray","damage_taken":0,"max_hp_gain":0,"max_hp_loss":0,"event_name":"Golden Shrine","floor":2,"gold_loss":0}],"is_beta":false,"boss_relics":[],"items_purged_floors":[],"is_endless":false,"potions_floor_spawned":[4],"killed_by":"3 Sentries","ascension_level":0}}