{"host":"johnydays","time":1614091157,"event":{"mods":["BaseMod","Bestiary","Block Reminder","Colored Map","Colored Powertips","Curses Come First","DeckTracker","Highlight Path","Minty Spire (QoL Compilation)","Relic Sorter","Relic Stats","StSLib","SuperFastMode","Weighted Paths"],"gold_per_floor":[116,116,116,129,139,139,139,164,164,49,49,49],"floor_reached":11,"language":"ENG","playtime":387,"items_purged":[],"score":131,"play_id":"50a13680-9a41-435f-9733-b3b926a493df","local_time":"20210223143917","is_ascension_mode":true,"campfire_choices":[{"data":"Neutralize","floor":6,"key":"SMITH"}],"circlet_count":0,"master_deck":["AscendersBane","Strike_G","Strike_G","Strike_G","Strike_G","Defend_G","Defend_G","Defend_G","Defend_G","Defend_G","Survivor","Neutralize+1","Blade Dance","PiercingWail","Escape Plan","Flying Knee","Poisoned Stab","Footwork","Dodge and Roll"],"relics":["Ring of the Snake","The Specimen","Tough Bandages","Paper Crane"],"acts_visited":["Exordium"],"potions_floor_usage":[],"damage_taken":[{"damage":6,"enemies":"Cultist","floor":1,"turns":5},{"damage":2,"enemies":"Jaw Worm","floor":4,"turns":4},{"damage":5,"enemies":"Small Slimes","floor":5,"turns":5},{"damage":30,"enemies":"3 Sentries","floor":8,"turns":13},{"damage":25,"enemies":"Lagavulin","floor":11,"turns":10}],"seed_played":"1125725268455713906","potions_obtained":[{"floor":4,"key":"LiquidBronze"}],"is_trial":false,"path_per_floor":["M","?","$","M","M","R","?","E","T","$","E"],"character_chosen":"THE_SILENT","items_purchased":["Footwork","Dodge and Roll"],"campfire_rested":0,"item_purchase_floors":[10,10],"current_hp_per_floor":[38,60,60,58,53,53,53,23,23,23,0,0],"gold":49,"neow_bonus":"ONE_RARE_RELIC","is_daily":false,"chose_seed":false,"campfire_upgraded":1,"win_rate":0.0,"timestamp":1614091157,"path_taken":["M","?","?","M","M","R","?","E","T","$","E"],"items_purchased_type":["Card","Card"],"build_version":"2020-12-18","purchased_purges":0,"victory":false,"max_hp_per_floor":[66,66,66,66,66,66,66,66,66,66,66,66],"relic_stats":{"Tough Bandages":[6],"counters":[5,37],"obtain_stats":[{"Tough Bandages":8,"The Specimen":0,"Paper Crane":9,"Ring of the Snake":0},{"Tough Bandages":4,"The Specimen":0,"Paper Crane":4,"Ring of the Snake":0},{"Tough Bandages":27,"The Specimen":0,"Paper Crane":27,"Ring of the Snake":0}],"Ring of the Snake":[10]},"card_choices":[{"not_picked":["Outmaneuver","Slice"],"picked":"Blade Dance","floor":1},{"not_picked":["All Out Attack","Acrobatics"],"picked":"PiercingWail","floor":4},{"not_picked":["Flying Knee","Underhanded Strike"],"picked":"Escape Plan","floor":5},{"not_picked":["PiercingWail","Dodge and Roll"],"picked":"Poisoned Stab","floor":8}],"player_experience":550967,"relics_obtained":[{"floor":8,"key":"Tough Bandages"},{"floor":9,"key":"Paper Crane"}],"event_choices":[{"damage_healed":22,"gold_gain":0,"player_choice":"Banana","damage_taken":0,"max_hp_gain":0,"max_hp_loss":0,"event_name":"Big Fish","floor":2,"gold_loss":0},{"damage_healed":0,"gold_gain":0,"cards_transformed":["Strike_G"],"player_choice":"Transformed","damage_taken":0,"max_hp_gain":0,"max_hp_loss":0,"event_name":"Transmorgrifier","floor":7,"gold_loss":0,"cards_obtained":["Flying Knee"]}],"is_beta":true,"boss_relics":[],"items_purged_floors":[],"is_endless":false,"potions_floor_spawned":[4],"killed_by":"Lagavulin","ascension_level":17}}