{"host":"toh0bbw446wnuexf","time":1614046328,"event":{"mods":["BaseMod","Downfall","Hermit","Minty Spire (QoL Compilation)","Random Character Button","Robot Space Explorer","StSLib"],"gold_per_floor":[115,130,130,55,75,75,45,45,45,45,61,61,81,81,81,184,184,204,216,216,315,56,56,56,56],"floor_reached":24,"language":"ENG","playtime":1744,"items_purged":["hermit:GoldenBullet"],"score":202,"play_id":"2ae8be77-7ac6-4887-b8ce-2b5363bcc951","local_time":"20210223151208","is_ascension_mode":true,"campfire_choices":[{"data":"hermit:Adapt","floor":6,"key":"SMITH"},{"data":"hermit:Snapshot","floor":8,"key":"SMITH"},{"data":"hermit:BodyArmor","floor":12,"key":"SMITH"},{"data":"hermit:Midnight","floor":15,"key":"SMITH"},{"data":"hermit:FinalCanter","floor":23,"key":"SMITH"}],"circlet_count":0,"master_deck":["hermit:Strike_Hermit","hermit:Strike_Hermit","hermit:Strike_Hermit","hermit:Strike_Hermit+1","hermit:Defend_Hermit","hermit:Defend_Hermit","hermit:Defend_Hermit","hermit:Defend_Hermit","hermit:Snapshot+1","hermit:Adapt+1","hermit:Headshot+1","hermit:BodyArmor+1","hermit:Midnight+1","hermit:FinalCanter+1"],"relics":["hermit:Momento","Whetstone","Ornamental Fan"],"acts_visited":["Exordium","TheCity"],"potions_floor_usage":[24,24,24],"damage_taken":[{"damage":0,"enemies":"Cultist","floor":1,"turns":3},{"damage":4,"enemies":"Jaw Worm","floor":2,"turns":5},{"damage":0,"enemies":"Small Slimes","floor":5,"turns":2},{"damage":0,"enemies":"Looter","floor":7,"turns":4},{"damage":3,"enemies":"Blue Slaver","floor":11,"turns":3},{"damage":0,"enemies":"2 Fungi Beasts","floor":13,"turns":3},{"damage":16,"enemies":"Hexaghost","floor":16,"turns":16},{"damage":19,"enemies":"3 Byrds","floor":18,"turns":5},{"damage":2,"enemies":"Shell Parasite","floor":19,"turns":6},{"damage":54,"enemies":"Book of Stabbing","floor":24,"turns":9}],"seed_played":"8523865855561115025","potions_obtained":[{"floor":1,"key":"FearPotion"},{"floor":2,"key":"bronze:BurnAndBuffPotion"},{"floor":11,"key":"Fire Potion"},{"floor":13,"key":"DuplicationPotion"},{"floor":19,"key":"champ:CounterPotion"}],"is_trial":false,"path_per_floor":["M","M","?","$","M","R","M","R","T","?","M","R","M","$","R","B",null,"M","M","?","?","$","R","E"],"character_chosen":"HERMIT","items_purchased":["Ornamental Fan"],"campfire_rested":0,"item_purchase_floors":[22],"current_hp_per_floor":[75,71,71,71,71,71,71,71,71,71,68,68,68,68,68,52,75,56,54,54,54,54,54,0,0],"gold":56,"neow_bonus":"ONE_RANDOM_RARE_CARD","is_daily":false,"chose_seed":false,"campfire_upgraded":5,"win_rate":0.0,"timestamp":1614046328,"path_taken":["M","M","?","$","M","R","?","R","T","?","M","R","M","?","R","BOSS","M","M","?","?","$","R","E"],"items_purchased_type":["Relic"],"build_version":"2020-12-22","purchased_purges":1,"victory":false,"max_hp_per_floor":[75,75,75,75,75,75,75,75,75,75,75,75,75,75,75,75,75,75,75,75,75,75,75,75,75],"card_choices":[{"not_picked":["hermit:Shortfuse","hermit:Quickdraw"],"picked":"hermit:Headshot","floor":1},{"not_picked":["hermit:Shortfuse","hermit:PistolWhip"],"picked":"hermit:BodyArmor","floor":2},{"not_picked":["hermit:DeadMansHand","hermit:Headshot"],"picked":"hermit:Midnight","floor":5},{"not_picked":["hermit:OverwhelmingPower","hermit:Scavenge","hermit:Malice"],"picked":"SKIP","floor":7},{"not_picked":["hermit:Feint","hermit:Desperado","hermit:CursedWeapon"],"picked":"SKIP","floor":11},{"not_picked":["hermit:TakeAim","hermit:Manifest","hermit:Deadeye"],"picked":"SKIP","floor":13},{"not_picked":["hermit:Dive","hermit:ItchyTrigger","hermit:Shortfuse+1"],"picked":"SKIP","floor":18},{"not_picked":["hermit:HoleUp+1","hermit:Feint+1","hermit:Coalescence"],"picked":"SKIP","floor":19}],"player_experience":720169,"relics_obtained":[{"floor":9,"key":"Whetstone"}],"event_choices":[{"damage_healed":0,"gold_gain":0,"cards_transformed":["hermit:Covet"],"player_choice":"Transformed","damage_taken":0,"max_hp_gain":0,"max_hp_loss":0,"event_name":"Transmorgrifier","floor":3,"gold_loss":0,"cards_obtained":["hermit:GoldenBullet"]},{"damage_healed":0,"gold_gain":0,"player_choice":"1 cards matched","damage_taken":0,"max_hp_gain":0,"max_hp_loss":0,"event_name":"Match and Keep!","floor":10,"gold_loss":0,"cards_obtained":["hermit:FinalCanter"]},{"damage_healed":0,"gold_gain":99,"player_choice":"Stole From Cult","damage_taken":0,"max_hp_gain":0,"max_hp_loss":0,"event_name":"Nest","floor":21,"gold_loss":0}],"is_beta":false,"boss_relics":[{"not_picked":["Astrolabe","Ectoplasm","hermit:BartenderGlass"]}],"items_purged_floors":[4],"is_endless":false,"potions_floor_spawned":[1,2,11,13,19],"killed_by":"Book of Stabbing","ascension_level":2}}