{"host":"xnjcin1g6gswdgtt","time":1614108418,"event":{"mods":["2.2 Compatiblity","Act Like it!","Arknights","Aspiration","Astrologer","BaseMod","Beaked The Cultist","Better Altar","Better Match","Better Note","Better Sensory Stone","Better Skull","Better Third Choice","Better Vampires","BetterRewards","Bossed Relics","Card Forge","CatGirl Mod","ChefMod","Colored Map","Colored Powertips","Conspire","Dota2Spire","Downfall","Duelist Mod","Elementarium","Energized Spire","Friendly Minions","Gold Saver","Gremlin Mod","GungeonMod","Hero for Fun","Highlight Path","Hubris","Jedi Mod","JesterMod","Marisa????????","Marked Mod","Menagerie","Minty Spire (QoL Compilation)","Pale of the Ancients","QueenMod","Quick Restart","Rare Cards Sparkle","Relic Stats","Reliquary","Replay The Spire","Robot Space Explorer","Ruina","Shade Mod","Shapeshifter Mod","Shop Mod","Small Relic Pack","Smile Girya","Spicy Shops","StSLib","The Alterego","The Animator","The Blue Laboratory","The Clintock","The Construct","The Cursed","The Death Knight","The Disciple","The Dragon Tamer","The Forsaken","The Hierophant","The Marked","The Mystic","The Necromancer","The Poker Player","The Runesmith","The Saiyan","The Servant 0.9.4","The Showman","The Wild Card","TheBandit","TheSwordswoman","TheVacant","Trackpad","Yuri Mod","??????REMEMod"],"gold_per_floor":[224,149,167,167,167,200,308,325,325,343,30,58,73,83,83,188,188,201,201,201,249,262,262,277,277,277,277,277,329,329,1,11,29,29,134,134,147,196,244,244,244,244],"floor_reached":41,"language":"ENG","playtime":5223,"items_purged":[],"score":303,"play_id":"4c626c5e-420c-4490-b8fa-18c89ccfbc63","local_time":"20210223132658","is_ascension_mode":false,"campfire_choices":[{"floor":15,"key":"REST"},{"floor":23,"key":"RECALL"},{"floor":25,"key":"REST"},{"floor":34,"key":"REST"}],"circlet_count":0,"master_deck":["DeathKnight:Defend_DeathKnight+1","DeathKnight:Defend_DeathKnight+1","DeathKnight:RuneTap+1","DeathKnight:Hysteria+1","Sadistic Nature+1","DeathKnight:MindFreeze+1","theForsaken:QuickAttack+1","DeathKnight:Defile+1","DeathKnight:DeathCoil+1","DeathKnight:Parry+1","DeathKnight:MarkOfBlood+1","DeathKnight:DarkSuccor+1","ruina:Smile+1","DeathKnight:DarkSuccor+1","DeathKnight:Contagion+1","DeathKnight:DeathAndDecay+1","DeathKnight:ScourgeStrike+1","DeathKnight:DeathAndDecay+1","DeathKnight:UnholyExperiment+1","DeathKnight:Contagion+1","DeathKnight:GargoyleSkin+1"],"relics":["DeathKnight:BrokenRuneblade","Hammer of Thor","Seething Fire","Anvil of the Gods","REME_ComplimentaryCards","aspiration:DSix","jedi:gremlinknob","MerchantsRug","aspiration:FrozenJewel","Ring of Fangs","ReplayTheSpireMod:Ring of Exchange","reliquary:TridentHead","reliquary:SilkGlove","trackpad:PetRock","Membership Card","jedi:Pinwheel","energizedSpire:SpiderWeb","CatCart"],"acts_visited":["Menagerie:Menagerie","ruina:Briah","TheBeyond"],"potions_floor_usage":[21,24,38,38,39],"damage_taken":[{"damage":6,"enemies":"Menagerie:StygianBoar","floor":1,"turns":3},{"damage":6,"enemies":"Menagerie:WhisperingWraith","floor":3,"turns":3},{"damage":10,"enemies":"Menagerie:VoidReaper","floor":6,"turns":6},{"damage":0,"enemies":"Menagerie:2_RABBITS","floor":8,"turns":4},{"damage":7,"enemies":"Menagerie:MeltingSalamander","floor":10,"turns":3},{"damage":20,"enemies":"Menagerie:MaskedSummoner","floor":12,"turns":6},{"damage":0,"enemies":"Menagerie:RedMage","floor":13,"turns":4},{"damage":0,"enemies":"Menagerie:BEAST_MAGE_AND_PROWLING_AMALGAM","floor":14,"turns":4},{"damage":3,"enemies":"Menagerie:Chimera","floor":16,"turns":6},{"damage":32,"enemies":"ruina:3_Bats","floor":18,"turns":6},{"damage":31,"enemies":"ruina:BadWolf","floor":21,"turns":3},{"damage":16,"enemies":"ruina:3_Scarecrows","floor":22,"turns":3},{"damage":13,"enemies":"ruina:KnightOfDespair","floor":24,"turns":4},{"damage":9,"enemies":"ruina:Woodsman","floor":32,"turns":3},{"damage":21,"enemies":"ruina:3_Scarecrows","floor":33,"turns":4},{"damage":9,"enemies":"ruina:Ozma","floor":35,"turns":7},{"damage":12,"enemies":"3 Shapes","floor":37,"turns":4},{"damage":19,"enemies":"Orin","floor":38,"turns":6},{"damage":20,"enemies":"Orb Walker","floor":39,"turns":3},{"damage":50,"enemies":"4 Shapes","floor":41,"turns":3}],"seed_played":"-6993944489510272613","potions_obtained":[{"floor":8,"key":"SteroidPotion"},{"floor":12,"key":"REME_GoldPotion"},{"floor":14,"key":"blueLaboratory:CorrosionFlask"},{"floor":22,"key":"blueLaboratory:StoneskinPotion"},{"floor":35,"key":"Energy Potion"},{"floor":37,"key":"blueLaboratory:EnragingPotion"}],"is_trial":false,"path_per_floor":["M","?","M","?","?","E","?","M","T","M","$","E","M","M","R","B",null,"M","?","?","M","M","R","M","R","PTL","PTL","T","$","T","$","M","M","R","B",null,"M","?","M","?","M"],"character_chosen":"DEATH_KNIGHT","items_purchased":["MerchantsRug","DeathKnight:Defile","DeathKnight:DeathCoil","reliquary:SilkGlove","Membership Card","jedi:Pinwheel","DeathKnight:DeathAndDecay","DeathKnight:ScourgeStrike"],"campfire_rested":3,"item_purchase_floors":[11,11,11,29,31,31,31,31],"current_hp_per_floor":[69,69,63,63,63,53,45,45,45,38,38,18,18,18,39,36,73,41,41,41,10,71,71,69,73,73,73,73,73,73,73,64,43,64,55,73,61,42,22,22,0,0],"gold":244,"neow_bonus":"DSIX","is_daily":false,"chose_seed":false,"campfire_upgraded":0,"win_rate":0.0,"timestamp":1614108418,"path_taken":["M","?","M","?","?","E","?","M","T","M","$","E","?","M","R","BOSS","M","?","?","?","M","R","M","R","PTL","PTL","T","?","?","?","M","M","R","BOSS","M","?","M","?","M"],"items_purchased_type":["Relic","Card","Card","Relic","Relic","Relic","Card","Card"],"build_version":"2020-12-22","purchased_purges":0,"victory":false,"max_hp_per_floor":[75,75,75,73,73,73,73,73,73,73,73,73,73,73,73,73,73,73,73,73,73,73,73,73,73,73,73,73,73,73,73,73,73,73,73,73,73,73,73,73,73,73],"relic_stats":{"counters":[20,85],"obtain_stats":[{"MerchantsRug":11,"ReplayTheSpireMod:Ring of Exchange":20,"reliquary:SilkGlove":29,"jedi:gremlinknob":6,"trackpad:PetRock":30,"Hammer of Thor":0,"DemoMod:GlassGuonStoneRelic":13,"Seething Fire":0,"jedi:Pinwheel":31,"energizedSpire:SpiderWeb":36,"PrismaticShard":4,"aspiration:FrozenJewel":12,"Frozen Eye":22,"reliquary:TridentHead":28,"Ring of Fangs":20,"Anvil of the Gods":0,"aspiration:RitualDagger":17,"Membership Card":31,"CatCart":38,"aspiration:DSix":0,"DeathKnight:BrokenRuneblade":0,"REME_ComplimentaryCards":0},{"MerchantsRug":5,"ReplayTheSpireMod:Ring of Exchange":10,"reliquary:SilkGlove":13,"jedi:gremlinknob":3,"trackpad:PetRock":13,"Hammer of Thor":0,"DemoMod:GlassGuonStoneRelic":7,"Seething Fire":0,"jedi:Pinwheel":13,"energizedSpire:SpiderWeb":16,"PrismaticShard":2,"aspiration:FrozenJewel":6,"Frozen Eye":11,"reliquary:TridentHead":13,"Ring of Fangs":10,"Anvil of the Gods":0,"aspiration:RitualDagger":9,"Membership Card":13,"CatCart":18,"aspiration:DSix":0,"DeathKnight:BrokenRuneblade":0,"REME_ComplimentaryCards":0},{"MerchantsRug":19,"ReplayTheSpireMod:Ring of Exchange":45,"reliquary:SilkGlove":55,"jedi:gremlinknob":12,"trackpad:PetRock":55,"Hammer of Thor":0,"DemoMod:GlassGuonStoneRelic":29,"Seething Fire":0,"jedi:Pinwheel":55,"energizedSpire:SpiderWeb":69,"PrismaticShard":6,"aspiration:FrozenJewel":25,"Frozen Eye":48,"reliquary:TridentHead":55,"Ring of Fangs":45,"Anvil of the Gods":0,"aspiration:RitualDagger":39,"Membership Card":55,"CatCart":79,"aspiration:DSix":0,"DeathKnight:BrokenRuneblade":0,"REME_ComplimentaryCards":0}]},"card_choices":[{"not_picked":["DeathKnight:RaiseAlly","DeathKnight:DeathGrip"],"picked":"DeathKnight:Hysteria","floor":1},{"not_picked":["Transmutation","Panache"],"picked":"Sadistic Nature","floor":2},{"not_picked":["DeathKnight:Ossuary","DeathKnight:BloodTap"],"picked":"DeathKnight:MindFreeze","floor":2},{"not_picked":["DeathKnight:Outbreak","DeathKnight:Marrowrend"],"picked":"DeathKnight:DarkSuccor","floor":3},{"not_picked":["DTMod:WarmUp","Gremlin:Presto","StSShapeShifter:Bonk"],"picked":"SKIP","floor":6},{"not_picked":["chefmod:Sorbet","Comet","Slimebound:LevelUp"],"picked":"SKIP","floor":8},{"not_picked":["Slimebound:LeechEnergy","LockedUrn"],"picked":"theForsaken:QuickAttack","floor":10},{"not_picked":["DeathKnight:RaiseAlly","DeathKnight:Rot"],"picked":"DeathKnight:Parry","floor":12},{"not_picked":["DeathKnight:HartStrike","DeathKnight:UnholyPresence","DeathKnight:RuneShock"],"picked":"SKIP","floor":13},{"not_picked":["DeathKnight:BloodTap","DeathKnight:DeathStrike","DeathKnight:HartStrike"],"picked":"SKIP","floor":14},{"not_picked":["DeathKnight:VampiricBlood","DeathKnight:ReapingStrike"],"picked":"DeathKnight:MarkOfBlood","floor":16},{"not_picked":["DeathKnight:HornOfWinter","DeathKnight:DeathCoil"],"picked":"DeathKnight:DarkSuccor","floor":18},{"not_picked":["DeathKnight:BloodEchoes","DeathKnight:FrostStrike","DeathKnight:BladedArmor"],"picked":"SKIP","floor":21},{"not_picked":["DeathKnight:RunicCorruption","DeathKnight:Runesurge"],"picked":"DeathKnight:DarkSuccor+1","floor":22},{"not_picked":["DeathKnight:PlagueStrike","DeathKnight:RaiseAlly"],"picked":"DeathKnight:Contagion","floor":24},{"not_picked":["DeathKnight:RaiseAlly","DeathKnight:BloodEchoes","DeathKnight:BludPresence+1"],"picked":"SKIP","floor":32},{"not_picked":["DeathKnight:ShatteringStrikes","DeathKnight:PathOfFrost"],"picked":"DeathKnight:DeathAndDecay","floor":33},{"not_picked":["DeathKnight:RunicDetonation","DeathKnight:Frostscythe"],"picked":"DeathKnight:UnholyExperiment","floor":35},{"not_picked":["DeathKnight:PathOfFrost","DeathKnight:BladedArmor+1"],"picked":"DeathKnight:Contagion+1","floor":37},{"not_picked":["DeathKnight:ChainsOfIce+1","DeathKnight:BludPresence"],"picked":"DeathKnight:GargoyleSkin+1","floor":39}],"player_experience":229515,"relics_obtained":[{"floor":6,"key":"jedi:gremlinknob"},{"floor":12,"key":"aspiration:FrozenJewel"},{"floor":20,"key":"Ring of Fangs"},{"floor":20,"key":"ReplayTheSpireMod:Ring of Exchange"},{"floor":28,"key":"reliquary:TridentHead"},{"floor":30,"key":"trackpad:PetRock"},{"floor":38,"key":"CatCart"}],"event_choices":[{"damage_healed":0,"gold_gain":0,"player_choice":"1","damage_taken":0,"max_hp_gain":0,"max_hp_loss":0,"event_name":"betterMatch:BetterMatch","floor":2,"gold_loss":0,"cards_obtained":["betterMatch:ColorlessRareCard","betterMatch:CommonCard"]},{"damage_healed":0,"gold_gain":0,"player_choice":"Enter","damage_taken":0,"relics_obtained":["PrismaticShard"],"max_hp_gain":0,"max_hp_loss":2,"event_name":"Menagerie:ShimmeringGrove","floor":4,"gold_loss":0},{"damage_healed":0,"gold_gain":108,"player_choice":"GO ","damage_taken":9,"relics_obtained":[],"max_hp_gain":0,"max_hp_loss":0,"event_name":"betterSkull:BetterSkull","floor":7,"gold_loss":0,"cards_upgraded":[]},{"damage_healed":0,"gold_gain":0,"player_choice":"Fight","damage_taken":0,"max_hp_gain":0,"max_hp_loss":0,"event_name":"OrinTheCat","floor":38,"gold_loss":0},{"cards_removed":["DeathKnight:DarkSuccor"],"damage_healed":0,"gold_gain":0,"player_choice":"Removed Skill","damage_taken":0,"max_hp_gain":0,"max_hp_loss":0,"event_name":"Falling","floor":40,"gold_loss":0}],"is_beta":false,"boss_relics":[{"not_picked":["conspire:SpecialSausage","Cursed Key"],"picked":"aspiration:RitualDagger"},{"not_picked":["jedi:fakemustache","beaked:MawFillet"],"picked":"energizedSpire:SpiderWeb"}],"items_purged_floors":[],"is_endless":false,"potions_floor_spawned":[8,12,14,22,32,35,37],"killed_by":"4 Shapes","ascension_level":0}}