{"host":"f76kcizrccta30ww","time":1614064197,"event":{"mods":["Act Like it!","Aspiration","BaseMod","Gensokyo","Marisa（F雨　魔理沙）","Minty Spire (QoL Compilation)","Pale of the Ancients","Replay The Spire","Shop Mod","StSLib","TestMod"],"gold_per_floor":[119,69,69,69,69,69,69],"floor_reached":6,"language":"ZHS","playtime":342,"items_purged":[],"score":37,"play_id":"63d3a14c-bd4d-45e1-8b31-53b15c92cbe5","local_time":"20210223150957","is_ascension_mode":true,"campfire_choices":[],"circlet_count":0,"master_deck":["Strike_R","Strike_R","Strike_R","Strike_R","Defend_R","Defend_R","Defend_R","Defend_R","Bash","Fire Breathing+1","Looming Evil"],"relics":["Burning Blood","testmod-TestBox","testmod-RandomTest","Replay:M_StaffOfTheSnake","Blue Doll","Ring of Hypnosis","ReplayTheSpireMod:Ring of Addiction","SacredBark","Potion Belt"],"acts_visited":["Exordium"],"potions_floor_usage":[6,6],"damage_taken":[{"damage":0,"enemies":"2 Louse","floor":1,"turns":2},{"damage":12,"enemies":"Gremlin Nob","floor":6,"turns":3}],"seed_played":"7967321652634691165","potions_obtained":[{"floor":4,"key":"SkillPotion"},{"floor":4,"key":"SteroidPotion"},{"floor":4,"key":"BlessingOfTheForge"}],"is_trial":false,"path_per_floor":["M","?","?","?","?","E"],"character_chosen":"IRONCLAD","items_purchased":[],"campfire_rested":0,"item_purchase_floors":[],"current_hp_per_floor":[80,80,80,80,80,68,68],"gold":69,"neow_bonus":"NOSTALGIA","is_daily":false,"chose_seed":false,"campfire_upgraded":0,"win_rate":0.0,"timestamp":1614064197,"path_taken":["M","?","?","?","?","E"],"items_purchased_type":[],"build_version":"2020-12-22","purchased_purges":0,"victory":false,"max_hp_per_floor":[80,80,80,80,80,80,80],"card_choices":[{"not_picked":["Warcry","Intimidate"],"picked":"Fire Breathing","floor":1}],"player_experience":55448,"relics_obtained":[{"floor":4,"key":"Ring of Hypnosis"},{"floor":4,"key":"ReplayTheSpireMod:Ring of Addiction"},{"floor":4,"key":"SacredBark"},{"floor":4,"key":"Potion Belt"}],"event_choices":[{"cards_removed":["Strike_R"],"damage_healed":0,"gold_gain":0,"player_choice":"Card Removal","damage_taken":0,"max_hp_gain":0,"max_hp_loss":0,"event_name":"The Cleric","floor":2,"gold_loss":50},{"damage_healed":0,"gold_gain":0,"player_choice":"Swap Relic","damage_taken":0,"relics_obtained":["Blue Doll"],"max_hp_gain":0,"max_hp_loss":0,"event_name":"给自己的盒子","floor":3,"relics_lost":["aspiration:Nostalgia"],"gold_loss":0},{"damage_healed":0,"gold_gain":0,"player_choice":"Forge","damage_taken":0,"max_hp_gain":0,"max_hp_loss":0,"event_name":"Accursed Blacksmith","floor":5,"gold_loss":0,"cards_upgraded":["Fire Breathing"]}],"is_beta":false,"boss_relics":[],"items_purged_floors":[],"is_endless":false,"potions_floor_spawned":[],"killed_by":"Gremlin Nob","ascension_level":3}}