{"host":"2o3sockympbxxanu","time":1614064842,"event":{"mods":["AchievementEnabler","BaseMod","Colored Map","Colored Powertips","Conspire","Highlight Path","Infinite Spire","Minty Spire (QoL Compilation)","Relic Filter Mod","Replay The Spire","Shop Mod","StSLib","SuperFastMode","The Gatherer"],"gold_per_floor":[113,113,130,21,31,64,64,64,117,117,137,161,161,176,176,273,273,293,293,293,293,312,312,331,331,355,355,388,407,407,367,367,464,464,474,668,668,668,668],"floor_reached":38,"language":"ZHS","playtime":1123,"items_purged":["Defend_G"],"score":415,"play_id":"3f92671a-a212-4ad3-8779-a2ab53bf5060","local_time":"20210223152042","is_ascension_mode":false,"campfire_choices":[{"floor":10.0,"key":"REST"},{"floor":15.0,"key":"DIG"},{"data":"Bouncing Flask","floor":23.0,"key":"SMITH"},{"floor":25.0,"key":"REST"},{"data":"Bane","floor":27.0,"key":"SMITH"},{"data":"Bane","floor":32,"key":"SMITH"}],"circlet_count":0,"master_deck":["Strike_G","Strike_G+1","Strike_G","Strike_G","Defend_G","Defend_G","Defend_G+1","Defend_G","Survivor","Neutralize","Catalyst+1","Bouncing Flask+1","Fluid Movement","Bane+1","Bane+1","Poisoned Stab","Dagger Spray","Footwork+1","A Thousand Cuts"],"relics":["Sizzling Blood","NeowsBlessing","Pet Ghost","Omamori","infinitespire:Cubic Diamond","TungstenRod","Busted Crown","MutagenicStrength","Bag of Preparation","conspire:Boomerang","WristBlade"],"acts_visited":["Exordium","TheCity","TheBeyond"],"potions_floor_usage":[33,35],"damage_taken":[{"damage":0.0,"enemies":"Jaw Worm","floor":1.0,"turns":1.0},{"damage":0.0,"enemies":"Small Slimes","floor":3.0,"turns":1.0},{"damage":0.0,"enemies":"2 Louse","floor":5.0,"turns":1.0},{"damage":18.0,"enemies":"Gremlin Nob","floor":6.0,"turns":3.0},{"damage":3.0,"enemies":"Blue Slaver","floor":11.0,"turns":4.0},{"damage":0.0,"enemies":"Exordium Wildlife","floor":14.0,"turns":6.0},{"damage":9.0,"enemies":"The Guardian","floor":16.0,"turns":9.0},{"damage":24.0,"enemies":"2 Thieves","floor":18.0,"turns":5.0},{"damage":4.0,"enemies":"3 Byrds","floor":22.0,"turns":6.0},{"damage":15.0,"enemies":"Snake Plant","floor":24.0,"turns":3.0},{"damage":12.0,"enemies":"Book of Stabbing","floor":28.0,"turns":4.0},{"damage":4.0,"enemies":"Snecko","floor":29.0,"turns":3.0},{"damage":39,"enemies":"Champ","floor":33,"turns":10},{"damage":0,"enemies":"3 Shapes","floor":35,"turns":5},{"damage":49,"enemies":"2 Orb Walkers","floor":38,"turns":2}],"seed_played":"-4470721945780688098","potions_obtained":[{"floor":1.0,"key":"Toxic Potion"},{"floor":5.0,"key":"ColorlessPotion"},{"floor":22.0,"key":"Dexterity Potion"},{"floor":28.0,"key":"Fire Potion"},{"floor":29.0,"key":"infinitespire:BlackPotion"}],"is_trial":false,"path_per_floor":["M","?","M","$","M","E","?","?","T","R","M","T","?","M","R_BF","B",null,"M","?","T","?","M","R","M","R","T","R","E","M","?","?","R","B",null,"M","?","?","?"],"character_chosen":"THE_SILENT","items_purchased":["Bouncing Flask"],"campfire_rested":2,"item_purchase_floors":[4],"current_hp_per_floor":[70,56,56,56,56,38,38,38,38,59,56,56,56,60,60,55,70,50,50,50,50,50,50,39,60,60,60,52,52,52,52,52,17,70,70,43,43,0,0],"gold":668,"neow_bonus":"THREE_ENEMY_KILL","is_daily":false,"chose_seed":false,"campfire_upgraded":3,"win_rate":0.0,"timestamp":1614064842,"path_taken":["M","?","M","$","M","E","?","?","T","R","?","?","?","M","R_BF","BOSS","M","?","?","?","?","R","M","R","T","R","E","M","?","?","R","BOSS","M","?","?","?"],"items_purchased_type":["Card"],"build_version":"2020-12-22","purchased_purges":1,"victory":false,"max_hp_per_floor":[70,70,70,70,70,70,70,70,70,70,70,70,70,70,70,70,70,70,70,70,70,70,70,70,70,70,70,70,70,70,70,70,70,70,70,70,70,70,70],"card_choices":[{"not_picked":["Sucker Punch","PiercingWail"],"picked":"Catalyst","floor":1.0},{"not_picked":["Backflip","Outmaneuver","Masterful Stab"],"picked":"SKIP","floor":3.0},{"not_picked":["Setup","ReplayTheSpireMod:Speed Training"],"picked":"Fluid Movement","floor":5.0},{"not_picked":["Dodge and Roll","Fluid Movement","Escape Plan"],"picked":"SKIP","floor":6.0},{"not_picked":["PiercingWail","Wraith Form v2"],"picked":"Bane","floor":11.0},{"not_picked":["Dash","Hidden Blade"],"picked":"Bane","floor":14.0},{"not_picked":["Sucker Punch"],"picked":"SKIP","floor":18.0},{"not_picked":["Dagger Throw+1"],"picked":"SKIP","floor":22.0},{"not_picked":[],"picked":"Poisoned Stab","floor":24.0},{"not_picked":[],"picked":"Dagger Spray","floor":28.0},{"not_picked":["Underhanded Strike"],"picked":"SKIP","floor":29.0},{"not_picked":[],"picked":"A Thousand Cuts","floor":33},{"not_picked":["Backflip"],"picked":"SKIP","floor":35}],"player_experience":331877,"relics_obtained":[{"floor":6.0,"key":"Pet Ghost"},{"floor":12.0,"key":"Omamori"},{"floor":15.0,"key":"TungstenRod"},{"floor":26.0,"key":"Bag of Preparation"},{"floor":28.0,"key":"conspire:Boomerang"}],"event_choices":[{"damage_healed":0.0,"max_hp_gain":0.0,"max_hp_loss":0.0,"gold_gain":0.0,"event_name":"Shining Light","player_choice":"Entered Light","floor":2.0,"gold_loss":0.0,"damage_taken":14.0,"cards_upgraded":["Strike_G","Defend_G"]},{"damage_healed":0.0,"max_hp_gain":0.0,"max_hp_loss":0.0,"gold_gain":0.0,"event_name":"Drug Dealer","player_choice":"Inject Mutagens","floor":19.0,"gold_loss":0.0,"damage_taken":0.0,"relics_obtained":["MutagenicStrength"]},{"cards_removed":["Strike_G"],"damage_healed":0.0,"max_hp_gain":0.0,"max_hp_loss":0.0,"gold_gain":0.0,"event_name":"Bonfire Elementals","player_choice":"Offered Basic","floor":21.0,"gold_loss":0.0,"damage_taken":0.0},{"damage_healed":0.0,"max_hp_gain":0.0,"max_hp_loss":0.0,"gold_gain":0.0,"event_name":"The Library","player_choice":"Read","floor":30.0,"gold_loss":0.0,"damage_taken":0.0,"cards_obtained":["Footwork"]},{"damage_healed":0,"gold_gain":0,"player_choice":"Upgrade","damage_taken":0,"max_hp_gain":0,"max_hp_loss":0,"event_name":"Designer","floor":31,"gold_loss":40,"cards_upgraded":["Footwork"]},{"damage_healed":0,"gold_gain":0,"player_choice":"Fight","damage_taken":0,"max_hp_gain":0,"max_hp_loss":0,"event_name":"Mysterious Sphere","floor":38,"gold_loss":0}],"is_beta":false,"boss_relics":[{"not_picked":["Painkiller Herb","Philosopher\u0027s Stone"],"picked":"Busted Crown"},{"not_picked":["Velvet Choker","Abe\u0027s Treasure"],"picked":"WristBlade"}],"items_purged_floors":[4],"is_endless":false,"potions_floor_spawned":[1,5,22,28,29],"killed_by":"2 Orb Walkers","ascension_level":0}}