{"host":"hk6dj51uwihyiztj","time":1614117692,"event":{"mods":["BaseMod","Block Reminder","Hubris","Infinite Spire","Minty Spire (QoL Compilation)","Quick Restart","Reliquary","Replay The Spire","StSLib","SuperFastMode"],"gold_per_floor":[144,189,234,279,29,29,74,74,74,164,254,254,299,299,299,599,599,644,689,11,56,101,191,191,281,281,431,6,96,96,186,186,486,486,531,576,621,666,391,481,571,571,596,596,641,686,776,866,866,866],"floor_reached":51,"language":"ENG","playtime":3301,"items_purged":["Feel No Pain","Reckless Charge+1","Cleave"],"score":1057,"play_id":"8f60bb5a-c109-4ab0-ad39-f697c9d3f18d","local_time":"20210223230132","daily_mods":["Draft","Flight","Midas"],"is_ascension_mode":false,"campfire_choices":[{"floor":6,"key":"REST"},{"floor":12,"key":"REST"},{"floor":15,"key":"REST"},{"floor":24,"key":"REST"},{"floor":30,"key":"REST"},{"floor":32,"key":"REST"},{"floor":42,"key":"REST"},{"floor":44,"key":"REST"},{"floor":49,"key":"REST"}],"circlet_count":0,"master_deck":["Anger","Armaments","Cleave+1","Armaments","Iron Wave+1","Metallicize","Bloodletting","Armaments+1","Pummel","Burning Pact","Heavy Blade","Heavy Blade+1","Rampage","Flex","Shrug It Off+1","Rupture","ReplayTheSpireMod:Muscle Training","Combust","Spot Weakness","Double Tap","Flex","Life Link","Flex","Combust+1","Flex","Master of Strategy","Metallicize+1","Whirlwind","Rupture","Brutality","Hemokinesis","Rupture"],"relics":["Burning Blood","hubris:IronBody","King of Hearts","ReplayTheSpireMod:Spearhead","Red Skull","hubris:Towel","reliquary:RedCape","Omamori","Iron Hammer","Orrery","Gremlin Food","reliquary:Aerogel","Replay:WaspNest","HornCleat","War Paint","reliquary:PurpleTingedLeaf","Bottled Tornado","hubris:Backtick","TungstenRod","HandDrill","ReplayTheSpireMod:Ninjato","Mango","reliquary:Spinner","reliquary:JackalopeAntler","Blue Doll"],"acts_visited":["Exordium","TheCity","TheBeyond"],"potions_floor_usage":[46],"damage_taken":[{"damage":9,"enemies":"Jaw Worm","floor":1,"turns":2},{"damage":7,"enemies":"infinitespire:Voidling","floor":2,"turns":4},{"damage":3,"enemies":"2 Louse","floor":3,"turns":2},{"damage":2,"enemies":"Looter","floor":4,"turns":3},{"damage":24,"enemies":"Large Slime","floor":7,"turns":6},{"damage":37,"enemies":"Gremlin Nob","floor":10,"turns":5},{"damage":23,"enemies":"Lagavulin","floor":11,"turns":6},{"damage":13,"enemies":"Exordium Thugs","floor":13,"turns":4},{"damage":33,"enemies":"Hexaghost","floor":16,"turns":6},{"damage":17,"enemies":"Chosen","floor":18,"turns":6},{"damage":13,"enemies":"Shell Parasite","floor":19,"turns":4},{"damage":9,"enemies":"Centurion and Healer","floor":21,"turns":5},{"damage":11,"enemies":"Shelled Parasite and Fungi","floor":22,"turns":3},{"damage":24,"enemies":"Replay:Snechameleon","floor":23,"turns":4},{"damage":7,"enemies":"Gremlin Leader","floor":25,"turns":5},{"damage":8,"enemies":"Book of Stabbing","floor":29,"turns":4},{"damage":30,"enemies":"Slavers","floor":31,"turns":4},{"damage":8,"enemies":"Champ","floor":33,"turns":5},{"damage":13,"enemies":"Orb Walker","floor":35,"turns":4},{"damage":12,"enemies":"3 Darklings","floor":36,"turns":4},{"damage":13,"enemies":"Writhing Mass","floor":37,"turns":5},{"damage":19,"enemies":"Sphere and 2 Shapes","floor":38,"turns":4},{"damage":8,"enemies":"R_Hoarder","floor":40,"turns":6},{"damage":19,"enemies":"Reptomancer","floor":41,"turns":6},{"damage":2,"enemies":"4 Shapes","floor":45,"turns":2},{"damage":4,"enemies":"Maw","floor":46,"turns":5},{"damage":33,"enemies":"Nemesis","floor":47,"turns":7},{"damage":4,"enemies":"R_Hoarder","floor":48,"turns":7},{"damage":50,"enemies":"hubris:GrandSnecko","floor":50,"turns":10}],"seed_played":"-7386017133472573341","potions_obtained":[{"floor":1,"key":"GamblersBrew"},{"floor":2,"key":"Milkshake"},{"floor":10,"key":"Strength Potion"},{"floor":46,"key":"Fruit Juice"}],"is_trial":false,"path_per_floor":["M","M","M","M","$","R","M","?","T","E","E","R","M","?","R","B",null,"M","M","$","M","M","E","R","E","T","?","$","E","R","E","R","B",null,"M","M","M","M","$","E","E","R","T","R","M","M","E","E","R","B",null],"character_chosen":"IRONCLAD","items_purchased":["hubris:IronBody","Omamori","Iron Hammer","Orrery","Flex","War Paint","Master of Strategy","HandDrill"],"campfire_rested":9,"item_purchase_floors":[5,20,20,20,20,28,28,39],"current_hp_per_floor":[77,80,80,80,80,80,62,62,62,31,14,38,31,31,55,28,80,69,62,62,59,54,36,60,59,59,39,39,37,61,38,62,63,80,73,67,61,49,49,49,52,80,80,94,94,99,73,76,99,58],"gold":866,"neow_bonus":"","is_daily":true,"chose_seed":false,"campfire_upgraded":0,"win_rate":0.0,"timestamp":1614117692,"path_taken":["M","M","M","M","$","R","M","?","T","E","E","R","?","?","R","BOSS","M","M","$","M","M","E","R","E","T","?","$","E","R","E","R","BOSS","M","M","M","M","$","E","E","R","T","R","M","M","E","E","R","BOSS"],"items_purchased_type":["Relic","Relic","Relic","Relic","Card","Relic","Card","Relic"],"build_version":"2020-12-22","purchased_purges":3,"victory":true,"max_hp_per_floor":[80,80,80,80,80,80,80,80,80,80,80,80,80,80,80,80,80,80,80,80,80,80,80,80,80,80,80,80,80,80,80,80,80,80,80,80,80,80,80,80,94,94,94,94,94,99,99,99,99,99],"card_choices":[{"not_picked":["Replay:Undeath\u0027s Touch","Clothesline"],"picked":"Anger","floor":0},{"not_picked":["Evolve","ReplayTheSpireMod:Strike From Hell"],"picked":"Feel No Pain","floor":0},{"not_picked":["Sword Boomerang","Run Through"],"picked":"Cleave","floor":0},{"not_picked":["Clothesline","Defy Death"],"picked":"Armaments","floor":0},{"not_picked":["Headbutt","True Grit"],"picked":"Cleave","floor":0},{"not_picked":["hubris:ReadiedAction","Iron Wave"],"picked":"Armaments","floor":0},{"not_picked":["ReplayTheSpireMod:Muscle Training","Cleave"],"picked":"Iron Wave","floor":0},{"not_picked":["Anger","Warcry"],"picked":"Metallicize","floor":0},{"not_picked":["Shrug It Off","Wild Strike"],"picked":"Bloodletting","floor":0},{"not_picked":["Blood for Blood","Power Through"],"picked":"Armaments","floor":0},{"not_picked":["Clothesline","hubris:ReadiedAction"],"picked":"Pummel","floor":0},{"not_picked":["Wild Strike","Disarm"],"picked":"Burning Pact","floor":0},{"not_picked":["Massacre","Wild Strike"],"picked":"Heavy Blade","floor":0},{"not_picked":["Cleave","Run Through"],"picked":"Heavy Blade","floor":0},{"not_picked":["Replay:Undeath\u0027s Touch","Havoc"],"picked":"Rampage","floor":0},{"not_picked":["Twin Strike","Combust"],"picked":"Flex","floor":1},{"not_picked":["Clash","Pummel"],"picked":"Reckless Charge","floor":2},{"not_picked":["Cleave","Infernal Blade"],"picked":"Shrug It Off","floor":3},{"not_picked":["Heavy Blade","Feel No Pain"],"picked":"Rupture","floor":4},{"not_picked":["Twin Strike","Reaper"],"picked":"ReplayTheSpireMod:Muscle Training","floor":7},{"not_picked":["Iron Wave","Massacre","Immolate"],"picked":"SKIP","floor":10},{"not_picked":["Power Through","Cleave"],"picked":"Combust","floor":11},{"not_picked":["Bloodletting","Replay:Undeath\u0027s Touch"],"picked":"Spot Weakness","floor":13},{"not_picked":["Impervious","Immolate"],"picked":"Double Tap","floor":16},{"not_picked":["Intimidate+1","Heavy Blade"],"picked":"Flex","floor":18},{"not_picked":["Warcry","Sever Soul+1","Intimidate+1"],"picked":"SKIP","floor":19},{"not_picked":["Cleave","Anger"],"picked":"Life Link","floor":20},{"not_picked":["Power Through+1","Blood for Blood+1","Body Slam"],"picked":"SKIP","floor":21},{"not_picked":["Seeing Red+1","Eclipse","Dark Embrace"],"picked":"SKIP","floor":22},{"not_picked":["Heavy Blade","Rage+1","Exhume"],"picked":"SKIP","floor":23},{"not_picked":["Sever Soul+1","Uppercut+1"],"picked":"Combust","floor":25},{"not_picked":["Run Through","Dropkick"],"picked":"Flex","floor":27},{"not_picked":["infinitespire:OneForAll","True Grit"],"picked":"Metallicize","floor":29},{"not_picked":["Exhume","Rampage","Searing Blow"],"picked":"SKIP","floor":31},{"not_picked":["Exhume","Rampage","Searing Blow"],"picked":"SKIP","floor":31},{"not_picked":["Clothesline+1","Thunderclap+1"],"picked":"Whirlwind","floor":35},{"not_picked":["Massacre","Run Through","Twin Strike+1"],"picked":"SKIP","floor":36},{"not_picked":["Sever Soul+1","hubris:ReadiedAction"],"picked":"Rupture","floor":37},{"not_picked":["Inflame","Armaments","Iron Wave+1"],"picked":"SKIP","floor":38},{"not_picked":["Rampage","Massacre"],"picked":"Brutality","floor":40},{"not_picked":["Thunderclap","Flame Barrier"],"picked":"Hemokinesis","floor":41},{"not_picked":["Heavy Blade+1","Flex"],"picked":"Rupture","floor":45},{"not_picked":["Anger+1","Shockwave+1","Headbutt+1"],"picked":"SKIP","floor":46},{"not_picked":["Defy Death+1","Evolve+1","Warcry"],"picked":"SKIP","floor":47},{"not_picked":["Replay:Undeath\u0027s Touch","ReplayTheSpireMod:Corrosion Curse","Iron Wave+1"],"picked":"SKIP","floor":48}],"player_experience":123562,"relics_obtained":[{"floor":9,"key":"King of Hearts"},{"floor":10,"key":"ReplayTheSpireMod:Spearhead"},{"floor":11,"key":"Red Skull"},{"floor":23,"key":"Gremlin Food"},{"floor":25,"key":"reliquary:Aerogel"},{"floor":26,"key":"Replay:WaspNest"},{"floor":27,"key":"HornCleat"},{"floor":29,"key":"reliquary:PurpleTingedLeaf"},{"floor":31,"key":"Bottled Tornado"},{"floor":40,"key":"ReplayTheSpireMod:Ninjato"},{"floor":41,"key":"Mango"},{"floor":43,"key":"reliquary:Spinner"},{"floor":47,"key":"reliquary:JackalopeAntler"},{"floor":48,"key":"Blue Doll"}],"event_choices":[{"damage_healed":0,"gold_gain":0,"player_choice":"Bought 0 Potions","damage_taken":0,"max_hp_gain":0,"max_hp_loss":0,"event_name":"The Woman in Blue","floor":8,"gold_loss":0}],"is_beta":false,"boss_relics":[{"not_picked":["reliquary:RustamsPendant","Empty Cage"],"picked":"reliquary:RedCape"},{"not_picked":["hubris:Stopwatch","hubris:ScarierMask"],"picked":"hubris:Backtick"}],"items_purged_floors":[20,28,39],"is_endless":false,"potions_floor_spawned":[1,2,10,18,23,25,29,36,40,41,46],"ascension_level":0}}