{"host":"pletss163z7s8pvv","time":1614048622,"event":{"mods":["AchievementEnabler","Act Like it!","AlwaysNeverKeys","BaseMod","Better Altar","Better Match","Better Note","Better Sensory Stone","Better Skull","Better Third Choice","BetterRewards","Bossed Relics","CapriCore","ChefMod","Colored Map","Colored Powertips","Conspire","Dio Mod","Displayed Cursed Tome","Energized Spire","Evolution","Gensokyo","GifTheSpireLib","Hallownest","Hermit","Ironclad Rager","Jedi Mod","Marisa????????","Marked Mod","Minty Spire (QoL Compilation)","Reliquary","Replay The Spire","Retaliation","Ruina","Somnambulant","Spicy Shops","StS++","StSLib","The Administrix","The Alterego","The Animator","The Blue Laboratory","The Bug Knight","The Construct","The Cursed","The Disciple","The Forsaken","The Hierophant","The Necromancer","The Saiyan","The Vixen","The Wild Card","TheVacant","Transform Curses"],"gold_per_floor":[144,144,189,17,62,152,222,222,222,222,222,267,267,357,357,657,657,702,657,98,98,98,98,143,233,258,8,8,98,143,218,218,518,518,563,17,17,17,17,17,107,152,152,197,287,332,27,27,189,189],"floor_reached":51,"language":"ENG","playtime":2213,"items_purged":[],"score":1074,"play_id":"f3f2c756-8900-46a0-a61c-058649562a5b","local_time":"20210222205022","daily_mods":["Draft","Flight","Midas"],"is_ascension_mode":false,"campfire_choices":[{"floor":8,"key":"REST"},{"floor":13,"key":"REST"},{"floor":15,"key":"REST"},{"floor":23,"key":"REST"},{"floor":32,"key":"REST"},{"floor":40,"key":"REST"}],"circlet_count":1,"master_deck":["Rebound","jedi:BurstFrost","Coolheaded","jedi:BurstLightning","jedi:sharpshooter","jedi:blockon","Streamline","Coolheaded","jedi:markofdeath","Sweeping Beam","Beam Cell","Cold Snap","BasicCrystalCard","Cold Snap+1","Self Repair","Capacitor+1","ReplayGash","FIFO Queue","Lockon","Storm+1","Melter","Crystallizer","Thunder Strike","BootSequence","Barrage","Storm+1","Bandage Up","StSpp:CopyPaste","Beam Cell+1","ReplayGash+1","jedi:markofdeath","Rebound+1","Beam Cell","Lockon","jedi:BurstLightning+1","Gash","Conserve Battery+1","ICR:FrostFall","jedi:BurstLightning","Biased Cognition","Fusion+1","Stack+1","ReplayGash","jedi:blockon","Barrage","jedi:blockon+1","Barrage","Cold Snap+1","Barrage+1","Cold Snap+1","Streamline","Beam Cell+1","Barrage+1","Doom and Gloom","Sweeping Beam+1"],"relics":["Cracked Core","EVO:Axolotl","EVO:Axolotl","Hallownest:DreamNailRelic","jedi:shrinkray","reliquary:Buckler","HornCleat","Circlet","theForsaken:ScaryMask","Inserter","DollysMirror","reliquary:Bookmark","ReplayTheSpireMod:Lightbulb","Prayer Wheel","The Courier","Dream Catcher","Hallownest:UnbreakableCardRelic","conspire:SpecialSausage","Thread and Needle","energizedSpire:UnstableMolecules","ClockworkSouvenir","Blue Candle","Toy Ornithopter","Hallownest:KingsIdolRelic","DataDisk","MealTicket","reliquary:JackalopeAntler","Turnip","Runic Capacitor","Strawberry","jedi:arcanewood","reliquary:Stiletto"],"acts_visited":["Exordium","Hallownest:Greenpath","Hallownest:CityofTears"],"potions_floor_usage":[16,16,25,30,33,33,41,49,50],"damage_taken":[{"damage":3,"enemies":"Hallownest:monsterHuskGuard","floor":1,"turns":3},{"damage":2,"enemies":"2_ Uuma","floor":3,"turns":5},{"damage":11,"enemies":"Hallownest:2_Baldur","floor":5,"turns":3},{"damage":17,"enemies":"Hallownest:eliteVengeflyKing","floor":6,"turns":8},{"damage":21,"enemies":"Hallownest:Guard_and_Warrior","floor":12,"turns":5},{"damage":4,"enemies":"Hallownest:eliteCrystalGuardian","floor":14,"turns":5},{"damage":24,"enemies":"Hallownest:BossFalseKnight","floor":16,"turns":7},{"damage":13,"enemies":"Hallownest:2_Mistakes","floor":18,"turns":7},{"damage":17,"enemies":"Hallownest:Guard_and_Sentry","floor":24,"turns":5},{"damage":16,"enemies":"Hallownest:eliteSoulWarrior","floor":25,"turns":5},{"damage":0,"enemies":"Hallownest:eliteWatcherKnight","floor":29,"turns":7},{"damage":2,"enemies":"Hallownest:2_Husk_Sentries","floor":30,"turns":3},{"damage":0,"enemies":"Hallownest:Glutton_and_Coward","floor":31,"turns":3},{"damage":75,"enemies":"Hallownest:BossMantisLord","floor":33,"turns":8},{"damage":19,"enemies":"Hallownest:2_Littles","floor":35,"turns":4},{"damage":0,"enemies":"Hallownest:eliteHiveKnight","floor":41,"turns":5},{"damage":0,"enemies":"Hallownest:Shield_Heavy","floor":42,"turns":3},{"damage":4,"enemies":"Hallownest:2_Wing_and_1_Kings","floor":44,"turns":6},{"damage":0,"enemies":"Hallownest:eliteCollector","floor":45,"turns":4},{"damage":0,"enemies":"Hallownest:monsterPrimalAspid","floor":46,"turns":3},{"damage":26,"enemies":"Hallownest:BossGreyPrinceZote","floor":50,"turns":6}],"seed_played":"-7386017133472573341","potions_obtained":[{"floor":1,"key":"blueLaboratory:HummingbirdPotion"},{"floor":3,"key":"LiquidMemories"},{"floor":14,"key":"jedi:tentaclejuice"},{"floor":16,"key":"jedi:hoardpotion"},{"floor":25,"key":"LiquidBronze"},{"floor":29,"key":"blueLaboratory:FruitPunch"},{"floor":35,"key":"blueLaboratory:BottleOfVodka"},{"floor":41,"key":"Fruit Juice"},{"floor":45,"key":"Block Potion"},{"floor":49,"key":"Fruit Juice"},{"floor":49,"key":"blueLaboratory:SystemWipe"}],"is_trial":false,"path_per_floor":["M","?","M","$","M","E","?","R","T","T","?","M","R","E","R","B",null,"M","?","$","?","?","R","M","E","T","?","?","E","M","M","R","B",null,"M","$","?","?","?","R","E","M","T","M","E","M","$","?","R_BF","B",null],"character_chosen":"DEFECT","items_purchased":["ReplayGash","FIFO Queue","ReplayTheSpireMod:Fabricate Wheel+1","Barrage","DollysMirror","reliquary:Bookmark","Bandage Up","ClockworkSouvenir","Blue Candle","ReplayGash","blueLaboratory:FruitPreserves","Toy Ornithopter","jedi:blockon","Runic Capacitor","Strawberry","Doom and Gloom"],"campfire_rested":6,"item_purchase_floors":[4,4,20,20,20,20,20,36,36,36,36,36,36,47,47,47],"current_hp_per_floor":[106,106,109,109,98,88,88,109,109,109,109,95,109,109,109,92,109,103,103,103,103,64,96,90,78,78,78,78,82,82,84,84,20,84,72,72,72,72,57,82,89,89,89,89,89,89,96,96,82,61],"gold":189,"neow_bonus":"","is_daily":true,"chose_seed":false,"campfire_upgraded":0,"win_rate":0.0,"timestamp":1614048622,"path_taken":["M","?","?","$","M","E","?","R","T","?","?","?","R","E","R","BOSS","M","?","$","?","?","R","?","E","T","?","?","E","?","M","R","BOSS","M","$","?","?","?","R","E","M","T","M","E","?","$","?","R_BF","BOSS"],"items_purchased_type":["Card","Card","Card","Card","Relic","Relic","Card","Relic","Relic","Card","Potion","Relic","Card","Relic","Relic","Card"],"build_version":"2020-12-22","purchased_purges":0,"victory":true,"max_hp_per_floor":[109,109,109,109,109,109,109,109,109,109,109,109,109,109,109,109,109,109,109,109,109,109,109,109,109,109,109,82,82,84,84,84,84,84,84,84,84,84,84,84,89,89,89,89,89,89,96,96,101,101],"card_choices":[{"not_picked":["Aggregate","Double Energy"],"picked":"Rebound","floor":0},{"not_picked":["Steam Power","FTL"],"picked":"jedi:BurstFrost","floor":0},{"not_picked":["Compile Driver","Turbo"],"picked":"Coolheaded","floor":0},{"not_picked":["Auto Shields","ReplayTheSpireMod:System Scan"],"picked":"jedi:BurstLightning","floor":0},{"not_picked":["Leap","Redo"],"picked":"jedi:sharpshooter","floor":0},{"not_picked":["Compile Driver","BasicCrystalCard"],"picked":"jedi:blockon","floor":0},{"not_picked":["Coolheaded","Force Field"],"picked":"Streamline","floor":0},{"not_picked":["Panic Button","Steam"],"picked":"Coolheaded","floor":0},{"not_picked":["StSpp:TargetLocked","StSpp:Pointer"],"picked":"Hologram","floor":0},{"not_picked":["Rebound","Barrage"],"picked":"jedi:markofdeath","floor":0},{"not_picked":["Panic Button","Leap"],"picked":"Sweeping Beam","floor":0},{"not_picked":["Streamline","Steam"],"picked":"Beam Cell","floor":0},{"not_picked":["Compile Driver","Double Energy"],"picked":"Cold Snap","floor":0},{"not_picked":["Blizzard","Rebound"],"picked":"BasicCrystalCard","floor":0},{"not_picked":["Compile Driver","jedi:blockon"],"picked":"Cold Snap","floor":0},{"not_picked":["Turbo","Conserve Battery"],"picked":"Self Repair","floor":1},{"not_picked":["jedi:BurstFrost","Stack"],"picked":"Capacitor","floor":3},{"not_picked":["Leap","Auto Shields"],"picked":"Lockon","floor":5},{"not_picked":["Barrage","Scrape"],"picked":"Storm","floor":6},{"not_picked":["Hello World","Lockon"],"picked":"Melter","floor":12},{"not_picked":["Redo","jedi:blockon"],"picked":"Crystallizer","floor":14},{"not_picked":["jedi:readyaimfire","All For One"],"picked":"Thunder Strike","floor":16},{"not_picked":["jedi:blockon","jedi:BurstFrost"],"picked":"BootSequence","floor":18},{"not_picked":["Auto Shields","Rebound"],"picked":"Beam Cell+1","floor":24},{"not_picked":["Sweeping Beam+1","Rebound"],"picked":"ReplayGash+1","floor":24},{"not_picked":["StSpp:TargetLocked","Hyperbeam"],"picked":"Lockon","floor":29},{"not_picked":["Stack","Coolheaded"],"picked":"jedi:BurstLightning+1","floor":30},{"not_picked":["Redo+1","jedi:BurstLightning"],"picked":"Gash","floor":30},{"not_picked":["Panic Button+1","Gash"],"picked":"Conserve Battery+1","floor":31},{"not_picked":["Go for the Eyes","ReplayRNGCard"],"picked":"ICR:FrostFall","floor":31},{"not_picked":["Compile Driver","Panic Button"],"picked":"jedi:BurstLightning","floor":32},{"not_picked":["jedi:darknesscall","jedi:gatheringstorm"],"picked":"Biased Cognition","floor":33},{"not_picked":["jedi:markofdeath","Auto Shields"],"picked":"Fusion+1","floor":35},{"not_picked":["Compile Driver+1","Undo"],"picked":"Stack+1","floor":35},{"not_picked":["Beam Cell","Streamline"],"picked":"Barrage","floor":40},{"not_picked":["Stack","ReplaySort+1"],"picked":"jedi:blockon+1","floor":41},{"not_picked":["Skim+1","Gash"],"picked":"Barrage","floor":42},{"not_picked":["Streamline","jedi:overflow"],"picked":"Cold Snap+1","floor":42},{"not_picked":["Multi-Cast","Skim"],"picked":"Barrage+1","floor":44},{"not_picked":["Doom and Gloom","Rip and Tear"],"picked":"Cold Snap+1","floor":44},{"not_picked":["jedi:blockon","Machine Learning"],"picked":"Streamline","floor":45},{"not_picked":["ReplaySort+1","Stack"],"picked":"Beam Cell+1","floor":46},{"not_picked":["Redo+1","Steam+1"],"picked":"Barrage+1","floor":46},{"not_picked":["jedi:BurstLightning","Hello World+1"],"picked":"Sweeping Beam+1","floor":49}],"player_experience":538788,"relics_obtained":[{"floor":6,"key":"jedi:shrinkray"},{"floor":9,"key":"reliquary:Buckler"},{"floor":10,"key":"HornCleat"},{"floor":14,"key":"theForsaken:ScaryMask"},{"floor":25,"key":"The Courier"},{"floor":26,"key":"Dream Catcher"},{"floor":29,"key":"Thread and Needle"},{"floor":41,"key":"MealTicket"},{"floor":43,"key":"reliquary:JackalopeAntler"},{"floor":45,"key":"Turnip"},{"floor":49,"key":"reliquary:Stiletto"}],"event_choices":[{"damage_healed":0,"gold_gain":0,"player_choice":"RE UP ","damage_taken":43,"relics_obtained":["ReplayTheSpireMod:Lightbulb"],"max_hp_gain":0,"max_hp_loss":0,"event_name":"betterSkull:BetterSkull","floor":22,"gold_loss":0,"cards_upgraded":["Cold Snap"]}],"is_beta":false,"boss_relics":[{"not_picked":["Tiny House","energizedSpire:RedRose"],"picked":"Inserter"},{"not_picked":["Abe\u0027s Treasure","Replay:Grab Bag"],"picked":"energizedSpire:UnstableMolecules"}],"items_purged_floors":[],"is_endless":false,"potions_floor_spawned":[1,3,14,16,25,29,35,41,45],"ascension_level":0}}