{"host":"z37g2hkgkh2zjyzk","time":1614100826,"event":{"mods":["2.2 Compatiblity","AchievementEnabler","BaseMod","Bestiary","Colored Map","Colored Powertips","Curses Come First","Highlight Path","Keyboard Shortcuts","Minty Spire (QoL Compilation)","Relic Stats","StSLib","SuperFastMode"],"gold_per_floor":[112,112,126,144,163,192,192,192,192],"floor_reached":8,"language":"ENG","playtime":339,"items_purged":[],"score":75,"play_id":"8ce6718e-41c8-40ad-a745-3d222bdad650","local_time":"20210223182026","is_ascension_mode":true,"campfire_choices":[{"floor":7,"key":"REST"}],"circlet_count":0,"master_deck":["Strike_B","Strike_B","Strike_B","Strike_B","Defend_B","Defend_B","Defend_B","Defend_B","Zap","Dualcast","Sweeping Beam","Coolheaded","Hologram","All For One"],"relics":["Cracked Core","Happy Flower","GremlinMask","Oddly Smooth Stone"],"acts_visited":["Exordium"],"potions_floor_usage":[],"damage_taken":[{"damage":0,"enemies":"2 Louse","floor":1,"turns":1},{"damage":1,"enemies":"Cultist","floor":3,"turns":3},{"damage":2,"enemies":"Jaw Worm","floor":4,"turns":3},{"damage":1,"enemies":"Exordium Wildlife","floor":5,"turns":3},{"damage":57,"enemies":"Gremlin Nob","floor":6,"turns":5},{"damage":30,"enemies":"Lagavulin","floor":8,"turns":7}],"seed_played":"-2000057007481908699","potions_obtained":[{"floor":4,"key":"Dexterity Potion"},{"floor":5,"key":"SteroidPotion"}],"is_trial":false,"path_per_floor":["M","?","M","M","M","E","R","E"],"character_chosen":"DEFECT","items_purchased":[],"campfire_rested":1,"item_purchase_floors":[],"current_hp_per_floor":[68,68,67,65,64,7,29,0,0],"gold":192,"neow_bonus":"RANDOM_COMMON_RELIC","is_daily":false,"chose_seed":false,"campfire_upgraded":0,"win_rate":0.0,"timestamp":1614100826,"path_taken":["M","?","?","M","M","E","R","E"],"items_purchased_type":[],"build_version":"2020-12-22","purchased_purges":0,"victory":false,"max_hp_per_floor":[75,75,75,75,75,75,75,75,75],"relic_stats":{"Happy Flower":[7],"counters":[6,22],"obtain_stats":[{"Happy Flower":0,"Oddly Smooth Stone":6,"GremlinMask":2,"Cracked Core":0},{"Happy Flower":0,"Oddly Smooth Stone":5,"GremlinMask":1,"Cracked Core":0},{"Happy Flower":0,"Oddly Smooth Stone":15,"GremlinMask":1,"Cracked Core":0}]},"card_choices":[{"not_picked":["Compile Driver","Storm"],"picked":"Sweeping Beam","floor":1},{"not_picked":["Steam Power","Redo"],"picked":"Coolheaded","floor":3},{"not_picked":["Gash","Auto Shields"],"picked":"Hologram","floor":4},{"not_picked":["Beam Cell","Stack","Meteor Strike"],"picked":"SKIP","floor":5},{"not_picked":["Machine Learning","Cold Snap"],"picked":"All For One","floor":6}],"player_experience":226844,"relics_obtained":[{"floor":6,"key":"Oddly Smooth Stone"}],"event_choices":[{"damage_healed":0,"gold_gain":0,"player_choice":"Trade","damage_taken":0,"relics_obtained":["GremlinMask"],"max_hp_gain":0,"max_hp_loss":0,"event_name":"FaceTrader","floor":2,"gold_loss":0}],"is_beta":false,"boss_relics":[],"items_purged_floors":[],"is_endless":false,"potions_floor_spawned":[4,5],"killed_by":"Lagavulin","ascension_level":6}}