{"host":"m4gb89kpcfic7v2a","time":1614065912,"event":{"mods":["BaseMod","BetterRewards","Downfall","Minty Spire (QoL Compilation)","Reliquary","StSLib"],"gold_per_floor":[115,190,190,140,65,100,100,132,155,166,166,183,103,121,121,217,217,236,216,228,240,258,258,258,258],"floor_reached":24,"language":"ENG","playtime":1132,"items_purged":["Defend_P"],"score":282,"play_id":"d66ad946-a27e-4fe7-b16f-5b87dbd766a8","local_time":"20210223003832","is_ascension_mode":true,"campfire_choices":[{"data":"Eruption","floor":7,"key":"SMITH"},{"data":"Prostrate","floor":11,"key":"SMITH"},{"data":"Adaptation","floor":15,"key":"SMITH"},{"floor":23,"key":"REST"}],"circlet_count":0,"master_deck":["Strike_P","Strike_P","Strike_P","Defend_P","Defend_P","Defend_P","Eruption+1","Vigilance","CarveReality","SashWhip","Prostrate+1","Adaptation+1","FlurryOfBlows","DevaForm","MentalFortress","Prostrate","FlurryOfBlows"],"relics":["PureWater","NeowsBlessing","InkBottle","Sundial","reliquary:PartyBalloon","SacredBark"],"acts_visited":["Exordium","TheCity"],"potions_floor_usage":[24],"damage_taken":[{"damage":0,"enemies":"Jaw Worm","floor":1,"turns":1},{"damage":0,"enemies":"Lagavulin","floor":6,"turns":1},{"damage":0,"enemies":"Gremlin Nob","floor":8,"turns":1},{"damage":0,"enemies":"Small Slimes","floor":10,"turns":2},{"damage":0,"enemies":"Cultist","floor":12,"turns":1},{"damage":0,"enemies":"Large Slime","floor":14,"turns":3},{"damage":5,"enemies":"The Guardian","floor":16,"turns":7},{"damage":8,"enemies":"Chosen","floor":18,"turns":3},{"damage":9,"enemies":"Shell Parasite","floor":20,"turns":4},{"damage":22,"enemies":"Centurion and Healer","floor":21,"turns":4},{"damage":22,"enemies":"Snecko","floor":22,"turns":5},{"damage":49,"enemies":"Book of Stabbing","floor":24,"turns":5}],"seed_played":"-6981665832013131145","potions_obtained":[{"floor":6,"key":"Regen Potion"},{"floor":16,"key":"GamblersBrew"},{"floor":19,"key":"Ambrosia"},{"floor":21,"key":"SpeedPotion"},{"floor":22,"key":"AttackPotion"}],"is_trial":false,"path_per_floor":["M","?","?","?","$","E","R","E","T","M","R","M","$","M","R","B",null,"M","?","M","M","M","R","E"],"character_chosen":"WATCHER","items_purchased":["Adaptation"],"campfire_rested":1,"item_purchase_floors":[13],"current_hp_per_floor":[72,61,66,66,66,66,66,66,66,66,66,66,66,66,66,61,77,69,69,60,38,16,39,0,0],"gold":258,"neow_bonus":"THREE_ENEMY_KILL","is_daily":false,"chose_seed":false,"campfire_upgraded":3,"win_rate":0.0,"timestamp":1614065912,"path_taken":["M","?","?","?","$","E","R","E","T","M","R","M","?","M","R","BOSS","M","?","M","M","?","R","E"],"items_purchased_type":["Card"],"build_version":"2020-12-22","purchased_purges":1,"victory":false,"max_hp_per_floor":[72,72,77,77,77,77,77,77,77,77,77,77,77,77,77,77,77,77,77,77,77,77,77,77,77],"card_choices":[{"not_picked":["SashWhip","LikeWater"],"picked":"CarveReality","floor":1},{"not_picked":["LikeWater","Consecrate"],"picked":"SashWhip","floor":6},{"not_picked":["BowlingBash","Collect","Protect"],"picked":"SKIP","floor":8},{"not_picked":["Crescendo","Nirvana"],"picked":"Prostrate","floor":10},{"not_picked":["SashWhip","Crescendo","ClearTheMind"],"picked":"SKIP","floor":12},{"not_picked":["PathToVictory","SashWhip"],"picked":"FlurryOfBlows","floor":14},{"not_picked":["Establishment","Vault"],"picked":"DevaForm","floor":16},{"not_picked":["Swivel","BowlingBash+1"],"picked":"MentalFortress","floor":18},{"not_picked":["SignatureMove","ForeignInfluence"],"picked":"Prostrate","floor":20},{"not_picked":["ClearTheMind","Protect"],"picked":"FlurryOfBlows","floor":21},{"not_picked":["BowlingBash+1","Weave","ClearTheMind"],"picked":"SKIP","floor":22}],"player_experience":232480,"relics_obtained":[{"floor":6,"key":"InkBottle"},{"floor":8,"key":"Sundial"},{"floor":9,"key":"reliquary:PartyBalloon"}],"event_choices":[{"damage_healed":0,"gold_gain":75,"player_choice":"Gather Gold","damage_taken":11,"max_hp_gain":0,"max_hp_loss":0,"event_name":"World of Goop","floor":2,"gold_loss":0},{"damage_healed":0,"gold_gain":0,"player_choice":"Donut","damage_taken":0,"max_hp_gain":5,"max_hp_loss":0,"event_name":"Big Fish","floor":3,"gold_loss":0},{"cards_removed":["Strike_P"],"damage_healed":0,"gold_gain":0,"player_choice":"Card Removal","damage_taken":0,"max_hp_gain":0,"max_hp_loss":0,"event_name":"The Cleric","floor":4,"gold_loss":50},{"damage_healed":0,"gold_gain":0,"player_choice":"Bought 1 Potion","damage_taken":0,"max_hp_gain":0,"max_hp_loss":0,"event_name":"The Woman in Blue","floor":19,"gold_loss":0}],"is_beta":false,"boss_relics":[{"not_picked":["reliquary:Craggleroot","Ectoplasm"],"picked":"SacredBark"}],"items_purged_floors":[5],"is_endless":false,"potions_floor_spawned":[6,16,21,22],"killed_by":"Book of Stabbing","ascension_level":2}}