{"host":"2e3z4r48quhw80cc","time":1614085643,"event":{"mods":["BaseMod","Minty Spire (QoL Compilation)","Quick Restart","StSLib","SuperFastMode"],"gold_per_floor":[114,114,134,144,159,159,179,192,192,192,212,212,241,255,255,330,330,349,50,50,60,111,111,137,137,189,208,208,225,235,253,253,324,324,341,361,361,180,180,193,193,193,193,218,250,250,250,275,275,275],"floor_reached":51,"language":"KOR","playtime":2467,"items_purged":["Defend_B","Strike_B"],"score":1335,"play_id":"45825d4d-7ce2-4d1c-bb34-635a5c8ce9ab","local_time":"20210223220723","is_ascension_mode":true,"campfire_choices":[{"floor":6.0,"key":"REST"},{"floor":10.0,"key":"REST"},{"data":"Creative AI","floor":12.0,"key":"SMITH"},{"floor":15.0,"key":"REST"},{"floor":23.0,"key":"REST"},{"floor":25.0,"key":"REST"},{"data":"Recycle","floor":28.0,"key":"SMITH"},{"floor":32.0,"key":"REST"},{"floor":41.0,"key":"REST"},{"data":"1","floor":47.0,"key":"LIFT"},{"data":"2","floor":49,"key":"LIFT"}],"circlet_count":0,"master_deck":["AscendersBane","Strike_B","Defend_B","Defend_B","Zap","Dualcast","Creative AI+1","Static Discharge","FTL","Auto Shields","Echo Form","White Noise","Recycle+1","Buffer+1","Electrodynamics+1","Echo Form+1","Reboot+1","Glacier","Capacitor+1","FTL+1","Defragment+1","Defragment+1","Barrage+1","Machine Learning+1","Self Repair+1","Finesse","Finesse","Storm+1","Leap","Lockon","Defragment+1"],"relics":["Cracked Core","Frozen Egg 2","Happy Flower","Astrolabe","Orichalcum","Oddly Smooth Stone","Mummified Hand","Bag of Preparation","Fusion Hammer","Du-Vu Doll","Girya","Question Card","Ice Cream","Bronze Scales"],"acts_visited":["Exordium","TheCity","TheBeyond"],"potions_floor_usage":[],"damage_taken":[{"damage":0.0,"enemies":"2 Louse","floor":1.0,"turns":3.0},{"damage":7.0,"enemies":"Cultist","floor":3.0,"turns":5.0},{"damage":8.0,"enemies":"Jaw Worm","floor":4.0,"turns":4.0},{"damage":24.0,"enemies":"Exordium Thugs","floor":5.0,"turns":5.0},{"damage":11.0,"enemies":"2 Fungi Beasts","floor":7.0,"turns":4.0},{"damage":6.0,"enemies":"Blue Slaver","floor":8.0,"turns":5.0},{"damage":7.0,"enemies":"Looter","floor":11.0,"turns":3.0},{"damage":13.0,"enemies":"Lagavulin","floor":13.0,"turns":8.0},{"damage":18.0,"enemies":"Large Slime","floor":14.0,"turns":4.0},{"damage":31.0,"enemies":"Slime Boss","floor":16.0,"turns":9.0},{"damage":1.0,"enemies":"3 Byrds","floor":18.0,"turns":1.0},{"damage":17.0,"enemies":"2 Thieves","floor":21.0,"turns":4.0},{"damage":47.0,"enemies":"Slavers","floor":24.0,"turns":4.0},{"damage":0.0,"enemies":"Snecko","floor":27.0,"turns":4.0},{"damage":0.0,"enemies":"Sentry and Sphere","floor":29.0,"turns":3.0},{"damage":0.0,"enemies":"Cultist and Chosen","floor":30.0,"turns":4.0},{"damage":12.0,"enemies":"Chosen and Byrds","floor":31.0,"turns":5.0},{"damage":0.0,"enemies":"Collector","floor":33.0,"turns":6.0},{"damage":0.0,"enemies":"Orb Walker","floor":35.0,"turns":3.0},{"damage":8.0,"enemies":"3 Shapes","floor":36.0,"turns":4.0},{"damage":3.0,"enemies":"Sphere and 2 Shapes","floor":40.0,"turns":2.0},{"damage":0.0,"enemies":"Mind Bloom Boss Battle","floor":44.0,"turns":2.0},{"damage":0.0,"enemies":"Nemesis","floor":45.0,"turns":4.0},{"damage":0,"enemies":"Giant Head","floor":48,"turns":4},{"damage":41,"enemies":"Awakened One","floor":50,"turns":7}],"seed_played":"2873074008529792054","potions_obtained":[{"floor":5.0,"key":"Dexterity Potion"},{"floor":8.0,"key":"Ancient Potion"},{"floor":21.0,"key":"Explosive Potion"},{"floor":27.0,"key":"Block Potion"},{"floor":29.0,"key":"DistilledChaos"},{"floor":33.0,"key":"LiquidBronze"},{"floor":40.0,"key":"FairyPotion"}],"is_trial":false,"path_per_floor":["M","?","M","M","M","R","M","M","T","R","M","R","E","M","R","B",null,"M","$","$","M","T","R","E","R","T","M","R","M","M","M","R","B",null,"M","M","?","$","?","M","R","?","T","?","E","T","R","E","R","B",null],"character_chosen":"DEFECT","items_purchased":["Capacitor+1","Orichalcum","Self Repair+1"],"campfire_rested":7,"item_purchase_floors":[19,19,38],"current_hp_per_floor":[68,61,54,46,22,44,33,27,27,49,42,42,29,11,33,2,57,56,56,56,39,39,61,14,36,36,36,36,36,36,24,46,46,68,68,60,60,60,55,52,71,71,71,71,71,71,71,71,71,30],"gold":275,"neow_bonus":"ONE_RANDOM_RARE_CARD","is_daily":false,"chose_seed":false,"campfire_upgraded":2,"win_rate":0.0,"timestamp":1614085643,"path_taken":["M","?","M","?","M","R","M","M","T","R","M","R","E","M","R","BOSS","M","?","$","M","?","R","E","R","T","M","R","M","?","M","R","BOSS","M","M","?","$","?","M","R","?","T","?","E","?","R","E","R","BOSS"],"items_purchased_type":["Card","Relic","Card"],"build_version":"2020-12-22","purchased_purges":2,"victory":true,"max_hp_per_floor":[75,75,75,75,75,75,75,75,75,75,75,75,75,75,75,75,75,75,75,75,75,75,75,75,75,75,75,75,75,75,75,75,75,75,75,75,71,71,71,71,71,71,71,71,71,71,71,71,71,71],"card_choices":[{"not_picked":["Ball Lightning","Gash"],"picked":"Chaos","floor":1.0},{"not_picked":["Coolheaded","Hologram"],"picked":"Static Discharge","floor":3.0},{"not_picked":["Streamline","Rebound"],"picked":"FTL","floor":4.0},{"not_picked":["Steam","Hologram","Redo"],"picked":"SKIP","floor":5.0},{"not_picked":["Beam Cell","Steam Power"],"picked":"Auto Shields","floor":7.0},{"not_picked":["Compile Driver","Reprogram"],"picked":"Echo Form","floor":8.0},{"not_picked":["Rebound","Redo"],"picked":"White Noise","floor":11.0},{"not_picked":["Genetic Algorithm","Gash"],"picked":"Recycle","floor":13.0},{"not_picked":["Compile Driver","Steam","Steam Power"],"picked":"SKIP","floor":14.0},{"not_picked":["Echo Form+1","Fission"],"picked":"Buffer+1","floor":16.0},{"not_picked":["Recycle","Consume"],"picked":"Glacier","floor":18.0},{"not_picked":["Capacitor+1","Beam Cell"],"picked":"FTL+1","floor":21.0},{"not_picked":["Sunder","Beam Cell"],"picked":"Defragment+1","floor":24.0},{"not_picked":["Cold Snap","Undo"],"picked":"Defragment+1","floor":27.0},{"not_picked":["Turbo","Recycle","Conserve Battery"],"picked":"SKIP","floor":29.0},{"not_picked":["BootSequence","Beam Cell"],"picked":"Barrage+1","floor":30.0},{"not_picked":["Streamline","Chill","Gash"],"picked":"SKIP","floor":31.0},{"not_picked":["All For One","Reboot"],"picked":"Machine Learning+1","floor":33.0},{"not_picked":["White Noise","Redo","Compile Driver"],"picked":"SKIP","floor":35.0},{"not_picked":["Redo+1","Reinforced Body","Conserve Battery"],"picked":"SKIP","floor":36.0},{"not_picked":["HandOfGreed","Madness"],"picked":"Finesse","floor":39.0},{"not_picked":["Transmutation","Jack Of All Trades"],"picked":"Finesse","floor":39.0},{"not_picked":["Redo+1","Melter"],"picked":"Storm+1","floor":40.0},{"not_picked":["Static Discharge+1","White Noise"],"picked":"Leap","floor":44.0},{"not_picked":["Heatsinks+1","Barrage"],"picked":"Lockon","floor":45.0},{"not_picked":["Go for the Eyes","Barrage","Electrodynamics+1"],"picked":"Defragment+1","floor":48}],"player_experience":205316,"relics_obtained":[{"floor":9.0,"key":"Frozen Egg 2"},{"floor":13.0,"key":"Happy Flower"},{"floor":22.0,"key":"Oddly Smooth Stone"},{"floor":24.0,"key":"Mummified Hand"},{"floor":26.0,"key":"Bag of Preparation"},{"floor":43.0,"key":"Du-Vu Doll"},{"floor":44.0,"key":"Girya"},{"floor":45.0,"key":"Question Card"},{"floor":46.0,"key":"Ice Cream"},{"floor":48,"key":"Bronze Scales"}],"event_choices":[{"damage_healed":0.0,"max_hp_gain":0.0,"max_hp_loss":0.0,"gold_gain":0.0,"event_name":"Wheel of Change","player_choice":"Damaged","floor":2.0,"gold_loss":0.0,"damage_taken":7.0},{"damage_healed":0.0,"max_hp_gain":0.0,"max_hp_loss":4.0,"gold_gain":0.0,"event_name":"Winding Halls","player_choice":"Max HP","floor":37.0,"gold_loss":0.0,"damage_taken":0.0},{"damage_healed":0.0,"max_hp_gain":0.0,"max_hp_loss":0.0,"gold_gain":0.0,"event_name":"SensoryStone","player_choice":"Memory 2","floor":39.0,"gold_loss":0.0,"damage_taken":5.0},{"cards_removed":["Chaos"],"damage_healed":0.0,"max_hp_gain":0.0,"max_hp_loss":0.0,"gold_gain":0.0,"event_name":"Falling","player_choice":"Removed Skill","floor":42.0,"gold_loss":0.0,"damage_taken":0.0},{"damage_healed":0.0,"max_hp_gain":0.0,"max_hp_loss":0.0,"gold_gain":0.0,"event_name":"MindBloom","player_choice":"Fight","floor":44.0,"gold_loss":0.0,"damage_taken":0.0}],"is_beta":false,"boss_relics":[{"not_picked":["Calling Bell","Runic Dome"],"picked":"Astrolabe"},{"not_picked":["Snecko Eye","Inserter"],"picked":"Fusion Hammer"}],"items_purged_floors":[19,38],"is_endless":false,"potions_floor_spawned":[5,8,11,13,21,27,29,33,40,44,45],"ascension_level":13}}