{"host":"3asmp5aovk69ekg9","time":1614059177,"event":{"mods":["100% Spire Juice","BaseMod","BetterRewards","Colored Map","Colored Powertips","Dark Map","Hermit","Koishi","Magitek Elite","Minty Spire (QoL Compilation)","Permanent Neow","Prisma Mod","Remove Card Discount Mod","Shade Mod","StSLib","The Alterego","The Cursed","The Death Knight","The Fake Hero","The IronCluck","The Marked","The Senshi","The Wild Card"],"gold_per_floor":[114,21,39,3,22,22,53,53,77,96,122,149,164,198,198,298,298,311,279,298,213,224,250,349,6,33,50,83,98,127,127,127,228,228,241,202,202,252,7,37,37,62,110,110,140,140,159,191,191,191,191,191,18,45,45],"floor_reached":56,"language":"ENG","playtime":6462,"items_purged":["PrismaMod:ChloeCheapDefend","PrismaMod:ChloeCommonAttack","PrismaMod:ChloeCommonAttack","PrismaMod:ChloeCommonAttack","PrismaMod:ChloeCommonAttack","PrismaMod:ChloeCommonAttack","PrismaMod:ChloeCheapAttack","PrismaMod:ChloeCommonDefend","PrismaMod:ChloeCommonDefend","PrismaMod:ChloeCommonDefend","PrismaMod:ChloeCommonDefend","PrismaMod:ChloeCommonDefend","PrismaMod:ChloeCheapDefend","PrismaMod:ChloeCheapDefendTwo","PrismaMod:ChloeCheapDefendTwo"],"score":2731,"play_id":"4d5c882f-eca6-40ad-a3d9-e962690000a3","local_time":"20210222214617","is_ascension_mode":true,"campfire_choices":[{"data":"PrismaMod:ChloeRitsuka","floor":6.0,"key":"SMITH"},{"data":"PrismaMod:ChloeCheapDefendTwo","floor":8.0,"key":"SMITH"},{"data":"PrismaMod:ChloeCheapDefendTwo","floor":15.0,"key":"SMITH"},{"floor":32.0,"key":"RECALL"},{"floor":41.0,"key":"REST"},{"floor":44.0,"key":"REST"},{"data":"PrismaMod:ChloeDevil","floor":49,"key":"SMITH"},{"floor":52,"key":"REST"}],"circlet_count":0,"master_deck":["Dramatic Entrance+1","PrismaMod:ChloeDevil+","PrismaMod:ChloeCheapAttack+1","PrismaMod:ChloeCheapDefendTwo+1","PrismaMod:ChloeRhongomyniad+1","PrismaMod:ChloeCheapAttack+1","PrismaMod:ChloeCheapAttackTwo+1","PrismaMod:ChloeRitsuka+1","PrismaMod:ChloeExcalibur+1","PrismaMod:ChloeCheapDefendTwo+1","PrismaMod:ChloeCheapAttackTwo+1","PrismaMod:ChloeCaladbolg+1","PrismaMod:ChloeReshuffleDiscard+1","PrismaMod:ChloeGaeBolg+1","PrismaMod:ChloeCheapDefendTwo+1","PrismaMod:ChloeCheapDefendTwo+1","PrismaMod:ChloeDiscardRecovery+1","PrismaMod:ChloeCheapDefendTwo+1","Finesse+1","PrismaMod:ChloeCheapDefendTwo+1","PrismaMod:ChloeCheapDefendTwo+1","PrismaMod:ChloeRuleBreaker+1","PrismaMod:ChloeAnyPowerTrace+1","PrismaMod:ChloeRitsuka+1","PrismaMod:ChloeRitsuka+1","PrismaMod:ChloeMordred+1","Decay","Sadistic Nature"],"relics":["PrismaMod:PrismaTraceOn","Oddly Smooth Stone","White Beast Statue","Molten Egg 2","Happy Flower","Sling","Mummified Hand","Genji_Glove","Whetstone","Odd Mushroom","Guard_Bracelet","DeathKnight:SindragosasSkull","Gem_Box","Anchor","Toxic Egg 2","ClockworkSouvenir","Pen Nib","Ornamental Fan","War Paint","SacredBark","Torii","Toy Ornithopter","DeathKnight:PutricidesVial","Orichalcum","Akabeko","Calipers","Omamori","theSenshi:SailorFukuRelic"],"acts_visited":["Exordium","TheCity","TheBeyond","TheEnding"],"potions_floor_usage":[54,55,55,55,55,55],"damage_taken":[{"damage":0.0,"enemies":"Cultist","floor":1.0,"turns":2.0},{"damage":0.0,"enemies":"Jaw Worm","floor":3.0,"turns":1.0},{"damage":0.0,"enemies":"Small Slimes","floor":5.0,"turns":1.0},{"damage":0.0,"enemies":"Gremlin Nob","floor":7.0,"turns":2.0},{"damage":0.0,"enemies":"Blue Slaver","floor":10.0,"turns":2.0},{"damage":0.0,"enemies":"The Mushroom Lair","floor":11.0,"turns":3.0},{"damage":0.0,"enemies":"Lagavulin","floor":12.0,"turns":1.0},{"damage":0.0,"enemies":"Exordium Wildlife","floor":13.0,"turns":2.0},{"damage":0.0,"enemies":"3 Sentries","floor":14.0,"turns":1.0},{"damage":4.0,"enemies":"Hexaghost","floor":16.0,"turns":5.0},{"damage":0.0,"enemies":"Chosen","floor":18.0,"turns":3.0},{"damage":0.0,"enemies":"2 Thieves","floor":20.0,"turns":3.0},{"damage":0.0,"enemies":"3 Cultists","floor":22.0,"turns":3.0},{"damage":0.0,"enemies":"Slavers","floor":23.0,"turns":4.0},{"damage":2.0,"enemies":"Shelled Parasite and Fungi","floor":27.0,"turns":2.0},{"damage":0.0,"enemies":"Book of Stabbing","floor":28.0,"turns":1.0},{"damage":0.0,"enemies":"Centurion and Healer","floor":29.0,"turns":3.0},{"damage":0.0,"enemies":"Slavers","floor":30.0,"turns":2.0},{"damage":0.0,"enemies":"Champ","floor":33.0,"turns":5.0},{"damage":0.0,"enemies":"Orb Walker","floor":35.0,"turns":3.0},{"damage":0.0,"enemies":"Mind Bloom Boss Battle","floor":38.0,"turns":3.0},{"damage":0.0,"enemies":"Giant Head","floor":40.0,"turns":5.0},{"damage":0.0,"enemies":"Reptomancer","floor":42.0,"turns":6.0},{"damage":0.0,"enemies":"Giant Head","floor":45.0,"turns":3.0},{"damage":0,"enemies":"3 Shapes","floor":47,"turns":2},{"damage":0,"enemies":"Nemesis","floor":48,"turns":3},{"damage":0,"enemies":"Time Eater","floor":50,"turns":7},{"damage":0,"enemies":"Shield and Spear","floor":54,"turns":2},{"damage":0,"enemies":"The Heart","floor":55,"turns":5}],"seed_played":"3920269161429390236","potions_obtained":[{"floor":1.0,"key":"DeathKnight:RimePotion"},{"floor":3.0,"key":"Swift Potion"},{"floor":5.0,"key":"SpeedPotion"},{"floor":7.0,"key":"LiquidMemories"},{"floor":12.0,"key":"Block Potion"},{"floor":14.0,"key":"Strength Potion"},{"floor":23.0,"key":"FearPotion"},{"floor":27.0,"key":"Ancient Potion"},{"floor":29.0,"key":"PowerPotion"},{"floor":42.0,"key":"Block Potion"},{"floor":45.0,"key":"DistilledChaos"},{"floor":54,"key":"EntropicBrew"}],"is_trial":false,"path_per_floor":["M","$","M","$","M","R","E","R","T","M","?","E","M","E","R","B",null,"M","$","M","?","M","E","?","$","T","M","E","M","E","?","R","B",null,"M","$","?","?","$","E","R","E","T","R","E","?","M","E","R","B",null,"R","$","E","B",null],"character_chosen":"CHLOE","items_purchased":["Oddly Smooth Stone","White Beast Statue","Molten Egg 2","Happy Flower","Dramatic Entrance+1","Sling","PrismaMod:ChloeDevil+","PrismaMod:ChloeCheapAttack+1","Mummified Hand","PrismaMod:ChloeCheapDefendTwo","Genji_Glove","PrismaMod:ChloeCheapAttack+1","PrismaMod:ChloeCheapAttackTwo+1","PrismaMod:ChloeExcalibur+1","PrismaMod:ChloeCheapDefend","PrismaMod:ChloeCheapDefendTwo+1","ClockworkSouvenir","PrismaMod:ChloeChristmas+1","Finesse+1","PrismaMod:ChloeRitsuka+1","Fruit Juice","Toy Ornithopter","Sadistic Nature"],"campfire_rested":3,"item_purchase_floors":[0,0,0,0,0,0,0,0,0,0,0,2,2,4,19,25,25,25,25,36,39,39,53],"current_hp_per_floor":[22,22,22,22,24,24,28,28,28,28,32,32,34,34,34,34,65,69,69,73,73,73,75,75,75,75,73,73,73,75,75,75,75,75,75,75,75,75,85,85,85,85,85,85,85,85,85,85,85,85,85,85,85,85,85],"gold":45,"neow_bonus":"","is_daily":false,"chose_seed":false,"campfire_upgraded":4,"win_rate":0.0,"timestamp":1614059177,"path_taken":["M","$","M","?","M","R","E","R","T","?","?","E","M","E","R","BOSS","M","$","M","?","M","E","?","?","T","?","E","M","E","?","R","BOSS","M","$","?","?","$","E","R","E","T","R","E","?","M","E","R","BOSS","R","$","E","BOSS"],"items_purchased_type":["Relic","Relic","Relic","Relic","Card","Relic","Undefined","Card","Relic","Card","Relic","Card","Card","Card","Card","Card","Relic","Card","Card","Card","Potion","Relic","Card"],"build_version":"2020-12-22","purchased_purges":15,"victory":true,"max_hp_per_floor":[75,75,75,75,75,75,75,75,75,75,75,75,75,75,75,75,75,75,75,75,75,75,75,75,75,75,75,75,75,75,75,75,75,75,75,75,75,75,85,85,85,85,85,85,85,85,85,85,85,85,85,85,85,85,85],"card_choices":[{"not_picked":["PrismaMod:ChloeCheapAttackTwo+1","PrismaMod:ChloeDemonicTutor"],"picked":"PrismaMod:ChloeRhongomyniad+1","floor":1.0},{"not_picked":["PrismaMod:ChloeMordred","PrismaMod:ChloeCheapDefendTwo"],"picked":"PrismaMod:ChloeRitsuka","floor":3.0},{"not_picked":["PrismaMod:ChloeCheapDefend","PrismaMod:ChloeCheapAttackTwo+1"],"picked":"PrismaMod:ChloeCheapDefendTwo","floor":5.0},{"not_picked":["PrismaMod:ChloeExhaustOne","PrismaMod:ChloeDemonicTutor"],"picked":"PrismaMod:ChloeCheapDefendTwo","floor":7.0},{"not_picked":["PrismaMod:ChloeExcalibur+1","PrismaMod:ChloeRhongomyniad+1"],"picked":"PrismaMod:ChloeCheapAttackTwo+1","floor":10.0},{"not_picked":["PrismaMod:ChloeCommonAOEAttack+1","PrismaMod:ChloeMaid"],"picked":"PrismaMod:ChloeCheapDefendTwo","floor":11.0},{"not_picked":["PrismaMod:ChloeCheapDefend","PrismaMod:ChloeCarnivalAOEAttack+1"],"picked":"PrismaMod:ChloeCaladbolg+1","floor":12.0},{"not_picked":["PrismaMod:ChloeCheapDefend","PrismaMod:ChloeDiscardRecovery","PrismaMod:ChloeCheapAttackTwo+1"],"picked":"SKIP","floor":13.0},{"not_picked":["PrismaMod:ChloeCheapDefend","PrismaMod:ChloeExhaustOne","PrismaMod:ChloeDiscardRecovery"],"picked":"SKIP","floor":14.0},{"not_picked":["PrismaMod:ChloeHalloween","PrismaMod:ChloeGreatTracePools"],"picked":"PrismaMod:ChloeReshuffleDiscard","floor":16.0},{"not_picked":["PrismaMod:ChloeCheapDefend","PrismaMod:ChloeCheapAttackTwo+1"],"picked":"PrismaMod:ChloeGaeBolg+1","floor":18.0},{"not_picked":["PrismaMod:ChloeCheapAttackTwo+1","PrismaMod:ChloeCheapAttack+1"],"picked":"PrismaMod:ChloeCheapDefendTwo","floor":20.0},{"not_picked":["PrismaMod:ChloeCheapAttackTwo+1","PrismaMod:ChloeCheapDefend+1"],"picked":"PrismaMod:ChloeCheapDefendTwo+1","floor":22.0},{"not_picked":["PrismaMod:ChloeRhongomyniad+1","PrismaMod:ChloeCheapDefend+1"],"picked":"PrismaMod:ChloeDiscardRecovery+1","floor":23.0},{"not_picked":["PrismaMod:ChloeCheapDefend+1","PrismaMod:ChloeDiscardRecovery+1","PrismaMod:ChloeCaladbolg+1"],"picked":"SKIP","floor":27.0},{"not_picked":["PrismaMod:ChloeDiscardRecovery+1","PrismaMod:ChloeDoubleRelicSpeed"],"picked":"PrismaMod:ChloeCheapDefendTwo+1","floor":28.0},{"not_picked":["PrismaMod:ChloeCheapAttack+1","PrismaMod:ChloeUncommonAOEAttack+1"],"picked":"PrismaMod:ChloeCheapDefendTwo+1","floor":29.0},{"not_picked":["PrismaMod:ChloeUncommonDefend+1","PrismaMod:ChloeMaid+1"],"picked":"PrismaMod:ChloeRuleBreaker+1","floor":30.0},{"not_picked":["PrismaMod:ChloeExhaustThree+1","PrismaMod:ChloeAnyAttackTrace+1"],"picked":"PrismaMod:ChloeAnyPowerTrace+1","floor":33.0},{"not_picked":["PrismaMod:ChloeCheapAttack+1","PrismaMod:ChloeDemonicTutor+1"],"picked":"PrismaMod:ChloeRitsuka+1","floor":35.0},{"not_picked":["PrismaMod:ChloeCheapAttackTwo+1","PrismaMod:ChloeCommonAOEAttack+1"],"picked":"PrismaMod:ChloeMordred+1","floor":38.0},{"not_picked":["PrismaMod:ChloeEyeOfTheEuryale+1","PrismaMod:ChloeDemonicTutor+1","PrismaMod:ChloeCheapAttackTwo+1"],"picked":"SKIP","floor":40.0},{"not_picked":["PrismaMod:ChloeExhaustOne+1","PrismaMod:ChloeRitsuka+1","PrismaMod:ChloeCaladbolg+1"],"picked":"SKIP","floor":42.0},{"not_picked":["PrismaMod:ChloeEyeOfTheEuryale+1","PrismaMod:ChloeCheapDefendTwo+1","PrismaMod:ChloeCheapAttackTwo+1"],"picked":"SKIP","floor":45.0},{"not_picked":["PrismaMod:ChloeCheapDefend+1","PrismaMod:ChloeUncommonAOEAttack+1","PrismaMod:ChloeUncommonDefend+1"],"picked":"SKIP","floor":47},{"not_picked":["PrismaMod:ChloeRitsuka+1","PrismaMod:ChloeCheapAttack+1","PrismaMod:ChloeAnySkillTrace+1"],"picked":"SKIP","floor":48},{"not_picked":["PrismaMod:ChloeBetterTracePools","PrismaMod:ChloeCheapAttackTwo+1","PrismaMod:ChloeCheapAttack+1"],"picked":"SKIP","floor":54}],"player_experience":1544594,"relics_obtained":[{"floor":7.0,"key":"Whetstone"},{"floor":11.0,"key":"Odd Mushroom"},{"floor":12.0,"key":"Guard_Bracelet"},{"floor":14.0,"key":"DeathKnight:SindragosasSkull"},{"floor":23.0,"key":"Toxic Egg 2"},{"floor":26.0,"key":"Pen Nib"},{"floor":28.0,"key":"Ornamental Fan"},{"floor":30.0,"key":"War Paint"},{"floor":38.0,"key":"Torii"},{"floor":40.0,"key":"DeathKnight:PutricidesVial"},{"floor":42.0,"key":"Orichalcum"},{"floor":43.0,"key":"Akabeko"},{"floor":45.0,"key":"Calipers"},{"floor":48,"key":"Omamori"},{"floor":54,"key":"theSenshi:SailorFukuRelic"}],"event_choices":[{"damage_healed":0.0,"max_hp_gain":0.0,"max_hp_loss":0.0,"gold_gain":0.0,"event_name":"Mushrooms","player_choice":"Fought Mushrooms","floor":11.0,"gold_loss":0.0,"damage_taken":0.0},{"damage_healed":0.0,"max_hp_gain":0.0,"max_hp_loss":0.0,"gold_gain":0.0,"event_name":"Addict","player_choice":"Obtained Relic","floor":21.0,"gold_loss":85.0,"damage_taken":0.0,"relics_obtained":["Anchor"]},{"damage_healed":0.0,"max_hp_gain":0.0,"max_hp_loss":0.0,"gold_gain":99.0,"event_name":"Nest","player_choice":"Stole From Cult","floor":24.0,"gold_loss":0.0,"damage_taken":0.0},{"damage_healed":0.0,"max_hp_gain":0.0,"max_hp_loss":0.0,"gold_gain":0.0,"event_name":"Back to Basics","player_choice":"Simplicity","floor":31.0,"gold_loss":0.0,"damage_taken":0.0,"cards_upgraded":[]},{"cards_removed":["PrismaMod:ChloeChristmas"],"damage_healed":0.0,"max_hp_gain":0.0,"max_hp_loss":0.0,"gold_gain":0.0,"event_name":"Falling","player_choice":"Removed Skill","floor":37.0,"gold_loss":0.0,"damage_taken":0.0},{"damage_healed":0.0,"max_hp_gain":0.0,"max_hp_loss":0.0,"gold_gain":0.0,"event_name":"MindBloom","player_choice":"Fight","floor":38.0,"gold_loss":0.0,"damage_taken":0.0},{"damage_healed":0,"gold_gain":0,"player_choice":"Cursed","damage_taken":0,"max_hp_gain":0,"max_hp_loss":0,"event_name":"Wheel of Change","floor":46,"gold_loss":0,"cards_obtained":["Decay"]}],"is_beta":false,"boss_relics":[{"not_picked":["Runic Dome","Sozu"],"picked":"Gem_Box"},{"not_picked":["Runic Pyramid","Coffee Dripper"],"picked":"SacredBark"}],"items_purged_floors":[0,0,2,2,2,2,2,2,19,19,19,19,25,25,25],"is_endless":false,"potions_floor_spawned":[1,3,5,7,10,11,12,13,14,16,18,20,22,23,27,28,29,30,33,35,38,40,42,45,47,48,54],"ascension_level":7}}