{"host":"hszimsrtxxc2k25w","time":1614087235,"event":{"mods":["AchievementEnabler","BaseMod","Colored Map","DeckTracker","Minty Spire (QoL Compilation)","Rare Cards Sparkle","SuperFastMode"],"gold_per_floor":[109,126,140,154,165,165,178,178,178,204,215,248,259,278,278,352,352,363,363,379,379,379,379,304,317,341,341,359,386,399,430,430,430,430],"floor_reached":33,"language":"KOR","playtime":829,"items_purged":["Pain"],"score":606,"play_id":"f454a340-bb83-4075-b554-72263a81af08","local_time":"20210223223355","is_ascension_mode":true,"campfire_choices":[{"data":"Immolate","floor":6.0,"key":"SMITH"},{"data":"Evolve","floor":8.0,"key":"SMITH"},{"floor":15.0,"key":"REST"},{"data":"Fire Breathing","floor":23.0,"key":"SMITH"},{"data":"Burning Pact","floor":27.0,"key":"SMITH"},{"data":"Shockwave","floor":32.0,"key":"SMITH"}],"circlet_count":0,"master_deck":["AscendersBane","Strike_R","Strike_R","Strike_R","Strike_R","Defend_R","Defend_R","Defend_R","Defend_R","Bash","Immolate+1","Offering","Evolve+1","Reckless Charge","Feel No Pain","Shockwave+1","Burning Pact+1","Impervious","CurseOfTheBell","Fire Breathing+1","Body Slam+1","Iron Wave","Combust","Battle Trance+1","Power Through"],"relics":["Burning Blood","CaptainsWheel","Centennial Puzzle","Bottled Tornado","Calling Bell","Nunchaku","Mercury Hourglass","Unceasing Top","Strawberry","Torii","Lantern"],"acts_visited":["Exordium","TheCity"],"potions_floor_usage":[],"damage_taken":[{"damage":11.0,"enemies":"Jaw Worm","floor":1.0,"turns":4.0},{"damage":0.0,"enemies":"2 Louse","floor":2.0,"turns":1.0},{"damage":6.0,"enemies":"Cultist","floor":3.0,"turns":3.0},{"damage":20.0,"enemies":"Exordium Thugs","floor":4.0,"turns":4.0},{"damage":6.0,"enemies":"2 Fungi Beasts","floor":5.0,"turns":2.0},{"damage":27.0,"enemies":"Gremlin Gang","floor":7.0,"turns":4.0},{"damage":16.0,"enemies":"3 Sentries","floor":10.0,"turns":3.0},{"damage":6.0,"enemies":"Looter","floor":11.0,"turns":2.0},{"damage":11.0,"enemies":"Gremlin Nob","floor":12.0,"turns":3.0},{"damage":6.0,"enemies":"Blue Slaver","floor":13.0,"turns":1.0},{"damage":7.0,"enemies":"Exordium Wildlife","floor":14.0,"turns":2.0},{"damage":13.0,"enemies":"Slime Boss","floor":16.0,"turns":6.0},{"damage":7.0,"enemies":"Spheric Guardian","floor":18.0,"turns":4.0},{"damage":22.0,"enemies":"Shell Parasite","floor":20.0,"turns":4.0},{"damage":4.0,"enemies":"3 Cultists","floor":25.0,"turns":3.0},{"damage":11.0,"enemies":"Centurion and Healer","floor":28.0,"turns":4.0},{"damage":26.0,"enemies":"Book of Stabbing","floor":29.0,"turns":5.0},{"damage":6.0,"enemies":"Cultist and Chosen","floor":30.0,"turns":3.0},{"damage":7.0,"enemies":"Slavers","floor":31.0,"turns":2.0},{"damage":22,"enemies":"Collector","floor":33,"turns":8}],"seed_played":"-1406399780724588824","potions_obtained":[{"floor":5.0,"key":"Energy Potion"},{"floor":10.0,"key":"SmokeBomb"},{"floor":12.0,"key":"Block Potion"},{"floor":29.0,"key":"LiquidMemories"}],"is_trial":false,"path_per_floor":["M","M","M","M","M","R","M","R","T","E","M","E","M","M","R","B",null,"M","?","M","?","?","R","$","M","T","R","M","E","M","E","R","B"],"character_chosen":"IRONCLAD","items_purchased":[],"campfire_rested":1,"item_purchase_floors":[],"current_hp_per_floor":[63,69,69,55,55,55,34,34,34,24,24,19,19,18,40,33,65,64,64,48,48,48,48,48,50,57,57,52,32,32,31,31,9,9],"gold":430,"neow_bonus":"ONE_RANDOM_RARE_CARD","is_daily":false,"chose_seed":false,"campfire_upgraded":5,"win_rate":0.0,"timestamp":1614087235,"path_taken":["M","M","M","M","M","R","M","R","T","E","M","E","M","M","R","BOSS","M","?","M","?","?","R","$","M","T","R","?","E","M","E","R","BOSS"],"items_purchased_type":[],"build_version":"2020-12-22","purchased_purges":1,"victory":false,"max_hp_per_floor":[75,75,75,75,75,75,75,75,75,75,75,75,75,75,75,75,75,75,75,75,75,75,75,75,75,82,82,82,82,82,82,82,82,82],"card_choices":[{"not_picked":["Twin Strike","Clothesline","Sentinel"],"picked":"SKIP","floor":1.0},{"not_picked":["True Grit","Inflame","Ghostly Armor"],"picked":"SKIP","floor":2.0},{"not_picked":["Shockwave","Dual Wield"],"picked":"Offering","floor":3.0},{"not_picked":["Inflame","Reckless Charge"],"picked":"Evolve","floor":4.0},{"not_picked":["Twin Strike","Clothesline","Rupture"],"picked":"SKIP","floor":5.0},{"not_picked":["Clothesline","Pommel Strike"],"picked":"Reckless Charge","floor":7.0},{"not_picked":["Flex","Sword Boomerang","Disarm"],"picked":"SKIP","floor":10.0},{"not_picked":["Flex","Clothesline"],"picked":"Feel No Pain","floor":11.0},{"not_picked":["Heavy Blade","Sword Boomerang","Bloodletting"],"picked":"SKIP","floor":12.0},{"not_picked":["Uppercut","Armaments"],"picked":"Shockwave","floor":13.0},{"not_picked":["True Grit","Shrug It Off"],"picked":"Burning Pact","floor":14.0},{"not_picked":["Reaper","Exhume"],"picked":"Impervious","floor":16.0},{"not_picked":["Sever Soul","Searing Blow"],"picked":"Body Slam","floor":18.0},{"not_picked":["Cleave","Disarm"],"picked":"Body Slam+1","floor":20.0},{"not_picked":["Clash","Cleave"],"picked":"Battle Trance+1","floor":25.0},{"not_picked":["Wild Strike","Heavy Blade"],"picked":"Power Through","floor":28.0},{"not_picked":["Armaments","Infernal Blade","Hemokinesis+1"],"picked":"SKIP","floor":29.0},{"not_picked":["Bloodletting","Iron Wave","Armaments+1"],"picked":"SKIP","floor":30.0},{"not_picked":["Anger","Blood for Blood","Flame Barrier"],"picked":"SKIP","floor":31.0}],"player_experience":693633,"relics_obtained":[{"floor":9.0,"key":"CaptainsWheel"},{"floor":10.0,"key":"Centennial Puzzle"},{"floor":12.0,"key":"Bottled Tornado"},{"floor":17.0,"key":"Nunchaku"},{"floor":17.0,"key":"Mercury Hourglass"},{"floor":17.0,"key":"Unceasing Top"},{"floor":26.0,"key":"Strawberry"},{"floor":29.0,"key":"Torii"},{"floor":31.0,"key":"Lantern"}],"event_choices":[{"damage_healed":0.0,"max_hp_gain":0.0,"max_hp_loss":0.0,"gold_gain":0.0,"event_name":"The Library","player_choice":"Read","floor":19.0,"gold_loss":0.0,"damage_taken":0.0,"cards_obtained":["Fire Breathing"]},{"damage_healed":0.0,"max_hp_gain":0.0,"max_hp_loss":0.0,"gold_gain":0.0,"cards_transformed":["Body Slam","Strike_R"],"event_name":"Drug Dealer","player_choice":"Became Test Subject","floor":21.0,"gold_loss":0.0,"damage_taken":0.0,"cards_obtained":["Iron Wave","Combust"]},{"damage_healed":0.0,"max_hp_gain":0.0,"max_hp_loss":0.0,"gold_gain":0.0,"event_name":"Match and Keep!","player_choice":"1 cards matched","floor":22.0,"gold_loss":0.0,"damage_taken":0.0,"cards_obtained":["Pain"]}],"is_beta":false,"boss_relics":[{"not_picked":["Runic Dome","Busted Crown"],"picked":"Calling Bell"}],"items_purged_floors":[24],"is_endless":false,"potions_floor_spawned":[5,10,11,12,13,14,29],"killed_by":"Collector","ascension_level":20}}