{"host":"yx5rao87132cy5xq","time":1614098959,"event":{"mods":["2.2 Compatiblity","AchievementEnabler","BaseMod","Bestiary","Colored Map","Colored Powertips","Highlight Path","Minty Spire (QoL Compilation)","Quick Restart","Relic Stats","Slay-I","SuperFastMode"],"gold_per_floor":[115,115,135,135,146,146,178,195,246,266,295,25,38,66,66,139,139,158,158,158,158,169,195,195,213,213,213,223,223,223,254,254,254,254],"floor_reached":33,"language":"ENG","playtime":4306,"items_purged":[],"score":610,"play_id":"8a890745-a237-4562-a6bd-650049503b93","local_time":"20210223174919","is_ascension_mode":true,"campfire_choices":[{"data":"Wild Strike","floor":6.0,"key":"SMITH"},{"data":"Armaments","floor":15.0,"key":"SMITH"},{"data":"Whirlwind","floor":24.0,"key":"SMITH"},{"floor":27.0,"key":"REST"},{"data":"True Grit","floor":30.0,"key":"SMITH"},{"floor":32.0,"key":"REST"}],"circlet_count":0,"master_deck":["AscendersBane","Bash","Wild Strike+1","Warcry","Cleave+1","Inflame","Cleave","Armaments+1","Inflame","Feed","Shockwave","True Grit+1","Cleave","Fiend Fire","Reaper","Heavy Blade+1","Armaments","Brutality","Anger","Ghostly Armor","Rage","Feed","Immolate","Whirlwind+1","Writhe","Evolve"],"relics":["Burning Blood","NeowsBlessing","Sundial","Bag of Marbles","Nunchaku","Bag of Preparation","Juzu Bracelet","Pandora\u0027s Box","Paper Frog","Whetstone","Meat on the Bone","PreservedInsect","Boot"],"acts_visited":["Exordium","TheCity"],"potions_floor_usage":[],"damage_taken":[{"damage":0.0,"enemies":"2 Louse","floor":1.0,"turns":1.0},{"damage":0.0,"enemies":"Jaw Worm","floor":3.0,"turns":1.0},{"damage":0.0,"enemies":"Cultist","floor":5.0,"turns":1.0},{"damage":30.0,"enemies":"3 Sentries","floor":7.0,"turns":6.0},{"damage":16.0,"enemies":"3 Louse","floor":8.0,"turns":4.0},{"damage":7.0,"enemies":"Looter","floor":10.0,"turns":3.0},{"damage":15.0,"enemies":"Lagavulin","floor":11.0,"turns":6.0},{"damage":5.0,"enemies":"Blue Slaver","floor":13.0,"turns":4.0},{"damage":17.0,"enemies":"3 Sentries","floor":14.0,"turns":10.0},{"damage":21.0,"enemies":"Slime Boss","floor":16.0,"turns":8.0},{"damage":37.0,"enemies":"Shell Parasite","floor":18.0,"turns":6.0},{"damage":0.0,"enemies":"Chosen","floor":22.0,"turns":3.0},{"damage":31.0,"enemies":"Gremlin Leader","floor":23.0,"turns":6.0},{"damage":26.0,"enemies":"Snake Plant","floor":25.0,"turns":3.0},{"damage":0.0,"enemies":"Snecko","floor":28.0,"turns":2.0},{"damage":35.0,"enemies":"Book of Stabbing","floor":31.0,"turns":4.0},{"damage":104,"enemies":"Automaton","floor":33,"turns":6}],"seed_played":"7405958462280284197","potions_obtained":[{"floor":3.0,"key":"BlessingOfTheForge"},{"floor":8.0,"key":"Weak Potion"},{"floor":10.0,"key":"PowerPotion"},{"floor":13.0,"key":"PowerPotion"},{"floor":14.0,"key":"EssenceOfSteel"},{"floor":18.0,"key":"Regen Potion"},{"floor":23.0,"key":"Energy Potion"}],"is_trial":false,"path_per_floor":["M","?","M","?","M","R","E","M","T","M","E","$","M","E","R","B",null,"M","?","?","T","M","E","R","M","T","R","M","?","R","E","R","B"],"character_chosen":"IRONCLAD","items_purchased":["Bag of Preparation","Fruit Juice"],"campfire_rested":2,"item_purchase_floors":[12,12],"current_hp_per_floor":[74,74,75,75,75,75,51,41,41,40,31,36,40,32,32,17,69,38,38,38,38,44,34,34,14,14,39,57,57,57,40,65,0,0],"gold":254,"neow_bonus":"THREE_ENEMY_KILL","is_daily":false,"chose_seed":false,"campfire_upgraded":4,"win_rate":0.0,"timestamp":1614098959,"path_taken":["M","?","M","?","M","R","E","M","T","M","E","$","?","E","R","BOSS","M","?","?","?","M","E","R","M","T","R","M","?","R","E","R","BOSS"],"items_purchased_type":["Relic","Potion"],"build_version":"2020-12-22","purchased_purges":0,"victory":false,"max_hp_per_floor":[75,75,75,75,75,75,75,75,75,75,75,80,83,86,86,86,86,86,86,86,86,86,86,86,86,86,86,86,86,86,86,86,86,86],"relic_stats":{"Nunchaku":[7],"counters":[17,74],"Sundial":[6],"Pandora\u0027s Box":["Reaper","Heavy Blade","Armaments","Corruption","Brutality","Anger","Ghostly Armor","Berserk"],"PreservedInsect":43,"Bag of Preparation":[20],"Juzu Bracelet":1,"Whetstone":["Cleave","Heavy Blade"],"Boot":[3],"obtain_stats":[{"NeowsBlessing":0,"PreservedInsect":29,"Bag of Preparation":12,"Juzu Bracelet":14,"Whetstone":23,"Boot":31,"Burning Blood":0,"Nunchaku":11,"Sundial":7,"Pandora\u0027s Box":17,"Bag of Marbles":9,"Paper Frog":21,"Meat on the Bone":26},{"NeowsBlessing":0,"PreservedInsect":15,"Bag of Preparation":7,"Juzu Bracelet":9,"Whetstone":13,"Boot":16,"Burning Blood":0,"Nunchaku":7,"Sundial":4,"Pandora\u0027s Box":10,"Bag of Marbles":5,"Paper Frog":11,"Meat on the Bone":14},{"NeowsBlessing":0,"PreservedInsect":64,"Bag of Preparation":22,"Juzu Bracelet":36,"Whetstone":59,"Boot":68,"Burning Blood":0,"Nunchaku":22,"Sundial":9,"Pandora\u0027s Box":44,"Bag of Marbles":13,"Paper Frog":50,"Meat on the Bone":62}],"Burning Blood":85,"Meat on the Bone":24},"card_choices":[{"not_picked":["Perfected Strike","Twin Strike"],"picked":"Wild Strike","floor":1.0},{"not_picked":["Battle Trance","Pommel Strike"],"picked":"Cleave","floor":3.0},{"not_picked":["Body Slam","Headbutt"],"picked":"Cleave","floor":5.0},{"not_picked":["Searing Blow","Carnage"],"picked":"Armaments","floor":7.0},{"not_picked":["Perfected Strike","Body Slam"],"picked":"Inflame","floor":8.0},{"not_picked":["Iron Wave","Heavy Blade"],"picked":"Feed","floor":10.0},{"not_picked":["Clash","Wild Strike"],"picked":"Shockwave","floor":11.0},{"not_picked":["Iron Wave","Cleave"],"picked":"True Grit","floor":13.0},{"not_picked":["Headbutt","Havoc"],"picked":"Cleave","floor":14.0},{"not_picked":["Brutality","Feed"],"picked":"Fiend Fire","floor":16.0},{"not_picked":["Iron Wave","Cleave"],"picked":"Rage","floor":18.0},{"not_picked":["Clash","Thunderclap+1","Pommel Strike+1"],"picked":"SKIP","floor":22.0},{"not_picked":["Sword Boomerang","Clothesline"],"picked":"Whirlwind","floor":23.0},{"not_picked":["Whirlwind","Twin Strike","Clash"],"picked":"SKIP","floor":25.0},{"not_picked":["Corruption","Anger","Wild Strike"],"picked":"SKIP","floor":28.0},{"not_picked":["Heavy Blade","Rage"],"picked":"Evolve","floor":31.0}],"player_experience":1150513,"relics_obtained":[{"floor":7.0,"key":"Sundial"},{"floor":9.0,"key":"Bag of Marbles"},{"floor":11.0,"key":"Nunchaku"},{"floor":14.0,"key":"Juzu Bracelet"},{"floor":21.0,"key":"Paper Frog"},{"floor":23.0,"key":"Whetstone"},{"floor":26.0,"key":"Meat on the Bone"},{"floor":31.0,"key":"Boot"}],"event_choices":[{"damage_healed":0.0,"max_hp_gain":0.0,"max_hp_loss":0.0,"gold_gain":0.0,"cards_transformed":["Strike_R"],"event_name":"Living Wall","player_choice":"Change","floor":2.0,"gold_loss":0.0,"damage_taken":0.0,"cards_obtained":["Warcry"]},{"damage_healed":0.0,"max_hp_gain":0.0,"max_hp_loss":0.0,"gold_gain":0.0,"event_name":"Match and Keep!","player_choice":"1 cards matched","floor":4.0,"gold_loss":0.0,"damage_taken":0.0,"cards_obtained":["Inflame"]},{"damage_healed":0.0,"max_hp_gain":0.0,"max_hp_loss":0.0,"gold_gain":0.0,"event_name":"Vampires","player_choice":"Ignored","floor":19.0,"gold_loss":0.0,"damage_taken":0.0},{"damage_healed":0.0,"max_hp_gain":0.0,"max_hp_loss":0.0,"gold_gain":0.0,"cards_transformed":["Corruption","Berserk"],"event_name":"Drug Dealer","player_choice":"Became Test Subject","floor":20.0,"gold_loss":0.0,"damage_taken":0.0,"cards_obtained":["Feed","Immolate"]},{"damage_healed":0.0,"max_hp_gain":0.0,"max_hp_loss":0.0,"gold_gain":0.0,"event_name":"The Mausoleum","player_choice":"Opened","floor":29.0,"gold_loss":0.0,"damage_taken":0.0,"relics_obtained":["PreservedInsect"],"cards_obtained":["Writhe"]}],"is_beta":false,"boss_relics":[{"not_picked":["Mark of Pain","Runic Cube"],"picked":"Pandora\u0027s Box"}],"items_purged_floors":[],"is_endless":false,"potions_floor_spawned":[3,8,10,13,14,18,23],"killed_by":"Automaton","ascension_level":20}}