{"host":"373g0ui1bgeshz9m","time":1614043369,"event":{"mods":["Act Like it!","Aspiration","BaseMod","Beaked The Cultist","Better Third Choice","Colored Map","Conspire","Downfall","Halation","Hermit","Hubris","Infinite Spire","Minty Spire (QoL Compilation)","Pale of the Ancients","Permanent Neow","Quick Restart","Replay The Spire","Shade Mod","Shop Mod","Spikes Relics","StSLib","The Animator","The Bladedancer","The Florist","The Jungle","The Necromancer","The Sage","Trackpad"],"gold_per_floor":[118,142,153,24,35,68,68,84,109,172,172,172,205,223,223,326,326,337,337,325,26,45,78,95,125,197,214,241,241,271,288,288,392,392,412,439,453,453,468,482,482,482,482,496,496,496],"floor_reached":45,"language":"ENG","playtime":4634,"items_purged":["Strike_G"],"score":689,"play_id":"fcb3cd08-80f3-490e-8124-2422a558f0a4","local_time":"20210222202249","is_ascension_mode":true,"campfire_choices":[{"data":"Footwork","floor":7,"key":"SMITH"},{"floor":12,"key":"REST"},{"floor":15,"key":"REST"},{"floor":29,"key":"REST"},{"data":"Apotheosis","floor":32,"key":"SMITH"},{"data":"Bullet Time","floor":32,"key":"SMITH"}],"circlet_count":0,"master_deck":["Strike_G","Defend_G","Defend_G","Defend_G","Defend_G","Survivor","Neutralize+1","Well Laid Plans","Backflip","Backstab","PiercingWail","Catalyst","Footwork+1","Cloak And Dagger","Calculated Gamble","Bane","Bullet Time+1","Dodge and Roll+1","Draining Mist","Poisoned Stab+1","Apotheosis+1","Poisoned Stab","Distraction","Noxious Fumes","Dagger Spray+1","Poison Darts","Tactician+1","Die Die Die+1","Masterful Stab+1","Bouncing Flask+1","Toxin Wave+1","hubris:EnhanceAbility","Sharp Hide","Dash+1","Noxious Fumes"],"relics":["Ring of the Snake","Anchor","infinitespire:BottledMercury","Akabeko","trackpad:ByrdBGone","trackpad:ByrdCharm","halation:Toothbrush","Pen Nib","Molten Egg 2","Replay:Arrowhead","Astrolabe","infinitespire:PuzzleCube","trackpad:WritersBlock"],"acts_visited":["Exordium","TheCity","TheBeyond"],"potions_floor_usage":[13,28,33,45],"damage_taken":[{"damage":4,"enemies":"Cultist","floor":1,"turns":4},{"damage":1,"enemies":"2 Louse","floor":3,"turns":3},{"damage":1,"enemies":"Jaw Worm","floor":5,"turns":3},{"damage":19,"enemies":"Replay:BlueRogue","floor":6,"turns":8},{"damage":1,"enemies":"Blue Slaver","floor":8,"turns":4},{"damage":28,"enemies":"Gremlin Nob","floor":10,"turns":5},{"damage":7,"enemies":"Lagavulin","floor":13,"turns":6},{"damage":0,"enemies":"Red Slaver","floor":14,"turns":4},{"damage":1,"enemies":"Slime Boss","floor":16,"turns":15},{"damage":0,"enemies":"3 Byrds","floor":18,"turns":2},{"damage":0,"enemies":"2 Thieves","floor":20,"turns":4},{"damage":0,"enemies":"3 Cultists","floor":22,"turns":5},{"damage":0,"enemies":"Replay:Snechameleon","floor":23,"turns":7},{"damage":0,"enemies":"Centurion and Healer","floor":24,"turns":5},{"damage":0,"enemies":"conspire:Head Lice","floor":25,"turns":7},{"damage":4,"enemies":"conspire:HollyBat","floor":27,"turns":8},{"damage":33,"enemies":"conspire:SneckoGhost","floor":28,"turns":7},{"damage":0,"enemies":"Book of Stabbing","floor":30,"turns":6},{"damage":0,"enemies":"Cultist and Chosen","floor":31,"turns":6},{"damage":8,"enemies":"hubris:MusketHawk","floor":33,"turns":8},{"damage":0,"enemies":"Orb Walker","floor":35,"turns":4},{"damage":35,"enemies":"3 Darklings","floor":37,"turns":5},{"damage":0,"enemies":"4 Shapes","floor":39,"turns":4},{"damage":0,"enemies":"Transient","floor":40,"turns":5},{"damage":33,"enemies":"Spire Growth","floor":44,"turns":5},{"damage":6,"enemies":"Nemesis","floor":45,"turns":6}],"seed_played":"-724333346277107732","potions_obtained":[{"floor":1,"key":"PowerPotion"},{"floor":6,"key":"Strength Potion"},{"floor":10,"key":"champ:CounterPotion"},{"floor":16,"key":"CunningPotion"},{"floor":28,"key":"Strength Potion"},{"floor":33,"key":"Explosive Potion"}],"is_trial":false,"path_per_floor":["M","T","M","$","M","E","R","M","T","?","?","R","E","M","R","B",null,"M","?","M","$","M","E","M","E","T","M","E","R","E","M","R","B",null,"M","T","M","?","M","M","?","?","T","M","E"],"character_chosen":"THE_SILENT","items_purchased":["Backstab","PiercingWail","Apotheosis","Poisoned Stab"],"campfire_rested":3,"item_purchase_floors":[4,4,21,21],"current_hp_per_floor":[66,66,65,65,64,45,45,44,44,16,16,37,30,30,51,50,70,70,70,70,70,70,70,70,70,70,66,33,54,54,54,54,46,79,79,79,44,39,39,39,39,39,39,6,0,0],"gold":496,"neow_bonus":"UPGRADE_CARD","is_daily":false,"chose_seed":false,"campfire_upgraded":3,"win_rate":0.0,"timestamp":1614043369,"path_taken":["M","?","M","$","M","E","R","?","T","?","?","R","E","M","R","BOSS","M","?","M","$","M","E","M","E","T","M","E","R","E","M","R","BOSS","M","?","M","?","M","M","?","?","T","M","E"],"items_purchased_type":["Card","Card","Card","Card"],"build_version":"2020-12-22","purchased_purges":1,"victory":false,"max_hp_per_floor":[70,70,70,70,70,70,70,70,70,70,70,70,70,70,70,70,70,70,70,70,70,70,70,70,70,70,70,70,70,70,70,70,70,79,79,79,79,79,79,79,79,79,79,79,79,79],"card_choices":[{"not_picked":["Fluid Movement","Sucker Punch"],"picked":"Well Laid Plans","floor":1},{"not_picked":["ReplayTheSpireMod:Shiv Toss","Fluid Movement"],"picked":"Backflip","floor":3},{"not_picked":["Quick Slash","ShadowRift"],"picked":"Catalyst","floor":5},{"not_picked":["Malaise","Dagger Throw"],"picked":"Footwork","floor":6},{"not_picked":["Draining Mist","Sneak Up"],"picked":"Cloak And Dagger","floor":8},{"not_picked":["ReplayTheSpireMod:Scrap Shanks","Backstab"],"picked":"Calculated Gamble","floor":10},{"not_picked":["Expertise","Cloak And Dagger","Replay:Poison Smokescreen"],"picked":"SKIP","floor":13},{"not_picked":["Prepared","hubris:SlightOfHand"],"picked":"Bane","floor":14},{"not_picked":["Wraith Form v2","Unload"],"picked":"Bullet Time","floor":16},{"not_picked":["Well Laid Plans","Blade Dance"],"picked":"Dodge and Roll+1","floor":18},{"not_picked":["Replay:Poison Smokescreen+1","Underhanded Strike"],"picked":"Poisoned Stab+1","floor":20},{"not_picked":["Dagger Throw+1","Underhanded Strike","Slice"],"picked":"SKIP","floor":22},{"not_picked":["Backflip","Malaise"],"picked":"Distraction","floor":23},{"not_picked":["Hidden Blade+1","Dagger Throw+1","Dodge and Roll"],"picked":"SKIP","floor":24},{"not_picked":["Outmaneuver","ShadowRift"],"picked":"Noxious Fumes","floor":25},{"not_picked":["Poisoned Stab","Flying Knee","hubris:SlightOfHand+1"],"picked":"SKIP","floor":27},{"not_picked":["Distraction","Blade Dance"],"picked":"Dagger Spray+1","floor":28},{"not_picked":["Distraction","Quick Slash+1"],"picked":"Poison Darts","floor":30},{"not_picked":["Deflect","Flechettes+1","Accuracy+1"],"picked":"SKIP","floor":31},{"not_picked":["Quick Slash+1","Dagger Throw+1"],"picked":"Bouncing Flask+1","floor":35},{"not_picked":["Deflect","Poisoned Stab+1"],"picked":"Toxin Wave+1","floor":37},{"not_picked":["Sharp Hide","Master of Strategy"],"picked":"hubris:EnhanceAbility","floor":38},{"not_picked":["Trip","Crow Ritual"],"picked":"Sharp Hide","floor":38},{"not_picked":["Dodge and Roll+1","Eviscerate+1","Dagger Spray+1"],"picked":"SKIP","floor":39},{"not_picked":["Poisoned Stab+1","hubris:TrickCloak+1"],"picked":"Dash+1","floor":40},{"not_picked":["PiercingWail","Prepared"],"picked":"Noxious Fumes","floor":44}],"player_experience":411844,"relics_obtained":[{"floor":2,"key":"Anchor"},{"floor":6,"key":"infinitespire:BottledMercury"},{"floor":9,"key":"Akabeko"},{"floor":13,"key":"trackpad:ByrdCharm"},{"floor":23,"key":"halation:Toothbrush"},{"floor":25,"key":"Pen Nib"},{"floor":28,"key":"Molten Egg 2"},{"floor":30,"key":"Replay:Arrowhead"},{"floor":36,"key":"infinitespire:PuzzleCube"},{"floor":43,"key":"trackpad:WritersBlock"}],"event_choices":[{"damage_healed":0,"gold_gain":0,"player_choice":"Searched \u00273\u0027 times","damage_taken":0,"relics_obtained":["trackpad:ByrdBGone"],"max_hp_gain":0,"max_hp_loss":0,"event_name":"Dead Adventurer","floor":10,"gold_loss":0},{"damage_healed":0,"gold_gain":0,"player_choice":"Ignored","damage_taken":172,"max_hp_gain":0,"max_hp_loss":0,"event_name":"betterThird:BetterSerpent","floor":11,"gold_loss":0},{"damage_healed":0,"gold_gain":0,"cards_transformed":["Strike_G"],"player_choice":"Transformed","damage_taken":0,"max_hp_gain":0,"max_hp_loss":0,"event_name":"Transmorgrifier","floor":19,"gold_loss":0,"cards_obtained":["Draining Mist"]},{"damage_healed":0,"gold_gain":0,"player_choice":"Memory 2","damage_taken":5,"max_hp_gain":0,"max_hp_loss":0,"event_name":"SensoryStone","floor":38,"gold_loss":0},{"damage_healed":0,"gold_gain":0,"player_choice":"Ignored","damage_taken":0,"max_hp_gain":0,"max_hp_loss":0,"event_name":"Tomb of Lord Red Mask","floor":41,"gold_loss":0},{"damage_healed":0,"gold_gain":0,"player_choice":"Ignored","damage_taken":0,"max_hp_gain":0,"max_hp_loss":0,"event_name":"The Moai Head","floor":42,"gold_loss":0}],"is_beta":false,"boss_relics":[{"not_picked":["aspiration:PoetsPen_weak","hubris:TerracottaHorce","Fusion Hammer"]},{"not_picked":["hubris:GrandSneckoEye","Busted Crown"],"picked":"Astrolabe"}],"items_purged_floors":[21],"is_endless":false,"potions_floor_spawned":[1,6,10,16,18,24,28,31,33,37,39,44],"killed_by":"Nemesis","ascension_level":1}}