{"host":"mtzcgy6hqz1ze1d8","time":1614039583,"event":{"mods":["AchievementEnabler","BaseMod","Colored Map","DeckTracker","Keyboard Shortcuts","Minty Spire (QoL Compilation)","Permanent Neow","StSLib","SuperFastMode"],"gold_per_floor":[117,132,42,54,64,64,96,96,120,137,137,43,43,56,56,56,56],"floor_reached":16,"language":"KOR","playtime":535,"items_purged":["Strike_R"],"score":204,"play_id":"9b576223-025d-4bb5-851d-d6e124d7c6bd","local_time":"20210223091943","is_ascension_mode":true,"campfire_choices":[{"data":"Bash","floor":6,"key":"SMITH"},{"data":"Reaper","floor":8,"key":"SMITH"},{"data":"Pommel Strike","floor":11,"key":"SMITH"},{"floor":15,"key":"REST"}],"circlet_count":0,"master_deck":["AscendersBane","Strike_R","Strike_R","Strike_R","Strike_R","Defend_R","Defend_R","Defend_R","Defend_R","Bash+1","Reaper+1","Pommel Strike+1","Second Wind","Evolve","Reckless Charge","Anger"],"relics":["Burning Blood","Smiling Mask","Strawberry","Pen Nib"],"acts_visited":["Exordium"],"potions_floor_usage":[14,16],"damage_taken":[{"damage":10,"enemies":"Small Slimes","floor":1,"turns":5},{"damage":1,"enemies":"Cultist","floor":2,"turns":3},{"damage":7,"enemies":"2 Louse","floor":4,"turns":5},{"damage":17,"enemies":"Lots of Slimes","floor":5,"turns":7},{"damage":55,"enemies":"3 Sentries","floor":7,"turns":13},{"damage":24,"enemies":"Large Slime","floor":10,"turns":8},{"damage":26,"enemies":"Exordium Thugs","floor":14,"turns":6},{"damage":46,"enemies":"The Guardian","floor":16,"turns":6}],"seed_played":"2479154632431570721","potions_obtained":[{"floor":4,"key":"Regen Potion"},{"floor":10,"key":"SpeedPotion"}],"is_trial":false,"path_per_floor":["M","M","?","M","M","R","E","R","T","M","R","$","$","M","R","B"],"character_chosen":"IRONCLAD","items_purchased":["Reckless Charge"],"campfire_rested":1,"item_purchase_floors":[12],"current_hp_per_floor":[70,75,75,75,70,70,33,33,33,20,20,20,20,10,34,2,2],"gold":56,"neow_bonus":"ONE_RANDOM_RARE_CARD","is_daily":false,"chose_seed":false,"campfire_upgraded":3,"win_rate":0.0,"timestamp":1614039583,"path_taken":["M","M","?","M","M","R","E","R","T","M","R","?","$","M","R","BOSS"],"items_purchased_type":["Card"],"build_version":"2020-12-22","purchased_purges":1,"victory":false,"max_hp_per_floor":[75,75,75,75,75,75,82,82,82,82,82,82,82,82,82,82,82],"card_choices":[{"not_picked":["Rage","Twin Strike"],"picked":"Pommel Strike","floor":1},{"not_picked":["Sentinel","Havoc"],"picked":"Second Wind","floor":2},{"not_picked":["Flex","Flame Barrier","Rage"],"picked":"SKIP","floor":4},{"not_picked":["Havoc","Heavy Blade","Iron Wave"],"picked":"SKIP","floor":5},{"not_picked":["Warcry","Reckless Charge","Dual Wield"],"picked":"SKIP","floor":7},{"not_picked":["Blood for Blood","Pommel Strike"],"picked":"Evolve","floor":10},{"not_picked":["Ghostly Armor","Sword Boomerang"],"picked":"Anger","floor":14}],"player_experience":308141,"relics_obtained":[{"floor":7,"key":"Strawberry"},{"floor":9,"key":"Pen Nib"}],"event_choices":[{"damage_healed":0,"gold_gain":0,"player_choice":"Paid Gold","damage_taken":0,"relics_obtained":["Smiling Mask"],"max_hp_gain":0,"max_hp_loss":0,"event_name":"WeMeetAgain","floor":3,"gold_loss":90}],"is_beta":false,"boss_relics":[],"items_purged_floors":[12],"is_endless":false,"potions_floor_spawned":[4,10],"killed_by":"The Guardian","ascension_level":20}}