{"host":"7jxhn92mkgyil7o5","time":1614111566,"event":{"mods":["BaseMod","Colored Map","Colored Powertips","Friendly Minions","Hermit","Kiyohime????","Marisa????????","Minty Spire (QoL Compilation)","Permanent Neow","StSLib","The Cursed","The Disciple","The Hierophant","The Poker Player","The Runesmith"],"gold_per_floor":[112,112,127,127,1,1,27,41,41,52,52,10,27,61,61,134,134,150,165,185,275,11,36,36,47,71,71,85,85,85],"floor_reached":29,"language":"ENG","playtime":1317,"items_purged":["Regret","Strike_P"],"score":510,"play_id":"52fac2b4-23da-42aa-99a7-bc667a7a3f19","local_time":"20210223211926","is_ascension_mode":true,"campfire_choices":[{"data":"SandsOfTime","floor":6.0,"key":"SMITH"},{"data":"TalkToTheHand","floor":11.0,"key":"SMITH"},{"data":"TalkToTheHand","floor":15.0,"key":"SMITH"},{"floor":24,"key":"REST"}],"circlet_count":0,"master_deck":["AscendersBane","Strike_P+1","Strike_P","Strike_P+1","Defend_P","Defend_P","Defend_P","Defend_P","Eruption","Vigilance","Weave","SandsOfTime+1","ThirdEye","TalkToTheHand+1","Consecrate","JustLucky","Conclude","TalkToTheHand+1","DevaForm","Omniscience","CurseOfTheBell","WheelKick+1","Nirvana+1","Nirvana","Evaluate+1","Fasting2+1","RitualDagger+1","JustLucky+1"],"relics":["PureWater","Runesmith:Locket","Pear","Turnip","Runesmith:Nanobots","Strawberry","Calling Bell","Darkstone Periapt","Ice Cream","Akabeko","OrangePellets","Molten Egg 2"],"acts_visited":["Exordium","TheCity"],"potions_floor_usage":[23,28,29],"damage_taken":[{"damage":0.0,"enemies":"Cultist","floor":1.0,"turns":3.0},{"damage":2.0,"enemies":"Small Slimes","floor":3.0,"turns":4.0},{"damage":18.0,"enemies":"Gremlin Nob","floor":7.0,"turns":3.0},{"damage":0.0,"enemies":"Jaw Worm","floor":8.0,"turns":3.0},{"damage":0.0,"enemies":"Lots of Slimes","floor":10.0,"turns":3.0},{"damage":0.0,"enemies":"Large Slime","floor":13.0,"turns":4.0},{"damage":5.0,"enemies":"Lagavulin","floor":14.0,"turns":6.0},{"damage":12.0,"enemies":"The Guardian","floor":16.0,"turns":9.0},{"damage":1.0,"enemies":"Spheric Guardian","floor":18.0,"turns":3.0},{"damage":22.0,"enemies":"3 Byrds","floor":19.0,"turns":5.0},{"damage":10.0,"enemies":"Snake Plant","floor":20.0,"turns":2.0},{"damage":12,"enemies":"Book of Stabbing","floor":23,"turns":3},{"damage":0,"enemies":"Snecko","floor":25,"turns":4},{"damage":0,"enemies":"Sentry and Sphere","floor":28,"turns":3},{"damage":24,"enemies":"Gremlin Leader","floor":29,"turns":4}],"seed_played":"2991651442201019273","potions_obtained":[{"floor":1.0,"key":"BottledMiracle"},{"floor":7.0,"key":"DuplicationPotion"},{"floor":8.0,"key":"BlessingOfTheForge"},{"floor":14.0,"key":"AttackPotion"},{"floor":25,"key":"Energy Potion"},{"floor":28,"key":"Block Potion"}],"is_trial":false,"path_per_floor":["M","?","M","?","$","R","E","M","T","M","R","$","M","E","R","B",null,"M","M","M","?","$","E","R","M","T","?","M","E"],"character_chosen":"WATCHER","items_purchased":["ThirdEye","Conclude","OrangePellets"],"campfire_rested":1,"item_purchase_floors":[5,12,22],"current_hp_per_floor":[61,42,40,50,50,50,32,32,32,32,32,32,32,34,34,22,65,64,42,32,14,14,2,25,25,25,19,19,0,0],"gold":85,"neow_bonus":"ONE_RARE_RELIC","is_daily":false,"chose_seed":false,"campfire_upgraded":3,"win_rate":0.0,"timestamp":1614111566,"path_taken":["M","?","M","?","$","R","E","M","T","?","R","?","?","E","R","BOSS","M","M","M","?","$","E","R","?","T","?","M","E"],"items_purchased_type":["Card","Card","Relic"],"build_version":"2020-12-22","purchased_purges":2,"victory":false,"max_hp_per_floor":[62,62,62,72,72,72,72,72,72,72,72,72,72,79,79,79,79,79,79,79,79,79,79,79,79,79,79,79,79,79],"card_choices":[{"not_picked":["Evaluate","FlyingSleeves"],"picked":"Weave","floor":1.0},{"not_picked":["ThirdEye","EmptyBody"],"picked":"SandsOfTime","floor":3.0},{"not_picked":["ClearTheMind","Alpha"],"picked":"TalkToTheHand","floor":7.0},{"not_picked":["EmptyFist","EmptyMind"],"picked":"Consecrate","floor":8.0},{"not_picked":["Protect","Crescendo"],"picked":"JustLucky","floor":10.0},{"not_picked":["Protect","ClearTheMind"],"picked":"TalkToTheHand","floor":13.0},{"not_picked":["Prostrate","Protect"],"picked":"DevaForm","floor":14.0},{"not_picked":["Vault","Judgement"],"picked":"Omniscience","floor":16.0},{"not_picked":["Halt","Evaluate"],"picked":"WheelKick+1","floor":18.0},{"not_picked":["BattleHymn","LikeWater"],"picked":"Nirvana+1","floor":19.0},{"not_picked":["CrushJoints","FollowUp"],"picked":"Nirvana","floor":20.0},{"not_picked":["Alpha","Judgement"],"picked":"Evaluate+1","floor":23},{"not_picked":["FollowUp+1","CutThroughFate+1"],"picked":"Fasting2+1","floor":25},{"not_picked":["FlurryOfBlows+1","Vengeance"],"picked":"JustLucky+1","floor":28}],"player_experience":2036329,"relics_obtained":[{"floor":7.0,"key":"Turnip"},{"floor":9.0,"key":"Runesmith:Nanobots"},{"floor":14.0,"key":"Strawberry"},{"floor":17.0,"key":"Darkstone Periapt"},{"floor":17.0,"key":"Ice Cream"},{"floor":17.0,"key":"Akabeko"},{"floor":23,"key":"Molten Egg 2"}],"event_choices":[{"damage_healed":0.0,"max_hp_gain":0.0,"max_hp_loss":0.0,"gold_gain":0.0,"event_name":"Shining Light","player_choice":"Entered Light","floor":2.0,"gold_loss":0.0,"damage_taken":19.0,"cards_upgraded":["Strike_P","Strike_P"]},{"damage_healed":0.0,"max_hp_gain":0.0,"max_hp_loss":0.0,"gold_gain":0.0,"event_name":"Big Fish","player_choice":"Box","floor":4.0,"gold_loss":0.0,"damage_taken":0.0,"relics_obtained":["Pear"],"cards_obtained":["Regret"]},{"damage_healed":0.0,"max_hp_gain":0.0,"max_hp_loss":0.0,"gold_gain":90.0,"event_name":"Knowing Skull","player_choice":"GOLD POTION ","floor":21.0,"potions_obtained":["Ambrosia"],"gold_loss":0.0,"damage_taken":18.0,"cards_obtained":[]},{"damage_healed":0,"gold_gain":0,"player_choice":"Joined the Cult","damage_taken":6,"max_hp_gain":0,"max_hp_loss":0,"event_name":"Nest","floor":27,"gold_loss":0,"cards_obtained":["RitualDagger"]}],"is_beta":false,"boss_relics":[{"not_picked":["Ectoplasm","Empty Cage"],"picked":"Calling Bell"}],"items_purged_floors":[5,22],"is_endless":false,"potions_floor_spawned":[1,7,8,14,25,28],"killed_by":"Gremlin Leader","ascension_level":20}}