{"host":"ben","time":1614054477,"event":{"mods":["AchievementEnabler","BaseMod","Block Reminder","DeckTracker","Highlight Path","Minty Spire (QoL Compilation)","Permanent Neow","Relic Stats","StSLib"],"gold_per_floor":[415,433,16,35,110,135,135,151,151,151,167,167,193,27,27,99,99,119,119,119,135,35,35,51,51,51,64,80,80,95,129,129,202,202,212,228,278,278,297,326,326,360,360,235,268,268,284,294,294,294,294,294],"floor_reached":51,"language":"ENG","playtime":4660,"items_purged":["Strike_G","Shame","Injury"],"score":1634,"play_id":"1c233128-fe22-4a60-999c-42e8ec68acb6","local_time":"20210222212757","is_ascension_mode":true,"campfire_choices":[{"floor":7.0,"key":"REST"},{"data":"Cloak And Dagger","floor":10.0,"key":"SMITH"},{"data":"Die Die Die","floor":12.0,"key":"SMITH"},{"data":"Accuracy","floor":15.0,"key":"SMITH"},{"data":"RitualDagger","floor":23.0,"key":"SMITH"},{"data":"Neutralize","floor":29.0,"key":"SMITH"},{"floor":32.0,"key":"REST"},{"floor":49,"key":"RECALL"}],"circlet_count":0,"master_deck":["AscendersBane","Strike_G","Strike_G","Strike_G","Strike_G","Defend_G","Defend_G","Defend_G","Defend_G","Defend_G","Survivor","Neutralize+1","Cloak And Dagger+1","Die Die Die+1","Accuracy+1","Flying Knee","Backflip+1","Backflip+1","Terror+1","Footwork+1","Cloak And Dagger+1","Infinite Blades+1","Backflip+1","Wraith Form v2+1","Cloak And Dagger+1","RitualDagger+1","Blade Dance+1","PiercingWail+1","Writhe","Leg Sweep+1","Blur+1","Storm of Steel+1","Doppelganger+1","CurseOfTheBell","Outmaneuver+1","Finesse+1","Forethought+1","Choke+1","Calculated Gamble+1","Cloak And Dagger+1","Normality","Concentrate+1","Calculated Gamble+1"],"relics":["Ring of the Snake","Old Coin","Toxic Egg 2","Darkstone Periapt","Pantograph","Frozen Egg 2","Cursed Key","Molten Egg 2","Bag of Preparation","Calling Bell","Bag of Marbles","InkBottle","Torii","Unceasing Top","PreservedInsect","Lantern","Du-Vu Doll","Kunai","FossilizedHelix"],"acts_visited":["Exordium","TheCity","TheBeyond"],"potions_floor_usage":[50],"damage_taken":[{"damage":4.0,"enemies":"Cultist","floor":1.0,"turns":5.0},{"damage":6.0,"enemies":"Small Slimes","floor":2.0,"turns":5.0},{"damage":4.0,"enemies":"Jaw Worm","floor":4.0,"turns":5.0},{"damage":33.0,"enemies":"Gremlin Nob","floor":6.0,"turns":4.0},{"damage":0.0,"enemies":"Exordium Wildlife","floor":8.0,"turns":1.0},{"damage":9.0,"enemies":"Exordium Thugs","floor":11.0,"turns":5.0},{"damage":5.0,"enemies":"3 Sentries","floor":13.0,"turns":5.0},{"damage":5.0,"enemies":"The Guardian","floor":16.0,"turns":8.0},{"damage":3.0,"enemies":"Spheric Guardian","floor":18.0,"turns":5.0},{"damage":4.0,"enemies":"Shell Parasite","floor":21.0,"turns":3.0},{"damage":1.0,"enemies":"3 Cultists","floor":24.0,"turns":3.0},{"damage":18.0,"enemies":"Snake Plant","floor":27.0,"turns":6.0},{"damage":0.0,"enemies":"Chosen and Byrds","floor":28.0,"turns":5.0},{"damage":0.0,"enemies":"Snecko","floor":30.0,"turns":4.0},{"damage":12.0,"enemies":"Book of Stabbing","floor":31.0,"turns":6.0},{"damage":20.0,"enemies":"Automaton","floor":33.0,"turns":11.0},{"damage":0.0,"enemies":"Orb Walker","floor":35.0,"turns":3.0},{"damage":0.0,"enemies":"3 Darklings","floor":36.0,"turns":4.0},{"damage":12.0,"enemies":"2 Orb Walkers","floor":37.0,"turns":5.0},{"damage":0.0,"enemies":"Sphere and 2 Shapes","floor":39.0,"turns":3.0},{"damage":11.0,"enemies":"Nemesis","floor":40.0,"turns":9.0},{"damage":0.0,"enemies":"Reptomancer","floor":42.0,"turns":2.0},{"damage":1.0,"enemies":"Giant Head","floor":45.0,"turns":6.0},{"damage":0.0,"enemies":"Spire Growth","floor":47.0,"turns":1.0},{"damage":0,"enemies":"Writhing Mass","floor":48,"turns":4},{"damage":79,"enemies":"Donu and Deca","floor":50,"turns":8},{"damage":42,"enemies":"Time Eater","floor":51,"turns":4}],"seed_played":"340476671248833377","potions_obtained":[{"floor":1.0,"key":"FearPotion"},{"floor":6.0,"key":"PowerPotion"},{"floor":8.0,"key":"GamblersBrew"},{"floor":13.0,"key":"Weak Potion"},{"floor":21.0,"key":"GhostInAJar"},{"floor":24.0,"key":"LiquidBronze"},{"floor":31.0,"key":"Poison Potion"},{"floor":35.0,"key":"Energy Potion"},{"floor":37.0,"key":"EssenceOfSteel"},{"floor":40.0,"key":"FearPotion"},{"floor":47,"key":"Regen Potion"}],"is_trial":false,"path_per_floor":["M","M","$","M","?","E","R","M","T","R","M","R","E","$","R","B",null,"M","?","T","M","$","R","M","$","T","M","M","R","M","E","R","B",null,"M","M","?","?","M","E","?","E","T","$","E","T","M","M","R","B","B"],"character_chosen":"THE_SILENT","items_purchased":["Toxic Egg 2","Accuracy","Cloak And Dagger+1","Infinite Blades+1","Backflip+1"],"campfire_rested":2,"item_purchase_floors":[3,3,14,14,14],"current_hp_per_floor":[55,49,49,45,34,1,19,19,19,19,10,10,5,5,5,25,51,48,42,48,44,44,44,43,43,49,31,31,31,31,19,40,45,71,71,71,59,49,49,38,38,38,44,44,43,49,49,49,49,9,0,0],"gold":294,"neow_bonus":"ONE_RARE_RELIC","is_daily":false,"chose_seed":false,"campfire_upgraded":5,"win_rate":0.0,"timestamp":1614054477,"path_taken":["M","M","$","M","?","E","R","M","T","R","M","R","E","$","R","BOSS","M","?","?","M","$","R","M","?","T","?","M","R","M","E","R","BOSS","M","M","?","?","M","E","?","E","T","$","E","?","M","M","R","BOSS","BOSS"],"items_purchased_type":["Relic","Card","Card","Card","Card"],"build_version":"2020-12-18","purchased_purges":3,"victory":false,"max_hp_per_floor":[60,60,60,60,60,60,60,60,60,60,60,60,60,60,60,60,60,60,60,66,66,66,66,66,66,72,72,72,72,72,72,72,72,78,78,78,78,78,78,78,78,78,84,84,84,90,90,90,90,90,90,90],"relic_stats":{"Darkstone Periapt":30,"Torii":2,"counters":[27,130],"Pantograph":100,"PreservedInsect":191,"Bag of Preparation":[24],"Kunai":[17],"Cursed Key":4,"obtain_stats":[{"Darkstone Periapt":6,"Lantern":42,"Torii":34,"PreservedInsect":40,"Bag of Preparation":31,"Frozen Egg 2":13,"Cursed Key":17,"Old Coin":0,"Calling Bell":34,"Du-Vu Doll":43,"Pantograph":9,"Molten Egg 2":20,"Bag of Marbles":34,"Kunai":45,"Toxic Egg 2":3,"InkBottle":34,"Unceasing Top":37,"FossilizedHelix":46,"Ring of the Snake":0},{"Darkstone Periapt":4,"Lantern":22,"Torii":16,"PreservedInsect":21,"Bag of Preparation":15,"Frozen Egg 2":7,"Cursed Key":8,"Old Coin":0,"Calling Bell":16,"Du-Vu Doll":22,"Pantograph":5,"Molten Egg 2":9,"Bag of Marbles":16,"Kunai":23,"Toxic Egg 2":2,"InkBottle":16,"Unceasing Top":19,"FossilizedHelix":23,"Ring of the Snake":0},{"Darkstone Periapt":19,"Lantern":107,"Torii":81,"PreservedInsect":105,"Bag of Preparation":70,"Frozen Egg 2":30,"Cursed Key":38,"Old Coin":0,"Calling Bell":81,"Du-Vu Doll":107,"Pantograph":20,"Molten Egg 2":43,"Bag of Marbles":81,"Kunai":113,"Toxic Egg 2":10,"InkBottle":81,"Unceasing Top":93,"FossilizedHelix":113,"Ring of the Snake":0}],"InkBottle":[36],"Unceasing Top":[30],"Ring of the Snake":[54]},"card_choices":[{"not_picked":["Backflip","Outmaneuver"],"picked":"Cloak And Dagger","floor":1.0},{"not_picked":["Cloak And Dagger","PiercingWail"],"picked":"Die Die Die","floor":2.0},{"not_picked":["Heel Hook","Finisher"],"picked":"Flying Knee","floor":4.0},{"not_picked":["Outmaneuver+1","Deadly Poison+1"],"picked":"Backflip+1","floor":6.0},{"not_picked":["Noxious Fumes","Deflect+1"],"picked":"Backflip+1","floor":8.0},{"not_picked":["Quick Slash","Backflip+1"],"picked":"Terror+1","floor":11.0},{"not_picked":["Acrobatics+1","Distraction+1"],"picked":"Footwork+1","floor":13.0},{"not_picked":["Corpse Explosion+1","Grand Finale"],"picked":"Wraith Form v2+1","floor":16.0},{"not_picked":["Dagger Throw","PiercingWail+1"],"picked":"Cloak And Dagger+1","floor":18.0},{"not_picked":["Acrobatics+1","Prepared+1"],"picked":"Blade Dance+1","floor":21.0},{"not_picked":["Deadly Poison+1","Dagger Throw+1"],"picked":"PiercingWail+1","floor":24.0},{"not_picked":["Noxious Fumes+1","Dagger Throw+1"],"picked":"Leg Sweep+1","floor":27.0},{"not_picked":["Predator+1","Masterful Stab+1","Expertise+1"],"picked":"SKIP","floor":28.0},{"not_picked":["Sucker Punch+1","Terror+1"],"picked":"Blur+1","floor":30.0},{"not_picked":["Underhanded Strike+1","All Out Attack+1"],"picked":"Storm of Steel+1","floor":31.0},{"not_picked":["Venomology+1","Grand Finale+1"],"picked":"Doppelganger+1","floor":33.0},{"not_picked":["Bane+1","Crippling Poison+1"],"picked":"Outmaneuver+1","floor":35.0},{"not_picked":["Choke+1","Dagger Throw+1","Predator+1"],"picked":"SKIP","floor":36.0},{"not_picked":["PanicButton+1","Blind+1"],"picked":"Finesse+1","floor":38.0},{"not_picked":["Mind Blast+1","Blind+1"],"picked":"Forethought+1","floor":38.0},{"not_picked":["Blade Dance+1","Flying Knee+1"],"picked":"Choke+1","floor":39.0},{"not_picked":["Noxious Fumes+1","Backstab+1"],"picked":"Calculated Gamble+1","floor":40.0},{"not_picked":["Expertise+1","Heel Hook+1","Catalyst+1"],"picked":"SKIP","floor":42.0},{"not_picked":["Die Die Die+1","Well Laid Plans+1"],"picked":"Cloak And Dagger+1","floor":45.0},{"not_picked":["PiercingWail+1","Accuracy+1"],"picked":"Concentrate+1","floor":47},{"not_picked":["Dash+1","Poisoned Stab+1"],"picked":"Calculated Gamble+1","floor":48}],"player_experience":7755001,"relics_obtained":[{"floor":6.0,"key":"Darkstone Periapt"},{"floor":9.0,"key":"Pantograph"},{"floor":13.0,"key":"Frozen Egg 2"},{"floor":20.0,"key":"Molten Egg 2"},{"floor":31.0,"key":"Bag of Preparation"},{"floor":34.0,"key":"Bag of Marbles"},{"floor":34.0,"key":"InkBottle"},{"floor":34.0,"key":"Torii"},{"floor":37.0,"key":"Unceasing Top"},{"floor":40.0,"key":"PreservedInsect"},{"floor":42.0,"key":"Lantern"},{"floor":43.0,"key":"Du-Vu Doll"},{"floor":45.0,"key":"Kunai"},{"floor":46.0,"key":"FossilizedHelix"}],"event_choices":[{"damage_healed":0.0,"max_hp_gain":0.0,"max_hp_loss":0.0,"gold_gain":75.0,"event_name":"World of Goop","player_choice":"Gather Gold","floor":5.0,"gold_loss":0.0,"damage_taken":11.0},{"damage_healed":0.0,"max_hp_gain":0.0,"max_hp_loss":0.0,"gold_gain":0.0,"event_name":"Nest","player_choice":"Joined the Cult","floor":19.0,"gold_loss":0.0,"damage_taken":6.0,"cards_obtained":["RitualDagger"]},{"damage_healed":0.0,"max_hp_gain":0.0,"max_hp_loss":0.0,"gold_gain":0.0,"event_name":"Mysterious Sphere","player_choice":"Fight","floor":37.0,"gold_loss":0.0,"damage_taken":0.0},{"damage_healed":0.0,"max_hp_gain":0.0,"max_hp_loss":0.0,"gold_gain":0.0,"event_name":"SensoryStone","player_choice":"Memory 3","floor":38.0,"gold_loss":0.0,"damage_taken":10.0},{"damage_healed":0.0,"max_hp_gain":0.0,"max_hp_loss":0.0,"gold_gain":0.0,"event_name":"Tomb of Lord Red Mask","player_choice":"Ignored","floor":41.0,"gold_loss":0.0,"damage_taken":0.0}],"is_beta":true,"boss_relics":[{"not_picked":["Snecko Eye","Runic Pyramid"],"picked":"Cursed Key"},{"not_picked":["Busted Crown","Runic Dome"],"picked":"Calling Bell"}],"items_purged_floors":[3,22,44],"is_endless":false,"potions_floor_spawned":[1,6,8,13,21,24,28,31,35,37,40,47,48],"killed_by":"Time Eater","ascension_level":20}}