{"host":"tvwbxqry54t86y0v","time":1614060007,"event":{"mods":["2.2 Compatiblity","A Magickal Journey","Act Like it!","Arknights","Astrologer","BaseMod","Beaked The Cultist","BetterRewards","Block Reminder","Clockwork Mod","Colored Powertips","DeckTracker","Downfall","Fiend Mod","GungeonMod","Hermit","Hubris","Infinite Spire","Ironclad Rager","JesterMod","Marked Mod","Mimic Mod","Minty Spire (QoL Compilation)","Potionbrewer","Reliquary","Replay The Spire","Robot Space Explorer","Shade Mod","Somnambulant","StSLib","The Bug Knight","The Cursed","The Death Knight","The Druid","The Elementalist","The Exalted","The Forsaken","The Hierophant","The Jungle","The Marked","The Mystic","The Problem Sleuth","The Runesmith","The Senshi","The Spell Scribe","The Valiant","The Wild Card","TheFirefly","TheHeartMod","TheVacant","Unceasing Turn Reminder","thorton"],"gold_per_floor":[115,115,35,47,47,47,81,81,81,81,110,110,123,141,141,236,236,255,267,267,282,282,317,317,331,331,331,366,109,122,122,122,222,222,242,242,258,258,269,269,287,314,352,352,352,44,44,54,54,54,54],"floor_reached":50,"language":"ENG","playtime":3358,"items_purged":[],"score":608,"play_id":"b1092dd7-683f-4e6b-b639-a5f88ea943bb","local_time":"20210223170007","is_ascension_mode":false,"campfire_choices":[{"data":"jesterMod:Dodge","floor":6,"key":"SMITH"},{"data":"jesterMod:Sickle","floor":8,"key":"SMITH"},{"data":"theWildCard:Polydeuces","floor":10,"key":"SMITH"},{"floor":12,"key":"REST"},{"data":"jesterMod:Disposophobia","floor":15,"key":"SMITH"},{"data":"jesterMod:Encore","floor":24,"key":"SMITH"},{"floor":27,"key":"REST"},{"floor":32,"key":"REST"},{"floor":40,"key":"REST"},{"floor":45,"key":"RECALL"},{"data":"jesterMod:Overthink","floor":47,"key":"SMITH"},{"data":"jesterMod:Overthink","floor":49,"key":"SMITH"}],"circlet_count":0,"master_deck":["jesterMod:Juggler+1","jesterMod:Strike","jesterMod:Strike","jesterMod:Strike","jesterMod:Sickle+1","jesterMod:Defend","jesterMod:Defend","jesterMod:Defend","jesterMod:Defend","jesterMod:Dodge+1","jesterMod:SelfMockery+1","theWildCard:Polydeuces+1","jesterMod:Dilapidation","jesterMod:Disposophobia+1","jesterMod:Unleash","jesterMod:Encore+1","jesterMod:Prankster","jesterMod:Disposophobia","jesterMod:Overthink+1","jesterMod:Disposophobia","jesterMod:Overthink+1","Replay:Fractal Strike","jesterMod:Flee+1","jesterMod:DancingMad"],"relics":["jesterMod:JesterCap","reliquary:Buckler","DemoMod:PoisonVial","hubris:ToyBattleship","Odd Mushroom","jesterMod:LoadedDice","Nilry\u0027s Codex","Bag of Preparation","Bromod:ArcaneTrickery","hubris:TinFlute","Gremlin Horn","hubris:DeckOfHolding","Fiend:Scarf","DemoMod:MeltedRock","Gambling Chip"],"acts_visited":["Exordium","TheCity","TheBeyond"],"potions_floor_usage":[16,18,25,42,50,50,50],"damage_taken":[{"damage":5,"enemies":"Jaw Worm","floor":1,"turns":6},{"damage":0,"enemies":"2 Louse","floor":4,"turns":4},{"damage":0,"enemies":"Lagavulin","floor":7,"turns":7},{"damage":17,"enemies":"The Mushroom Lair","floor":11,"turns":4},{"damage":0,"enemies":"Cultist","floor":13,"turns":3},{"damage":0,"enemies":"Red Slaver","floor":14,"turns":2},{"damage":24,"enemies":"Fading Forest","floor":16,"turns":11},{"damage":10,"enemies":"3 Byrds","floor":18,"turns":3},{"damage":10,"enemies":"Chosen","floor":19,"turns":3},{"damage":0,"enemies":"Shelled Parasite and Fungi","floor":21,"turns":3},{"damage":0,"enemies":"Book of Stabbing","floor":23,"turns":6},{"damage":0,"enemies":"Sentry and Sphere","floor":25,"turns":3},{"damage":39,"enemies":"Slavers","floor":28,"turns":4},{"damage":0,"enemies":"Snake Plant","floor":30,"turns":5},{"damage":23,"enemies":"hubris:MusketHawk","floor":33,"turns":5},{"damage":26,"enemies":"3 Darklings","floor":35,"turns":3},{"damage":0,"enemies":"3 Shapes","floor":37,"turns":2},{"damage":0,"enemies":"Sphere and 2 Shapes","floor":39,"turns":3},{"damage":4,"enemies":"Spire Growth","floor":41,"turns":2},{"damage":4,"enemies":"Reptomancer","floor":42,"turns":3},{"damage":0,"enemies":"4 Shapes","floor":43,"turns":4},{"damage":0,"enemies":"4 Shapes","floor":48,"turns":2},{"damage":58,"enemies":"Replay:Hell Engine","floor":50,"turns":7}],"seed_played":"3905543725272508082","potions_obtained":[{"floor":1,"key":"Dexterity Potion"},{"floor":4,"key":"potionbrewer:AcidPotion"},{"floor":13,"key":"potionbrewer:FreezingPotion"},{"floor":21,"key":"EssenceOfSteel"},{"floor":23,"key":"Adrenaline Potion"},{"floor":28,"key":"BlessingOfTheForge"},{"floor":36,"key":"Adrenaline Potion"},{"floor":37,"key":"GamblersBrew"},{"floor":42,"key":"Strength Potion"}],"is_trial":false,"path_per_floor":["M","?","?","M","$","R","E","R","T","R","?","R","M","M","R","B",null,"M","M","?","M","?","E","R","M","T","R","E","$","M","?","R","B",null,"M","?","M","AVR","M","R","M","E","MIM","?","R","$","R","M","R","B"],"character_chosen":"THE_JESTER","items_purchased":["Gremlin Horn","Gambling Chip"],"campfire_rested":4,"item_purchase_floors":[29,46],"current_hp_per_floor":[65,65,65,65,65,65,65,65,65,65,48,69,69,69,69,51,70,60,50,34,34,34,34,34,34,34,55,16,16,16,16,37,14,70,44,44,44,44,44,65,61,57,57,57,57,57,57,57,57,0,0],"gold":54,"neow_bonus":"THREE_CARDS","is_daily":false,"chose_seed":false,"campfire_upgraded":7,"win_rate":0.0,"timestamp":1614060007,"path_taken":["M","?","?","?","?","R","E","R","T","R","?","R","M","M","R","BOSS","M","M","?","M","?","E","R","M","T","R","E","$","?","?","R","BOSS","M","?","M","AVR","?","R","M","E","MIM","?","R","$","R","M","R","BOSS"],"items_purchased_type":["Relic","Relic"],"build_version":"2020-12-22","purchased_purges":0,"victory":false,"max_hp_per_floor":[70,70,70,70,70,70,70,70,70,70,70,70,70,70,70,70,70,70,70,70,70,70,70,70,70,70,70,70,70,70,70,70,70,70,70,70,70,70,70,70,70,70,70,70,70,70,70,70,70,70,70],"card_choices":[{"not_picked":["jesterMod:QuickStrike","jesterMod:Rebuff"],"picked":"jesterMod:SelfMockery","floor":0},{"not_picked":["jesterMod:TrickyDodge","jesterMod:OblivionStrike","jesterMod:DanceOfChaos"],"picked":"SKIP","floor":1},{"not_picked":["jesterMod:Hide","jesterMod:SelfMockery","jesterMod:SwiftDodge"],"picked":"SKIP","floor":4},{"not_picked":["jesterMod:RecklessStrike","jesterMod:PerfectDodge","jesterMod:Finale"],"picked":"SKIP","floor":7},{"not_picked":["jesterMod:Arrythmia","jesterMod:QuickStrike"],"picked":"jesterMod:Dilapidation","floor":11},{"not_picked":["jesterMod:Prankster","jesterMod:Anticipation"],"picked":"jesterMod:Disposophobia","floor":13},{"not_picked":["jesterMod:TrickyDodge","jesterMod:Patience"],"picked":"jesterMod:Unleash","floor":14},{"not_picked":["jesterMod:LaughingGas","jesterMod:ExperimentalTreatment"],"picked":"jesterMod:Encore","floor":16},{"not_picked":["jesterMod:Rebuff","jesterMod:DesperateStrike"],"picked":"jesterMod:Prankster","floor":18},{"not_picked":["jesterMod:Tinker+1","jesterMod:SelfMockery","jesterMod:OblivionStrike"],"picked":"SKIP","floor":19},{"not_picked":["jesterMod:Taunt+1","jesterMod:DancingMad"],"picked":"jesterMod:Disposophobia","floor":21},{"not_picked":["jesterMod:Precipitation+1","jesterMod:Arrythmia+1","jesterMod:Discretion"],"picked":"SKIP","floor":23},{"not_picked":["jesterMod:ButterKnife+1","jesterMod:PerfectDodge+1","jesterMod:JackInTheBox"],"picked":"SKIP","floor":25},{"not_picked":["jesterMod:Anticipation","jesterMod:Hide"],"picked":"jesterMod:Overthink","floor":28},{"not_picked":["jesterMod:BouncingKnife","jesterMod:SmokeScreen","jesterMod:Schizophrenia"],"picked":"SKIP","floor":30},{"not_picked":["jesterMod:HedgehogForm","jesterMod:Drunkenness"],"picked":"jesterMod:Overthink","floor":33},{"not_picked":["jesterMod:SelfMockery+1","jesterMod:PerfectDodge+1","jesterMod:Anticipation"],"picked":"SKIP","floor":35},{"not_picked":["jesterMod:Feint+1","jesterMod:BouncingKnife+1","jesterMod:Loot"],"picked":"SKIP","floor":37},{"not_picked":["jesterMod:SelfMockery+1","jesterMod:RecklessStrike","jesterMod:Discretion"],"picked":"SKIP","floor":39},{"not_picked":["jesterMod:Tinker+1","jesterMod:Arrythmia+1","jesterMod:RecklessStrike"],"picked":"SKIP","floor":41},{"not_picked":["jesterMod:Frenzy+1","jesterMod:DanceOfChaos","jesterMod:SelfMockery+1"],"picked":"SKIP","floor":42},{"not_picked":["jesterMod:TrickyDodge","jesterMod:Talion+1"],"picked":"jesterMod:Flee+1","floor":43},{"not_picked":["jesterMod:Precipitation","jesterMod:ButterKnife"],"picked":"jesterMod:DancingMad","floor":48}],"player_experience":1183543,"relics_obtained":[{"floor":7,"key":"DemoMod:PoisonVial"},{"floor":9,"key":"hubris:ToyBattleship"},{"floor":11,"key":"Odd Mushroom"},{"floor":20,"key":"Nilry\u0027s Codex"},{"floor":23,"key":"Bag of Preparation"},{"floor":26,"key":"Bromod:ArcaneTrickery"},{"floor":28,"key":"hubris:TinFlute"},{"floor":42,"key":"DemoMod:MeltedRock"}],"event_choices":[{"damage_healed":0,"gold_gain":0,"player_choice":"Paid Gold","damage_taken":0,"relics_obtained":["reliquary:Buckler"],"max_hp_gain":0,"max_hp_loss":0,"event_name":"WeMeetAgain","floor":3,"gold_loss":80},{"damage_healed":0,"gold_gain":0,"player_choice":"Fought Mushrooms","damage_taken":0,"max_hp_gain":0,"max_hp_loss":0,"event_name":"Mushrooms","floor":11,"gold_loss":0},{"damage_healed":0,"gold_gain":0,"player_choice":"Obtained Book","damage_taken":16,"max_hp_gain":0,"max_hp_loss":0,"event_name":"Cursed Tome","floor":20,"gold_loss":0},{"cards_removed":["jesterMod:Strike"],"damage_healed":0,"gold_gain":0,"player_choice":"Purged","damage_taken":0,"max_hp_gain":0,"max_hp_loss":0,"event_name":"Purifier","floor":22,"gold_loss":0},{"damage_healed":0,"gold_gain":0,"player_choice":"Got Potions","damage_taken":0,"max_hp_gain":0,"max_hp_loss":0,"event_name":"Lab","floor":36,"gold_loss":0},{"damage_healed":0,"gold_gain":0,"player_choice":"Ignored","damage_taken":0,"max_hp_gain":0,"max_hp_loss":0,"event_name":"NoteForYourself","floor":44,"gold_loss":0}],"is_beta":false,"boss_relics":[{"not_picked":["reliquary:WritOfMandamus","ChewingGum"],"picked":"jesterMod:LoadedDice"},{"not_picked":["Coffee Dripper","Velvet Choker","hubris:CrackedHourglass"]}],"items_purged_floors":[],"is_endless":false,"potions_floor_spawned":[1,4,13,14,21,23,28,33,37,42],"killed_by":"Replay:Hell Engine","ascension_level":0}}