{"host":"vqun63pi4q2xs0ca","time":1614085866,"event":{"mods":["BaseMod","Minty Spire (QoL Compilation)","Relic Stats","StSLib"],"gold_per_floor":[114,114,114,114,9,37,47,47,74,93,119,119,139,157,157,229,229,242,242,242,21,21,47,47,67,67,67,67,83,83,113,113,189,189,199,199,199,199,214,239,239,265,289,302,319,338,14,14,14,14,14,14,14,14,43,43,43],"floor_reached":56,"language":"ENG","playtime":3580,"items_purged":[],"score":2502,"play_id":"a04d7a56-3aee-4401-8e15-ddfc51445345","local_time":"20210223131106","is_ascension_mode":true,"campfire_choices":[{"data":"True Grit","floor":8,"key":"SMITH"},{"data":"True Grit","floor":15,"key":"SMITH"},{"data":"Fiend Fire","floor":24,"key":"SMITH"},{"data":"Clothesline","floor":27,"key":"SMITH"},{"data":"Pommel Strike","floor":30,"key":"SMITH"},{"data":"Offering","floor":32,"key":"SMITH"},{"floor":41,"key":"RECALL"},{"data":"Feel No Pain","floor":49,"key":"SMITH"},{"data":"Impervious","floor":53,"key":"SMITH"}],"circlet_count":0,"master_deck":["AscendersBane","Strike_R+1","Strike_R+1","Defend_R+1","Defend_R+1","Defend_R+1","Defend_R+1","Bash+1","Anger","Pommel Strike+1","Clothesline+1","True Grit+1","Reaper+1","True Grit+1","Dark Embrace","Fiend Fire+1","Combust+1","Necronomicurse","Offering+1","Corruption","Rampage+1","Brutality+1","Feel No Pain+1","Sentinel","Fiend Fire","Sentinel+1","Feel No Pain+1","Impervious+1"],"relics":["Burning Blood","NeowsBlessing","Happy Flower","Pen Nib","Whetstone","Potion Belt","Snecko Eye","Necronomicon","Oddly Smooth Stone","Eternal Feather","Red Skull","Astrolabe","Pantograph","Akabeko","Vajra","Letter Opener","Strawberry"],"acts_visited":["Exordium","TheCity","TheBeyond","TheEnding"],"potions_floor_usage":[11,16,31,42,46,50,55],"damage_taken":[{"damage":0,"enemies":"Jaw Worm","floor":1,"turns":1},{"damage":0,"enemies":"Lagavulin","floor":6,"turns":1},{"damage":0,"enemies":"Small Slimes","floor":7,"turns":1},{"damage":0,"enemies":"Cultist","floor":10,"turns":3},{"damage":11,"enemies":"3 Sentries","floor":11,"turns":6},{"damage":8,"enemies":"Large Slime","floor":13,"turns":5},{"damage":6,"enemies":"Looter","floor":14,"turns":4},{"damage":19,"enemies":"Slime Boss","floor":16,"turns":7},{"damage":15,"enemies":"3 Byrds","floor":18,"turns":8},{"damage":10,"enemies":"Book of Stabbing","floor":23,"turns":2},{"damage":13,"enemies":"2 Thieves","floor":25,"turns":2},{"damage":18,"enemies":"Shelled Parasite and Fungi","floor":29,"turns":5},{"damage":14,"enemies":"Slavers","floor":31,"turns":3},{"damage":73,"enemies":"Collector","floor":33,"turns":7},{"damage":0,"enemies":"Orb Walker","floor":35,"turns":4},{"damage":7,"enemies":"3 Darklings","floor":39,"turns":3},{"damage":8,"enemies":"Nemesis","floor":40,"turns":3},{"damage":6,"enemies":"Reptomancer","floor":42,"turns":2},{"damage":9,"enemies":"Sphere and 2 Shapes","floor":44,"turns":4},{"damage":41,"enemies":"Transient","floor":45,"turns":6},{"damage":6,"enemies":"Spire Growth","floor":46,"turns":4},{"damage":18,"enemies":"Time Eater","floor":50,"turns":8},{"damage":79,"enemies":"Awakened One","floor":51,"turns":10},{"damage":68,"enemies":"Shield and Spear","floor":55,"turns":6}],"seed_played":"-3161242202380827981","potions_obtained":[{"floor":13,"key":"Strength Potion"},{"floor":14,"key":"DuplicationPotion"},{"floor":25,"key":"SteroidPotion"},{"floor":33,"key":"BlessingOfTheForge"},{"floor":45,"key":"PowerPotion"},{"floor":46,"key":"LiquidMemories"}],"is_trial":false,"path_per_floor":["M","$","?","T","$","E","M","R","T","M","E","?","M","M","R","B",null,"M","?","?","$","?","E","R","M","T","R","?","M","R","E","R","B",null,"M","$","?","?","M","E","R","E","T","M","M","M","$","?","R","B","B",null,"R","$","E","B"],"character_chosen":"IRONCLAD","items_purchased":["Pommel Strike","AttackPotion","Oddly Smooth Stone","Fire Potion","Impervious","Vajra"],"campfire_rested":0,"item_purchase_floors":[5,5,21,21,47,47],"current_hp_per_floor":[74,74,51,51,51,57,63,63,63,69,72,72,70,74,74,69,74,72,51,51,51,51,47,47,48,48,60,60,56,68,67,75,14,60,70,70,70,70,75,73,75,75,75,72,47,54,54,54,69,74,26,63,75,75,41,0,0],"gold":43,"neow_bonus":"THREE_ENEMY_KILL","is_daily":false,"chose_seed":false,"campfire_upgraded":8,"win_rate":0.0,"timestamp":1614085866,"path_taken":["M","$","?","?","$","E","M","R","T","M","E","?","?","M","R","BOSS","M","?","?","$","?","E","R","M","T","R","?","M","R","E","R","BOSS","M","$","?","?","M","E","R","E","T","?","?","M","$","?","R","BOSS","BOSS","R","$","E","BOSS"],"items_purchased_type":["Card","Potion","Relic","Potion","Card","Relic"],"build_version":"2020-12-22","purchased_purges":0,"victory":false,"max_hp_per_floor":[75,75,75,75,75,75,75,75,75,75,75,75,75,75,75,75,75,75,75,75,75,75,75,75,75,75,75,75,75,75,75,75,75,75,75,75,75,75,75,75,75,75,75,75,75,75,75,75,75,75,75,75,75,75,82,82,82],"relic_stats":{"Happy Flower":[37],"counters":[25,114],"Astrolabe":["Rampage","Brutality","Feel No Pain"],"Pantograph":32,"Snecko Eye":[171,192,209,186],"Eternal Feather":61,"Pen Nib":[27],"Necronomicon":[50],"Whetstone":["Strike_R","Strike_R"],"Letter Opener":[15],"obtain_stats":[{"Potion Belt":11,"NeowsBlessing":0,"Happy Flower":4,"Astrolabe":34,"Oddly Smooth Stone":21,"Vajra":47,"Eternal Feather":26,"Pen Nib":6,"Whetstone":9,"Letter Opener":48,"Burning Blood":0,"Akabeko":42,"Pantograph":40,"Strawberry":55,"Snecko Eye":17,"Necronomicon":19,"Red Skull":31},{"Potion Belt":5,"NeowsBlessing":0,"Happy Flower":1,"Astrolabe":14,"Oddly Smooth Stone":9,"Vajra":21,"Eternal Feather":11,"Pen Nib":2,"Whetstone":3,"Letter Opener":21,"Burning Blood":0,"Akabeko":18,"Pantograph":17,"Strawberry":24,"Snecko Eye":8,"Necronomicon":9,"Red Skull":13},{"Potion Belt":12,"NeowsBlessing":0,"Happy Flower":1,"Astrolabe":55,"Oddly Smooth Stone":36,"Vajra":81,"Eternal Feather":40,"Pen Nib":2,"Whetstone":3,"Letter Opener":81,"Burning Blood":0,"Akabeko":67,"Pantograph":65,"Strawberry":105,"Snecko Eye":28,"Necronomicon":36,"Red Skull":48}],"Burning Blood":140},"card_choices":[{"not_picked":["Armaments","Warcry"],"picked":"Anger","floor":1},{"not_picked":["Body Slam","Limit Break"],"picked":"Clothesline","floor":6},{"not_picked":["Headbutt","Infernal Blade"],"picked":"True Grit","floor":7},{"not_picked":["Bloodletting","Clash"],"picked":"Reaper","floor":10},{"not_picked":["Burning Pact","Twin Strike"],"picked":"True Grit","floor":11},{"not_picked":["Flame Barrier","Wild Strike"],"picked":"Dark Embrace","floor":13},{"not_picked":["Warcry","Flex","Twin Strike"],"picked":"SKIP","floor":14},{"not_picked":["Immolate","Offering"],"picked":"Fiend Fire","floor":16},{"not_picked":["Flex","Entrench"],"picked":"Combust+1","floor":18},{"not_picked":["Headbutt","Anger","Intimidate"],"picked":"SKIP","floor":23},{"not_picked":["Intimidate","Iron Wave","Heavy Blade"],"picked":"SKIP","floor":25},{"not_picked":["Rampage","Sever Soul","Anger"],"picked":"SKIP","floor":29},{"not_picked":["Dark Embrace","Carnage"],"picked":"Offering","floor":31},{"not_picked":["Double Tap","Barricade"],"picked":"Corruption","floor":33},{"not_picked":["Blood for Blood","Sword Boomerang","Fire Breathing"],"picked":"SKIP","floor":35},{"not_picked":["Second Wind","Sword Boomerang"],"picked":"Sentinel","floor":39},{"not_picked":["Infernal Blade+1","Perfected Strike","Rage+1"],"picked":"SKIP","floor":40},{"not_picked":["Whirlwind","Headbutt"],"picked":"Fiend Fire","floor":42},{"not_picked":["Headbutt","Rage","Havoc+1"],"picked":"SKIP","floor":44},{"not_picked":["Sword Boomerang","Headbutt"],"picked":"Sentinel+1","floor":45},{"not_picked":["Sword Boomerang","Evolve"],"picked":"Feel No Pain","floor":46},{"not_picked":["Flex+1","Uppercut","Infernal Blade+1"],"picked":"SKIP","floor":55}],"player_experience":1632683,"relics_obtained":[{"floor":4,"key":"Happy Flower"},{"floor":6,"key":"Pen Nib"},{"floor":9,"key":"Whetstone"},{"floor":11,"key":"Potion Belt"},{"floor":19,"key":"Necronomicon"},{"floor":26,"key":"Eternal Feather"},{"floor":31,"key":"Red Skull"},{"floor":40,"key":"Pantograph"},{"floor":42,"key":"Akabeko"},{"floor":55,"key":"Strawberry"}],"event_choices":[{"damage_healed":0,"gold_gain":0,"player_choice":"Entered Light","damage_taken":23,"max_hp_gain":0,"max_hp_loss":0,"event_name":"Shining Light","floor":3,"gold_loss":0,"cards_upgraded":["Strike_R","Bash"]},{"damage_healed":0,"gold_gain":0,"player_choice":"0 cards matched","damage_taken":0,"max_hp_gain":0,"max_hp_loss":0,"event_name":"Match and Keep!","floor":12,"gold_loss":0,"cards_obtained":[]},{"damage_healed":0,"gold_gain":0,"player_choice":"Obtained Book","damage_taken":21,"max_hp_gain":0,"max_hp_loss":0,"event_name":"Cursed Tome","floor":19,"gold_loss":0},{"damage_healed":0,"gold_gain":0,"player_choice":"Ignored","damage_taken":0,"max_hp_gain":0,"max_hp_loss":0,"event_name":"Vampires","floor":20,"gold_loss":0},{"damage_healed":0,"gold_gain":0,"player_choice":"Ignored","damage_taken":0,"max_hp_gain":0,"max_hp_loss":0,"event_name":"The Mausoleum","floor":22,"gold_loss":0},{"damage_healed":0,"gold_gain":0,"player_choice":"Simplicity","damage_taken":0,"max_hp_gain":0,"max_hp_loss":0,"event_name":"Back to Basics","floor":28,"gold_loss":0,"cards_upgraded":["Strike_R","Strike_R","Defend_R","Defend_R","Defend_R","Defend_R"]},{"damage_healed":0,"gold_gain":0,"player_choice":"Ignored","damage_taken":0,"max_hp_gain":0,"max_hp_loss":0,"event_name":"Tomb of Lord Red Mask","floor":37,"gold_loss":0},{"damage_healed":0,"gold_gain":0,"player_choice":"Forge","damage_taken":0,"max_hp_gain":0,"max_hp_loss":0,"event_name":"Accursed Blacksmith","floor":38,"gold_loss":0,"cards_upgraded":["Reaper"]},{"damage_healed":0,"gold_gain":0,"player_choice":"Gave Potion","damage_taken":0,"relics_obtained":["Letter Opener"],"max_hp_gain":0,"max_hp_loss":0,"event_name":"WeMeetAgain","floor":48,"gold_loss":0}],"is_beta":false,"boss_relics":[{"not_picked":["Coffee Dripper","Cursed Key"],"picked":"Snecko Eye"},{"not_picked":["SlaversCollar","Runic Cube"],"picked":"Astrolabe"}],"items_purged_floors":[],"is_endless":false,"potions_floor_spawned":[13,14,25,33,45,46],"killed_by":"The Heart","ascension_level":20}}