{"host":"c44ey07ufggfw2m8","time":1614039969,"event":{"mods":["2.2 Compatiblity","BaseMod","Colored Map","DeckTracker","Hermit","Highlight Path","Keyboard Shortcuts","Minty Spire (QoL Compilation)","Permanent Neow","Quick Restart","Replay The Spire","StSLib","SuperFastMode","The Cursed","UnlockEverythingMod"],"gold_per_floor":[109,122,122,138,150,165,181,181,181,181,181,181,194,213,229,248,248,346,346,356,356,103,116,126,126,139,156,156,171,171,86,86,96,96,191,191,201,201,212,224,242,242,242,262,309,136,136,136,136,73,73,73],"floor_reached":53,"language":"KOR","playtime":2156,"items_purged":["Strike_R","Strike_B","Strike_B"],"score":684,"play_id":"51c68a80-bc76-4d1d-af86-98efc4d9542f","local_time":"20210223092609","is_ascension_mode":false,"campfire_choices":[{"data":"Dualcast","floor":8.0,"key":"SMITH"},{"data":"Chaos","floor":12.0,"key":"SMITH"},{"data":"Crow Ritual","floor":17.0,"key":"SMITH"},{"floor":25.0,"key":"REST"},{"floor":32.0,"key":"REST"},{"floor":34.0,"key":"REST"},{"floor":42,"key":"REST"},{"data":"Strike_B","floor":48,"key":"PURGE"},{"data":"Strike_B","floor":51,"key":"PURGE"}],"circlet_count":0,"master_deck":["Defend_B","Defend_B","Defend_B","Defend_B","Zap","Dualcast+1","Crow Ritual+1","Gash","Hologram","Streamline","Ball Lightning","Sunder","Chaos+1","Gash","Stack+1","Chill+1","Coolheaded+1","All For One","Recycle+1","ReplaySolidLightProjector+1","Glacier+1","Coolheaded+1","Undo+1","Consume+1","Reboot+1","Hologram+1","Electrodynamics","Gash+1","Compile Driver+1","Pot Of Greed+1","Pot Of Greed+1","Pot Of Greed+1","Pot Of Greed+1"],"relics":["Cracked Core","Toxic Egg 2","Fusion Hammer","Enchiridion","Membership Card","Strawberry","The Courier","Blue Candle","Inserter","Grinning Jar","Peace Pipe","Quantum Egg"],"acts_visited":["Exordium","TheCity","TheBeyond"],"potions_floor_usage":[52,52],"damage_taken":[{"damage":1.0,"enemies":"Jaw Worm","floor":1.0,"turns":3.0},{"damage":6.0,"enemies":"Cultist","floor":2.0,"turns":3.0},{"damage":0.0,"enemies":"Small Slimes","floor":4.0,"turns":2.0},{"damage":1.0,"enemies":"2 Fungi Beasts","floor":5.0,"turns":3.0},{"damage":7.0,"enemies":"3 Louse","floor":6.0,"turns":2.0},{"damage":8.0,"enemies":"Red Slaver","floor":7.0,"turns":2.0},{"damage":9.0,"enemies":"Large Slime","floor":13.0,"turns":4.0},{"damage":3.0,"enemies":"Gremlin Gang","floor":14.0,"turns":3.0},{"damage":11.0,"enemies":"Red Slaver","floor":15.0,"turns":4.0},{"damage":0.0,"enemies":"2 Fungi Beasts","floor":16.0,"turns":3.0},{"damage":35.0,"enemies":"Hexaghost","floor":18.0,"turns":10.0},{"damage":7.0,"enemies":"Spheric Guardian","floor":20.0,"turns":4.0},{"damage":14.0,"enemies":"3 Byrds","floor":23.0,"turns":6.0},{"damage":0.0,"enemies":"Snecko","floor":24.0,"turns":5.0},{"damage":9.0,"enemies":"Snake Plant","floor":26.0,"turns":4.0},{"damage":6.0,"enemies":"Shelled Parasite and Fungi","floor":27.0,"turns":5.0},{"damage":1.0,"enemies":"Chosen and Byrds","floor":29.0,"turns":7.0},{"damage":19.0,"enemies":"Colosseum Slavers","floor":30.0,"turns":6.0},{"damage":6.0,"enemies":"Sentry and Sphere","floor":33.0,"turns":3.0},{"damage":12.0,"enemies":"Pondfish","floor":35.0,"turns":11.0},{"damage":0.0,"enemies":"3 Shapes","floor":37.0,"turns":5.0},{"damage":0,"enemies":"Orb Walker","floor":39,"turns":6},{"damage":0,"enemies":"Jaw Worm Horde","floor":40,"turns":5},{"damage":0,"enemies":"4 Shapes","floor":41,"turns":6},{"damage":0,"enemies":"Transient","floor":44,"turns":5},{"damage":0,"enemies":"Replay:Hell Engine","floor":52,"turns":11}],"seed_played":"4428078386972664360","potions_obtained":[{"floor":4.0,"key":"Weak Potion"},{"floor":7.0,"key":"Fire Potion"},{"floor":13.0,"key":"LiquidBronze"},{"floor":15.0,"key":"FairyPotion"},{"floor":23.0,"key":"Fire Potion"},{"floor":27.0,"key":"Reflective Coating"},{"floor":35.0,"key":"Strength Potion"},{"floor":40,"key":"FocusPotion"}],"is_trial":false,"path_per_floor":["M","M","?","M","M","M","M","R","T","PTL","PTL","R","M","M","M","M","R","B",null,"M","?","$","M","M","R","M","M","T","M","?","?","R","M","R","B",null,"M","?","M","M","M","R","?","M","T","$","T","R","?","$","R","B",null],"character_chosen":"DEFECT","items_purchased":["Membership Card","Strawberry","Peace Pipe"],"campfire_rested":4,"item_purchase_floors":[22,22,46],"current_hp_per_floor":[74,68,68,68,67,60,52,52,52,52,52,52,43,40,29,29,29,18,75,68,52,59,45,45,69,60,54,54,53,34,34,58,52,76,64,82,82,82,82,82,82,82,82,82,82,82,82,82,82,82,82,82],"gold":73,"neow_bonus":"RANDOM_COLORLESS_2","is_daily":false,"chose_seed":false,"campfire_upgraded":3,"win_rate":0.0,"timestamp":1614039969,"path_taken":["M","M","?","M","?","M","?","R","T","PTL","PTL","R","M","M","M","M","R","BOSS","M","?","$","M","M","R","M","M","T","M","?","?","R","M","R","BOSS","M","?","M","M","?","R","?","?","T","$","?","R","?","$","R","BOSS"],"items_purchased_type":["Relic","Relic","Relic"],"build_version":"2020-12-22","purchased_purges":3,"victory":true,"max_hp_per_floor":[75,75,75,75,75,75,75,75,75,75,75,75,75,75,75,75,75,75,75,75,75,82,82,82,82,82,82,82,82,82,82,82,82,82,82,82,82,82,82,82,82,82,82,82,82,82,82,82,82,82,82,82],"card_choices":[{"not_picked":["ReplayUltimateDefense","Poisoned Strike"],"picked":"Crow Ritual","floor":0.0},{"not_picked":["Beam Cell","Coolheaded"],"picked":"Gash","floor":1.0},{"not_picked":["Recycle","ReplayTheSpireMod:Calculation Training"],"picked":"Hologram","floor":2.0},{"not_picked":["Aggregate","Conserve Battery"],"picked":"Streamline","floor":4.0},{"not_picked":["BasicCrystalCard","Hologram"],"picked":"Ball Lightning","floor":5.0},{"not_picked":["Storm","Hello World"],"picked":"Sunder","floor":6.0},{"not_picked":["ReplayTheSpireMod:Repulse","Beam Cell"],"picked":"Chaos","floor":7.0},{"not_picked":["ReplayTheSpireMod:Reroute Power+1","Streamline"],"picked":"Gash","floor":13.0},{"not_picked":["Reinforced Body+1","Self Repair"],"picked":"Stack+1","floor":14.0},{"not_picked":["ReplayTheSpireMod:Calculation Training+1","Streamline"],"picked":"Chill+1","floor":15.0},{"not_picked":["Darkness+1","Consume+1"],"picked":"Coolheaded+1","floor":16.0},{"not_picked":["ReplayRNGCard+1","Amplify+1"],"picked":"All For One","floor":18.0},{"not_picked":["Steam+1","Leap+1"],"picked":"Recycle+1","floor":20.0},{"not_picked":["Cold Snap","FIFO Queue+1"],"picked":"ReplaySolidLightProjector+1","floor":23.0},{"not_picked":["Tempest+1","Beam Cell","Storm"],"picked":"SKIP","floor":24.0},{"not_picked":["Melter+1","Darkness+1"],"picked":"Glacier+1","floor":26.0},{"not_picked":["Melter","BasicCrystalCard+1"],"picked":"Coolheaded+1","floor":27.0},{"not_picked":["Sweeping Beam+1","Coolheaded+1"],"picked":"Undo+1","floor":29.0},{"not_picked":["Sweeping Beam+1","Thunder Strike"],"picked":"Consume+1","floor":33.0},{"not_picked":["Echo Form","ReplayRNGCard+1"],"picked":"Reboot+1","floor":35.0},{"not_picked":["Redo+1","Ball Lightning"],"picked":"Hologram+1","floor":37.0},{"not_picked":["Sweeping Beam","Genetic Algorithm+1"],"picked":"Gash+1","floor":39},{"not_picked":["Stack+1","Chaos+1","Melter+1"],"picked":"SKIP","floor":40},{"not_picked":["Gash","Rip and Tear+1","Sweeping Beam"],"picked":"SKIP","floor":41},{"not_picked":["Sunder","Rebound+1"],"picked":"Compile Driver+1","floor":44}],"player_experience":139883,"relics_obtained":[{"floor":9.0,"key":"Toxic Egg 2"},{"floor":21.0,"key":"Enchiridion"},{"floor":28.0,"key":"The Courier"},{"floor":45,"key":"Grinning Jar"},{"floor":47,"key":"Quantum Egg"}],"event_choices":[{"cards_removed":["Strike_P"],"damage_healed":0.0,"max_hp_gain":0.0,"max_hp_loss":0.0,"gold_gain":0.0,"event_name":"Purifier","player_choice":"Purged","floor":3.0,"gold_loss":0.0,"damage_taken":0.0},{"damage_healed":0.0,"max_hp_gain":0.0,"max_hp_loss":0.0,"gold_gain":0.0,"event_name":"Cursed Tome","player_choice":"Obtained Book","floor":21.0,"gold_loss":0.0,"damage_taken":16.0},{"damage_healed":0.0,"max_hp_gain":0.0,"max_hp_loss":0.0,"gold_gain":0.0,"event_name":"Colosseum","player_choice":"Fight","floor":30.0,"gold_loss":0.0,"damage_taken":0.0},{"damage_healed":0.0,"max_hp_gain":0.0,"max_hp_loss":0.0,"gold_gain":0.0,"event_name":"Colosseum","player_choice":"Fled From Nobs","floor":30.0,"gold_loss":0.0,"damage_taken":0.0},{"damage_healed":0.0,"max_hp_gain":0.0,"max_hp_loss":0.0,"gold_gain":0.0,"event_name":"Addict","player_choice":"Obtained Relic","floor":31.0,"gold_loss":85.0,"damage_taken":0.0,"relics_obtained":["Blue Candle"]},{"damage_healed":0,"gold_gain":0,"player_choice":"1 cards matched","damage_taken":0,"max_hp_gain":0,"max_hp_loss":0,"event_name":"Match and Keep!","floor":38,"gold_loss":0,"cards_obtained":["Electrodynamics"]},{"damage_healed":0,"gold_gain":0,"player_choice":"Ignored","damage_taken":0,"max_hp_gain":0,"max_hp_loss":0,"event_name":"NoteForYourself","floor":43,"gold_loss":0},{"damage_healed":0,"gold_gain":0,"player_choice":"Copied","damage_taken":0,"max_hp_gain":0,"max_hp_loss":0,"event_name":"Duplicator","floor":49,"gold_loss":0,"cards_obtained":["Pot Of Greed"]}],"is_beta":false,"boss_relics":[{"not_picked":["Ectoplasm","Snecko Eye"],"picked":"Fusion Hammer"},{"not_picked":["Pandora\u0027s Box","Sozu"],"picked":"Inserter"}],"items_purged_floors":[22,46,50],"is_endless":false,"potions_floor_spawned":[4,7,13,15,23,27,30,35,37,40,44],"ascension_level":0}}