{"host":"h49usdrjeju7gyhi","time":1614039556,"event":{"mods":["Act Like it!","BaseMod","Minty Spire (QoL Compilation)","Ruina","StSLib","The Animator"],"gold_per_floor":[122,31,106,132,132,132,164,200,200,271,309,309,320,344,344,438,438,456,500,500,344,344,344,344,344,344,362,376,376,376],"floor_reached":29,"language":"ENG","playtime":1330,"items_purged":["animator:Strike_Kancolle"],"score":516,"play_id":"e8bc5df8-8d5b-49ac-9f01-cfe00f056c80","local_time":"20210222191916","is_ascension_mode":true,"campfire_choices":[{"data":"animator:LeleiLaLalena","floor":6,"key":"SMITH"},{"data":"animator:Kuribayashi","floor":12,"key":"SMITH"},{"floor":15,"key":"REST"},{"data":"animator:AcuraShin","floor":23,"key":"SMITH"},{"data":"animator:TukaLunaMarceau","floor":25,"key":"SMITH"}],"circlet_count":0,"master_deck":["AscendersBane","animator:Strike_GATE","animator:Defend_GATE","animator:TukaLunaMarceau+1","animator:Kuribayashi+1","animator:Viivi","animator:Strike_AccelWorld","animator:Strike_HitsugiNoChaika+1","animator:Defend_Katanagatari","animator:Defend_Fate","animator:Defend_Konosuba+1","animator:LeleiLaLalena+1","animator:Arpeggio","animator:Bozes","animator:Guy","animator:AcuraShin+1","animator:Tyuule","animator:RoryMercury","animator:Archer","animator:ShinjiMatou+1","animator:Fredrika"],"relics":["animator:VividPicture","animator:TheMissingPiece","animator:PurgingStone","NeowsBlessing","Singing Bowl","Tiny Chest","White Beast Statue","Letter Opener","animator:Hoodie","Darkstone Periapt"],"acts_visited":["Exordium","Exordium"],"potions_floor_usage":[14,16,19,27],"damage_taken":[{"damage":0,"enemies":"Small Slimes","floor":1,"turns":1},{"damage":0,"enemies":"2 Louse","floor":4,"turns":1},{"damage":0,"enemies":"Lagavulin","floor":7,"turns":2},{"damage":0,"enemies":"Jaw Worm","floor":8,"turns":5},{"damage":18,"enemies":"3 Sentries","floor":11,"turns":7},{"damage":8,"enemies":"3 Louse","floor":13,"turns":2},{"damage":0,"enemies":"2 Fungi Beasts","floor":14,"turns":3},{"damage":20,"enemies":"Hexaghost","floor":16,"turns":10},{"damage":2,"enemies":"ruina:2_Scarecrows","floor":18,"turns":4},{"damage":16,"enemies":"ruina:BadWolf","floor":19,"turns":6},{"damage":32,"enemies":"ruina:Woodsman","floor":27,"turns":4},{"damage":27,"enemies":"ruina:KnightOfDespair","floor":28,"turns":5},{"damage":15,"enemies":"ruina:Nos_and_Bat","floor":29,"turns":3}],"seed_played":"-1937312251627186766","potions_obtained":[{"floor":4,"key":"GamblersBrew"},{"floor":7,"key":"FearPotion"},{"floor":11,"key":"Block Potion"},{"floor":13,"key":"Weak Potion"},{"floor":14,"key":"Strength Potion"},{"floor":16,"key":"Weak Potion"},{"floor":19,"key":"AttackPotion"},{"floor":27,"key":"FairyPotion"},{"floor":28,"key":"EssenceOfSteel"}],"is_trial":false,"path_per_floor":["M","?","?","M","?","R","E","M","T","T","E","R","M","M","R","B",null,"M","M","?","$","T","R","?","R","T","M","M","M"],"character_chosen":"THE_ANIMATOR","items_purchased":["animator:Archer"],"campfire_rested":1,"item_purchase_floors":[21],"current_hp_per_floor":[54,54,43,43,25,25,26,26,26,26,9,9,3,5,24,4,51,50,34,34,34,34,34,42,42,42,10,14,0,0],"gold":376,"neow_bonus":"THREE_ENEMY_KILL","is_daily":false,"chose_seed":false,"campfire_upgraded":4,"win_rate":0.0,"timestamp":1614039556,"path_taken":["M","?","?","M","?","R","E","M","T","?","E","R","?","M","R","BOSS","M","M","?","$","?","R","?","R","T","?","M","M"],"items_purchased_type":["Card"],"build_version":"2020-12-22","purchased_purges":1,"victory":false,"max_hp_per_floor":[60,60,60,60,60,60,61,61,61,61,62,62,64,66,66,66,66,67,67,67,67,67,67,75,75,75,75,76,76,76],"card_choices":[{"not_picked":["animator:Scar","animator:TsurugaMeisai"],"picked":"animator:Viivi","floor":1},{"not_picked":["animator:Sebas","animator:ElricEdward"],"picked":"animator:LeleiLaLalena","floor":4},{"not_picked":["animator:SwordMaiden","animator:Yuuichirou"],"picked":"animator:Arpeggio","floor":7},{"not_picked":["animator:LeleiLaLalena","animator:Arpeggio"],"picked":"animator:Bozes","floor":8},{"not_picked":["animator:Assassin","animator:Pride"],"picked":"animator:Guy","floor":11},{"not_picked":["animator:HighElfArcher","animator:DwarfShaman","animator:ElricEdward"],"picked":"Singing Bowl","floor":13},{"not_picked":["animator:Mitsurugi","animator:Togame","animator:Darkness"],"picked":"Singing Bowl","floor":14},{"not_picked":["animator:Biyorigo","animator:FeridBathory"],"picked":"animator:AcuraShin","floor":16},{"not_picked":["animator:YaoHaDucy","animator:Kuribayashi"],"picked":"animator:Tyuule","floor":18},{"not_picked":["animator:Shalltear","animator:Verdia"],"picked":"animator:RoryMercury","floor":19},{"not_picked":["animator:Mikaela","animator:Guy"],"picked":"animator:ShinjiMatou+1","floor":27},{"not_picked":["animator:YaoHaDucy","animator:Guren"],"picked":"animator:Fredrika","floor":28}],"player_experience":1599281,"relics_obtained":[{"floor":7,"key":"Singing Bowl"},{"floor":9,"key":"Tiny Chest"},{"floor":10,"key":"White Beast Statue"},{"floor":11,"key":"Letter Opener"},{"floor":22,"key":"animator:Hoodie"},{"floor":26,"key":"Darkstone Periapt"}],"event_choices":[{"damage_healed":0,"gold_gain":75,"player_choice":"Gather Gold","damage_taken":11,"max_hp_gain":0,"max_hp_loss":0,"event_name":"World of Goop","floor":3,"gold_loss":0},{"damage_healed":0,"gold_gain":0,"player_choice":"Entered Light","damage_taken":18,"max_hp_gain":0,"max_hp_loss":0,"event_name":"Shining Light","floor":5,"gold_loss":0,"cards_upgraded":["animator:Strike_HitsugiNoChaika","animator:Defend_Konosuba"]}],"is_beta":false,"boss_relics":[{"not_picked":["Coffee Dripper","animator:CrumblingOrb"],"picked":"animator:VividPicture"}],"items_purged_floors":[21],"is_endless":false,"potions_floor_spawned":[4,7,11,13,14,16,18,19,27,28],"killed_by":"ruina:Nos_and_Bat","ascension_level":20}}