{"host":"prxrhpgaxnj4om9r","time":1614091386,"event":{"mods":["AchievementEnabler","BaseMod","Colored Map","DeckTracker","Minty Spire (QoL Compilation)"],"gold_per_floor":[110,110,110,120,139,139,155,155,205,218,36,67,86,104,104,199,199,211,228,241,257,257,32,49,63,142,142,169,169,24,24,24],"floor_reached":31,"language":"KOR","playtime":1250,"items_purged":[],"score":313,"play_id":"4056cbad-5aa7-454a-bf2b-c3e943311764","local_time":"20210223234306","is_ascension_mode":true,"campfire_choices":[{"data":"TalkToTheHand","floor":6,"key":"SMITH"},{"data":"Vigilance","floor":8,"key":"SMITH"},{"data":"ClearTheMind","floor":15,"key":"SMITH"},{"floor":29,"key":"REST"}],"circlet_count":0,"master_deck":["Strike_P","Strike_P","Strike_P","Strike_P","Defend_P","Defend_P","Defend_P","Defend_P","Eruption+1","Vigilance+1","TalkToTheHand+1","TalkToTheHand","Conclude","CutThroughFate","BattleHymn","SandsOfTime","Prostrate","ReachHeaven","ClearTheMind+1","Scrawl","EmptyMind+1","FearNoEvil","Tantrum+1","Perseverance","ForeignInfluence","BowlingBash","Prostrate+1","WaveOfTheHand+1"],"relics":["PureWater","Nunchaku","Centennial Puzzle","Bag of Marbles","Toy Ornithopter","Black Star","Bronze Scales","Molten Egg 2","Red Mask","OrangePellets"],"acts_visited":["Exordium","TheCity"],"potions_floor_usage":[7,10,16,16,24,24,24,28,31],"damage_taken":[{"damage":4,"enemies":"Jaw Worm","floor":1,"turns":3},{"damage":4,"enemies":"2 Louse","floor":4,"turns":3},{"damage":0,"enemies":"Cultist","floor":5,"turns":2},{"damage":2,"enemies":"3 Louse","floor":7,"turns":3},{"damage":0,"enemies":"Exordium Thugs","floor":10,"turns":2},{"damage":5,"enemies":"Gremlin Nob","floor":12,"turns":3},{"damage":0,"enemies":"Looter","floor":13,"turns":1},{"damage":1,"enemies":"Lots of Slimes","floor":14,"turns":2},{"damage":10,"enemies":"Hexaghost","floor":16,"turns":5},{"damage":7,"enemies":"Shell Parasite","floor":18,"turns":4},{"damage":28,"enemies":"Spheric Guardian","floor":19,"turns":4},{"damage":17,"enemies":"Centurion and Healer","floor":20,"turns":4},{"damage":3,"enemies":"Cultist and Chosen","floor":21,"turns":4},{"damage":0,"enemies":"Snecko","floor":24,"turns":2},{"damage":12,"enemies":"Chosen and Byrds","floor":25,"turns":3},{"damage":9,"enemies":"Masked Bandits","floor":28,"turns":3},{"damage":36,"enemies":"Gremlin Leader","floor":31,"turns":5}],"seed_played":"-133976152582738889","potions_obtained":[{"floor":0,"key":"StancePotion"},{"floor":0,"key":"BottledMiracle"},{"floor":0,"key":"Swift Potion"},{"floor":1,"key":"DistilledChaos"},{"floor":10,"key":"Block Potion"},{"floor":14,"key":"DistilledChaos"},{"floor":22,"key":"ColorlessPotion"},{"floor":22,"key":"FearPotion"},{"floor":22,"key":"BottledMiracle"},{"floor":24,"key":"Dexterity Potion"},{"floor":28,"key":"PowerPotion"}],"is_trial":false,"path_per_floor":["M","?","?","M","M","R","M","R","T","M","$","E","M","M","R","B",null,"M","M","M","M","?","$","M","M","T","$","?","R","$","E"],"character_chosen":"WATCHER","items_purchased":["SandsOfTime","Bag of Marbles","Bronze Scales","ForeignInfluence","OrangePellets"],"campfire_rested":1,"item_purchase_floors":[11,11,23,23,30],"current_hp_per_floor":[61,61,61,57,57,57,55,55,55,55,55,50,50,49,49,49,66,59,31,14,11,11,11,26,14,14,14,10,31,31,0,0],"gold":24,"neow_bonus":"THREE_SMALL_POTIONS","is_daily":false,"chose_seed":false,"campfire_upgraded":3,"win_rate":0.0,"timestamp":1614091386,"path_taken":["M","?","?","M","M","R","M","R","T","M","$","E","M","M","R","BOSS","M","M","?","M","?","$","M","M","T","?","?","R","$","E"],"items_purchased_type":["Card","Relic","Relic","Card","Relic"],"build_version":"2020-12-22","purchased_purges":0,"victory":false,"max_hp_per_floor":[72,72,72,72,72,72,72,72,72,72,72,72,72,72,72,72,72,72,72,72,72,72,72,72,72,72,72,72,72,72,72,72],"card_choices":[{"not_picked":["ThirdEye","PathToVictory"],"picked":"TalkToTheHand","floor":1},{"not_picked":["Meditate","WreathOfFlame"],"picked":"TalkToTheHand","floor":4},{"not_picked":["FollowUp","Crescendo"],"picked":"Conclude","floor":5},{"not_picked":["JustLucky","Protect"],"picked":"CutThroughFate","floor":7},{"not_picked":["CrushJoints","Establishment"],"picked":"BattleHymn","floor":10},{"not_picked":["Halt","BattleHymn"],"picked":"Prostrate","floor":12},{"not_picked":["Protect","Sanctity"],"picked":"ReachHeaven","floor":13},{"not_picked":["Protect","SandsOfTime"],"picked":"ClearTheMind","floor":14},{"not_picked":["ConjureBlade","Brilliance"],"picked":"Scrawl","floor":16},{"not_picked":["CutThroughFate","CrushJoints"],"picked":"EmptyMind+1","floor":18},{"not_picked":["ClearTheMind","Meditate"],"picked":"FearNoEvil","floor":19},{"not_picked":["FollowUp","FlurryOfBlows"],"picked":"Tantrum+1","floor":20},{"not_picked":["WreathOfFlame","EmptyFist"],"picked":"Perseverance","floor":21},{"not_picked":["Omniscience","ClearTheMind"],"picked":"BowlingBash","floor":24},{"not_picked":["Swivel+1","SandsOfTime"],"picked":"Prostrate+1","floor":25},{"not_picked":["EmptyBody","FollowUp+1"],"picked":"WaveOfTheHand+1","floor":28}],"player_experience":613829,"relics_obtained":[{"floor":9,"key":"Centennial Puzzle"},{"floor":12,"key":"Toy Ornithopter"},{"floor":26,"key":"Molten Egg 2"},{"floor":28,"key":"Red Mask"}],"event_choices":[{"damage_healed":0,"gold_gain":0,"player_choice":"Grow","damage_taken":0,"max_hp_gain":0,"max_hp_loss":0,"event_name":"Living Wall","floor":2,"gold_loss":0,"cards_upgraded":["Eruption"]},{"damage_healed":0,"gold_gain":0,"player_choice":"Gave Potion","damage_taken":0,"relics_obtained":["Nunchaku"],"max_hp_gain":0,"max_hp_loss":0,"event_name":"WeMeetAgain","floor":3,"gold_loss":0},{"damage_healed":0,"gold_gain":0,"player_choice":"Got Potions","damage_taken":0,"max_hp_gain":0,"max_hp_loss":0,"event_name":"Lab","floor":22,"gold_loss":0},{"damage_healed":0,"gold_gain":0,"player_choice":"Fought Bandits","damage_taken":0,"max_hp_gain":0,"max_hp_loss":0,"event_name":"Masked Bandits","floor":28,"gold_loss":0}],"is_beta":false,"boss_relics":[{"not_picked":["Empty Cage","Ectoplasm"],"picked":"Black Star"}],"items_purged_floors":[],"is_endless":false,"potions_floor_spawned":[1,10,14,24,28],"killed_by":"Gremlin Leader","ascension_level":6}}