{"host":"z439itq93uucuvou","time":1614104406,"event":{"mods":["BaseMod","Colored Powertips","Downfall","Jorbs\u0027s Wanderer Trilogy","Minty Spire (QoL Compilation)","StSLib"],"gold_per_floor":[99,112,132,142,200,31,31,31,54,73,107,266,266,282,311,311,311,311],"floor_reached":16,"language":"ENG","playtime":861,"items_purged":[],"score":107,"play_id":"069b41e5-85bb-4f50-b1c8-d8ca8efda311","local_time":"20210223102006","is_ascension_mode":true,"campfire_choices":[{"data":"bronze:Goto","floor":1,"key":"SMITH"},{"data":"bronze:ItsAFeature","floor":13,"key":"SMITH"}],"circlet_count":0,"master_deck":["bronze:Strike","bronze:Strike","bronze:Strike","bronze:Strike","bronze:Defend","bronze:Defend","bronze:Defend","bronze:Defend","bronze:Replicate","bronze:Goto+1","Injury","bronze:BurnOut","bronze:Shell","bronze:BugBarrage","bronze:BuggyMess","bronze:Boost","bronze:Refactor","bronze:Iterate","bronze:ItsAFeature+1","downfall:Icky","bronze:FineTuning"],"relics":["bronze:BronzeCore","Bag of Marbles","Lee\u0027s Waffle","Slimebound:PreparedRelic","MealTicket","Boot","CeramicFish"],"acts_visited":["Exordium"],"potions_floor_usage":[5,11,16,16],"damage_taken":[{"damage":4,"enemies":"2 Louse","floor":2,"turns":3},{"damage":31,"enemies":"Jaw Worm","floor":3,"turns":6},{"damage":7,"enemies":"Small Slimes","floor":4,"turns":4},{"damage":25,"enemies":"Gremlin Nob","floor":5,"turns":4},{"damage":0,"enemies":"downfall:FleeingMerchant","floor":6,"turns":4},{"damage":7,"enemies":"Blue Slaver","floor":10,"turns":4},{"damage":29,"enemies":"Gremlin Nob","floor":11,"turns":4},{"damage":0,"enemies":"Gremlin Gang","floor":14,"turns":4},{"damage":11,"enemies":"Red Slaver","floor":15,"turns":3},{"damage":30,"enemies":"IC_STATUS_ARCHETYPE","floor":16,"turns":4}],"seed_played":"6358304927537071514","potions_obtained":[{"floor":2,"key":"SneckoOil"},{"floor":5,"key":"Energy Potion"},{"floor":11,"key":"DistilledChaos"},{"floor":15,"key":"BlessingOfTheForge"}],"is_trial":false,"path_per_floor":["R","M","M","M","?","$","T","?","T","M","E","?","R","M","M","B"],"character_chosen":"THE_AUTOMATON","items_purchased":["Lee\u0027s Waffle"],"campfire_rested":0,"item_purchase_floors":[6],"current_hp_per_floor":[70,66,35,28,3,77,77,70,70,63,34,34,34,34,23,0,0,0],"gold":311,"neow_bonus":"THREE_RARE_CARDS","is_daily":false,"chose_seed":false,"campfire_upgraded":2,"win_rate":0.0,"timestamp":1614104406,"path_taken":["R","M","M","M","?","$","T","?","?","M","E","?","R","?","M","BOSS"],"items_purchased_type":["Relic"],"build_version":"2020-12-22","purchased_purges":0,"victory":false,"max_hp_per_floor":[70,70,70,70,70,77,77,77,77,77,77,77,77,77,77,77,77,77],"card_choices":[{"not_picked":["bronze:Format","bronze:ShipIt"],"picked":"bronze:BurnOut","floor":0},{"not_picked":["bronze:Separator","bronze:DelayedGuard"],"picked":"bronze:Shell","floor":2},{"not_picked":["bronze:Frontload","bronze:Philosophize"],"picked":"bronze:BugBarrage","floor":3},{"not_picked":["bronze:FollowUp","bronze:Overload"],"picked":"bronze:BuggyMess","floor":4},{"not_picked":["bronze:CutThrough","bronze:Separator"],"picked":"bronze:Boost","floor":5},{"not_picked":["bronze:Repair","bronze:InfiniteLoop"],"picked":"bronze:Refactor","floor":6},{"not_picked":["bronze:CutThrough","bronze:Optimize"],"picked":"bronze:Iterate","floor":10},{"not_picked":["bronze:HardenedForm","bronze:BugBarrage"],"picked":"bronze:ItsAFeature","floor":11},{"not_picked":["bronze:Turbo","bronze:DelayedSlice","bronze:Constructor"],"picked":"SKIP","floor":14},{"not_picked":["bronze:ChildClass","bronze:Shell"],"picked":"bronze:FineTuning","floor":15}],"player_experience":1746893,"relics_obtained":[{"floor":5,"key":"Bag of Marbles"},{"floor":7,"key":"Slimebound:PreparedRelic"},{"floor":9,"key":"Boot"},{"floor":11,"key":"CeramicFish"}],"event_choices":[{"damage_healed":0,"gold_gain":0,"player_choice":"Success","damage_taken":7,"relics_obtained":["MealTicket"],"max_hp_gain":0,"max_hp_loss":0,"event_name":"Scrap Ooze","floor":8,"gold_loss":0}],"is_beta":false,"boss_relics":[],"items_purged_floors":[],"is_endless":false,"potions_floor_spawned":[2,5,11,15],"killed_by":"IC_STATUS_ARCHETYPE","ascension_level":1}}