{"host":"tgnam0g96qraiyqx","time":1614067555,"event":{"mods":["Act Like it!","Always Whale","Aspiration","BaseMod","Beaked The Cultist","BetterRewards","Chen","Colored Map","Colored Powertips","Downfall","Energized Spire","FruityMod","FutureSeer","Glutton Mod","Gremlin Mod","Hermit","HexUI Lib","Highlight Path","Hubris","Kratos Character Expansion","Lobotomy","Minty Spire (QoL Compilation)","Pikachu Mod","Replay The Spire","Ruina","Shop Mod","StSLib","The Animator","The Cursed","The Dragonkin","The Jungle","[IsaacMod]????"],"gold_per_floor":[129,144,144,144,244,255,282,282,312,312,338,338,9,38,67,180,180,180,218,249,277,22,59,134,134,160,240,240,240,266,314,342,463,463,463,494,535,572,128,168,194,249,296,349,449,480,480,480,510,524],"floor_reached":51,"language":"FRA","playtime":3108,"items_purged":["KratosMod:Strike_K","KratosMod:Defend_K","KratosMod:Defend_K"],"score":898,"play_id":"6393362d-f76f-4837-aaf7-19786fb1f182","local_time":"20210223090555","is_ascension_mode":false,"campfire_choices":[{"data":"KratosMod:cyclone","floor":1,"key":"SMITH"},{"data":"KratosMod:ShieldBash","floor":8,"key":"SMITH"},{"data":"KratosMod:BladeWhip","floor":10,"key":"SMITH"},{"data":"KratosMod:ShieldBash","floor":12,"key":"SMITH"},{"data":"KratosMod:Revenge","floor":18,"key":"SMITH"},{"data":"KratosMod:Revenge","floor":25,"key":"SMITH"},{"data":"Mayhem","floor":29,"key":"SMITH"},{"data":"KratosMod:BladeWhip","floor":35,"key":"SMITH"},{"data":"Apotheosis","floor":47,"key":"SMITH"}],"circlet_count":0,"master_deck":["KratosMod:Strike_K","KratosMod:Strike_K","KratosMod:Defend_K+1","KratosMod:Defend_K+1","KratosMod:cyclone+1","KratosMod:AthenaBane","KratosMod:BladeWhip+1","KratosMod:ShieldBash+1","KratosMod:clawsofhades","KratosMod:ShieldBash+1","KratosMod:Revenge+1","expansioncontent:DashGenerateEvil+1","KratosMod:BladeWhip+1","KratosMod:Revenge+1","KratosMod:ShieldBash+1","Mayhem+1","KratosMod:kBerserk+1","Apotheosis+1","KratosMod:SmashStone+1","KratosMod:rattle+1"],"relics":["KratosMod:eagle","HushsDoor","TheBible","Replay:Bandana","Meat on the Bone","Simple Rune","Frozen Egg 2","Lee\u0027s Waffle","hubris:Spice"],"acts_visited":["Exordium","Exordium","TheBeyond"],"potions_floor_usage":[15,20,23,31,32,43,50],"damage_taken":[{"damage":1,"enemies":"Cultist","floor":2,"turns":3},{"damage":3,"enemies":"2 Louse","floor":6,"turns":2},{"damage":0,"enemies":"Small Slimes","floor":9,"turns":2},{"damage":5,"enemies":"downfall:LooterAlt","floor":11,"turns":3},{"damage":2,"enemies":"downfall:FleeingMerchant","floor":13,"turns":4},{"damage":0,"enemies":"Lots of Slimes","floor":14,"turns":2},{"damage":1,"enemies":"Exordium Thugs","floor":15,"turns":2},{"damage":0,"enemies":"DF_ARCHETYPE_STREAMLINE","floor":16,"turns":5},{"damage":0,"enemies":"ruina:Nosferatu","floor":19,"turns":3},{"damage":13,"enemies":"ruina:3_Bats","floor":20,"turns":5},{"damage":13,"enemies":"ruina:QueenOfHate","floor":21,"turns":4},{"damage":15,"enemies":"downfall:FleeingMerchant","floor":22,"turns":4},{"damage":5,"enemies":"ruina:KingOfGreed","floor":23,"turns":3},{"damage":12,"enemies":"downfall:FleeingMerchant","floor":27,"turns":3},{"damage":0,"enemies":"ruina:Woodsman","floor":30,"turns":3},{"damage":11,"enemies":"ruina:RoadHome","floor":31,"turns":5},{"damage":4,"enemies":"ruina:QueenOfHate","floor":32,"turns":2},{"damage":17,"enemies":"WA_ARCHETYPE_CALM","floor":33,"turns":5},{"damage":0,"enemies":"3 Shapes","floor":36,"turns":3},{"damage":10,"enemies":"3 Darklings","floor":37,"turns":3},{"damage":0,"enemies":"Spire Growth","floor":38,"turns":3},{"damage":0,"enemies":"Transient","floor":40,"turns":5},{"damage":0,"enemies":"Giant Head","floor":42,"turns":3},{"damage":36,"enemies":"Jaw Worm Horde","floor":43,"turns":4},{"damage":33,"enemies":"Nemesis","floor":44,"turns":5},{"damage":13,"enemies":"Sphere and 2 Shapes","floor":46,"turns":3},{"damage":21,"enemies":"Writhing Mass","floor":49,"turns":4},{"damage":21,"enemies":"SI_POISON_ARCHETYPE","floor":50,"turns":3}],"seed_played":"-4574409618609204585","potions_obtained":[{"floor":4,"key":"FearPotion"},{"floor":4,"key":"SmokeBomb"},{"floor":4,"key":"champ:CounterPotion"},{"floor":11,"key":"Block Potion"},{"floor":16,"key":"Dexterity Potion"},{"floor":21,"key":"Weak Potion"},{"floor":23,"key":"Swift Potion"},{"floor":32,"key":"SpeedPotion"},{"floor":33,"key":"Adrenaline Potion"},{"floor":36,"key":"PowerPotion"},{"floor":46,"key":"ColorlessPotion"}],"is_trial":false,"path_per_floor":["R","M","?","?","?","M","T","R","M","R","M","R","$","M","M","B",null,"R","M","M","M","$","M","T","R","T","$","?","R","M","E","M","B",null,"R","M","M","M","$","M","T","E","M","E","?","M","R","?","M","B",null],"character_chosen":"KRATOS","items_purchased":["KratosMod:Revenge","expansioncontent:DashGenerateEvil+1","Meat on the Bone","Mayhem","Apotheosis","Lee\u0027s Waffle"],"campfire_rested":0,"item_purchase_floors":[13,13,22,27,39,39],"current_hp_per_floor":[60,59,59,59,59,56,56,56,56,56,51,51,55,55,54,54,60,60,60,47,34,27,34,34,34,34,34,34,34,34,56,52,35,60,60,60,50,50,67,67,67,67,43,53,53,41,41,41,41,67],"gold":524,"neow_bonus":"REMOVE_CARD","is_daily":false,"chose_seed":false,"campfire_upgraded":9,"win_rate":0.0,"timestamp":1614067555,"path_taken":["R","M","?","?","?","M","T","R","M","R","M","R","$","M","M","BOSS","R","M","?","M","$","M","T","R","?","?","?","R","?","E","M","BOSS","R","M","M","M","?","M","T","E","M","E","?","?","R","?","M","BOSS"],"items_purchased_type":["Card","Card","Relic","Card","Card","Relic"],"build_version":"2020-12-22","purchased_purges":3,"victory":true,"max_hp_per_floor":[60,60,60,60,60,60,60,60,60,60,60,60,60,60,60,60,60,60,60,60,60,60,60,60,60,60,60,60,60,60,60,60,60,60,60,60,60,60,67,67,67,67,67,75,75,75,75,75,75,75],"card_choices":[{"not_picked":["Bomb","KratosMod:Roll"],"picked":"KratosMod:BladeWhip","floor":2},{"not_picked":["Bomb","KratosMod:blades"],"picked":"KratosMod:ShieldBash","floor":6},{"not_picked":["KratosMod:BladeWhip","KratosMod:SmashStone"],"picked":"KratosMod:clawsofhades","floor":9},{"not_picked":["KratosMod:BladeWhip","Bomb"],"picked":"KratosMod:ShieldBash","floor":11},{"not_picked":["KratosMod:ShieldBash","KratosMod:Roll","KratosMod:conjuresoul"],"picked":"SKIP","floor":13},{"not_picked":["KratosMod:conjuresoul","KratosMod:ShieldBash","KratosMod:Endure"],"picked":"SKIP","floor":14},{"not_picked":["KratosMod:clawsofhades","KratosMod:rattle"],"picked":"KratosMod:BladeWhip","floor":15},{"not_picked":["KratosMod:blades","KratosMod:tartarusrage"],"picked":"KratosMod:Revenge","floor":16},{"not_picked":["KratosMod:settle","KratosMod:ShieldBash","KratosMod:Roll+1"],"picked":"SKIP","floor":19},{"not_picked":["KratosMod:Roll","KratosMod:settle","KratosMod:Endure+1"],"picked":"SKIP","floor":20},{"not_picked":["KratosMod:Roll+1","KratosMod:settle","KratosMod:Tempor"],"picked":"SKIP","floor":21},{"not_picked":["KratosMod:BladeWhip+1","KratosMod:Tempor","KratosMod:rattle+1"],"picked":"SKIP","floor":22},{"not_picked":["KratosMod:clawsofhades+1","KratosMod:Roll"],"picked":"KratosMod:ShieldBash+1","floor":23},{"not_picked":["KratosMod:BladeWhip","KratosMod:ShieldBash","KratosMod:settle"],"picked":"SKIP","floor":27},{"not_picked":["KratosMod:SmashStone","KratosMod:Roll+1","KratosMod:styx"],"picked":"SKIP","floor":30},{"not_picked":["KratosMod:Endure","KratosMod:Roll","KratosMod:BladeWhip"],"picked":"SKIP","floor":31},{"not_picked":["KratosMod:settle","KratosMod:SmashStone","KratosMod:BladeWhip"],"picked":"SKIP","floor":32},{"not_picked":["KratosMod:styx","KratosMod:Revenge"],"picked":"KratosMod:kBerserk+1","floor":33},{"not_picked":["KratosMod:Roll","KratosMod:rattle+1","KratosMod:conjuresoul+1"],"picked":"SKIP","floor":36},{"not_picked":["KratosMod:ShieldBash","KratosMod:settle","KratosMod:Roll"],"picked":"SKIP","floor":37},{"not_picked":["KratosMod:settle","KratosMod:Roll+1","KratosMod:BladeWhip+1"],"picked":"SKIP","floor":38},{"not_picked":["KratosMod:clawsofhades","KratosMod:Tempor","KratosMod:Roll"],"picked":"SKIP","floor":40},{"not_picked":["KratosMod:SmashStone","KratosMod:clawsofhades+1","KratosMod:Endure+1"],"picked":"SKIP","floor":42},{"not_picked":["KratosMod:BladeWhip","KratosMod:rattle+1","KratosMod:Roll+1"],"picked":"SKIP","floor":43},{"not_picked":["KratosMod:conjuresoul+1","KratosMod:Endure","KratosMod:settle"],"picked":"SKIP","floor":44},{"not_picked":["KratosMod:settle+1","KratosMod:rattle+1"],"picked":"KratosMod:SmashStone+1","floor":46},{"not_picked":["KratosMod:BladeWhip","KratosMod:Endure+1","KratosMod:Roll"],"picked":"SKIP","floor":49}],"player_experience":1284512,"relics_obtained":[{"floor":7,"key":"Replay:Bandana"},{"floor":26,"key":"Simple Rune"},{"floor":31,"key":"Frozen Egg 2"},{"floor":44,"key":"hubris:Spice"}],"event_choices":[{"damage_healed":0,"gold_gain":0,"player_choice":"Got Potions","damage_taken":0,"max_hp_gain":0,"max_hp_loss":0,"event_name":"Lab","floor":4,"gold_loss":0}],"is_beta":false,"boss_relics":[{"not_picked":["energizedSpire:SpiderWeb","energizedSpire:EnergizedDie","hubris:GrandSneckoEye"]},{"not_picked":["beaked:SacredDeck","ReplayTheSpireMod:DimensionalGlitch","Kintsugi"]}],"items_purged_floors":[13,27,39],"is_endless":false,"potions_floor_spawned":[11,15,16,21,23,30,32,33,36,37,42,46],"ascension_level":0}}