{"host":"0xtpc43j5kblke7u","time":1614057587,"event":{"mods":["AchievementEnabler","BaseMod","Colored Map","Highlight Path","Minty Spire (QoL Compilation)"],"gold_per_floor":[112,112,131,144,164,190,190,221,248,24,36,1,17,47,47,150,150,139,64,64,64,15,15,34,34,60,60,74,74,100,70,70,171,171,186,186,186,186],"floor_reached":37,"language":"ENG","playtime":2166,"items_purged":[],"score":578,"play_id":"734bc832-9212-4a7d-82a7-2c164d8db975","local_time":"20210223001947","is_ascension_mode":true,"campfire_choices":[{"floor":7.0,"key":"REST"},{"floor":15,"key":"REST"},{"data":"Infinite Blades","floor":23,"key":"SMITH"},{"data":"Neutralize","floor":29,"key":"SMITH"},{"floor":32,"key":"REST"}],"circlet_count":0,"master_deck":["AscendersBane","Strike_G+1","Strike_G+1","Strike_G+1","Defend_G+1","Defend_G+1","Defend_G+1","Defend_G+1","Defend_G+1","Survivor","Neutralize+1","Quick Slash","Predator","Backflip","Infinite Blades+1","Noxious Fumes+1","Dodge and Roll","Malaise","Corpse Explosion","Escape Plan","PiercingWail","Dodge and Roll+1","Cloak And Dagger","Backflip","Glass Knife"],"relics":["Ring of the Snake","Frozen Egg 2","Oddly Smooth Stone","Happy Flower","Vajra","Strawberry","Sozu","Juzu Bracelet","Omamori","Red Mask","WristBlade"],"acts_visited":["Exordium","TheCity","TheBeyond"],"potions_floor_usage":[14,30],"damage_taken":[{"damage":8.0,"enemies":"Jaw Worm","floor":1.0,"turns":5.0},{"damage":4.0,"enemies":"Cultist","floor":3.0,"turns":3.0},{"damage":0.0,"enemies":"2 Louse","floor":4.0,"turns":2.0},{"damage":6.0,"enemies":"Looter","floor":5.0,"turns":4.0},{"damage":12.0,"enemies":"3 Sentries","floor":6.0,"turns":5.0},{"damage":34.0,"enemies":"Lagavulin","floor":8.0,"turns":9.0},{"damage":0.0,"enemies":"Large Slime","floor":11.0,"turns":4.0},{"damage":12.0,"enemies":"2 Fungi Beasts","floor":13.0,"turns":3.0},{"damage":23,"enemies":"Gremlin Nob","floor":14,"turns":5},{"damage":28,"enemies":"Hexaghost","floor":16,"turns":11},{"damage":10,"enemies":"2 Thieves","floor":18,"turns":4},{"damage":4,"enemies":"Chosen","floor":24,"turns":5},{"damage":0,"enemies":"Centurion and Healer","floor":28,"turns":4},{"damage":0,"enemies":"Masked Bandits","floor":30,"turns":2},{"damage":9,"enemies":"Automaton","floor":33,"turns":12},{"damage":1,"enemies":"3 Shapes","floor":35,"turns":3},{"damage":73,"enemies":"Time Eater","floor":37,"turns":6}],"seed_played":"2169778337429228131","potions_obtained":[{"floor":1.0,"key":"PowerPotion"},{"floor":4.0,"key":"Explosive Potion"},{"floor":5.0,"key":"SmokeBomb"},{"floor":11.0,"key":"SpeedPotion"},{"floor":16,"key":"Block Potion"}],"is_trial":false,"path_per_floor":["M","?","M","M","M","E","R","E","T","$","M","?","M","E","R","B",null,"M","?","?","?","$","R","M","$","T","?","M","R","?","?","R","B",null,"M","?","B"],"character_chosen":"THE_SILENT","items_purchased":["Vajra","Noxious Fumes+1","PiercingWail"],"campfire_rested":3,"item_purchase_floors":[10,10,22],"current_hp_per_floor":[55,55,51,51,45,33,54,20,20,20,20,37,25,9,32,4,59,49,49,49,49,49,49,45,45,45,45,45,45,45,45,68,59,73,72,72,0,0],"gold":186,"neow_bonus":"THREE_CARDS","is_daily":false,"chose_seed":false,"campfire_upgraded":2,"win_rate":0.0,"timestamp":1614057587,"path_taken":["M","?","M","?","M","E","R","E","T","$","M","?","M","E","R","BOSS","M","?","?","?","$","R","M","$","T","?","M","R","?","?","R","BOSS","M","?","BOSS"],"items_purchased_type":["Relic","Card","Card"],"build_version":"2020-12-22","purchased_purges":0,"victory":false,"max_hp_per_floor":[70,70,70,70,70,70,70,70,70,70,70,70,70,77,77,77,77,77,77,77,77,77,77,77,77,77,77,77,77,77,77,77,77,77,77,77,77,77],"card_choices":[{"not_picked":["Outmaneuver","Caltrops"],"picked":"Quick Slash","floor":0.0},{"not_picked":["Reflex","Heel Hook"],"picked":"Predator","floor":1.0},{"not_picked":["All Out Attack","Acrobatics"],"picked":"Backflip","floor":3.0},{"not_picked":["Outmaneuver","All Out Attack","Riddle With Holes"],"picked":"SKIP","floor":4.0},{"not_picked":["Expertise","Reflex"],"picked":"Infinite Blades","floor":5.0},{"not_picked":["Terror","Prepared","Slice"],"picked":"SKIP","floor":6.0},{"not_picked":["Endless Agony","Calculated Gamble","Quick Slash"],"picked":"SKIP","floor":8.0},{"not_picked":["Setup","Expertise","Underhanded Strike"],"picked":"SKIP","floor":11.0},{"not_picked":["Acrobatics","Flying Knee"],"picked":"Dodge and Roll","floor":13.0},{"not_picked":["Predator","Unload"],"picked":"Malaise","floor":14},{"not_picked":["Malaise","Envenom+1"],"picked":"Corpse Explosion","floor":16},{"not_picked":["Sucker Punch","Outmaneuver"],"picked":"Escape Plan","floor":18},{"not_picked":["Quick Slash","Sucker Punch"],"picked":"Dodge and Roll+1","floor":24},{"not_picked":["Bane","Choke"],"picked":"Cloak And Dagger","floor":28},{"not_picked":["Setup","Calculated Gamble+1"],"picked":"Backflip","floor":30},{"not_picked":["Bullet Time","Burst"],"picked":"Glass Knife","floor":33},{"not_picked":["Cloak And Dagger","Infinite Blades+1","Backflip+1"],"picked":"SKIP","floor":35}],"player_experience":702709,"relics_obtained":[{"floor":6.0,"key":"Frozen Egg 2"},{"floor":8.0,"key":"Oddly Smooth Stone"},{"floor":9.0,"key":"Happy Flower"},{"floor":14,"key":"Strawberry"},{"floor":26,"key":"Omamori"},{"floor":30,"key":"Red Mask"}],"event_choices":[{"cards_removed":["Strike_G"],"damage_healed":0.0,"max_hp_gain":0.0,"max_hp_loss":0.0,"gold_gain":0.0,"event_name":"Wheel of Change","player_choice":"Card Removal","floor":2.0,"gold_loss":0.0,"damage_taken":0.0},{"damage_healed":17.0,"max_hp_gain":0.0,"max_hp_loss":0.0,"gold_gain":0.0,"event_name":"The Cleric","player_choice":"Healed","floor":12.0,"gold_loss":35.0,"damage_taken":0.0},{"cards_removed":["Strike_G"],"damage_healed":0,"gold_gain":0,"player_choice":"Gave Gold","damage_taken":0,"max_hp_gain":0,"max_hp_loss":0,"event_name":"Beggar","floor":19,"gold_loss":75},{"damage_healed":0,"gold_gain":0,"player_choice":"Opened","damage_taken":0,"relics_obtained":["Juzu Bracelet"],"max_hp_gain":0,"max_hp_loss":0,"event_name":"The Mausoleum","floor":20,"gold_loss":0},{"damage_healed":0,"gold_gain":0,"player_choice":"Simplicity","damage_taken":0,"max_hp_gain":0,"max_hp_loss":0,"event_name":"Back to Basics","floor":21,"gold_loss":0,"cards_upgraded":["Strike_G","Strike_G","Strike_G","Defend_G","Defend_G","Defend_G","Defend_G","Defend_G"]},{"damage_healed":0,"gold_gain":0,"player_choice":"Ignored","damage_taken":0,"max_hp_gain":0,"max_hp_loss":0,"event_name":"Vampires","floor":27,"gold_loss":0},{"damage_healed":0,"gold_gain":0,"player_choice":"Fought Bandits","damage_taken":0,"max_hp_gain":0,"max_hp_loss":0,"event_name":"Masked Bandits","floor":30,"gold_loss":0},{"damage_healed":0,"gold_gain":0,"player_choice":"Bought 2 Potions","damage_taken":0,"max_hp_gain":0,"max_hp_loss":0,"event_name":"The Woman in Blue","floor":31,"gold_loss":0},{"damage_healed":0,"gold_gain":0,"player_choice":"Took Portal","damage_taken":0,"max_hp_gain":0,"max_hp_loss":0,"event_name":"SecretPortal","floor":36,"gold_loss":0}],"is_beta":false,"boss_relics":[{"not_picked":["Empty Cage","Cursed Key"],"picked":"Sozu"},{"not_picked":["Snecko Eye","Busted Crown"],"picked":"WristBlade"}],"items_purged_floors":[],"is_endless":false,"potions_floor_spawned":[1,4,5,11,16,24],"killed_by":"Time Eater","ascension_level":10}}