{"host":"m1hrbr0uwda4cktq","time":1614045172,"event":{"mods":["AchievementEnabler","BaseMod","Better Match","BetterRewards","Colored Map","Highlight Path","Minty Spire (QoL Compilation)","Quick Restart","Relic Stats","Shop Mod","StSLib","SuperFastMode","The Bug Knight"],"gold_per_floor":[112,126,88,108,58,58,87,87,87,87,87,10,22,37,37,140,140,155,168,186,196,206,206,206,206],"floor_reached":24,"language":"ENG","playtime":1520,"items_purged":["Regret"],"score":260,"play_id":"53d3cc5b-6f3f-4941-8f18-8944ad467f25","local_time":"20210222225252","is_ascension_mode":true,"campfire_choices":[{"data":"Defragment","floor":6,"key":"SMITH"},{"data":"Loop","floor":10,"key":"SMITH"},{"data":"Bandage Up","floor":15,"key":"SMITH"},{"floor":23,"key":"REST"}],"circlet_count":0,"master_deck":["Strike_B","Defend_B","Defend_B","Zap","Dualcast","Defragment+1","Ball Lightning","Cold Snap","Bandage Up+1","Loop+1","Compile Driver","Capacitor+1","BootSequence","Cold Snap","Defragment+1","Gash","Reboot","Core Surge","Hyperbeam+1","Consume+1","White Noise+1","Coolheaded+1","Genetic Algorithm","Go for the Eyes+1","Skim","Conserve Battery"],"relics":["Cracked Core","Membership Card","HollowMod:StagPassRelic","Eternal Feather","Orichalcum","HornCleat","Astrolabe"],"acts_visited":["Exordium","TheCity"],"potions_floor_usage":[24],"damage_taken":[{"damage":0,"enemies":"2 Louse","floor":1,"turns":2},{"damage":2,"enemies":"Jaw Worm","floor":2,"turns":4},{"damage":5,"enemies":"Small Slimes","floor":4,"turns":3},{"damage":20,"enemies":"Lagavulin","floor":7,"turns":5},{"damage":0,"enemies":"Looter","floor":13,"turns":3},{"damage":0,"enemies":"Blue Slaver","floor":14,"turns":3},{"damage":23,"enemies":"The Guardian","floor":16,"turns":9},{"damage":17,"enemies":"3 Byrds","floor":18,"turns":4},{"damage":11,"enemies":"Snake Plant","floor":19,"turns":5},{"damage":5,"enemies":"Centurion and Healer","floor":20,"turns":7},{"damage":36,"enemies":"Shelled Parasite and Fungi","floor":21,"turns":6},{"damage":22,"enemies":"Snecko","floor":22,"turns":6},{"damage":90,"enemies":"Gremlin Leader","floor":24,"turns":7}],"seed_played":"-5984432550702077831","potions_obtained":[{"floor":1,"key":"Dexterity Potion"},{"floor":7,"key":"FairyPotion"},{"floor":19,"key":"AttackPotion"}],"is_trial":false,"path_per_floor":["M","M","$","M","?","R","E","?","T","R","?","$","M","M","R","B",null,"M","M","M","M","M","R","E"],"character_chosen":"DEFECT","items_purchased":["Membership Card","HollowMod:StagPassRelic","Defragment","Ball Lightning","Cold Snap","Bandage Up","Capacitor","Defragment"],"campfire_rested":1,"item_purchase_floors":[0,0,0,0,0,0,3,12],"current_hp_per_floor":[68,70,70,69,69,69,53,53,53,62,55,55,59,63,75,58,71,60,55,56,26,10,47,0,0],"gold":206,"neow_bonus":"","is_daily":false,"chose_seed":false,"campfire_upgraded":3,"win_rate":0.0,"timestamp":1614045172,"path_taken":["M","M","$","M","?","R","E","?","T","R","?","$","M","M","R","BOSS","M","M","M","M","M","R","E"],"items_purchased_type":["Relic","Relic","Card","Card","Card","Card","Card","Card"],"build_version":"2020-12-22","purchased_purges":1,"victory":false,"max_hp_per_floor":[75,75,75,75,75,75,75,75,75,75,75,75,75,75,75,75,75,75,75,75,75,75,75,75,75],"relic_stats":{"counters":[18,85],"Astrolabe":["Hyperbeam","Consume","White Noise"],"Eternal Feather":36,"Orichalcum":[66],"obtain_stats":[{"Lizard Tail":0,"HornCleat":9,"Pantograph":0,"Astrolabe":17,"HollowMod:VesselMask":0,"Eternal Feather":7,"Bag of Marbles":0,"Membership Card":0,"Orichalcum":8,"HollowMod:StagPassRelic":0,"Toy Ornithopter":0},{"Lizard Tail":5,"HornCleat":9,"Pantograph":0,"Astrolabe":12,"HollowMod:VesselMask":0,"Eternal Feather":9,"Bag of Marbles":0,"Membership Card":5,"Orichalcum":9,"HollowMod:StagPassRelic":5,"Toy Ornithopter":5},{"Lizard Tail":22,"HornCleat":36,"Pantograph":0,"Astrolabe":51,"HollowMod:VesselMask":0,"Eternal Feather":36,"Bag of Marbles":0,"Membership Card":22,"Orichalcum":36,"HollowMod:StagPassRelic":22,"Toy Ornithopter":22}]},"card_choices":[{"not_picked":["Redo","Hello World"],"picked":"Loop","floor":1},{"not_picked":["Steam","Turbo"],"picked":"Compile Driver","floor":2},{"not_picked":["Chaos","Steam Power"],"picked":"BootSequence","floor":4},{"not_picked":["Force Field","Capacitor"],"picked":"Cold Snap","floor":7},{"not_picked":["Recycle","Aggregate"],"picked":"Gash","floor":13},{"not_picked":["Cold Snap","Go for the Eyes"],"picked":"Reboot","floor":14},{"not_picked":["Machine Learning","Meteor Strike"],"picked":"Core Surge","floor":16},{"not_picked":["Stack","Aggregate+1"],"picked":"Coolheaded+1","floor":18},{"not_picked":["Gash","Barrage"],"picked":"Genetic Algorithm","floor":19},{"not_picked":["Cold Snap+1","Streamline"],"picked":"Go for the Eyes+1","floor":20},{"not_picked":["Stack","Rip and Tear"],"picked":"Skim","floor":21},{"not_picked":["Steam","Meteor Strike"],"picked":"Conserve Battery","floor":22}],"player_experience":199837,"relics_obtained":[{"floor":7,"key":"Eternal Feather"},{"floor":9,"key":"HornCleat"}],"event_choices":[{"cards_removed":["Strike_B"],"damage_healed":0,"gold_gain":0,"player_choice":"Card Removal","damage_taken":0,"max_hp_gain":0,"max_hp_loss":0,"event_name":"The Cleric","floor":5,"gold_loss":50},{"damage_healed":0,"gold_gain":0,"player_choice":"Box","damage_taken":0,"relics_obtained":["Orichalcum"],"max_hp_gain":0,"max_hp_loss":0,"event_name":"Big Fish","floor":8,"gold_loss":0,"cards_obtained":["Regret"]},{"cards_removed":["Defend_B"],"damage_healed":0,"gold_gain":0,"player_choice":"Card Removal","damage_taken":7,"max_hp_gain":0,"max_hp_loss":0,"event_name":"Golden Wing","floor":11,"gold_loss":0}],"is_beta":false,"boss_relics":[{"not_picked":["Tiny House","SlaversCollar"],"picked":"Astrolabe"}],"items_purged_floors":[12],"is_endless":false,"potions_floor_spawned":[1,7,19,21],"killed_by":"Gremlin Leader","ascension_level":6}}