{"host":"qrfkyfrpo74atslb","time":1614078381,"event":{"mods":["Astrologer","Bartender","BaseMod","Beaked The Cultist","Better Note","Better Third Choice","CapriCore","Colored Map","Colored Powertips","Conspire","DeckTracker","Downfall","GungeonMod","Hermit","Hero for Fun","Hubris","Koishi","LagranYue(???·?)","Mad Scientist","Marisa????????","Minty Spire (QoL Compilation)","Prisma Mod","Reimu??????","Remilia??????","StSLib","The Administrix","The Alterego","The Bladedancer","The Cursed","The Gatherer","The Immortal","The Mystic","The Necromancer","The Runesmith","The Servant 0.9.4","The Wild Card","TheSwordswoman","WarShipGirlsR/????R mod","Yakumo Yukari mod","Yuyuko"],"gold_per_floor":[112,132,148,164,49,49,80,98,98,98,98],"floor_reached":10,"language":"ENG","playtime":298,"items_purged":[],"score":70,"play_id":"7e6fbb01-217e-4cb6-902c-1a21133b6232","local_time":"20210224000621","is_ascension_mode":false,"campfire_choices":[{"data":"rmod:ammunitionsupply","floor":6,"key":"SMITH"}],"circlet_count":0,"master_deck":["rmod:strick","rmod:strick","rmod:strick","rmod:strick","rmod:defend","rmod:defend","rmod:defend","rmod:defend","rmod:basicallowance+1","rmod:maingunfire","rmod:mineteam","rmod:circuitoustactics+1","rmod:steelsupply","rmod:ammunitionsupply+1","rmod:firesupport","rmod:expedition"],"relics":["rmod:firstchargereward","LagranYue:RandomDrawCardRelic","NeowsBlessing","DemoMod:GnawedKey","Darkstone Periapt","War Paint"],"acts_visited":["Exordium"],"potions_floor_usage":[7],"damage_taken":[{"damage":0,"enemies":"Cultist","floor":1,"turns":1},{"damage":0,"enemies":"Small Slimes","floor":2,"turns":1},{"damage":0,"enemies":"2 Louse","floor":3,"turns":1},{"damage":0,"enemies":"Exordium Wildlife","floor":4,"turns":4},{"damage":21,"enemies":"Gremlin Nob","floor":7,"turns":4},{"damage":21,"enemies":"Exordium Thugs","floor":8,"turns":4},{"damage":38,"enemies":"3 Sentries","floor":10,"turns":4}],"seed_played":"-3678993323931318009","potions_obtained":[{"floor":2,"key":"PowerPotion"},{"floor":8,"key":"SpeedPotion"}],"is_trial":false,"path_per_floor":["M","M","M","M","$","R","E","M","T","E"],"character_chosen":"PRAEFECT","items_purchased":["DemoMod:GnawedKey"],"campfire_rested":0,"item_purchase_floors":[5],"current_hp_per_floor":[75,75,75,75,75,75,54,33,33,0,0],"gold":98,"neow_bonus":"THREE_ENEMY_KILL","is_daily":false,"chose_seed":false,"campfire_upgraded":1,"win_rate":0.0,"timestamp":1614078381,"path_taken":["M","?","M","?","?","R","E","M","T","E"],"items_purchased_type":["Relic"],"build_version":"2020-12-22","purchased_purges":0,"victory":false,"max_hp_per_floor":[75,75,75,75,75,75,75,75,75,75,75],"card_choices":[{"not_picked":["rmod:victimresponsibility","rmod:diamondstrike"],"picked":"rmod:mineteam","floor":1},{"not_picked":["rmod:aviationdawn","rmod:supportaircraftcarrier"],"picked":"rmod:circuitoustactics","floor":2},{"not_picked":["rmod:supportaircraftcarrier","rmod:supportescort"],"picked":"rmod:steelsupply","floor":3},{"not_picked":["rmod:generalist","rmod:steelsupply"],"picked":"rmod:ammunitionsupply","floor":4},{"not_picked":["rmod:lonelyqueen","rmod:spoils"],"picked":"rmod:firesupport","floor":7},{"not_picked":["rmod:salvage","rmod:tearstotiara"],"picked":"rmod:expedition","floor":8}],"player_experience":131824,"relics_obtained":[{"floor":7,"key":"Darkstone Periapt"},{"floor":9,"key":"War Paint"}],"event_choices":[],"is_beta":false,"boss_relics":[],"items_purged_floors":[],"is_endless":false,"potions_floor_spawned":[2,8],"killed_by":"3 Sentries","ascension_level":0}}