{"host":"xw7092rw7wabncmm","time":1614046604,"event":{"mods":["AchievementEnabler","BaseMod","Bestiary","Block Reminder","Minty Spire (QoL Compilation)","Quick Restart","Relic Stats","Slay-I","Weighted Paths"],"gold_per_floor":[118,175,191,211,231,266,26,53,77,108,108,125,125,139,139,243,243,260,260,271,291,81,113,113,143,143,143,143,15,41,41,41],"floor_reached":31,"language":"ENG","playtime":1791,"items_purged":["Dualcast"],"score":526,"play_id":"a444e1f9-77d9-434e-b274-b1b312fe3661","local_time":"20210222211644","is_ascension_mode":true,"campfire_choices":[{"floor":11,"key":"REST"},{"data":"Streamline","floor":15,"key":"SMITH"},{"floor":24,"key":"REST"},{"data":"Core Surge","floor":28,"key":"SMITH"}],"circlet_count":0,"master_deck":["AscendersBane","Strike_B","Strike_B","Strike_B","Strike_B","Defend_B","Defend_B","Defend_B","Defend_B","Zap","Streamline+1","Hologram","Core Surge+1","Leap","Gash","Flash of Steel","Go for the Eyes","Steam","Chill","Conserve Battery","Hyperbeam+1","Steam","Conserve Battery+1","FTL","Dramatic Entrance","Melter+1","Barrage+1"],"relics":["Cracked Core","Mango","OrangePellets","Smiling Mask","Bag of Preparation","Happy Flower","Pocketwatch","Busted Crown","WingedGreaves","Boot","Matryoshka","Dream Catcher","White Beast Statue"],"acts_visited":["Exordium","TheCity"],"potions_floor_usage":[5,6,14,21,23,23],"damage_taken":[{"damage":1,"enemies":"2 Louse","floor":1,"turns":3},{"damage":4,"enemies":"Jaw Worm","floor":3,"turns":3},{"damage":0,"enemies":"Small Slimes","floor":4,"turns":3},{"damage":10,"enemies":"Gremlin Gang","floor":5,"turns":4},{"damage":21,"enemies":"Lagavulin","floor":6,"turns":6},{"damage":17,"enemies":"3 Sentries","floor":8,"turns":8},{"damage":28,"enemies":"Gremlin Nob","floor":10,"turns":4},{"damage":0,"enemies":"3 Louse","floor":12,"turns":3},{"damage":1,"enemies":"Exordium Thugs","floor":14,"turns":4},{"damage":10,"enemies":"Slime Boss","floor":16,"turns":12},{"damage":8,"enemies":"Spheric Guardian","floor":18,"turns":4},{"damage":2,"enemies":"Shell Parasite","floor":20,"turns":5},{"damage":0,"enemies":"3 Cultists","floor":21,"turns":2},{"damage":23,"enemies":"Book of Stabbing","floor":23,"turns":6},{"damage":13,"enemies":"Slavers","floor":25,"turns":2},{"damage":34,"enemies":"Book of Stabbing","floor":30,"turns":5},{"damage":31,"enemies":"Slavers","floor":31,"turns":2}],"seed_played":"-8681352115206855279","potions_obtained":[{"floor":1,"key":"Weak Potion"},{"floor":4,"key":"Block Potion"},{"floor":6,"key":"Dexterity Potion"},{"floor":12,"key":"Explosive Potion"},{"floor":18,"key":"DuplicationPotion"},{"floor":21,"key":"LiquidMemories"},{"floor":25,"key":"Swift Potion"}],"is_trial":false,"path_per_floor":["M","?","M","M","M","E","$","E","T","E","R","M","T","M","R","B",null,"M","?","M","M","$","E","R","E","T","?","R","$","E","E"],"character_chosen":"DEFECT","items_purchased":["Flash of Steel","OrangePellets","FTL","Dramatic Entrance","Regen Potion","PowerPotion"],"campfire_rested":2,"item_purchase_floors":[7,7,22,22,29,29],"current_hp_per_floor":[74,74,70,70,60,53,53,36,36,8,36,36,36,35,35,25,78,70,70,68,68,68,45,73,60,60,60,60,60,26,0,0],"gold":41,"neow_bonus":"TEN_PERCENT_HP_BONUS","is_daily":false,"chose_seed":false,"campfire_upgraded":2,"win_rate":0.0,"timestamp":1614046604,"path_taken":["M","?","M","M","M","E","$","E","T","E","R","M","?","M","R","BOSS","M","?","M","?","$","E","R","E","T","?","R","?","E","E"],"items_purchased_type":["Card","Relic","Card","Card","Potion","Potion"],"build_version":"2020-12-22","purchased_purges":1,"victory":false,"max_hp_per_floor":[82,82,82,82,82,96,96,96,96,96,96,96,96,96,96,96,96,96,96,96,96,96,96,96,96,96,96,96,96,96,96,96],"relic_stats":{"OrangePellets":[0],"Dream Catcher":0,"Busted Crown":12,"Happy Flower":[15],"counters":[17,76],"Bag of Preparation":[22],"Smiling Mask":25,"Boot":[8],"obtain_stats":[{"Happy Flower":10,"Mango":6,"Bag of Preparation":9,"Smiling Mask":8,"Boot":25,"White Beast Statue":30,"OrangePellets":7,"Dream Catcher":27,"Busted Crown":17,"Matryoshka":26,"WingedGreaves":23,"Cracked Core":0,"Pocketwatch":13},{"Happy Flower":7,"Mango":5,"Bag of Preparation":6,"Smiling Mask":6,"Boot":15,"White Beast Statue":16,"OrangePellets":5,"Dream Catcher":15,"Busted Crown":10,"Matryoshka":15,"WingedGreaves":14,"Cracked Core":0,"Pocketwatch":8},{"Happy Flower":31,"Mango":19,"Bag of Preparation":27,"Smiling Mask":27,"Boot":69,"White Beast Statue":74,"OrangePellets":19,"Dream Catcher":69,"Busted Crown":50,"Matryoshka":69,"WingedGreaves":67,"Cracked Core":0,"Pocketwatch":34}],"Pocketwatch":[18]},"card_choices":[{"not_picked":["Consume","Steam"],"picked":"Streamline","floor":1},{"not_picked":["Rebound","Conserve Battery"],"picked":"Hologram","floor":3},{"not_picked":["Gash","Hologram"],"picked":"Core Surge","floor":4},{"not_picked":["Coolheaded","Fusion"],"picked":"Leap","floor":5},{"not_picked":["Capacitor","Rebound"],"picked":"Gash","floor":6},{"not_picked":["Reprogram","Amplify"],"picked":"Go for the Eyes","floor":8},{"not_picked":["Compile Driver","Doom and Gloom"],"picked":"Steam","floor":10},{"not_picked":["Double Energy","Recycle"],"picked":"Chill","floor":12},{"not_picked":["Leap","Coolheaded"],"picked":"Conserve Battery","floor":14},{"not_picked":["Meteor Strike","Electrodynamics"],"picked":"Hyperbeam","floor":16},{"not_picked":["Barrage"],"picked":"SKIP","floor":18},{"not_picked":[],"picked":"Steam","floor":20},{"not_picked":[],"picked":"Conserve Battery+1","floor":21},{"not_picked":[],"picked":"Melter+1","floor":23},{"not_picked":["Defragment"],"picked":"SKIP","floor":25},{"not_picked":[],"picked":"Barrage+1","floor":30}],"player_experience":1672410,"relics_obtained":[{"floor":6,"key":"Mango"},{"floor":8,"key":"Smiling Mask"},{"floor":9,"key":"Bag of Preparation"},{"floor":10,"key":"Happy Flower"},{"floor":13,"key":"Pocketwatch"},{"floor":23,"key":"WingedGreaves"},{"floor":25,"key":"Boot"},{"floor":26,"key":"Matryoshka"},{"floor":30,"key":"White Beast Statue"}],"event_choices":[{"damage_healed":0,"gold_gain":57,"player_choice":"Gained Gold","damage_taken":0,"max_hp_gain":0,"max_hp_loss":0,"event_name":"Golden Wing","floor":2,"gold_loss":0},{"damage_healed":0,"gold_gain":0,"player_choice":"Upgraded","damage_taken":0,"max_hp_gain":0,"max_hp_loss":0,"event_name":"Upgrade Shrine","floor":19,"gold_loss":0,"cards_upgraded":["Hyperbeam"]},{"damage_healed":0,"gold_gain":0,"player_choice":"Gave Potion","damage_taken":0,"relics_obtained":["Dream Catcher"],"max_hp_gain":0,"max_hp_loss":0,"event_name":"WeMeetAgain","floor":27,"gold_loss":0}],"is_beta":false,"boss_relics":[{"not_picked":["FrozenCore","Runic Dome"],"picked":"Busted Crown"}],"items_purged_floors":[22],"is_endless":false,"potions_floor_spawned":[1,4,6,12,18,21,25],"killed_by":"Slavers","ascension_level":12}}