{"host":"fdygo2eyay5jyda5","time":1614100766,"event":{"mods":["2.2 Compatiblity","AchievementEnabler","BaseMod","Colored Map","Colored Powertips","DeckTracker","Minty Spire (QoL Compilation)","Quick Restart","Random Character Button","Rare Cards Sparkle"],"gold_per_floor":[114,114,114,114,114,139,139,159,159,170,201,231,231,262,262,358,358,373,373,393,87,87,87,112,112,112,112,112,112,112],"floor_reached":29,"language":"POL","playtime":1706,"items_purged":["Strike_B"],"score":321,"play_id":"517970eb-13c2-4e44-a808-5b7a01b52140","local_time":"20210223181926","is_ascension_mode":true,"campfire_choices":[{"data":"Zap","floor":7.0,"key":"SMITH"},{"data":"Redo","floor":15.0,"key":"SMITH"},{"data":"Defragment","floor":23,"key":"SMITH"},{"data":"Darkness","floor":25,"key":"SMITH"},{"data":"Darkness","floor":27,"key":"SMITH"}],"circlet_count":0,"master_deck":["Defend_B","Defend_B","Defend_B+1","Defend_B","Zap+1","Dualcast+1","Static Discharge+1","Conserve Battery","Beam Cell","Doom and Gloom","Redo+1","CurseOfTheBell","Darkness+1","Rebound+1","Defragment+1","Bite","Bite","Bite","Bite","Bite","Darkness+1"],"relics":["Cracked Core","NeowsBlessing","Juzu Bracelet","Lizard Tail","Nunchaku","Strawberry","Calling Bell","Boot","White Beast Statue","Turnip","TheAbacus","Molten Egg 2","Darkstone Periapt"],"acts_visited":["Exordium","TheCity"],"potions_floor_usage":[20,28,28],"damage_taken":[{"damage":0.0,"enemies":"Jaw Worm","floor":1.0,"turns":1.0},{"damage":0.0,"enemies":"3 Sentries","floor":6.0,"turns":2.0},{"damage":0.0,"enemies":"2 Louse","floor":8.0,"turns":1.0},{"damage":0.0,"enemies":"Small Slimes","floor":10.0,"turns":3.0},{"damage":28.0,"enemies":"Gremlin Nob","floor":11.0,"turns":4.0},{"damage":14.0,"enemies":"Lagavulin","floor":14.0,"turns":5.0},{"damage":26.0,"enemies":"Slime Boss","floor":16.0,"turns":6.0},{"damage":16.0,"enemies":"3 Byrds","floor":18.0,"turns":2.0},{"damage":23,"enemies":"2 Thieves","floor":20,"turns":3},{"damage":51,"enemies":"Book of Stabbing","floor":24,"turns":4},{"damage":0,"enemies":"Snake Plant","floor":28,"turns":1},{"damage":40,"enemies":"Centurion and Healer","floor":29,"turns":3}],"seed_played":"-6070018871217169109","potions_obtained":[{"floor":8.0,"key":"Fruit Juice"},{"floor":11.0,"key":"Regen Potion"},{"floor":18.0,"key":"PowerPotion"},{"floor":20,"key":"SmokeBomb"},{"floor":24,"key":"EntropicBrew"}],"is_trial":false,"path_per_floor":["M","?","?","?","?","E","R","M","T","M","E","?","?","E","R","B",null,"M","?","M","$","?","R","E","R","T","R","M","M"],"character_chosen":"DEFECT","items_purchased":["TheAbacus","Defragment"],"campfire_rested":0,"item_purchase_floors":[21,21],"current_hp_per_floor":[75,75,80,80,64,64,64,69,69,69,41,41,41,48,48,22,92,76,58,35,35,35,35,33,33,33,33,33,0,0],"gold":112,"neow_bonus":"THREE_ENEMY_KILL","is_daily":false,"chose_seed":false,"campfire_upgraded":5,"win_rate":0.0,"timestamp":1614100766,"path_taken":["M","?","?","?","?","E","R","M","T","M","E","?","?","E","R","BOSS","M","?","M","$","?","R","E","R","T","R","M","M"],"items_purchased_type":["Relic","Card"],"build_version":"2020-12-22","purchased_purges":1,"victory":false,"max_hp_per_floor":[75,75,80,80,80,80,80,85,85,85,85,85,85,92,92,92,92,92,97,97,97,67,67,67,67,67,67,67,67,67],"card_choices":[{"not_picked":["Sweeping Beam","Gash"],"picked":"Static Discharge","floor":1.0},{"not_picked":["Gash","Streamline"],"picked":"Conserve Battery","floor":6.0},{"not_picked":["Scrape","Leap"],"picked":"Beam Cell","floor":8.0},{"not_picked":["Reboot","Beam Cell","Chaos"],"picked":"SKIP","floor":10.0},{"not_picked":["Compile Driver","Blizzard"],"picked":"Doom and Gloom","floor":11.0},{"not_picked":["Meteor Strike","Leap"],"picked":"Redo","floor":14.0},{"not_picked":["Cold Snap","Beam Cell"],"picked":"Darkness","floor":18.0},{"not_picked":["Gash","Tempest"],"picked":"Rebound+1","floor":20},{"not_picked":["Loop","Genetic Algorithm"],"picked":"Darkness","floor":24}],"player_experience":132593,"relics_obtained":[{"floor":6.0,"key":"Juzu Bracelet"},{"floor":9.0,"key":"Lizard Tail"},{"floor":11.0,"key":"Nunchaku"},{"floor":14.0,"key":"Strawberry"},{"floor":17.0,"key":"Boot"},{"floor":17.0,"key":"White Beast Statue"},{"floor":17.0,"key":"Turnip"},{"floor":24,"key":"Molten Egg 2"},{"floor":26,"key":"Darkstone Periapt"}],"event_choices":[{"cards_removed":["Strike_B"],"damage_healed":0.0,"max_hp_gain":0.0,"max_hp_loss":0.0,"gold_gain":0.0,"event_name":"Living Wall","player_choice":"Forget","floor":2.0,"gold_loss":0.0,"damage_taken":0.0},{"damage_healed":0.0,"max_hp_gain":5.0,"max_hp_loss":0.0,"gold_gain":0.0,"event_name":"Big Fish","player_choice":"Donut","floor":3.0,"gold_loss":0.0,"damage_taken":0.0},{"damage_healed":0.0,"max_hp_gain":0.0,"max_hp_loss":0.0,"gold_gain":0.0,"event_name":"Liars Game","player_choice":"Ignored","floor":4.0,"gold_loss":0.0,"damage_taken":0.0},{"damage_healed":0.0,"max_hp_gain":0.0,"max_hp_loss":0.0,"gold_gain":0.0,"event_name":"Shining Light","player_choice":"Entered Light","floor":5.0,"gold_loss":0.0,"damage_taken":16.0,"cards_upgraded":["Defend_B","Static Discharge"]},{"damage_healed":0.0,"max_hp_gain":0.0,"max_hp_loss":0.0,"gold_gain":30.0,"event_name":"Dead Adventurer","player_choice":"Searched \u00271\u0027 times","floor":12.0,"gold_loss":0.0,"damage_taken":0.0},{"damage_healed":0.0,"max_hp_gain":0.0,"max_hp_loss":0.0,"gold_gain":0.0,"event_name":"Upgrade Shrine","player_choice":"Upgraded","floor":13.0,"gold_loss":0.0,"damage_taken":0.0,"cards_upgraded":["Dualcast"]},{"damage_healed":0.0,"max_hp_gain":5.0,"max_hp_loss":0.0,"gold_gain":0.0,"event_name":"Forgotten Altar","player_choice":"Shed Blood","floor":19.0,"gold_loss":0.0,"damage_taken":23.0},{"damage_healed":0,"gold_gain":0,"player_choice":"Became a vampire","damage_taken":0,"max_hp_gain":0,"max_hp_loss":30,"event_name":"Vampires","floor":22,"gold_loss":0,"cards_obtained":["Bite","Bite","Bite","Bite","Bite"]}],"is_beta":false,"boss_relics":[{"not_picked":["Nuclear Battery","Astrolabe"],"picked":"Calling Bell"}],"items_purged_floors":[21],"is_endless":false,"potions_floor_spawned":[8,11,18,20,24,28],"killed_by":"Centurion and Healer","ascension_level":1}}