{"host":"lexjlbpq6ib1pogf","time":1614077053,"event":{"mods":["BaseMod","BetterRewards","Minty Spire (QoL Compilation)"],"gold_per_floor":[114,114,130,130,144,176,191,191,218,234,409,409,428,459,459,562,612,630,644,173,183,183,183,195,46,94,106,106,106,106,125,125,125,125],"floor_reached":33,"language":"ENG","playtime":2349,"items_purged":["Doubt"],"score":384,"play_id":"bbb4fd15-c897-48f2-9a1f-079e54b3581c","local_time":"20210223214413","is_ascension_mode":false,"campfire_choices":[{"data":"Dagger Spray","floor":8,"key":"SMITH"},{"floor":12,"key":"REST"},{"floor":15,"key":"REST"},{"floor":23,"key":"REST"},{"floor":28,"key":"REST"},{"data":"Tactician","floor":30,"key":"SMITH"},{"floor":32,"key":"REST"}],"circlet_count":0,"master_deck":["Strike_G","Strike_G","Strike_G","Strike_G","Strike_G+1","Defend_G","Defend_G","Defend_G","Defend_G","Defend_G","Survivor","Neutralize","Dagger Spray+1","Deadly Poison","Dagger Spray+1","Infinite Blades","Dagger Spray","Dagger Throw","Tactician+1","Dagger Spray","Poisoned Stab+1","Adrenaline","Catalyst","Deadly Poison","Dagger Spray","Prepared+1","Tactician","Footwork+1","Footwork+1","Blade Dance","Underhanded Strike"],"relics":["Ring of the Snake","Toolbox","Snake Skull","Boot","Regal Pillow","Lantern","Tiny House","Ninja Scroll","Omamori","DollysMirror","PreservedInsect"],"acts_visited":["Exordium","TheCity"],"potions_floor_usage":[6,10,16,18,33,33,33],"damage_taken":[{"damage":0,"enemies":"Jaw Worm","floor":1,"turns":5},{"damage":3,"enemies":"2 Louse","floor":3,"turns":2},{"damage":0,"enemies":"Small Slimes","floor":5,"turns":2},{"damage":5,"enemies":"3 Sentries","floor":6,"turns":4},{"damage":4,"enemies":"Exordium Thugs","floor":7,"turns":3},{"damage":14,"enemies":"Exordium Wildlife","floor":10,"turns":5},{"damage":0,"enemies":"2 Fungi Beasts","floor":13,"turns":3},{"damage":8,"enemies":"Lagavulin","floor":14,"turns":6},{"damage":45,"enemies":"Hexaghost","floor":16,"turns":9},{"damage":22,"enemies":"2 Thieves","floor":18,"turns":3},{"damage":21,"enemies":"Spheric Guardian","floor":19,"turns":4},{"damage":13,"enemies":"Centurion and Healer","floor":21,"turns":5},{"damage":11,"enemies":"Chosen and Byrds","floor":24,"turns":4},{"damage":21,"enemies":"Snake Plant","floor":27,"turns":3},{"damage":14,"enemies":"Centurion and Healer","floor":31,"turns":4},{"damage":84,"enemies":"Automaton","floor":33,"turns":8}],"seed_played":"-2171316908523791897","potions_obtained":[{"floor":1,"key":"Energy Potion"},{"floor":6,"key":"Strength Potion"},{"floor":7,"key":"Block Potion"},{"floor":13,"key":"GamblersBrew"},{"floor":17,"key":"LiquidMemories"},{"floor":21,"key":"SkillPotion"},{"floor":27,"key":"CunningPotion"}],"is_trial":false,"path_per_floor":["M","?","M","?","M","E","M","R","T","M","?","R","M","E","R","B",null,"M","M","$","M","?","R","M","$","T","M","R","$","R","M","R","B"],"character_chosen":"THE_SILENT","items_purchased":["Toolbox","Dagger Spray","Ninja Scroll","Omamori","DollysMirror"],"campfire_rested":5,"item_purchase_floors":[0,0,20,20,25],"current_hp_per_floor":[70,58,55,41,41,36,32,32,32,18,18,54,54,46,70,25,75,53,32,32,19,19,56,45,45,45,24,61,61,61,47,75,0,0],"gold":125,"neow_bonus":"","is_daily":false,"chose_seed":false,"campfire_upgraded":2,"win_rate":0.0,"timestamp":1614077053,"path_taken":["M","?","M","?","M","E","M","R","T","M","?","R","M","E","R","BOSS","M","M","$","M","?","R","M","?","T","M","R","?","R","M","R","BOSS"],"items_purchased_type":["Relic","Card","Relic","Relic","Relic"],"build_version":"2020-12-22","purchased_purges":1,"victory":false,"max_hp_per_floor":[70,70,70,70,70,70,70,70,70,70,70,70,70,70,70,70,75,75,75,75,75,75,75,75,75,75,75,75,75,75,75,75,75,75],"card_choices":[{"not_picked":["PiercingWail","Caltrops"],"picked":"Deadly Poison","floor":1},{"not_picked":["Reflex","Finisher"],"picked":"Dagger Spray","floor":3},{"not_picked":["Flying Knee","Skewer"],"picked":"Infinite Blades","floor":5},{"not_picked":["Deflect","Slice"],"picked":"Dagger Spray","floor":6},{"not_picked":["Eviscerate","Masterful Stab"],"picked":"Dagger Throw","floor":7},{"not_picked":["Cloak And Dagger","Well Laid Plans"],"picked":"Tactician","floor":10},{"not_picked":["Quick Slash","Tactician"],"picked":"Dagger Spray","floor":13},{"not_picked":["Eviscerate","Skewer"],"picked":"Poisoned Stab","floor":14},{"not_picked":["Storm of Steel","Malaise"],"picked":"Adrenaline","floor":16},{"not_picked":["Poisoned Stab","Prepared"],"picked":"Catalyst","floor":17},{"not_picked":["Underhanded Strike+1","Terror"],"picked":"Deadly Poison","floor":18},{"not_picked":["Tactician","Sucker Punch"],"picked":"Dagger Spray","floor":19},{"not_picked":["Predator","Sucker Punch"],"picked":"Prepared+1","floor":21},{"not_picked":["Storm of Steel","Dodge and Roll+1"],"picked":"Footwork+1","floor":24},{"not_picked":["Escape Plan+1","Sucker Punch+1"],"picked":"Blade Dance","floor":27},{"not_picked":["Acrobatics","Heel Hook"],"picked":"Underhanded Strike","floor":31}],"player_experience":92484,"relics_obtained":[{"floor":6,"key":"Boot"},{"floor":9,"key":"Regal Pillow"},{"floor":14,"key":"Lantern"},{"floor":26,"key":"PreservedInsect"}],"event_choices":[{"damage_healed":0,"gold_gain":0,"player_choice":"Success","damage_taken":12,"relics_obtained":["Snake Skull"],"max_hp_gain":0,"max_hp_loss":0,"event_name":"Scrap Ooze","floor":2,"gold_loss":0},{"damage_healed":0,"gold_gain":0,"player_choice":"Entered Light","damage_taken":14,"max_hp_gain":0,"max_hp_loss":0,"event_name":"Shining Light","floor":4,"gold_loss":0,"cards_upgraded":["Dagger Spray","Strike_G"]},{"damage_healed":0,"gold_gain":175,"player_choice":"AGREE","damage_taken":0,"max_hp_gain":0,"max_hp_loss":0,"event_name":"Liars Game","floor":11,"gold_loss":0,"cards_obtained":["Doubt"]},{"damage_healed":0,"gold_gain":0,"player_choice":"Copied","damage_taken":0,"max_hp_gain":0,"max_hp_loss":0,"event_name":"Duplicator","floor":22,"gold_loss":0,"cards_obtained":["Tactician"]}],"is_beta":false,"boss_relics":[{"not_picked":["Sozu","WristBlade"],"picked":"Tiny House"}],"items_purged_floors":[20],"is_endless":false,"potions_floor_spawned":[1,6,7,13,21,27,31],"killed_by":"Automaton","ascension_level":0}}