{"host":"cc6r8m2qe4jvlwua","time":1614122348,"event":{"mods":["BaseMod","Minty Spire (QoL Compilation)","Morshu Shopkeeper","Replay The Spire","StSLib"],"gold_per_floor":[115,40,57,57,73,100,100,126,126,126,138,138,15,29,29,126,126,136,11,28,39,49,49,77,97,166,166,176,207,207,207,207],"floor_reached":31,"language":"ENG","playtime":1257,"items_purged":["Strike_B","Strike_B","Strike_B"],"score":330,"play_id":"76c33956-ae46-4cd1-8afd-a175ae63942d","local_time":"20210223171908","is_ascension_mode":true,"campfire_choices":[{"data":"Zap","floor":7,"key":"SMITH"},{"floor":10,"key":"REST"},{"floor":15,"key":"REST"},{"floor":23,"key":"REST"},{"floor":27,"key":"REST"}],"circlet_count":0,"master_deck":["Defend_B","Defend_B+1","Defend_B+1","Defend_B","Zap+1","Dualcast","Finesse","Ball Lightning","ReplayGash","Loop","Panic Button+1","Ball Lightning","Coolheaded+1","Stack+1","Electrodynamics","Ball Lightning","Spreading Infection"],"relics":["Cracked Core","Replay:Mystery Machine","Toxic Egg 2","Strawberry","SlaversCollar","Bird Faced Urn","Snack Pack","Bottled Lightning","Smiling Mask"],"acts_visited":["Exordium","TheCity"],"potions_floor_usage":[6,8,14,16,29,29,29],"damage_taken":[{"damage":6,"enemies":"Cultist","floor":1,"turns":3},{"damage":0,"enemies":"Small Slimes","floor":3,"turns":3},{"damage":0,"enemies":"2 Louse","floor":5,"turns":2},{"damage":30,"enemies":"Gremlin Nob","floor":6,"turns":4},{"damage":20,"enemies":"Lagavulin","floor":8,"turns":4},{"damage":16,"enemies":"Lots of Slimes","floor":11,"turns":2},{"damage":0,"enemies":"Large Slime","floor":14,"turns":4},{"damage":43,"enemies":"Fading Forest","floor":16,"turns":11},{"damage":7,"enemies":"Chosen","floor":18,"turns":4},{"damage":7,"enemies":"3 Byrds","floor":20,"turns":2},{"damage":22,"enemies":"Snake Plant","floor":21,"turns":5},{"damage":18,"enemies":"Centurion and Healer","floor":22,"turns":3},{"damage":29,"enemies":"Slavers","floor":24,"turns":4},{"damage":6,"enemies":"Chosen and Byrds","floor":25,"turns":6},{"damage":17,"enemies":"Shelled Parasite and Fungi","floor":28,"turns":6},{"damage":34,"enemies":"Book of Stabbing","floor":29,"turns":4},{"damage":8,"enemies":"Centurion and Healer","floor":31,"turns":4}],"seed_played":"2587373160540393578","potions_obtained":[{"floor":1,"key":"PowerPotion"},{"floor":5,"key":"FocusPotion"},{"floor":8,"key":"LiquidMemories"},{"floor":14,"key":"SkillPotion"},{"floor":16,"key":"AttackPotion"},{"floor":21,"key":"Explosive Potion"},{"floor":22,"key":"ColorlessPotion"},{"floor":24,"key":"Block Potion"},{"floor":28,"key":"LiquidBronze"}],"is_trial":false,"path_per_floor":["M","$","M","?","M","E","R","E","T","R","M","?","$","M","R","B",null,"M","$","M","M","M","R","E","M","T","R","M","E","?","M"],"character_chosen":"DEFECT","items_purchased":["Stack+1"],"campfire_rested":4,"item_purchase_floors":[13],"current_hp_per_floor":[69,69,69,54,54,24,24,4,11,35,19,19,19,19,43,8,82,75,75,68,46,28,52,23,19,19,43,30,2,2,0,0],"gold":207,"neow_bonus":"RANDOM_COLORLESS","is_daily":false,"chose_seed":false,"campfire_upgraded":1,"win_rate":0.0,"timestamp":1614122348,"path_taken":["M","?","M","?","M","E","R","E","T","R","M","?","$","M","R","BOSS","M","?","?","M","?","R","E","M","T","R","M","E","?","M"],"items_purchased_type":["Card"],"build_version":"2020-12-22","purchased_purges":3,"victory":false,"max_hp_per_floor":[75,75,75,75,75,75,75,75,82,82,82,82,82,82,82,82,82,82,82,82,82,82,82,82,82,82,82,82,82,82,82,82],"card_choices":[{"not_picked":["Trip","ReplayTheSpireMod:Trickstab"],"picked":"Finesse","floor":0},{"not_picked":["Skim","Barrage"],"picked":"Ball Lightning","floor":1},{"not_picked":["Consume","Compile Driver","Streamline"],"picked":"SKIP","floor":3},{"not_picked":["ReplayTheSpireMod:GoodbyeWorld","Turbo"],"picked":"ReplayGash","floor":5},{"not_picked":["Steam Power","Leap"],"picked":"Loop","floor":6},{"not_picked":["Rainbow+1","BasicCrystalCard+1"],"picked":"Panic Button+1","floor":8},{"not_picked":["Time Bomb+1","Cold Snap"],"picked":"Ball Lightning","floor":11},{"not_picked":["Streamline","Consume+1","Turbo+1"],"picked":"SKIP","floor":14},{"not_picked":["Reboot+1","Multi-Cast+1"],"picked":"Electrodynamics","floor":16},{"not_picked":["Glacier+1","ReplayTheSpireMod:Repulse+1","Stack+1"],"picked":"SKIP","floor":18},{"not_picked":["Conserve Battery+1","Rebound","Beam Cell+1"],"picked":"SKIP","floor":20},{"not_picked":["Rebound","Compile Driver","Hologram+1"],"picked":"SKIP","floor":21},{"not_picked":["Go for the Eyes","BootSequence+1","Rebound"],"picked":"SKIP","floor":22},{"not_picked":["Go for the Eyes","Chill+1","Panic Button+1"],"picked":"SKIP","floor":24},{"not_picked":["Coolheaded+1","Heatsinks","BasicCrystalCard+1"],"picked":"SKIP","floor":25},{"not_picked":["Core Surge","FIFO Queue"],"picked":"Ball Lightning","floor":28},{"not_picked":["Go for the Eyes+1","ReplayTheSpireMod:Calculation Training+1","Compile Driver+1"],"picked":"SKIP","floor":29}],"player_experience":195953,"relics_obtained":[{"floor":6,"key":"Replay:Mystery Machine"},{"floor":8,"key":"Toxic Egg 2"},{"floor":9,"key":"Strawberry"},{"floor":24,"key":"Bird Faced Urn"},{"floor":26,"key":"Snack Pack"},{"floor":29,"key":"Bottled Lightning"}],"event_choices":[{"damage_healed":0,"gold_gain":0,"player_choice":"Entered Light","damage_taken":15,"max_hp_gain":0,"max_hp_loss":0,"event_name":"Shining Light","floor":4,"gold_loss":0,"cards_upgraded":["Defend_B","Defend_B"]},{"damage_healed":0,"gold_gain":0,"cards_transformed":["Strike_B"],"player_choice":"Transformed","damage_taken":0,"max_hp_gain":0,"max_hp_loss":0,"event_name":"Transmorgrifier","floor":12,"gold_loss":0,"cards_obtained":["Coolheaded"]}],"is_beta":false,"boss_relics":[{"not_picked":["Black Star","Runic Pyramid"],"picked":"SlaversCollar"}],"items_purged_floors":[2,13,19],"is_endless":false,"potions_floor_spawned":[1,5,8,14,16,21,22,24,28],"killed_by":"Centurion and Healer","ascension_level":3}}