{"host":"40e4adzyl212zebh","time":1614086624,"event":{"mods":["Act Like it!","BaseMod","Colored Map","Colored Powertips","DeckTracker","Gensokyo","Minty Spire (QoL Compilation)","Quick Restart","Random Character Button","Relic Stats","StSLib"],"gold_per_floor":[212,212,225,238,6,6,41,41,68,68,85,85,104,104,104,206,206,226,244,57,73,92,120,120,130,206,225,225,259,26,26,26,26,26],"floor_reached":33,"language":"JPN","playtime":3425,"items_purged":["Pain"],"score":380,"play_id":"40a4e0b2-5591-4382-a7d4-87c7a9e38e2a","local_time":"20210223222344","is_ascension_mode":true,"campfire_choices":[{"data":"Adaptation","floor":6.0,"key":"SMITH"},{"data":"WheelKick","floor":8.0,"key":"SMITH"},{"data":"Fasting2","floor":10.0,"key":"SMITH"},{"data":"WheelKick","floor":15.0,"key":"SMITH"},{"floor":24.0,"key":"REST"},{"floor":28,"key":"RECALL"},{"data":"Gensokyo:GapWoman","floor":32,"key":"SMITH"}],"circlet_count":0,"master_deck":["Strike_P","Strike_P","Strike_P","Strike_P","Defend_P","Defend_P","Defend_P","Defend_P","Eruption","Vigilance","ReachHeaven","Adaptation+1","Fasting2+1","SandsOfTime","WheelKick+1","Vault","Evaluate","Pray+1","Fasting2","EmptyMind","ThirdEye","JustLucky","Vault","Indignation+1","Fasting2+1","TalkToTheHand+1","Gensokyo:GapWoman+1","Gensokyo:TarnishedGold","Gensokyo:RustyChest"],"relics":["PureWater","Gensokyo:LunaticRedEyes","OrangePellets","Anchor","Lantern","Gensokyo:OccultBall","Gremlin Horn","Calipers","VioletLotus","Bottled Tornado","Mummified Hand","Gensokyo:SongOfSouls"],"acts_visited":["Exordium","Gensokyo:Gensokyo"],"potions_floor_usage":[33],"damage_taken":[{"damage":0.0,"enemies":"Gensokyo:Gryphon","floor":1.0,"turns":5.0},{"damage":5.0,"enemies":"Gensokyo:Python","floor":3.0,"turns":4.0},{"damage":3.0,"enemies":"Gensokyo:3_Fairies","floor":4.0,"turns":4.0},{"damage":3.0,"enemies":"Gensokyo:Mamizou","floor":7.0,"turns":7.0},{"damage":4.0,"enemies":"Gensokyo:2_Rabbits","floor":11.0,"turns":4.0},{"damage":3.0,"enemies":"Gensokyo:VengefulSpirit","floor":13.0,"turns":3.0},{"damage":5.0,"enemies":"Gensokyo:Reimu","floor":16.0,"turns":7.0},{"damage":9.0,"enemies":"Gensokyo:Chomper","floor":18.0,"turns":4.0},{"damage":3.0,"enemies":"Gensokyo:2_Gloops","floor":19.0,"turns":2.0},{"damage":7.0,"enemies":"Gensokyo:Wraith","floor":21.0,"turns":5.0},{"damage":14.0,"enemies":"Gensokyo:Swordslinger","floor":22.0,"turns":6.0},{"damage":10.0,"enemies":"Gensokyo:Tenshi","floor":23.0,"turns":7.0},{"damage":0.0,"enemies":"Gensokyo:Slime_Group","floor":25.0,"turns":7.0},{"damage":0,"enemies":"Gensokyo:3_Gloops","floor":27,"turns":4},{"damage":0,"enemies":"Gensokyo:Reisen","floor":29,"turns":6},{"damage":110,"enemies":"Gensokyo:Eternal_Rivals","floor":33,"turns":7}],"seed_played":"-623279746346758193","potions_obtained":[{"floor":1.0,"key":"Block Potion"},{"floor":4.0,"key":"Swift Potion"},{"floor":11.0,"key":"Explosive Potion"},{"floor":13.0,"key":"Ancient Potion"},{"floor":22.0,"key":"Fire Potion"},{"floor":29,"key":"ColorlessPotion"}],"is_trial":false,"path_per_floor":["M","?","M","M","COS","R","E","R","T","R","M","?","M","?","R","B",null,"M","M","$","M","M","E","R","M","T","M","R","E","COS","?","R","B"],"character_chosen":"WATCHER","items_purchased":["Fasting2","EmptyMind"],"campfire_rested":1,"item_purchase_floors":[20,20],"current_hp_per_floor":[72,72,67,64,64,64,61,61,61,61,57,57,54,40,40,35,72,63,60,60,53,39,29,50,50,50,50,50,50,50,50,50,0,0],"gold":26,"neow_bonus":"HUNDRED_GOLD","is_daily":false,"chose_seed":false,"campfire_upgraded":5,"win_rate":0.0,"timestamp":1614086624,"path_taken":["M","?","M","M","COS","R","E","R","T","R","M","?","?","?","R","BOSS","M","M","$","M","?","E","R","M","T","M","R","E","COS","?","R","BOSS"],"items_purchased_type":["Card","Card"],"build_version":"2020-12-22","purchased_purges":1,"victory":false,"max_hp_per_floor":[72,72,72,72,72,72,72,72,72,72,72,72,72,72,72,72,72,72,72,72,72,72,72,72,72,72,72,72,72,72,72,72,72,72],"relic_stats":{"OrangePellets":[16],"Gremlin Horn":[11,11],"counters":[16,82],"Mummified Hand":[7],"VioletLotus":[3],"obtain_stats":[{"OrangePellets":5,"Anchor":7,"Lantern":9,"Calipers":16,"Gremlin Horn":14,"Mummified Hand":29,"Gensokyo:OccultBall":12,"VioletLotus":17,"PureWater":0,"Bottled Tornado":23,"Gensokyo:LunaticRedEyes":2,"Gensokyo:SongOfSouls":31},{"OrangePellets":3,"Anchor":4,"Lantern":4,"Calipers":7,"Gremlin Horn":6,"Mummified Hand":15,"Gensokyo:OccultBall":5,"VioletLotus":7,"PureWater":0,"Bottled Tornado":12,"Gensokyo:LunaticRedEyes":1,"Gensokyo:SongOfSouls":15},{"OrangePellets":13,"Anchor":20,"Lantern":20,"Calipers":28,"Gremlin Horn":27,"Mummified Hand":75,"Gensokyo:OccultBall":24,"VioletLotus":34,"PureWater":0,"Bottled Tornado":58,"Gensokyo:LunaticRedEyes":5,"Gensokyo:SongOfSouls":75}]},"card_choices":[{"not_picked":["PathToVictory","JustLucky"],"picked":"ReachHeaven","floor":1.0},{"not_picked":["InnerPeace","PathToVictory"],"picked":"Adaptation","floor":3.0},{"not_picked":["FlurryOfBlows","FlyingSleeves"],"picked":"Fasting2","floor":4.0},{"not_picked":["CutThroughFate","FlurryOfBlows"],"picked":"WheelKick","floor":7.0},{"not_picked":["FollowUp","FlyingSleeves"],"picked":"SandsOfTime","floor":11.0},{"not_picked":["EmptyBody","WindmillStrike"],"picked":"WheelKick","floor":13.0},{"not_picked":["Brilliance","Judgement"],"picked":"Vault","floor":16.0},{"not_picked":["CutThroughFate","Crescendo"],"picked":"Evaluate","floor":18.0},{"not_picked":["Nirvana","PathToVictory+1"],"picked":"Pray+1","floor":19.0},{"not_picked":["ClearTheMind","WheelKick"],"picked":"ThirdEye","floor":21.0},{"not_picked":["LikeWater","Collect"],"picked":"JustLucky","floor":22.0},{"not_picked":["Consecrate+1","Ragnarok"],"picked":"Vault","floor":23.0},{"not_picked":["InnerPeace","Meditate"],"picked":"Indignation+1","floor":25.0},{"not_picked":["WaveOfTheHand","EmptyBody"],"picked":"Fasting2+1","floor":27},{"not_picked":["WaveOfTheHand","LikeWater"],"picked":"TalkToTheHand+1","floor":29}],"player_experience":607497,"relics_obtained":[{"floor":7.0,"key":"Anchor"},{"floor":9.0,"key":"Lantern"},{"floor":16.0,"key":"Gensokyo:OccultBall"},{"floor":23.0,"key":"Bottled Tornado"},{"floor":29,"key":"Mummified Hand"}],"event_choices":[],"is_beta":false,"boss_relics":[{"not_picked":["Sozu","Runic Pyramid"],"picked":"VioletLotus"}],"items_purged_floors":[20],"is_endless":false,"potions_floor_spawned":[1,4,11,13,18,22,29],"killed_by":"Gensokyo:Eternal_Rivals","ascension_level":3}}