{"host":"5h6e4l6hpn0p5lap","time":1614081155,"event":{"mods":["AchievementEnabler","BaseMod","Better Altar","Better Match","Better Sensory Stone","Better Skull","Better Third Choice","Colored Map","Filter the Spire","Minty Spire (QoL Compilation)","StSLib"],"gold_per_floor":[112,127,4,4,16,42,58,23,46,62,62,74,74,103,103,199,199,217,217,231,243,259,259,285,285,285,285,285,320,331,350,350,350,350],"floor_reached":33,"language":"ENG","playtime":1783,"items_purged":["Defend_B"],"score":449,"play_id":"ba84d987-d952-4812-9685-71127b57d22b","local_time":"20210223065235","is_ascension_mode":true,"campfire_choices":[{"floor":13,"key":"REST"},{"floor":15,"key":"REST"},{"floor":23,"key":"REST"},{"data":"Fission","floor":25,"key":"SMITH"},{"floor":28,"key":"REST"},{"floor":32,"key":"REST"}],"circlet_count":0,"master_deck":["AscendersBane","Strike_B","Strike_B","Strike_B","Strike_B","Defend_B","Defend_B","Defend_B","Zap","Dualcast","Creative AI","Consume","Genetic Algorithm","Ball Lightning+1","Chill","Leap","Sweeping Beam","Coolheaded","Conserve Battery","Coolheaded","Fission+1","Panacea","Jack Of All Trades","Aggregate+1","Conserve Battery","Rebound+1","Turbo","Redo+1","BootSequence+1"],"relics":["Cracked Core","Nunchaku","Lantern","Anchor","Regal Pillow","Inserter","Mummified Hand","Boot","Potion Belt"],"acts_visited":["Exordium","TheCity"],"potions_floor_usage":[6,6,20,21,21,22,29,33],"damage_taken":[{"damage":4,"enemies":"Jaw Worm","floor":1,"turns":3},{"damage":0,"enemies":"Small Slimes","floor":2,"turns":4},{"damage":9,"enemies":"2 Louse","floor":5,"turns":2},{"damage":39,"enemies":"Gremlin Nob","floor":6,"turns":5},{"damage":3,"enemies":"Lots of Slimes","floor":7,"turns":5},{"damage":15,"enemies":"Gremlin Gang","floor":10,"turns":5},{"damage":0,"enemies":"Red Slaver","floor":12,"turns":3},{"damage":14,"enemies":"Lagavulin","floor":14,"turns":8},{"damage":35,"enemies":"The Guardian","floor":16,"turns":16},{"damage":8,"enemies":"Chosen","floor":18,"turns":7},{"damage":27,"enemies":"3 Byrds","floor":20,"turns":5},{"damage":4,"enemies":"Centurion and Healer","floor":21,"turns":13},{"damage":0,"enemies":"Chosen and Byrds","floor":22,"turns":7},{"damage":35,"enemies":"Gremlin Leader","floor":24,"turns":10},{"damage":40,"enemies":"Book of Stabbing","floor":29,"turns":6},{"damage":9,"enemies":"Snake Plant","floor":30,"turns":6},{"damage":7,"enemies":"Centurion and Healer","floor":31,"turns":10},{"damage":65,"enemies":"Champ","floor":33,"turns":11}],"seed_played":"2382463252460956550","potions_obtained":[{"floor":1,"key":"Regen Potion"},{"floor":2,"key":"FocusPotion"},{"floor":10,"key":"Ancient Potion"},{"floor":14,"key":"Energy Potion"},{"floor":20,"key":"Regen Potion"},{"floor":21,"key":"Fruit Juice"},{"floor":24,"key":"PowerPotion"},{"floor":31,"key":"Dexterity Potion"}],"is_trial":false,"path_per_floor":["M","M","$","?","M","E","M","?","T","M","?","M","R","E","R","B",null,"M","?","M","M","M","R","E","R","T","?","R","E","M","M","R","B"],"character_chosen":"DEFECT","items_purchased":["Ball Lightning"],"campfire_rested":5,"item_purchase_floors":[3],"current_hp_per_floor":[64,64,64,64,55,30,27,45,45,30,23,23,45,31,68,33,65,57,57,30,46,46,80,45,45,45,45,80,40,31,24,63,0,0],"gold":350,"neow_bonus":"ONE_RANDOM_RARE_CARD","is_daily":false,"chose_seed":false,"campfire_upgraded":1,"win_rate":0.0,"timestamp":1614081155,"path_taken":["M","M","$","?","M","E","M","?","T","M","?","M","R","E","R","BOSS","M","?","M","M","M","R","E","R","T","?","R","E","M","?","R","BOSS"],"items_purchased_type":["Card"],"build_version":"2020-12-22","purchased_purges":1,"victory":false,"max_hp_per_floor":[75,75,75,75,75,75,75,75,75,75,75,75,75,75,75,75,75,75,75,75,80,80,80,80,80,80,80,80,80,80,80,80,80,80],"card_choices":[{"not_picked":["Rebound","Ball Lightning"],"picked":"Consume","floor":1},{"not_picked":["Hologram","Stack"],"picked":"Genetic Algorithm","floor":2},{"not_picked":["Compile Driver","Redo"],"picked":"Chill","floor":5},{"not_picked":["Aggregate","White Noise"],"picked":"Leap","floor":6},{"not_picked":["Gash","Turbo"],"picked":"Sweeping Beam","floor":7},{"not_picked":["Double Energy","Beam Cell"],"picked":"Coolheaded","floor":10},{"not_picked":["Heatsinks","Gash"],"picked":"Conserve Battery","floor":12},{"not_picked":["Turbo","FTL"],"picked":"Coolheaded","floor":14},{"not_picked":["Creative AI","Hyperbeam"],"picked":"Fission","floor":16},{"not_picked":["Leap","Streamline","Gash"],"picked":"SKIP","floor":18},{"not_picked":["Mind Blast","Bandage Up"],"picked":"Panacea","floor":19},{"not_picked":["Finesse","Panache"],"picked":"Jack Of All Trades","floor":19},{"not_picked":["Go for the Eyes","Steam"],"picked":"Aggregate","floor":20},{"not_picked":["Streamline","Go for the Eyes"],"picked":"Conserve Battery","floor":21},{"not_picked":["Cold Snap","Streamline+1"],"picked":"Rebound+1","floor":22},{"not_picked":["Aggregate","Darkness","Compile Driver"],"picked":"SKIP","floor":24},{"not_picked":["Streamline","Darkness"],"picked":"Turbo","floor":29},{"not_picked":["Reboot","Sweeping Beam"],"picked":"Redo+1","floor":30},{"not_picked":["Go for the Eyes","Heatsinks+1"],"picked":"BootSequence+1","floor":31}],"player_experience":1160604,"relics_obtained":[{"floor":6,"key":"Nunchaku"},{"floor":9,"key":"Lantern"},{"floor":14,"key":"Regal Pillow"},{"floor":24,"key":"Mummified Hand"},{"floor":26,"key":"Boot"},{"floor":29,"key":"Potion Belt"}],"event_choices":[{"damage_healed":0,"gold_gain":0,"player_choice":"Grow","damage_taken":0,"max_hp_gain":0,"max_hp_loss":0,"event_name":"Living Wall","floor":4,"gold_loss":0,"cards_upgraded":["Ball Lightning"]},{"damage_healed":18,"gold_gain":0,"player_choice":"Healed","damage_taken":0,"max_hp_gain":0,"max_hp_loss":0,"event_name":"The Cleric","floor":8,"gold_loss":35},{"damage_healed":0,"gold_gain":0,"player_choice":"Relic ","damage_taken":7,"max_hp_gain":0,"max_hp_loss":0,"event_name":"betterThird:BetterScrap","floor":11,"gold_loss":0,"cards_obtained":["Well Laid Plans"]},{"damage_healed":0,"gold_gain":2,"player_choice":"1","damage_taken":0,"max_hp_gain":0,"max_hp_loss":0,"event_name":"betterStone:BetterStone","floor":19,"gold_loss":0},{"damage_healed":0,"gold_gain":0,"player_choice":"Upgraded","damage_taken":0,"max_hp_gain":0,"max_hp_loss":0,"event_name":"Upgrade Shrine","floor":27,"gold_loss":0,"cards_upgraded":["Aggregate"]}],"is_beta":false,"boss_relics":[{"not_picked":["Sozu","SlaversCollar"],"picked":"Inserter"}],"items_purged_floors":[3],"is_endless":false,"potions_floor_spawned":[1,2,10,14,20,21,24,31],"killed_by":"Champ","ascension_level":10}}