{"host":"7rmsgc3rayi00cdt","time":1614104608,"event":{"mods":["BaseMod","Minty Spire (QoL Compilation)"],"gold_per_floor":[112,129,204,379,379,422,446,446,498,498,89,430,456,467,467,562,562,582,607,631,631,670,670,685,709,718,738,779,793,892,532,532,532,532],"floor_reached":33,"language":"ENG","playtime":1313,"items_purged":["Doubt"],"score":457,"play_id":"935753eb-f567-44c3-99af-acc5636992be","local_time":"20210223182328","is_ascension_mode":true,"campfire_choices":[{"data":"True Grit","floor":8,"key":"SMITH"},{"data":"Anger","floor":10,"key":"SMITH"},{"floor":15,"key":"REST"},{"floor":23,"key":"REST"},{"floor":32,"key":"REST"}],"circlet_count":0,"master_deck":["AscendersBane","Strike_R","Strike_R","Strike_R","Strike_R","Strike_R","Defend_R","Defend_R","Defend_R","Defend_R","Bash+1","Anger+1","Sword Boomerang","Warcry","True Grit+1","Pommel Strike","Shrug It Off","True Grit+1","Sword Boomerang","Twin Strike","Shrug It Off+1","Thunderclap","Iron Wave+1","Sentinel+1","Deep Breath","Mayhem"],"relics":["Burning Blood","CeramicFish","Red Skull","Champion Belt","Old Coin","Cursed Key","MutagenicStrength","Red Mask","Toy Ornithopter","Boot"],"acts_visited":["Exordium","TheCity"],"potions_floor_usage":[6,12,20,22,22,28,33],"damage_taken":[{"damage":3,"enemies":"Jaw Worm","floor":1,"turns":4},{"damage":3,"enemies":"2 Louse","floor":2,"turns":3},{"damage":20,"enemies":"Gremlin Nob","floor":6,"turns":4},{"damage":4,"enemies":"Small Slimes","floor":7,"turns":4},{"damage":42,"enemies":"3 Sentries","floor":12,"turns":11},{"damage":10,"enemies":"Exordium Thugs","floor":13,"turns":3},{"damage":1,"enemies":"Looter","floor":14,"turns":3},{"damage":19,"enemies":"Hexaghost","floor":16,"turns":8},{"damage":14,"enemies":"3 Byrds","floor":18,"turns":7},{"damage":14,"enemies":"Shell Parasite","floor":19,"turns":6},{"damage":32,"enemies":"Sentry and Sphere","floor":20,"turns":6},{"damage":37,"enemies":"Masked Bandits","floor":22,"turns":6},{"damage":0,"enemies":"Cultist and Chosen","floor":24,"turns":6},{"damage":17,"enemies":"Snake Plant","floor":25,"turns":5},{"damage":19,"enemies":"Centurion and Healer","floor":27,"turns":4},{"damage":11,"enemies":"Book of Stabbing","floor":28,"turns":4},{"damage":2,"enemies":"Cultist and Chosen","floor":29,"turns":6},{"damage":71,"enemies":"Collector","floor":33,"turns":5}],"seed_played":"1171020235270075862","potions_obtained":[{"floor":2,"key":"Energy Potion"},{"floor":7,"key":"ElixirPotion"},{"floor":13,"key":"LiquidMemories"},{"floor":16,"key":"BloodPotion"},{"floor":20,"key":"BlessingOfTheForge"},{"floor":24,"key":"LiquidMemories"},{"floor":29,"key":"SmokeBomb"}],"is_trial":false,"path_per_floor":["M","M","?","?","?","E","M","R","T","R","$","E","M","M","R","B",null,"M","M","M","?","?","R","M","M","T","M","E","M","?","$","R","B"],"character_chosen":"IRONCLAD","items_purchased":["Champion Belt","Fruit Juice","AttackPotion","Deep Breath","Mayhem"],"campfire_rested":3,"item_purchase_floors":[11,11,31,31,31],"current_hp_per_floor":[75,78,67,67,67,53,55,55,55,55,55,24,20,25,50,37,73,65,57,31,31,17,42,48,37,37,24,24,28,28,28,53,0,0],"gold":532,"neow_bonus":"UPGRADE_CARD","is_daily":false,"chose_seed":false,"campfire_upgraded":2,"win_rate":0.0,"timestamp":1614104608,"path_taken":["M","M","?","?","?","E","M","R","T","R","$","E","M","M","R","BOSS","M","M","M","?","?","R","M","M","T","M","E","M","?","$","R","BOSS"],"items_purchased_type":["Relic","Potion","Potion","Card","Card"],"build_version":"2020-12-22","purchased_purges":1,"victory":false,"max_hp_per_floor":[80,80,80,80,80,80,80,80,80,80,80,85,85,85,85,85,85,85,85,85,85,85,85,85,85,85,85,85,85,85,85,85,85,85],"card_choices":[{"not_picked":["Flex","Blood for Blood"],"picked":"Anger","floor":1},{"not_picked":["Cleave","Clothesline"],"picked":"Sword Boomerang","floor":2},{"not_picked":["Sentinel","Bloodletting"],"picked":"Warcry","floor":6},{"not_picked":["Sentinel","Bloodletting"],"picked":"True Grit","floor":7},{"not_picked":["Intimidate","Inflame"],"picked":"Pommel Strike","floor":12},{"not_picked":["Twin Strike","Havoc"],"picked":"Shrug It Off","floor":13},{"not_picked":["Entrench","Armaments","Warcry"],"picked":"SKIP","floor":14},{"not_picked":["Dual Wield+1","Body Slam"],"picked":"True Grit+1","floor":18},{"not_picked":["Perfected Strike","Wild Strike"],"picked":"Sword Boomerang","floor":19},{"not_picked":["Heavy Blade","Double Tap"],"picked":"Twin Strike","floor":20},{"not_picked":["Shockwave","Havoc+1"],"picked":"Shrug It Off+1","floor":22},{"not_picked":["Clash","True Grit","Dual Wield+1"],"picked":"SKIP","floor":24},{"not_picked":["Combust+1","Feel No Pain"],"picked":"Thunderclap","floor":25},{"not_picked":["Fire Breathing","Pummel"],"picked":"Iron Wave+1","floor":27},{"not_picked":["Pommel Strike","Iron Wave+1"],"picked":"Sentinel+1","floor":28},{"not_picked":["Carnage","Perfected Strike","Thunderclap"],"picked":"SKIP","floor":29}],"player_experience":834899,"relics_obtained":[{"floor":6,"key":"CeramicFish"},{"floor":9,"key":"Red Skull"},{"floor":12,"key":"Old Coin"},{"floor":22,"key":"Red Mask"},{"floor":26,"key":"Toy Ornithopter"},{"floor":28,"key":"Boot"}],"event_choices":[{"damage_healed":0,"gold_gain":75,"player_choice":"Gather Gold","damage_taken":11,"max_hp_gain":0,"max_hp_loss":0,"event_name":"World of Goop","floor":3,"gold_loss":0},{"damage_healed":0,"gold_gain":175,"player_choice":"AGREE","damage_taken":0,"max_hp_gain":0,"max_hp_loss":0,"event_name":"Liars Game","floor":4,"gold_loss":0,"cards_obtained":["Doubt"]},{"cards_removed":["Doubt"],"damage_healed":0,"gold_gain":0,"player_choice":"Forget","damage_taken":0,"max_hp_gain":0,"max_hp_loss":0,"event_name":"Living Wall","floor":5,"gold_loss":0},{"damage_healed":0,"gold_gain":0,"player_choice":"Inject Mutagens","damage_taken":0,"relics_obtained":["MutagenicStrength"],"max_hp_gain":0,"max_hp_loss":0,"event_name":"Drug Dealer","floor":21,"gold_loss":0},{"damage_healed":0,"gold_gain":0,"player_choice":"Fought Bandits","damage_taken":0,"max_hp_gain":0,"max_hp_loss":0,"event_name":"Masked Bandits","floor":22,"gold_loss":0},{"damage_healed":0,"gold_gain":99,"player_choice":"Stole From Cult","damage_taken":0,"max_hp_gain":0,"max_hp_loss":0,"event_name":"Nest","floor":30,"gold_loss":0}],"is_beta":false,"boss_relics":[{"not_picked":["Runic Dome","Fusion Hammer"],"picked":"Cursed Key"}],"items_purged_floors":[31],"is_endless":false,"potions_floor_spawned":[2,7,13,16,19,20,24,29],"killed_by":"Collector","ascension_level":11}}