{"host":"j2lclbvdfoh0nnbr","time":1614095702,"event":{"mods":["ATMod(阿瑾Mod)","Aspiration","BaseMod","Downfall","Library of Ruina","Lobotomy","LobotomyExtend","Minty Spire (QoL Compilation)","Reimu（博丽灵梦）","Replay The Spire","StSLib","The Animator","The Bug Knight","Waifu the Spire"],"gold_per_floor":[118,118,118,136,147,147,181,201,201,220,295,295,306,317,317,417,517,525,556,556,575,591,591,624,624,624,294,306,306,206,305,305,403,403,417,37,83,83,93,128,146,174,197,209,229,79,79,128,128,128],"floor_reached":51,"language":"ZHS","playtime":3851,"items_purged":["LightAttack","LightDefense","LightDefense","LightDefense"],"score":802,"play_id":"2d14f99c-e2f0-40f1-bc40-865fb105f8af","local_time":"20210223235502","is_ascension_mode":false,"campfire_choices":[{"data":"FlowOfTheSword","floor":6.0,"key":"SMITH"},{"data":"SunsetBlade","floor":23.0,"key":"SMITH"},{"data":"RapidGashes","floor":25.0,"key":"SMITH"},{"data":"Pot Of Greed","floor":32.0,"key":"SMITH"},{"data":"AT_FamilyPortrait","floor":49,"key":"SMITH"}],"circlet_count":0,"master_deck":["Dodge","ChargeAndCover","FocusedStrikes","FlowOfTheSword+1","Endless Agony","Acrobatics","All Out Attack","Concentration","HighSpeedStabbing","RapidGashes+1","ViolentFlame","SunsetBlade+1","Poor:ReiMu","SunsetBlade+1","GrazeTheGrass","FrontalAssault+1","Riposte","Pot Of Greed+1","Pot Of Greed","AT_EmpoweredMortalDraw","AT_FamilyPortrait+1","Swift Strike","Writhe","Pot Of Greed","Clone","SmokingPipe+1"],"relics":["PageOfLibrarian","AT_ATBox","aspiration:DSix","LetterFromLob","AT_BellDemon","Blue Candle","AT_BellowingDragoncrestRing","AT_ForceNature","YidongShenshe:ReiMu","Replay:Wanted Poster","Red Mask","Blood Vial","Snack Pack","PageOfGreed","Grinning Jar","PageOfQueenBee","AT_MortalBlade","PageOfOzma","PageOfMountain","AT_PhaseBoots","PageOfLumberjack","Centennial Puzzle","PageOfTheQueenOfHatred","Juzu Bracelet","Vajra","PageOfTheKnightOfDespair","PageOfWrath","PageOfTheKnightOfDespair","PageOfNihil","CrazyTorch:ReiMu","Shuriken"],"acts_visited":["Exordium","TheCity","TheBeyond"],"potions_floor_usage":[],"damage_taken":[{"damage":0.0,"enemies":"Jaw Worm","floor":1.0,"turns":5.0},{"damage":1.0,"enemies":"Small Slimes","floor":4.0,"turns":3.0},{"damage":0.0,"enemies":"Cultist","floor":5.0,"turns":3.0},{"damage":0.0,"enemies":"Gremlin Nob","floor":7.0,"turns":3.0},{"damage":19.0,"enemies":"Blue Slaver","floor":8.0,"turns":3.0},{"damage":7.0,"enemies":"Exordium Thugs","floor":10.0,"turns":4.0},{"damage":0.0,"enemies":"2 Fungi Beasts","floor":13.0,"turns":2.0},{"damage":0.0,"enemies":"Blue Slaver","floor":14.0,"turns":2.0},{"damage":18.0,"enemies":"The Guardian","floor":16.0,"turns":8.0},{"damage":8.0,"enemies":"Spheric Guardian","floor":18.0,"turns":4.0},{"damage":11.0,"enemies":"Masked Bandits","floor":19.0,"turns":5.0},{"damage":0.0,"enemies":"Chosen","floor":21.0,"turns":3.0},{"damage":0.0,"enemies":"3 Cultists","floor":22.0,"turns":5.0},{"damage":0.0,"enemies":"Slavers","floor":24.0,"turns":3.0},{"damage":11.0,"enemies":"Centurion and Healer","floor":28.0,"turns":3.0},{"damage":12.0,"enemies":"Automaton","floor":33.0,"turns":4.0},{"damage":5.0,"enemies":"3 Shapes","floor":35.0,"turns":3.0},{"damage":30.0,"enemies":"2 Orb Walkers","floor":37.0,"turns":2.0},{"damage":0.0,"enemies":"3 Darklings","floor":39.0,"turns":2.0},{"damage":0.0,"enemies":"Reptomancer","floor":40.0,"turns":2.0},{"damage":0,"enemies":"Spire Growth","floor":41,"turns":2},{"damage":0,"enemies":"Giant Head","floor":42,"turns":3},{"damage":0,"enemies":"Writhing Mass","floor":44,"turns":5},{"damage":0,"enemies":"Sphere and 2 Shapes","floor":45,"turns":1},{"damage":0,"enemies":"Replay:Hell Engine","floor":50,"turns":3},{"damage":28,"enemies":"Malkuth","floor":51,"turns":3},{"damage":15,"enemies":"Netzach","floor":51,"turns":4},{"damage":1,"enemies":"Geburah","floor":51,"turns":8},{"damage":58,"enemies":"Binah","floor":51,"turns":9},{"damage":73,"enemies":"Angela","floor":51,"turns":6}],"seed_played":"7299483005821076331","potions_obtained":[{"floor":1.0,"key":"ZuzhouPotion:ReiMu"},{"floor":5.0,"key":"Fire Potion"},{"floor":10.0,"key":"Strength Potion"},{"floor":14.0,"key":"DuplicationPotion"},{"floor":16.0,"key":"Dexterity Potion"},{"floor":18.0,"key":"Venom Potion"},{"floor":28.0,"key":"FearPotion"}],"is_trial":false,"path_per_floor":["M","?","?","M","M","R","E","M","T","M","?","?","M","M","R","B",null,"M","?","?","M","M","R","E","R","T","$","M","?","$","?","R","B",null,"M","$","?","?","M","E","M","E","T","M","M","$","?","?","R","B",null],"character_chosen":"Librarian","items_purchased":["PageOfGreed","AT_FamilyPortrait","Swift Strike"],"campfire_rested":0,"item_purchase_floors":[27,36,36],"current_hp_per_floor":[60,65,65,64,64,64,64,45,45,38,27,27,27,27,27,9,87,79,68,68,68,68,68,68,68,68,68,61,68,68,68,68,62,90,85,85,59,82,86,90,90,90,90,90,90,90,90,68,68,89],"gold":128,"neow_bonus":"DSIX","is_daily":false,"chose_seed":false,"campfire_upgraded":5,"win_rate":0.0,"timestamp":1614095702,"path_taken":["M","?","?","M","M","R","E","M","T","?","?","?","?","M","R","BOSS","M","?","?","M","M","R","E","R","T","$","M","?","?","?","R","BOSS","M","$","?","?","M","E","M","E","T","M","M","$","?","?","R","BOSS"],"items_purchased_type":["Relic","Card","Card"],"build_version":"2020-12-22","purchased_purges":4,"victory":true,"max_hp_per_floor":[63,68,68,68,70,70,73,73,73,73,73,73,73,82,82,87,87,87,89,89,89,89,89,89,89,89,89,68,68,68,68,90,90,90,90,90,90,90,90,90,90,90,90,90,90,90,90,90,90,90],"card_choices":[{"not_picked":["SerpentSwordTechnique","Rewind","QuickAttack"],"picked":"FlowOfTheSword","floor":1.0},{"not_picked":["BlazingStrike","Leap_lor","SmokingPipe"],"picked":"Concentration","floor":4.0},{"not_picked":["FlowOfTheSword","Concentration","UpbeatPerformance"],"picked":"HighSpeedStabbing","floor":5.0},{"not_picked":["SnakesPrey","FlowOfTheSword","MultiHit","MultiBlock"],"picked":"SKIP","floor":7.0},{"not_picked":["StrikeDown","YourShield","PinpointShot"],"picked":"RapidGashes","floor":8.0},{"not_picked":["SpearedSweep","QuickSuppression","ViolentFlame","FleetEdge"],"picked":"SKIP","floor":10.0},{"not_picked":["SpearedSweep","QuickSuppression","FleetEdge"],"picked":"ViolentFlame","floor":10.0},{"not_picked":["QuickSuppression","HiddenBlade","InnerArdor"],"picked":"SunsetBlade","floor":13.0},{"not_picked":["DirtyBlow","QuickSuppression","Parry2","PinpointShot"],"picked":"SKIP","floor":14.0},{"not_picked":["SerpentineBarrier","GreatSerpentsImpact","Parry2"],"picked":"SunsetBlade+1","floor":18.0},{"not_picked":["HighSpeedStabbing+1","MultiHit","SerpentineBarrier"],"picked":"GrazeTheGrass","floor":19.0},{"not_picked":["ConcentratedFire+1","Laceration+1","DimensionalRift","BackstreetsDash"],"picked":"SKIP","floor":21.0},{"not_picked":["UpbeatPerformance","Laceration","Collision"],"picked":"FrontalAssault+1","floor":22.0},{"not_picked":["FrontalAssault+1","Leap_lor+1","SkitterAway"],"picked":"Riposte","floor":24.0},{"not_picked":["FierceCharge","SmokingPipe","ViolentFlame+1","Parry2"],"picked":"SKIP","floor":28.0},{"not_picked":["SpearedSweep+1","StrongStrike","FierceCharge","QuickAttack+1"],"picked":"SKIP","floor":35.0},{"not_picked":["SmokingPipe+1","SpearedSweep","FleetEdge+1","MultiHit"],"picked":"SKIP","floor":39.0},{"not_picked":["CombatPreparation+1","TendonChords+1","Laceration+1","EnergyCycle+1"],"picked":"SKIP","floor":40.0},{"not_picked":["FleetEdge","CombatPreparation+1","Retaliate+1","HiddenBlade+1"],"picked":"SKIP","floor":41},{"not_picked":["QuickAttack","Suppress","SparkingSpear+1","UpbeatPerformance"],"picked":"SKIP","floor":42},{"not_picked":["SerpentSwordTechnique+1","EnergyStrike+1","VenomousFangs"],"picked":"Clone","floor":44},{"not_picked":["GrazeTheGrass+1","Parry2+1","SerpentSwordTechnique","StrongStrike"],"picked":"SKIP","floor":45},{"not_picked":["MultiHit+1","StrikeDown+1","HardRehearsal"],"picked":"SmokingPipe+1","floor":48}],"player_experience":355623,"relics_obtained":[{"floor":1.0,"key":"LetterFromLob"},{"floor":7.0,"key":"AT_BellDemon"},{"floor":8.0,"key":"Blue Candle"},{"floor":10.0,"key":"AT_BellowingDragoncrestRing"},{"floor":19.0,"key":"Red Mask"},{"floor":24.0,"key":"Blood Vial"},{"floor":26.0,"key":"Snack Pack"},{"floor":28.0,"key":"Grinning Jar"},{"floor":33.0,"key":"PageOfQueenBee"},{"floor":35.0,"key":"PageOfOzma"},{"floor":37.0,"key":"PageOfMountain"},{"floor":37.0,"key":"AT_SpeedBoots"},{"floor":39.0,"key":"PageOfLumberjack"},{"floor":40.0,"key":"Centennial Puzzle"},{"floor":40.0,"key":"PageOfTheQueenOfHatred"},{"floor":41,"key":"Juzu Bracelet"},{"floor":42,"key":"Vajra"},{"floor":42,"key":"PageOfTheKnightOfDespair"},{"floor":43,"key":"PageOfWrath"},{"floor":44,"key":"PageOfTheKnightOfDespair"},{"floor":44,"key":"PageOfNihil"},{"floor":45,"key":"CrazyTorch:ReiMu"},{"floor":48,"key":"Shuriken"}],"event_choices":[{"damage_healed":0.0,"max_hp_gain":5.0,"max_hp_loss":0.0,"gold_gain":0.0,"event_name":"Big Fish","player_choice":"Donut","floor":2.0,"gold_loss":0.0,"damage_taken":0.0},{"damage_healed":0.0,"max_hp_gain":0.0,"max_hp_loss":0.0,"gold_gain":75.0,"event_name":"World of Goop","player_choice":"Gather Gold","floor":11.0,"gold_loss":0.0,"damage_taken":11.0},{"damage_healed":0.0,"max_hp_gain":0.0,"max_hp_loss":0.0,"gold_gain":0.0,"event_name":"Dead Adventurer","player_choice":"Searched \u00272\u0027 times","floor":12.0,"gold_loss":0.0,"damage_taken":0.0,"relics_obtained":["AT_ForceNature"]},{"damage_healed":0.0,"max_hp_gain":0.0,"max_hp_loss":0.0,"gold_gain":0.0,"event_name":"yidonshenshe","player_choice":"带走神社","floor":15.0,"gold_loss":0.0,"damage_taken":0.0,"relics_obtained":["YidongShenshe:ReiMu"],"cards_obtained":["Poor:ReiMu"]},{"damage_healed":0.0,"max_hp_gain":0.0,"max_hp_loss":0.0,"gold_gain":0.0,"event_name":"Masked Bandits","player_choice":"Fought Bandits","floor":19.0,"gold_loss":0.0,"damage_taken":0.0},{"damage_healed":22.0,"max_hp_gain":0.0,"max_hp_loss":0.0,"gold_gain":0.0,"event_name":"The Library","player_choice":"Heal","floor":29.0,"gold_loss":0.0,"damage_taken":0.0},{"damage_healed":0.0,"max_hp_gain":0.0,"max_hp_loss":0.0,"gold_gain":99.0,"event_name":"Nest","player_choice":"Stole From Cult","floor":31.0,"gold_loss":0.0,"damage_taken":0.0},{"damage_healed":0.0,"max_hp_gain":0.0,"max_hp_loss":0.0,"gold_gain":0.0,"event_name":"Mysterious Sphere","player_choice":"Fight","floor":37.0,"gold_loss":0.0,"damage_taken":0.0},{"damage_healed":23.0,"max_hp_gain":0.0,"max_hp_loss":0.0,"gold_gain":0.0,"event_name":"Winding Halls","player_choice":"Writhe","floor":38.0,"gold_loss":0.0,"damage_taken":0.0,"cards_obtained":["Writhe"]}],"is_beta":false,"boss_relics":[{"not_picked":["aspiration:RitualDagger","Ectoplasm"],"picked":"Replay:Wanted Poster"},{"not_picked":["Honey Jar","Coffee Dripper"],"picked":"AT_MortalBlade"}],"items_purged_floors":[27,30,36,46],"is_endless":false,"potions_floor_spawned":[1,5,10,14,16,18,28,35,37,39,45],"ascension_level":0}}