{"host":"ynrwrlpyvfpc6sm0","time":1614050440,"event":{"mods":["BaseMod","Hermit","Marisa£®ÏF”Í°°ƒß¿Ì…≥£©","Minty Spire (QoL Compilation)","Quick Restart","Replay The Spire","StSLib","The IronCluck","The Marked"],"gold_per_floor":[115,130,142,142,158,192,192,221,221,221,234,251,251,251,251],"floor_reached":14,"language":"ZHS","playtime":672,"items_purged":[],"score":102,"play_id":"bb3102c6-5a2d-492a-aeca-42b9122533d9","local_time":"20210223112040","is_ascension_mode":false,"campfire_choices":[{"data":"hermit:Dive","floor":7.0,"key":"SMITH"},{"floor":10.0,"key":"REST"}],"circlet_count":0,"master_deck":["hermit:Strike_Hermit","hermit:Strike_Hermit","hermit:Strike_Hermit","hermit:Strike_Hermit","hermit:Defend_Hermit","hermit:Defend_Hermit","hermit:Defend_Hermit","hermit:Defend_Hermit","hermit:Snapshot","hermit:Covet","hermit:Misfire","hermit:Dive+1","hermit:Enervate","hermit:FromBeyond","hermit:GhostlyPresence","hermit:ShadowCloak","hermit:Purgatory+1"],"relics":["hermit:Momento","WingedGreaves","TungstenRod","Pondfish Scales"],"acts_visited":["Exordium"],"potions_floor_usage":[],"damage_taken":[{"damage":0.0,"enemies":"Cultist","floor":1.0,"turns":3.0},{"damage":0.0,"enemies":"2 Louse","floor":2.0,"turns":3.0},{"damage":0.0,"enemies":"Small Slimes","floor":3.0,"turns":2.0},{"damage":0.0,"enemies":"3 Louse","floor":5.0,"turns":4.0},{"damage":31.0,"enemies":"Lagavulin","floor":6.0,"turns":6.0},{"damage":33.0,"enemies":"Gremlin Nob","floor":8.0,"turns":5.0},{"damage":10.0,"enemies":"Large Slime","floor":11.0,"turns":6.0},{"damage":10.0,"enemies":"Lots of Slimes","floor":12.0,"turns":4.0},{"damage":44,"enemies":"3 Sentries","floor":14,"turns":6}],"seed_played":"-6600499442031463637","potions_obtained":[{"floor":2.0,"key":"Explosive Potion"},{"floor":8.0,"key":"Strength Potion"},{"floor":11.0,"key":"Milkshake"}],"is_trial":false,"path_per_floor":["M","M","M","?","M","E","R","E","T","R","M","M","?","E"],"character_chosen":"HERMIT","items_purchased":[],"campfire_rested":1,"item_purchase_floors":[],"current_hp_per_floor":[82,82,82,82,82,51,51,18,18,42,32,22,22,0,0],"gold":251,"neow_bonus":"TEN_PERCENT_HP_BONUS","is_daily":false,"chose_seed":false,"campfire_upgraded":1,"win_rate":0.0,"timestamp":1614050440,"path_taken":["M","?","M","?","?","E","R","E","T","R","M","M","?","E"],"items_purchased_type":[],"build_version":"2020-12-22","purchased_purges":0,"victory":false,"max_hp_per_floor":[82,82,82,82,82,82,82,82,82,82,82,82,82,82,82],"card_choices":[{"not_picked":["hermit:BodyArmor","hermit:HoleUp"],"picked":"hermit:Misfire","floor":1.0},{"not_picked":["hermit:BodyArmor","hermit:Snipe"],"picked":"hermit:Gestalt","floor":2.0},{"not_picked":["hermit:Vantage","hermit:Misfire"],"picked":"hermit:Dive","floor":3.0},{"not_picked":["hermit:SprayPray","hermit:ItchyTrigger"],"picked":"hermit:Enervate","floor":5.0},{"not_picked":["hermit:Spite","hermit:Glare"],"picked":"hermit:FromBeyond","floor":6.0},{"not_picked":["hermit:FlashPowder","hermit:HoleUp"],"picked":"hermit:GhostlyPresence","floor":8.0},{"not_picked":["hermit:ItchyTrigger","hermit:Shortfuse"],"picked":"hermit:ShadowCloak","floor":11.0},{"not_picked":["hermit:FullyLoaded","hermit:HoleUp"],"picked":"hermit:Maintenance","floor":12.0}],"player_experience":225057,"relics_obtained":[{"floor":6.0,"key":"WingedGreaves"},{"floor":8.0,"key":"TungstenRod"},{"floor":9.0,"key":"Pondfish Scales"}],"event_choices":[{"cards_removed":["hermit:Gestalt"],"damage_healed":0.0,"max_hp_gain":0.0,"max_hp_loss":0.0,"gold_gain":0.0,"event_name":"Bonfire Elementals","player_choice":"Offered Uncommon","floor":4.0,"gold_loss":0.0,"damage_taken":0.0}],"is_beta":false,"boss_relics":[],"items_purged_floors":[],"is_endless":false,"potions_floor_spawned":[2,8,11],"killed_by":"3 Sentries","ascension_level":0}}