{"host":"df48i9djcn92c5sx","time":1614059562,"event":{"mods":["Act Like it!","Arknights","BaseMod","Decade(王小明)","Downfall","Gensokyo","Marisa（F雨　魔理沙）","Minty Spire (QoL Compilation)","READ ME - Guardian Mod","READ ME - Snecko Mod","Reimu（博丽灵梦）","Remilia（蕾米莉亚）","Shop Mod","StSLib","The Jungle","The Servant 0.9.4"],"gold_per_floor":[119,43,63,63,73,73,104,104,104,104,117,136,136,155,155,231,231,243,92,105,116,79,79,79,79],"floor_reached":24,"language":"ZHS","playtime":2099,"items_purged":["Strike_B"],"score":446,"play_id":"f2c550c8-6bba-4b1d-9a9f-f7795fc42d01","local_time":"20210223135242","is_ascension_mode":true,"campfire_choices":[{"data":"Static Discharge","floor":6,"key":"SMITH"},{"data":"Glacier","floor":8,"key":"SMITH"},{"data":"Zap","floor":15,"key":"SMITH"},{"data":"Rainbow","floor":23,"key":"SMITH"}],"circlet_count":0,"master_deck":["AscendersBane","Strike_B","Strike_B","Strike_B","Defend_B","Defend_B","Defend_B","Defend_B","Zap+1","Dualcast","Static Discharge+1","Fusion+1","Ball Lightning","Glacier+1","Multi-Cast","Reinforced Body","Rainbow+1","Redo+1","Storm","Capacitor"],"relics":["Cracked Core","NeowsBlessing","Kunai","Cables","Busted Crown"],"acts_visited":["Exordium","TheCity"],"potions_floor_usage":[7,7,11,11,16,21,24],"damage_taken":[{"damage":0,"enemies":"Cultist","floor":1,"turns":1},{"damage":0,"enemies":"Jaw Worm","floor":3,"turns":1},{"damage":0,"enemies":"2 Louse","floor":5,"turns":1},{"damage":15,"enemies":"Lagavulin","floor":7,"turns":3},{"damage":14,"enemies":"Gremlin Gang","floor":11,"turns":4},{"damage":6,"enemies":"Large Slime","floor":12,"turns":5},{"damage":20,"enemies":"Exordium Wildlife","floor":14,"turns":3},{"damage":0,"enemies":"Slime Boss","floor":16,"turns":5},{"damage":0,"enemies":"3 Byrds","floor":18,"turns":5},{"damage":16,"enemies":"Spheric Guardian","floor":20,"turns":3},{"damage":46,"enemies":"3 Cultists","floor":21,"turns":4},{"damage":30,"enemies":"Book of Stabbing","floor":24,"turns":3}],"seed_played":"-5489826636716478063","potions_obtained":[{"floor":3,"key":"Fire Potion"},{"floor":5,"key":"FocusPotion"},{"floor":7,"key":"EntropicBrew"},{"floor":11,"key":"EssenceOfDarkness"},{"floor":16,"key":"Regen Potion"},{"floor":20,"key":"DuplicationPotion"},{"floor":21,"key":"ColorlessPotion"}],"is_trial":false,"path_per_floor":["M","$","M","$","M","R","E","R","T","?","M","M","?","M","R","B",null,"M","$","M","M","$","R","E"],"character_chosen":"DEFECT","items_purchased":["Static Discharge","Storm","Capacitor"],"campfire_rested":0,"item_purchase_floors":[2,19,22],"current_hp_per_floor":[64,64,64,64,64,64,49,49,49,49,35,29,71,51,51,51,66,66,66,50,4,4,4,0,0],"gold":79,"neow_bonus":"THREE_ENEMY_KILL","is_daily":false,"chose_seed":false,"campfire_upgraded":4,"win_rate":0.0,"timestamp":1614059562,"path_taken":["M","$","M","$","?","R","E","R","T","?","?","M","?","M","R","BOSS","M","$","M","M","?","R","E"],"items_purchased_type":["Card","Card","Card"],"build_version":"2020-12-22","purchased_purges":1,"victory":false,"max_hp_per_floor":[71,71,71,71,71,71,71,71,71,71,71,71,71,71,71,71,71,71,71,71,71,71,71,71,71],"card_choices":[{"not_picked":["Coolheaded","Go for the Eyes","Sweeping Beam"],"picked":"SKIP","floor":1},{"not_picked":["Conserve Battery","Sweeping Beam"],"picked":"Fusion","floor":3},{"not_picked":["Loop","Hello World"],"picked":"Ball Lightning","floor":5},{"not_picked":["Double Energy","Steam"],"picked":"Glacier","floor":7},{"not_picked":["Cold Snap","Sunder"],"picked":"Multi-Cast","floor":11},{"not_picked":["Stack","Reprogram","Steam"],"picked":"SKIP","floor":12},{"not_picked":["FTL","Conserve Battery"],"picked":"Reinforced Body","floor":14},{"not_picked":["Reboot","Multi-Cast"],"picked":"Rainbow","floor":16},{"not_picked":[],"picked":"Redo+1","floor":18},{"not_picked":["Fusion"],"picked":"SKIP","floor":20},{"not_picked":["Compile Driver+1"],"picked":"SKIP","floor":21}],"player_experience":1612608,"relics_obtained":[{"floor":7,"key":"Kunai"},{"floor":9,"key":"Cables"}],"event_choices":[{"damage_healed":0,"gold_gain":0,"player_choice":"Upgraded","damage_taken":0,"max_hp_gain":0,"max_hp_loss":0,"event_name":"Upgrade Shrine","floor":10,"gold_loss":0,"cards_upgraded":["Fusion"]},{"damage_healed":42,"gold_gain":0,"player_choice":"Full Heal","damage_taken":0,"max_hp_gain":0,"max_hp_loss":0,"event_name":"Wheel of Change","floor":13,"gold_loss":0}],"is_beta":false,"boss_relics":[{"not_picked":["Calling Bell","Runic Pyramid"],"picked":"Busted Crown"}],"items_purged_floors":[19],"is_endless":false,"potions_floor_spawned":[3,5,7,11,16,20,21],"killed_by":"Book of Stabbing","ascension_level":16}}