{"host":"1vy6j31128f61x2z","time":1614045193,"event":{"mods":["AchievementEnabler","BaseMod","Colored Powertips","Minty Spire (QoL Compilation)","Permanent Neow"],"gold_per_floor":[115,115,125,125,144,179,179,203,228,248,282,323,323,338,338,457,457,481,481,505,505,505,544,544,158,182,217,248,286,286,321,321,447,447,471,471,484,238,261,261,302,302,326,84,133,207,550,578,578,578,578,578,27,74,74,74],"floor_reached":55,"language":"ENG","playtime":3176,"items_purged":["Strike_P+1","Strike_P+1","Strike_P+1","Apotheosis"],"score":993,"play_id":"064d6753-4bc2-4302-a7c9-04307ab04f5d","local_time":"20210222205313","is_ascension_mode":true,"campfire_choices":[{"data":"Eruption","floor":7.0,"key":"SMITH"},{"data":"ReachHeaven","floor":15.0,"key":"SMITH"},{"floor":24.0,"key":"RECALL"},{"floor":30.0,"key":"REST"},{"floor":32.0,"key":"REST"},{"floor":40.0,"key":"REST"},{"floor":42.0,"key":"REST"},{"floor":49.0,"key":"REST"},{"floor":52.0,"key":"REST"}],"circlet_count":0,"master_deck":["Defend_P+1","Defend_P+1","Defend_P+1","Defend_P+1","Eruption+1","Vigilance","Halt+1","ClearTheMind","Consecrate","Conclude","WindmillStrike","Tantrum","ReachHeaven+1","CutThroughFate","WheelKick","Ragnarok","CutThroughFate","BattleHymn","EmptyBody+1","CarveReality","Halt","Pray+1","EmptyBody+1","MasterReality","ConjureBlade","ReachHeaven","Wallop+1","CarveReality+1","EmptyBody","ReachHeaven+1","Protect+1","Vault+1","WindmillStrike","Tantrum+1"],"relics":["Black Star","Golden Idol","Juzu Bracelet","Smiling Mask","Lantern","WingedGreaves","Tiny Chest","Meat on the Bone","Pen Nib","Sundial","Fusion Hammer","Nilry\u0027s Codex","Bag of Marbles","Letter Opener","Blood Vial","Strawberry","MealTicket","Red Mask","Turnip","StoneCalendar","Anchor","Nunchaku","Omamori","Regal Pillow","VioletLotus","Shuriken","Eternal Feather","CeramicFish","Vajra","HornCleat","Damaru","Toxic Egg 2","Old Coin","Yang","Happy Flower","ClockworkSouvenir","Art of War","Bronze Scales"],"acts_visited":["Exordium","TheCity","TheBeyond","TheEnding"],"potions_floor_usage":[55,55,55],"damage_taken":[{"damage":0.0,"enemies":"Jaw Worm","floor":1.0,"turns":3.0},{"damage":2.0,"enemies":"Small Slimes","floor":3.0,"turns":2.0},{"damage":0.0,"enemies":"2 Louse","floor":5.0,"turns":3.0},{"damage":23.0,"enemies":"Lagavulin","floor":6.0,"turns":10.0},{"damage":3.0,"enemies":"Exordium Wildlife","floor":8.0,"turns":3.0},{"damage":0.0,"enemies":"Blue Slaver","floor":10.0,"turns":2.0},{"damage":19.0,"enemies":"3 Sentries","floor":11.0,"turns":3.0},{"damage":0.0,"enemies":"Lagavulin","floor":12.0,"turns":2.0},{"damage":0.0,"enemies":"Exordium Thugs","floor":14.0,"turns":3.0},{"damage":14.0,"enemies":"The Guardian","floor":16.0,"turns":8.0},{"damage":0.0,"enemies":"Spheric Guardian","floor":18.0,"turns":1.0},{"damage":2.0,"enemies":"Chosen","floor":20.0,"turns":2.0},{"damage":0.0,"enemies":"Gremlin Leader","floor":23.0,"turns":3.0},{"damage":0.0,"enemies":"Masked Bandits","floor":27.0,"turns":2.0},{"damage":15.0,"enemies":"Slavers","floor":28.0,"turns":3.0},{"damage":11.0,"enemies":"Book of Stabbing","floor":29.0,"turns":3.0},{"damage":15.0,"enemies":"Gremlin Leader","floor":31.0,"turns":4.0},{"damage":14.0,"enemies":"Automaton","floor":33.0,"turns":5.0},{"damage":10.0,"enemies":"3 Darklings","floor":35.0,"turns":4.0},{"damage":0.0,"enemies":"Orb Walker","floor":37.0,"turns":2.0},{"damage":0.0,"enemies":"3 Darklings","floor":39.0,"turns":3.0},{"damage":21.0,"enemies":"Nemesis","floor":41.0,"turns":3.0},{"damage":52.0,"enemies":"Reptomancer","floor":45.0,"turns":5.0},{"damage":32.0,"enemies":"Giant Head","floor":47.0,"turns":6.0},{"damage":0.0,"enemies":"Spire Growth","floor":48.0,"turns":3.0},{"damage":30.0,"enemies":"Time Eater","floor":50.0,"turns":6.0},{"damage":11.0,"enemies":"Shield and Spear","floor":54.0,"turns":6.0},{"damage":80,"enemies":"The Heart","floor":55,"turns":6}],"seed_played":"6018200312186502728","potions_obtained":[{"floor":6.0,"key":"SpeedPotion"},{"floor":10.0,"key":"Ancient Potion"},{"floor":16.0,"key":"BlessingOfTheForge"},{"floor":28.0,"key":"Ancient Potion"},{"floor":31.0,"key":"SteroidPotion"},{"floor":33.0,"key":"BlessingOfTheForge"},{"floor":37.0,"key":"ColorlessPotion"}],"is_trial":false,"path_per_floor":["M","?","M","?","M","E","R","M","T","M","E","E","?","M","R","B",null,"M","?","M","?","T","E","R","$","T","?","E","E","R","E","R","B",null,"M","?","M","$","M","R","E","R","T","$","E","T","E","M","R","B",null,"R","$","E","B"],"character_chosen":"WATCHER","items_purchased":["CarveReality","Blood Vial","Strawberry","Apotheosis","Vajra","EmptyBody","Happy Flower","ClockworkSouvenir","Vault+1","WindmillStrike","FearPotion"],"campfire_rested":6,"item_purchase_floors":[25,25,25,38,44,44,53,53,53,53,53],"current_hp_per_floor":[72,58,56,56,56,33,33,30,30,30,11,11,4,16,16,14,67,67,67,65,49,49,49,49,56,56,58,45,48,70,57,74,60,74,64,64,66,74,74,74,53,74,74,74,34,34,16,30,74,44,74,74,74,63,0,0],"gold":74,"neow_bonus":"BOSS_RELIC","is_daily":false,"chose_seed":false,"campfire_upgraded":2,"win_rate":0.0,"timestamp":1614045193,"path_taken":["M","?","M","?","M","E","R","M","T","M","E","E","?","M","R","BOSS","M","?","M","?","?","E","R","$","T","?","E","E","R","E","R","BOSS","M","?","M","$","M","R","E","R","T","?","E","?","E","M","R","BOSS","R","$","E","BOSS"],"items_purchased_type":["Card","Relic","Relic","Card","Relic","Card","Relic","Relic","Card","Card","Potion"],"build_version":"2020-12-22","purchased_purges":4,"victory":false,"max_hp_per_floor":[72,72,72,67,67,67,67,67,67,67,67,67,67,67,67,67,67,67,67,67,67,67,67,67,74,74,74,74,74,74,74,74,74,74,74,74,74,74,74,74,74,74,74,74,74,74,74,74,74,74,74,74,74,74,74,74],"card_choices":[{"not_picked":["SashWhip","Vengeance"],"picked":"Halt","floor":1.0},{"not_picked":["PathToVictory","Prostrate"],"picked":"ClearTheMind","floor":3.0},{"not_picked":["SignatureMove","EmptyFist"],"picked":"Consecrate","floor":5.0},{"not_picked":["SashWhip","Halt"],"picked":"Conclude","floor":6.0},{"not_picked":["Prostrate","EmptyMind"],"picked":"WindmillStrike","floor":8.0},{"not_picked":["DevaForm","Prostrate"],"picked":"Tantrum","floor":10.0},{"not_picked":["Conclude","FlurryOfBlows"],"picked":"ReachHeaven","floor":11.0},{"not_picked":["Evaluate","Prostrate"],"picked":"CutThroughFate","floor":12.0},{"not_picked":["WaveOfTheHand","FollowUp"],"picked":"WheelKick","floor":14.0},{"not_picked":["MasterReality","Omniscience"],"picked":"Ragnarok","floor":16.0},{"not_picked":["EmptyFist","SashWhip"],"picked":"CutThroughFate","floor":18.0},{"not_picked":["CrushJoints","FlurryOfBlows"],"picked":"BattleHymn","floor":20.0},{"not_picked":["Weave","EmptyFist"],"picked":"EmptyBody+1","floor":23.0},{"not_picked":["EmptyBody","SashWhip"],"picked":"Halt","floor":27.0},{"not_picked":["SpiritShield","SashWhip"],"picked":"Pray+1","floor":28.0},{"not_picked":["Evaluate","FlurryOfBlows+1","JustLucky"],"picked":"SKIP","floor":29.0},{"not_picked":["DeceiveReality","FlurryOfBlows"],"picked":"EmptyBody+1","floor":31.0},{"not_picked":["Blasphemy","Omniscience"],"picked":"MasterReality","floor":33.0},{"not_picked":["Fasting2","WheelKick","FollowUp+1"],"picked":"SKIP","floor":35.0},{"not_picked":["Prostrate","WreathOfFlame"],"picked":"ReachHeaven","floor":37.0},{"not_picked":["Perseverance","WheelKick"],"picked":"Wallop+1","floor":39.0},{"not_picked":["FlurryOfBlows","Protect"],"picked":"CarveReality+1","floor":41.0},{"not_picked":["Evaluate","FlyingSleeves+1"],"picked":"ReachHeaven+1","floor":45.0},{"not_picked":["EmptyFist+1","JustLucky","Consecrate+1"],"picked":"SKIP","floor":47.0},{"not_picked":["EmptyFist+1","InnerPeace+1"],"picked":"Protect+1","floor":48.0},{"not_picked":["EmptyFist","Halt+1"],"picked":"Tantrum+1","floor":54.0}],"player_experience":119823,"relics_obtained":[{"floor":6.0,"key":"Juzu Bracelet"},{"floor":6.0,"key":"Smiling Mask"},{"floor":9.0,"key":"Lantern"},{"floor":11.0,"key":"WingedGreaves"},{"floor":11.0,"key":"Tiny Chest"},{"floor":12.0,"key":"Meat on the Bone"},{"floor":12.0,"key":"Pen Nib"},{"floor":21.0,"key":"Nilry\u0027s Codex"},{"floor":23.0,"key":"Bag of Marbles"},{"floor":23.0,"key":"Letter Opener"},{"floor":26.0,"key":"MealTicket"},{"floor":27.0,"key":"Red Mask"},{"floor":28.0,"key":"Turnip"},{"floor":28.0,"key":"StoneCalendar"},{"floor":29.0,"key":"Anchor"},{"floor":29.0,"key":"Nunchaku"},{"floor":31.0,"key":"Omamori"},{"floor":31.0,"key":"Regal Pillow"},{"floor":41.0,"key":"Shuriken"},{"floor":41.0,"key":"Eternal Feather"},{"floor":43.0,"key":"CeramicFish"},{"floor":45.0,"key":"HornCleat"},{"floor":45.0,"key":"Damaru"},{"floor":46.0,"key":"Toxic Egg 2"},{"floor":47.0,"key":"Old Coin"},{"floor":47.0,"key":"Yang"},{"floor":54.0,"key":"Art of War"},{"floor":54.0,"key":"Bronze Scales"}],"event_choices":[{"damage_healed":0.0,"max_hp_gain":0.0,"max_hp_loss":0.0,"gold_gain":0.0,"event_name":"Shining Light","player_choice":"Entered Light","floor":2.0,"gold_loss":0.0,"damage_taken":14.0,"cards_upgraded":["Halt","Defend_P"]},{"damage_healed":0.0,"max_hp_gain":0.0,"max_hp_loss":5.0,"gold_gain":0.0,"event_name":"Golden Idol","player_choice":"Lose Max HP","floor":4.0,"gold_loss":0.0,"damage_taken":0.0,"relics_obtained":["Golden Idol"]},{"damage_healed":0.0,"max_hp_gain":0.0,"max_hp_loss":0.0,"gold_gain":0.0,"event_name":"Scrap Ooze","player_choice":"Success","floor":13.0,"gold_loss":0.0,"damage_taken":7.0,"relics_obtained":["Sundial"]},{"damage_healed":0.0,"max_hp_gain":0.0,"max_hp_loss":0.0,"gold_gain":0.0,"event_name":"Back to Basics","player_choice":"Simplicity","floor":19.0,"gold_loss":0.0,"damage_taken":0.0,"cards_upgraded":["Strike_P","Strike_P","Strike_P","Strike_P","Defend_P","Defend_P","Defend_P"]},{"damage_healed":0.0,"max_hp_gain":0.0,"max_hp_loss":0.0,"gold_gain":0.0,"event_name":"Cursed Tome","player_choice":"Obtained Book","floor":21.0,"gold_loss":0.0,"damage_taken":16.0},{"damage_healed":0.0,"max_hp_gain":0.0,"max_hp_loss":0.0,"gold_gain":0.0,"event_name":"Masked Bandits","player_choice":"Fought Bandits","floor":27.0,"gold_loss":0.0,"damage_taken":0.0},{"damage_healed":0.0,"max_hp_gain":0.0,"max_hp_loss":0.0,"gold_gain":0.0,"cards_transformed":["Strike_P"],"event_name":"Transmorgrifier","player_choice":"Transformed","floor":36.0,"gold_loss":0.0,"damage_taken":0.0,"cards_obtained":["ConjureBlade"]}],"is_beta":false,"boss_relics":[{"not_picked":["SacredBark","Tiny House"],"picked":"Fusion Hammer"},{"not_picked":["Runic Pyramid","Astrolabe"],"picked":"VioletLotus"}],"items_purged_floors":[25,38,44,53],"is_endless":false,"potions_floor_spawned":[6,10,16,28,31,33,37,39],"killed_by":"The Heart","ascension_level":1}}