{"host":"vm8b3ptwl81uq21f","time":1614114243,"event":{"mods":["Act Like it!","Aspiration","BaseMod","BetterRewards","Colored Map","Colored Powertips","Conspire","Gensokyo","GifTheSpireLib","Googly Eyes","GungeonMod","Halation","Hubris","Infinite Spire","Minty Spire (QoL Compilation)","MostiFishMod","Quick Restart","Rare Cards Sparkle","Reliquary","Replay The Spire","Shop Mod","Spicy Shops","Spire Arcade","StSLib","Stuff the Spire","The IronCluck","The Jungle","[IsaacMod]????","??????REMEMod"],"gold_per_floor":[118,118,168,185,185,185,219,219,244,257,267,284,315,12,12,91,91,104,104,54,54,54,71,71,96,122,140,173,191,191,205,205,284,284,303,303,322,322,322,322,351,351,351,366,366,398,30,46,46,46,46,46,42,77,77],"floor_reached":56,"language":"ENG","playtime":3822,"items_purged":["Strike_B","Strike_B","Strike_B","Defend_B","Defend_B"],"score":3005,"play_id":"0544adfc-1453-4a81-b5fe-4ce87a7872c4","local_time":"20210223160403","is_ascension_mode":true,"campfire_choices":[{"data":"Zap","floor":6,"key":"SMITH"},{"data":"Recycle","floor":8,"key":"SMITH"},{"data":"Strike_B","floor":15,"key":"PURGE"},{"data":"StuffTheSpire:BrainWave","floor":24,"key":"SMITH"},{"data":"Amplify","floor":30,"key":"SMITH"},{"data":"StuffTheSpire:Plugnplay","floor":32,"key":"SMITH"},{"floor":40,"key":"RECALL"},{"data":"hubris:DoWhile","floor":42,"key":"SMITH"},{"data":"FIFO Queue","floor":49,"key":"SMITH"},{"data":"Turbo","floor":52,"key":"SMITH"}],"circlet_count":0,"master_deck":["AscendersBane","Defend_B","Defend_B","Zap+1","Dualcast+1","MostiFishMod:FrostNova","MostiFishMod:WinterMarkForm","Storm","Recycle+1","Storm","Turbo+1","Storm","Recycle+1","Loop","Amplify+1","AbeCurse","StuffTheSpire:BrainWave+1","FIFO Queue+1","Storm","StuffTheSpire:Plugnplay+1","Gensokyo:ShootingStar","hubris:DoWhile+1","Tempest","Double Energy+1","Storm+1","Pot Of Greed","Pot Of Greed","Pot Of Greed","Defragment"],"relics":["Cracked Core","HushsDoor","DaveBox","REME_ComplimentaryCards","BelialBook","FrostBlade","BirthdayGift-Icosahedron","ClockworkSouvenir","MerchantsRug","infinitespire:PuzzleCube","Ring of the Snake","DemoMod:GlassGuonStoneRelic","SynthV:TestCard","halation:EternalFortune","Chameleon Ring","HowToJump","Pondfish Scales","conspire:TopHat","Abe\u0027s Treasure","Gensokyo:RedStar","Replay:WaspNest","Bag of Preparation","StuffTheSpire:RunicHypercube","infinitespire:Bottled Soul","REME_HandOfSuture","Replay:Baseball","hubris:SoftwareUpdate","Grinning Jar","Solar Panel"],"acts_visited":["Exordium","Gensokyo:Gensokyo","TheBeyond","TheEnding"],"potions_floor_usage":[16,55],"damage_taken":[{"damage":0,"enemies":"Gensokyo:Python","floor":1,"turns":1},{"damage":0,"enemies":"Hiden Room Battle","floor":3,"turns":2},{"damage":0,"enemies":"Gensokyo:Gryphon","floor":4,"turns":1},{"damage":0,"enemies":"Gensokyo:Cirno","floor":7,"turns":4},{"damage":0,"enemies":"Gensokyo:2_Kodama","floor":10,"turns":1},{"damage":0,"enemies":"Gensokyo:LivingMonolith","floor":12,"turns":1},{"damage":0,"enemies":"Gensokyo:Aya","floor":13,"turns":1},{"damage":0,"enemies":"Gensokyo:Kokoro","floor":16,"turns":2},{"damage":0,"enemies":"Gensokyo:AngelMirror","floor":18,"turns":1},{"damage":0,"enemies":"Gensokyo:2_Gloops","floor":23,"turns":1},{"damage":0,"enemies":"Gensokyo:Reisen","floor":25,"turns":2},{"damage":0,"enemies":"Gensokyo:Wraith","floor":27,"turns":2},{"damage":0,"enemies":"Gensokyo:Koishi","floor":28,"turns":2},{"damage":0,"enemies":"Gensokyo:Slime_Group","floor":29,"turns":1},{"damage":0,"enemies":"Gensokyo:Chomper_and_Gloop","floor":31,"turns":2},{"damage":0,"enemies":"Gensokyo:Eiki","floor":33,"turns":1},{"damage":0,"enemies":"3 Shapes","floor":35,"turns":1},{"damage":0,"enemies":"Orb Walker","floor":37,"turns":1},{"damage":0,"enemies":"R_Hoarder","floor":41,"turns":2},{"damage":0,"enemies":"Spire Growth","floor":44,"turns":1},{"damage":0,"enemies":"Giant Head","floor":46,"turns":2},{"damage":0,"enemies":"Transient","floor":48,"turns":1},{"damage":0,"enemies":"hubris:GrandSnecko","floor":50,"turns":1},{"damage":0,"enemies":"Shield and Spear","floor":54,"turns":1},{"damage":4,"enemies":"The Heart","floor":55,"turns":3}],"seed_played":"5190780793068762756","potions_obtained":[{"floor":4,"key":"Block Potion"},{"floor":10,"key":"BlessingOfTheForge"},{"floor":23,"key":"FairyPotion"},{"floor":48,"key":"AttackPotion"}],"is_trial":false,"path_per_floor":["M","?","?","M","?","R","E","R","T","M","$","M","E","$","R_BF","B",null,"M","?","?","?","?","M","R","E","T","M","E","M","R","M","R","B",null,"M","?","M","?","AVR","R","E","R","T","M","T","E","$","M","R","B",null,"R","$","E","B",null],"character_chosen":"DEFECT","items_purchased":["BirthdayGift-Icosahedron","ClockworkSouvenir","Storm","MerchantsRug","infinitespire:PuzzleCube","Recycle","aspiration:Nostalgia","DollysMirror","Turbo","StuffTheSpire:Saxophone","conspire:TreasureMap","hubris:SoftwareUpdate","Storm+1","Grinning Jar","Defragment"],"campfire_rested":0,"item_purchase_floors":[0,0,0,0,0,0,0,0,0,14,14,47,47,53,53],"current_hp_per_floor":[23,26,27,28,28,28,29,29,29,30,30,31,32,32,32,33,60,61,61,68,68,68,69,69,70,70,70,70,70,70,70,70,70,63,63,63,66,66,66,66,66,66,66,66,66,66,66,66,66,66,66,66,66,66,66],"gold":77,"neow_bonus":"","is_daily":false,"chose_seed":false,"campfire_upgraded":8,"win_rate":0.0,"timestamp":1614114243,"path_taken":["M","?","?","M","?","R","E","R","T","?","$","M","E","?","R_BF","BOSS","M","?","?","?","?","M","R","E","T","M","E","M","R","M","R","BOSS","M","?","?","?","AVR","R","E","R","T","M","?","E","$","M","R","BOSS","R","$","E","BOSS"],"items_purchased_type":["Relic","Relic","Card","Relic","Relic","Card","Relic","Relic","Card","Relic","Relic","Relic","Card","Relic","Card"],"build_version":"2020-12-22","purchased_purges":5,"victory":true,"max_hp_per_floor":[71,74,74,74,74,74,74,74,74,74,74,74,74,74,74,74,69,69,69,76,70,70,70,70,70,70,70,70,70,70,70,70,70,63,63,63,66,66,66,66,66,66,66,66,66,66,66,66,66,66,66,66,66,66,66],"card_choices":[{"not_picked":[],"picked":"Bomb","floor":0},{"not_picked":["Auto Shields","Rebound","StuffTheSpire:Plugnplay"],"picked":"SKIP","floor":1},{"not_picked":["Rebound","Undo","Gash","conspire:Rain"],"picked":"Storm","floor":3},{"not_picked":["Coolheaded","Rebound","StuffTheSpire:NuclearReactor","Rip and Tear","StuffTheSpire:SnapShoot"],"picked":"SKIP","floor":4},{"not_picked":["Steam","MostiFishMod:TalkingToTheRain","MostiFishMod:FluxCapactior","ReplayTheSpireMod:Calculation Training"],"picked":"Recycle","floor":7},{"not_picked":["Tempest","StuffTheSpire:CleanHardDrive","Beam Cell","Consume"],"picked":"Loop","floor":10},{"not_picked":["Steam","Chaos","Hologram","StuffTheSpire:LoadUp","Conserve Battery"],"picked":"SKIP","floor":12},{"not_picked":["REME_SelfUpgrade","Leap","MostiFishMod:PushDownKick","MostiFishMod:IceShield","Auto Shields"],"picked":"SKIP","floor":13},{"not_picked":["hubris:Prefetch","Electrodynamics","MostiFishMod:InterfaceCompatibility","Seek"],"picked":"Amplify","floor":16},{"not_picked":["FIFO Queue","Sweeping Beam","ReplayGash","Panic Button","Ball Lightning"],"picked":"SKIP","floor":18},{"not_picked":["Sweeping Beam","ReplayGash","Panic Button","Ball Lightning"],"picked":"FIFO Queue","floor":18},{"not_picked":["Blizzard+1","Compile Driver","ReplayTheSpireMod:Calculation Training","Sweeping Beam","Redo"],"picked":"SKIP","floor":23},{"not_picked":["MostiFishMod:ReprogramOld","Auto Shields","StuffTheSpire:Coldhearted+1","REME_Compress","Beam Cell"],"picked":"SKIP","floor":25},{"not_picked":["Coolheaded+1","REME_SelfUpgrade","Beam Cell","StuffTheSpire:LoadUp","Steam"],"picked":"SKIP","floor":27},{"not_picked":["Chill","Double Energy","Leap","Turbo","Panic Button"],"picked":"SKIP","floor":28},{"not_picked":["Melter","aspiration:Polymerization","Blizzard","Coolheaded","Gash"],"picked":"SKIP","floor":29},{"not_picked":["Turbo","Static Discharge","Go for the Eyes","Conserve Battery"],"picked":"StuffTheSpire:Plugnplay","floor":31},{"not_picked":[],"picked":"Gensokyo:ShootingStar","floor":33},{"not_picked":["Electrodynamics","All For One","MostiFishMod:InterfaceCompatibility","ElectricPowerLearning"],"picked":"hubris:DoWhile","floor":33},{"not_picked":["StuffTheSpire:SnapShoot","BasicCrystalCard","Hologram","Panic Button","Compile Driver+1"],"picked":"SKIP","floor":35},{"not_picked":["StuffTheSpire:Plugnplay","Compile Driver","Distribution","Crystallizer","Fan"],"picked":"SKIP","floor":37},{"not_picked":["Rebound","Redo","REME_ForAll","ReplaySort","Conserve Battery"],"picked":"SKIP","floor":41},{"not_picked":["Chill","Beam Cell+1","Gash","Hologram"],"picked":"Tempest","floor":44},{"not_picked":["Ball Lightning","Cold Snap","Storm","ReplayTheSpireMod:Reroute Power"],"picked":"Double Energy+1","floor":46},{"not_picked":["Glacier","Reinforced Body","Beam Cell","Turbo","Panic Button"],"picked":"SKIP","floor":48},{"not_picked":["ReplayTheSpireMod:Calculation Training+1","Melter","Hologram+1","MostiFishMod:GatherIntelligence","Beam Cell"],"picked":"SKIP","floor":54}],"player_experience":444595,"relics_obtained":[{"floor":1,"key":"SynthV:TestCard"},{"floor":3,"key":"Chameleon Ring"},{"floor":3,"key":"HowToJump"},{"floor":7,"key":"Pondfish Scales"},{"floor":13,"key":"conspire:TopHat"},{"floor":25,"key":"reliquary:Buckler"},{"floor":26,"key":"Bag of Preparation"},{"floor":28,"key":"aspiration:ChemicalBlood"},{"floor":37,"key":"halation:EternalFortune"},{"floor":41,"key":"infinitespire:Bottled Soul"},{"floor":43,"key":"DemoMod:NanoMachines"},{"floor":45,"key":"REME_HandOfSuture"},{"floor":46,"key":"DemoMod:WeirdEgg"},{"floor":54,"key":"Solar Panel"}],"event_choices":[{"damage_healed":0,"gold_gain":0,"player_choice":"Fight","damage_taken":0,"max_hp_gain":0,"max_hp_loss":0,"event_name":"HidenRoomEvent","floor":3,"gold_loss":0},{"damage_healed":0,"gold_gain":0,"player_choice":"Leave","damage_taken":0,"max_hp_gain":0,"max_hp_loss":0,"event_name":"conspire:Investor","floor":5,"gold_loss":0},{"damage_healed":0,"gold_gain":0,"player_choice":"Ignored","damage_taken":0,"max_hp_gain":0,"max_hp_loss":0,"event_name":"Tomb of Lord Red Mask","floor":38,"gold_loss":0}],"is_beta":false,"boss_relics":[{"not_picked":["halation:PinkAlligatorPlush","NightmareShop"],"picked":"Abe\u0027s Treasure"},{"not_picked":[]},{"not_picked":["GuanYuAspect","MoonlightInvasionPlan"],"picked":"StuffTheSpire:RunicHypercube"},{"not_picked":[]}],"items_purged_floors":[0,17,34,39,47],"is_endless":false,"potions_floor_spawned":[4,10,12,23,27,29,31,37,41,44,48],"ascension_level":14}}