{"host":"dowi7cgbhepuzvpj","time":1614115818,"event":{"mods":["AchievementEnabler","BaseMod","Colored Map","Keyboard Shortcuts","Minty Spire (QoL Compilation)","Permanent Neow","Quick Restart","StSLib","SuperFastMode"],"gold_per_floor":[117,127,146,161,58,91,102,102,126,126,126,146,160,172,172,247,247,265,265,285,20,40,40,40,40,40,50,68,68,94,111,111,188,188,200,200,211,222,85,85,96,124,124,158,208,208,7,24,24,24,24],"floor_reached":52,"language":"KOR","playtime":1630,"items_purged":["Strike_G","Unload","Masterful Stab"],"score":1976,"play_id":"8491494b-9659-4ca0-9218-f2031cfd56e4","local_time":"20210224063018","is_ascension_mode":true,"campfire_choices":[{"floor":8.0,"key":"REST"},{"data":"Deadly Poison","floor":15.0,"key":"SMITH"},{"data":"Apotheosis","floor":23.0,"key":"SMITH"},{"floor":29.0,"key":"REST"},{"floor":32.0,"key":"REST"},{"floor":40,"key":"REST"},{"data":"After Image","floor":49,"key":"SMITH"}],"circlet_count":0,"master_deck":["AscendersBane","Survivor","Neutralize+1","Corpse Explosion","PiercingWail+1","Escape Plan","Escape Plan","Deadly Poison","Deadly Poison+1","Backflip+1","Deadly Poison","Doppelganger","PiercingWail","Crippling Poison","Corpse Explosion","Adrenaline","Expertise","Apotheosis+1","Escape Plan","Malaise","Catalyst","Noxious Fumes","After Image+1","Footwork"],"relics":["Ring of the Snake","Snake Skull","Pen Nib","Art of War","Strawberry","Pandora\u0027s Box","Bottled Lightning","Shuriken","War Paint","Sozu","Toy Ornithopter","Omamori","Centennial Puzzle","TungstenRod"],"acts_visited":["Exordium","TheCity","TheBeyond"],"potions_floor_usage":[45,51],"damage_taken":[{"damage":4.0,"enemies":"Jaw Worm","floor":1.0,"turns":5.0},{"damage":8.0,"enemies":"Small Slimes","floor":2.0,"turns":4.0},{"damage":0.0,"enemies":"2 Louse","floor":3.0,"turns":2.0},{"damage":14.0,"enemies":"Exordium Wildlife","floor":4.0,"turns":3.0},{"damage":0.0,"enemies":"3 Sentries","floor":6.0,"turns":1.0},{"damage":7.0,"enemies":"Exordium Thugs","floor":7.0,"turns":3.0},{"damage":0.0,"enemies":"3 Louse","floor":12.0,"turns":1.0},{"damage":3.0,"enemies":"Looter","floor":13.0,"turns":3.0},{"damage":5.0,"enemies":"Exordium Wildlife","floor":14.0,"turns":4.0},{"damage":10.0,"enemies":"The Guardian","floor":16.0,"turns":8.0},{"damage":0.0,"enemies":"Spheric Guardian","floor":18.0,"turns":2.0},{"damage":0.0,"enemies":"3 Byrds","floor":20.0,"turns":3.0},{"damage":6.0,"enemies":"Centurion and Healer","floor":22.0,"turns":4.0},{"damage":0.0,"enemies":"Snake Plant","floor":27.0,"turns":3.0},{"damage":0.0,"enemies":"Chosen and Byrds","floor":28.0,"turns":5.0},{"damage":0.0,"enemies":"Gremlin Leader","floor":30.0,"turns":4.0},{"damage":0.0,"enemies":"3 Cultists","floor":31.0,"turns":2.0},{"damage":45.0,"enemies":"Collector","floor":33.0,"turns":7.0},{"damage":1,"enemies":"3 Darklings","floor":35,"turns":3},{"damage":0,"enemies":"3 Shapes","floor":37,"turns":4},{"damage":33,"enemies":"Spire Growth","floor":38,"turns":4},{"damage":6,"enemies":"Writhing Mass","floor":41,"turns":4},{"damage":15,"enemies":"Nemesis","floor":42,"turns":5},{"damage":6,"enemies":"Reptomancer","floor":44,"turns":4},{"damage":24,"enemies":"2 Orb Walkers","floor":45,"turns":2},{"damage":0,"enemies":"4 Shapes","floor":48,"turns":2},{"damage":10,"enemies":"Awakened One","floor":50,"turns":11},{"damage":30,"enemies":"Donu and Deca","floor":51,"turns":4}],"seed_played":"3131443781398870684","potions_obtained":[{"floor":4.0,"key":"SmokeBomb"},{"floor":6.0,"key":"DuplicationPotion"},{"floor":18.0,"key":"Swift Potion"},{"floor":30.0,"key":"Explosive Potion"}],"is_trial":false,"path_per_floor":["M","M","M","M","$","E","M","R","T","?","?","M","M","M","R","B",null,"M","?","M","$","M","R","?","$","T","M","M","R","E","M","R","B",null,"M","?","M","M","$","R","M","E","T","E","?","?","$","M","R","B","B",null],"character_chosen":"THE_SILENT","items_purchased":["Snake Skull","Deadly Poison","Bottled Lightning","Catalyst","Footwork"],"campfire_rested":4,"item_purchase_floors":[5,5,21,39,47],"current_hp_per_floor":[40,32,32,18,18,18,11,30,30,19,19,19,16,11,11,1,55,55,34,34,34,28,28,28,28,28,28,28,51,51,51,74,29,66,65,65,65,32,32,55,49,34,34,28,9,78,78,78,78,68,43],"gold":24,"neow_bonus":"THREE_RARE_CARDS","is_daily":false,"chose_seed":false,"campfire_upgraded":3,"win_rate":0.0,"timestamp":1614115818,"path_taken":["M","M","M","M","$","E","M","R","T","?","?","M","M","M","R","BOSS","M","?","M","$","M","R","?","?","T","M","M","R","E","M","R","BOSS","M","?","M","M","$","R","M","E","T","E","?","?","$","M","R","BOSS","BOSS"],"items_purchased_type":["Relic","Card","Relic","Card","Card"],"build_version":"2020-12-22","purchased_purges":3,"victory":true,"max_hp_per_floor":[66,66,66,66,66,66,66,66,66,73,73,73,73,73,73,73,73,73,78,78,78,78,78,78,78,78,78,78,78,78,78,78,78,78,78,78,78,78,78,78,78,78,78,78,78,78,78,78,78,78,78],"card_choices":[{"not_picked":["Glass Knife","Bullet Time"],"picked":"Corpse Explosion","floor":0.0},{"not_picked":["Dodge and Roll","Acrobatics"],"picked":"PiercingWail","floor":1.0},{"not_picked":["Flechettes","Infinite Blades","Eviscerate"],"picked":"SKIP","floor":2.0},{"not_picked":["Leg Sweep","Sucker Punch"],"picked":"Escape Plan","floor":3.0},{"not_picked":["Flying Knee","Bane"],"picked":"Escape Plan","floor":4.0},{"not_picked":["Distraction","Slice"],"picked":"Deadly Poison","floor":6.0},{"not_picked":["Dagger Throw","PiercingWail"],"picked":"Backflip","floor":7.0},{"not_picked":["Dodge and Roll","Well Laid Plans","Heel Hook"],"picked":"SKIP","floor":12.0},{"not_picked":["Flying Knee","Choke","Accuracy"],"picked":"SKIP","floor":13.0},{"not_picked":["Accuracy","Dodge and Roll","Slice"],"picked":"SKIP","floor":14.0},{"not_picked":["Choke","Predator","Underhanded Strike+1"],"picked":"SKIP","floor":18.0},{"not_picked":["Blade Dance+1","Dagger Throw+1","Dagger Spray"],"picked":"SKIP","floor":20.0},{"not_picked":["Slice","Leg Sweep","Dodge and Roll"],"picked":"SKIP","floor":22.0},{"not_picked":["Dagger Spray","Envenom","Slice"],"picked":"SKIP","floor":27.0},{"not_picked":["Acrobatics","Infinite Blades","Prepared"],"picked":"SKIP","floor":28.0},{"not_picked":["Backflip","Dagger Throw+1"],"picked":"Escape Plan","floor":30.0},{"not_picked":["Backstab+1","Prepared","Deadly Poison+1"],"picked":"SKIP","floor":31.0},{"not_picked":["Wraith Form v2","Unload"],"picked":"Malaise","floor":33.0},{"not_picked":["Flying Knee","Slice","Finisher"],"picked":"SKIP","floor":35},{"not_picked":["Quick Slash","Crippling Poison","Sucker Punch"],"picked":"SKIP","floor":37},{"not_picked":["Poisoned Stab+1","Backflip","Choke"],"picked":"SKIP","floor":38},{"not_picked":["Dodge and Roll","Prepared+1","Quick Slash"],"picked":"SKIP","floor":41},{"not_picked":["Backflip","Bane","Dagger Throw"],"picked":"SKIP","floor":42},{"not_picked":["Deflect","Underhanded Strike"],"picked":"Noxious Fumes","floor":44},{"not_picked":["Bane","Dagger Throw+1"],"picked":"After Image","floor":45},{"not_picked":["Quick Slash","Underhanded Strike","Blade Dance+1"],"picked":"SKIP","floor":48}],"player_experience":901134,"relics_obtained":[{"floor":6.0,"key":"Pen Nib"},{"floor":9.0,"key":"Art of War"},{"floor":26.0,"key":"Shuriken"},{"floor":30.0,"key":"War Paint"},{"floor":42,"key":"Toy Ornithopter"},{"floor":43,"key":"Omamori"},{"floor":44,"key":"Centennial Puzzle"},{"floor":45,"key":"TungstenRod"}],"event_choices":[{"damage_healed":0.0,"max_hp_gain":0.0,"max_hp_loss":0.0,"gold_gain":0.0,"event_name":"Scrap Ooze","player_choice":"Success","floor":10.0,"gold_loss":0.0,"damage_taken":18.0,"relics_obtained":["Strawberry"]},{"damage_healed":0.0,"max_hp_gain":0.0,"max_hp_loss":0.0,"gold_gain":0.0,"event_name":"Living Wall","player_choice":"Grow","floor":11.0,"gold_loss":0.0,"damage_taken":0.0,"cards_upgraded":["Neutralize"]},{"damage_healed":0.0,"max_hp_gain":5.0,"max_hp_loss":0.0,"gold_gain":0.0,"event_name":"Forgotten Altar","player_choice":"Shed Blood","floor":19.0,"gold_loss":0.0,"damage_taken":26.0},{"damage_healed":0.0,"max_hp_gain":0.0,"max_hp_loss":0.0,"gold_gain":0.0,"event_name":"Vampires","player_choice":"Ignored","floor":24.0,"gold_loss":0.0,"damage_taken":0.0},{"damage_healed":0,"gold_gain":0,"player_choice":"Ignored","damage_taken":0,"max_hp_gain":0,"max_hp_loss":0,"event_name":"Tomb of Lord Red Mask","floor":36,"gold_loss":0},{"damage_healed":0,"gold_gain":0,"player_choice":"Fight","damage_taken":0,"max_hp_gain":0,"max_hp_loss":0,"event_name":"Mysterious Sphere","floor":45,"gold_loss":0},{"damage_healed":69,"gold_gain":0,"player_choice":"Heal","damage_taken":0,"max_hp_gain":0,"max_hp_loss":0,"event_name":"MindBloom","floor":46,"gold_loss":0,"cards_obtained":["Doubt"]}],"is_beta":false,"boss_relics":[{"not_picked":["SacredBark","Cursed Key"],"picked":"Pandora\u0027s Box"},{"not_picked":["HoveringKite","Runic Pyramid"],"picked":"Sozu"}],"items_purged_floors":[5,39,47],"is_endless":false,"potions_floor_spawned":[4,6,7,12,18,30,31,37,41,44],"ascension_level":20}}