{"host":"x73jdofm2fk9hsud","time":1614047363,"event":{"mods":["BaseMod","Bestiary","Minty Spire (QoL Compilation)","Relic Stats","ojb\u0027s Better Paths Mod","ojb\u0027s Info Mod"],"gold_per_floor":[114,114,94,114,39,72,88,122,122,42,42,42,61,61,61],"floor_reached":14,"language":"ENG","playtime":295,"items_purged":[],"score":246,"play_id":"357557d7-4ac3-4bc3-884f-ca1267cddd17","local_time":"20210222212923","is_ascension_mode":true,"campfire_choices":[],"circlet_count":0,"master_deck":["AscendersBane","Strike_G","Strike_G","Strike_G","Strike_G","Defend_G","Defend_G","Defend_G","Defend_G","Defend_G","Survivor","Neutralize","Predator","Dodge and Roll","Glass Knife","Footwork+1","PiercingWail"],"relics":["Ring of the Snake","NeowsBlessing","StrikeDummy","Pantograph","Frozen Egg 2","Golden Idol"],"acts_visited":["Exordium"],"potions_floor_usage":[14,14],"damage_taken":[{"damage":0,"enemies":"2 Louse","floor":1,"turns":1},{"damage":0,"enemies":"Cultist","floor":4,"turns":1},{"damage":0,"enemies":"3 Sentries","floor":6,"turns":2},{"damage":0,"enemies":"Small Slimes","floor":7,"turns":3},{"damage":48,"enemies":"Lagavulin","floor":8,"turns":8},{"damage":3,"enemies":"Looter","floor":13,"turns":4},{"damage":31,"enemies":"Gremlin Nob","floor":14,"turns":3}],"seed_played":"5533726562441119342","potions_obtained":[{"floor":1,"key":"Strength Potion"},{"floor":3,"key":"Swift Potion"},{"floor":7,"key":"Poison Potion"}],"is_trial":false,"path_per_floor":["M","$","?","M","?","E","M","E","T","$","?","?","M","E"],"character_chosen":"THE_SILENT","items_purchased":["Footwork+1"],"campfire_rested":0,"item_purchase_floors":[10],"current_hp_per_floor":[59,59,59,59,59,59,59,11,11,11,33,33,30,0,0],"gold":61,"neow_bonus":"THREE_ENEMY_KILL","is_daily":false,"chose_seed":false,"campfire_upgraded":0,"win_rate":0.0,"timestamp":1614047363,"path_taken":["M","$","?","?","?","E","M","E","T","$","?","?","M","E"],"items_purchased_type":["Card"],"build_version":"2020-12-22","purchased_purges":0,"victory":false,"max_hp_per_floor":[66,66,66,66,66,66,66,66,66,66,66,60,60,60,60],"relic_stats":{"counters":[7,22],"Golden Idol":4,"Pantograph":0,"obtain_stats":[{"NeowsBlessing":0,"Golden Idol":12,"Pantograph":8,"Frozen Egg 2":9,"StrikeDummy":6,"Ring of the Snake":0},{"NeowsBlessing":0,"Golden Idol":5,"Pantograph":5,"Frozen Egg 2":5,"StrikeDummy":3,"Ring of the Snake":0},{"NeowsBlessing":0,"Golden Idol":15,"Pantograph":15,"Frozen Egg 2":15,"StrikeDummy":4,"Ring of the Snake":0}],"Ring of the Snake":[14]},"card_choices":[{"not_picked":["Dagger Throw","Slice"],"picked":"Predator","floor":1},{"not_picked":["Masterful Stab","Cloak And Dagger"],"picked":"Dodge and Roll","floor":4},{"not_picked":["Bane","Underhanded Strike","Tactician"],"picked":"SKIP","floor":6},{"not_picked":["Bane","Underhanded Strike","Tactician"],"picked":"SKIP","floor":6},{"not_picked":["Bane","Underhanded Strike","Tactician"],"picked":"SKIP","floor":6},{"not_picked":["Flying Knee","Slice","Prepared"],"picked":"SKIP","floor":7},{"not_picked":["Endless Agony","Predator"],"picked":"Glass Knife","floor":8},{"not_picked":["Dagger Throw","Flechettes"],"picked":"PiercingWail","floor":13}],"player_experience":5402607,"relics_obtained":[{"floor":6,"key":"StrikeDummy"},{"floor":8,"key":"Pantograph"},{"floor":9,"key":"Frozen Egg 2"}],"event_choices":[{"damage_healed":0,"gold_gain":0,"player_choice":"Bought 1 Potion","damage_taken":0,"max_hp_gain":0,"max_hp_loss":0,"event_name":"The Woman in Blue","floor":3,"gold_loss":0},{"cards_removed":["Strike_G"],"damage_healed":0,"gold_gain":0,"player_choice":"Card Removal","damage_taken":0,"max_hp_gain":0,"max_hp_loss":0,"event_name":"The Cleric","floor":5,"gold_loss":75},{"damage_healed":22,"gold_gain":0,"player_choice":"Banana","damage_taken":0,"max_hp_gain":0,"max_hp_loss":0,"event_name":"Big Fish","floor":11,"gold_loss":0},{"damage_healed":0,"gold_gain":0,"player_choice":"Lose Max HP","damage_taken":0,"relics_obtained":["Golden Idol"],"max_hp_gain":0,"max_hp_loss":6,"event_name":"Golden Idol","floor":12,"gold_loss":0}],"is_beta":false,"boss_relics":[],"items_purged_floors":[],"is_endless":false,"potions_floor_spawned":[1,7,13],"killed_by":"Gremlin Nob","ascension_level":20}}