{"host":"6q5en8l1tdm8cus3","time":1614038592,"event":{"mods":["Act Like it!","Arknights","Aspiration","Bartender","BaseMod","BetterRewards","Downfall","Duelist Mod","Energized Spire","Gensokyo","Hallownest","Hermit","Hubris","Jorbs\u0027s Wanderer Trilogy","KinomotoSakuraMod(????)","Koishi","KomeijiMod","LagranYue(???·?)","Marisa????????","Minty Spire (QoL Compilation)","READ ME - Guardian Mod","Reimu??????","Remilia??????","Replay The Spire","Spicy Shops","StSLib","SuperFastMode","Td1madao Mod","The Administrix","The Animator","The Bug Knight","The Construct","The Cursed","The Disciple","The Florist","The Hierophant","The Marked","The Mystic","The Necromancer","The Poker Player","The Runesmith","The Servant 0.9.4","The Valiant","The Wild Card","TheBandit","Wandering Minibosses","Youmu??????"],"gold_per_floor":[118,118,118,118,136,136,161,161,186,200,216,72,88,103,103,103,103],"floor_reached":16,"language":"ENG","playtime":1158,"items_purged":[],"score":152,"play_id":"3744a173-74d3-4575-9004-544ca601ee53","local_time":"20210222190312","is_ascension_mode":false,"campfire_choices":[{"data":"LifeCuttingSword","floor":6,"key":"SMITH"},{"floor":8,"key":"REST"},{"floor":15,"key":"REST"}],"circlet_count":0,"master_deck":["Strike_YM","Strike_YM","Strike_YM","Strike_YM","Defend_YM","Defend_YM","Defend_YM","Defend_YM","SlashOfPresentWorld","WheelOfPainOfLivingAndDead","LifeCuttingSword+1","HeavenGodSword","HiganSword","SlashClearingTheSixSenses","CherryBlossomFlashing","CrescentMoonSlash","SlashClearingTheSixSenses"],"relics":["HalfPhantom","LagranYue:RandomDrawCardRelic","White Beast Statue","hubris:Towel","Blue Doll","ScarletDevilRocket","Juzu Bracelet"],"acts_visited":["Gensokyo:Gensokyo"],"potions_floor_usage":[10,11,13,14,16,16],"damage_taken":[{"damage":7,"enemies":"Gensokyo:3_Fairies","floor":1,"turns":7},{"damage":2,"enemies":"Gensokyo:2_Kodama","floor":5,"turns":5},{"damage":29,"enemies":"Gensokyo:Aya","floor":7,"turns":7},{"damage":0,"enemies":"Gensokyo:Gryphon","floor":10,"turns":4},{"damage":8,"enemies":"Gensokyo:Python_and_Kodama","floor":11,"turns":4},{"damage":32,"enemies":"Gensokyo:3_Kodama","floor":13,"turns":8},{"damage":3,"enemies":"Gensokyo:VengefulSpirit","floor":14,"turns":5},{"damage":34,"enemies":"Gensokyo:Reimu","floor":16,"turns":4}],"seed_played":"-8419343665586161325","potions_obtained":[{"floor":1,"key":"ZuzhouPotion:ReiMu"},{"floor":5,"key":"Reflective Coating"},{"floor":7,"key":"Flashbang"},{"floor":10,"key":"bronze:BurnAndBuffPotion"},{"floor":11,"key":"PhantomPosion"},{"floor":13,"key":"Elixir"},{"floor":14,"key":"CultistPotion"}],"is_trial":false,"path_per_floor":["M","?","?","?","M","R","E","R","T","M","M","$","M","M","R","B"],"character_chosen":"YOUMU","items_purchased":["White Beast Statue","Juzu Bracelet"],"campfire_rested":2,"item_purchase_floors":[0,12],"current_hp_per_floor":[68,68,68,75,73,73,44,66,66,66,58,58,26,23,45,11,11],"gold":103,"neow_bonus":"","is_daily":false,"chose_seed":false,"campfire_upgraded":1,"win_rate":0.0,"timestamp":1614038592,"path_taken":["M","?","?","?","?","R","E","R","T","M","M","$","M","M","R","BOSS"],"items_purchased_type":["Relic","Relic"],"build_version":"2020-12-22","purchased_purges":0,"victory":false,"max_hp_per_floor":[75,75,75,75,75,75,75,75,75,75,75,75,75,75,75,75,75],"card_choices":[{"not_picked":["TwoHundredYojanaInOneSlash","FourBirthsSword"],"picked":"LifeCuttingSword","floor":1},{"not_picked":["FourBirthsSword","FlashingScatteredFlowers","SlashOfMeditation"],"picked":"SKIP","floor":5},{"not_picked":["CherryBlossomFlashing","TwoHundredYojanaInOneSlash"],"picked":"HiganSword","floor":7},{"not_picked":["SlashOfMeditation","FlashingScatteredFlowers"],"picked":"SlashClearingTheSixSenses","floor":10},{"not_picked":["TwoHundredYojanaInOneSlash","HesitationCuttingSword"],"picked":"CherryBlossomFlashing","floor":11},{"not_picked":["LowerRealmReflectionSlash","ThreeKonsSevenHakus"],"picked":"CrescentMoonSlash","floor":13},{"not_picked":["HesitationCuttingSword","DispleasureOfTheSevenHakus"],"picked":"SlashClearingTheSixSenses","floor":14}],"player_experience":1075108,"relics_obtained":[{"floor":7,"key":"Blue Doll"},{"floor":9,"key":"ScarletDevilRocket"}],"event_choices":[],"is_beta":false,"boss_relics":[],"items_purged_floors":[],"is_endless":false,"potions_floor_spawned":[1,5,7,10,11,13,14],"killed_by":"Gensokyo:Reimu","ascension_level":0}}