{"host":"to2s10i0cynxbiqz","time":1614068559,"event":{"mods":["BaseMod","Colored Powertips","Highlight Path","Minty Spire (QoL Compilation)","Quick Restart","StSLib","slay the spire mod where everything is the same but ironclad has a cowboy hat"],"gold_per_floor":[109,109,109,127,140,173,184,201,226,226,259,259,208,219,219,318,318,337,262,32,32,49,77,87,87,87,103,3,3,14,28,28,124,124,142,160,173,173,188,188,199,74,100,119,119,119,131,131,131,131,131],"floor_reached":50,"language":"ZHS","playtime":2384,"items_purged":["Strike_B","Dualcast","Zap"],"score":578,"play_id":"8b483571-31f0-47b2-be73-75db1f50c860","local_time":"20210223162239","is_ascension_mode":true,"campfire_choices":[{"data":"Hologram","floor":10.0,"key":"SMITH"},{"floor":12.0,"key":"REST"},{"data":"Streamline","floor":15.0,"key":"SMITH"},{"data":"Hologram","floor":25.0,"key":"SMITH"},{"floor":32.0,"key":"REST"},{"floor":40.0,"key":"RECALL"},{"floor":45.0,"key":"REST"},{"floor":49.0,"key":"REST"}],"circlet_count":0,"master_deck":["Strike_B+1","Strike_B+1","Defend_B","Gash+1","Gash+1","Hologram+1","Rainbow","Leap","Streamline+1","Fission","Go for the Eyes+1","Streamline","Turbo","Hologram+1","Scrape+1","FTL","Turbo+1","Buffer","Barrage+1","Fission+1","Gash+1","Enlightenment","Thinking Ahead","Madness","Madness","Parasite"],"relics":["Cracked Core","NeowsBlessing","Bronze Scales","Tiny Chest","Bag of Preparation","Runic Pyramid","Art of War","FossilizedHelix","Astrolabe","Whetstone","InkBottle"],"acts_visited":["Exordium","TheCity","TheBeyond"],"potions_floor_usage":[],"damage_taken":[{"damage":0.0,"enemies":"2 Louse","floor":1.0,"turns":1.0},{"damage":0.0,"enemies":"Small Slimes","floor":4.0,"turns":1.0},{"damage":0.0,"enemies":"Cultist","floor":5.0,"turns":1.0},{"damage":17.0,"enemies":"3 Sentries","floor":6.0,"turns":3.0},{"damage":2.0,"enemies":"2 Fungi Beasts","floor":7.0,"turns":3.0},{"damage":0.0,"enemies":"3 Louse","floor":8.0,"turns":4.0},{"damage":11.0,"enemies":"Gremlin Nob","floor":11.0,"turns":4.0},{"damage":11.0,"enemies":"Exordium Wildlife","floor":14.0,"turns":3.0},{"damage":15.0,"enemies":"Slime Boss","floor":16.0,"turns":9.0},{"damage":8.0,"enemies":"3 Byrds","floor":18.0,"turns":4.0},{"damage":0.0,"enemies":"Spheric Guardian","floor":22.0,"turns":3.0},{"damage":8.0,"enemies":"Slavers","floor":23.0,"turns":5.0},{"damage":1.0,"enemies":"Snecko","floor":24.0,"turns":4.0},{"damage":0.0,"enemies":"Snake Plant","floor":27.0,"turns":3.0},{"damage":1.0,"enemies":"Chosen and Byrds","floor":30.0,"turns":3.0},{"damage":9.0,"enemies":"3 Cultists","floor":31.0,"turns":5.0},{"damage":16.0,"enemies":"Collector","floor":33.0,"turns":7.0},{"damage":8.0,"enemies":"3 Darklings","floor":35.0,"turns":3.0},{"damage":7.0,"enemies":"3 Shapes","floor":36.0,"turns":5.0},{"damage":0.0,"enemies":"Sphere and 2 Shapes","floor":37.0,"turns":5.0},{"damage":0.0,"enemies":"Maw","floor":39.0,"turns":6.0},{"damage":0.0,"enemies":"Jaw Worm Horde","floor":41.0,"turns":3.0},{"damage":26.0,"enemies":"3 Darklings","floor":44.0,"turns":5.0},{"damage":0.0,"enemies":"Writhing Mass","floor":47.0,"turns":4.0},{"damage":85,"enemies":"Donu and Deca","floor":50,"turns":8}],"seed_played":"-7535523528735316773","potions_obtained":[{"floor":4.0,"key":"Weak Potion"},{"floor":5.0,"key":"AttackPotion"},{"floor":16.0,"key":"FearPotion"},{"floor":18.0,"key":"Ancient Potion"},{"floor":22.0,"key":"Fire Potion"},{"floor":23.0,"key":"FearPotion"},{"floor":27.0,"key":"BlessingOfTheForge"},{"floor":36.0,"key":"PowerPotion"},{"floor":37.0,"key":"SkillPotion"},{"floor":44.0,"key":"Fire Potion"}],"is_trial":false,"path_per_floor":["M","?","?","M","M","E","M","M","T","R","E","R","$","M","R","B",null,"M","?","$","?","M","E","M","R","T","M","$","T","M","M","R","B",null,"M","M","M","?","M","R","M","$","T","M","R","?","M","T","R","B"],"character_chosen":"DEFECT","items_purchased":["Strength Potion","Streamline","Turbo","Hologram"],"campfire_rested":4,"item_purchase_floors":[13,20,20,20],"current_hp_per_floor":[75,60,60,60,60,43,41,41,41,41,30,52,52,41,41,26,75,67,67,67,67,67,59,58,58,58,58,58,58,57,48,70,54,75,67,60,60,55,55,55,55,55,55,29,51,42,42,42,64,0,0],"gold":131,"neow_bonus":"THREE_ENEMY_KILL","is_daily":false,"chose_seed":false,"campfire_upgraded":3,"win_rate":0.0,"timestamp":1614068559,"path_taken":["M","?","?","M","?","E","M","M","T","R","E","R","$","M","R","BOSS","M","?","$","?","M","E","M","R","T","M","?","?","?","M","R","BOSS","M","M","M","?","M","R","M","$","T","M","R","?","M","?","R","BOSS"],"items_purchased_type":["Potion","Card","Card","Card"],"build_version":"2020-12-22","purchased_purges":3,"victory":false,"max_hp_per_floor":[75,75,75,75,75,75,75,75,75,75,75,75,75,75,75,75,75,75,75,75,75,75,75,75,75,75,75,75,75,75,75,75,75,75,75,75,75,75,75,75,75,75,75,75,75,75,75,75,75,75,75],"card_choices":[{"not_picked":["Leap","Sunder"],"picked":"Gash","floor":1.0},{"not_picked":["Coolheaded","Hologram"],"picked":"Gash","floor":4.0},{"not_picked":["Lockon","Force Field"],"picked":"Hologram","floor":5.0},{"not_picked":["Beam Cell","Redo"],"picked":"Rainbow","floor":6.0},{"not_picked":["Auto Shields","Sweeping Beam","Storm"],"picked":"SKIP","floor":7.0},{"not_picked":["Ball Lightning","Go for the Eyes"],"picked":"Leap","floor":8.0},{"not_picked":["Loop","Blizzard"],"picked":"Streamline","floor":11.0},{"not_picked":["Conserve Battery","Force Field","Defragment"],"picked":"SKIP","floor":14.0},{"not_picked":["Buffer","Echo Form"],"picked":"Fission","floor":16.0},{"not_picked":["Recycle","Compile Driver"],"picked":"Go for the Eyes","floor":18.0},{"not_picked":["Beam Cell","Static Discharge","Barrage"],"picked":"SKIP","floor":22.0},{"not_picked":["Echo Form","Rip and Tear+1","Cold Snap"],"picked":"SKIP","floor":23.0},{"not_picked":["Self Repair","Genetic Algorithm"],"picked":"Scrape+1","floor":24.0},{"not_picked":["Tempest","Ball Lightning","Coolheaded"],"picked":"SKIP","floor":27.0},{"not_picked":["Stack+1","Rebound+1"],"picked":"FTL","floor":30.0},{"not_picked":["Recycle+1","Compile Driver+1"],"picked":"Turbo+1","floor":31.0},{"not_picked":["Creative AI","Thunder Strike"],"picked":"Buffer","floor":33.0},{"not_picked":["Aggregate+1","Hologram","Compile Driver+1"],"picked":"SKIP","floor":35.0},{"not_picked":["Compile Driver","Steam Power","Hologram"],"picked":"SKIP","floor":36.0},{"not_picked":["Compile Driver","Force Field","Aggregate"],"picked":"SKIP","floor":37.0},{"not_picked":["HandOfGreed","Purity"],"picked":"Enlightenment","floor":38.0},{"not_picked":["Panacea","Dramatic Entrance"],"picked":"Thinking Ahead","floor":38.0},{"not_picked":["Streamline","Turbo+1","Compile Driver+1"],"picked":"SKIP","floor":39.0},{"not_picked":["Cold Snap","Storm+1","Recycle+1"],"picked":"SKIP","floor":41.0},{"not_picked":["Go for the Eyes+1","Conserve Battery+1","Beam Cell"],"picked":"SKIP","floor":44.0},{"not_picked":["Amplify","Sweeping Beam","Cold Snap+1"],"picked":"SKIP","floor":47.0}],"player_experience":191713,"relics_obtained":[{"floor":6.0,"key":"Bronze Scales"},{"floor":9.0,"key":"Tiny Chest"},{"floor":11.0,"key":"Bag of Preparation"},{"floor":23.0,"key":"Art of War"},{"floor":26.0,"key":"FossilizedHelix"},{"floor":43.0,"key":"Whetstone"},{"floor":48.0,"key":"InkBottle"}],"event_choices":[{"damage_healed":0.0,"max_hp_gain":0.0,"max_hp_loss":0.0,"gold_gain":0.0,"event_name":"Shining Light","player_choice":"Entered Light","floor":2.0,"gold_loss":0.0,"damage_taken":15.0,"cards_upgraded":["Strike_B","Strike_B"]},{"damage_healed":0.0,"max_hp_gain":0.0,"max_hp_loss":0.0,"gold_gain":0.0,"event_name":"Upgrade Shrine","player_choice":"Upgraded","floor":3.0,"gold_loss":0.0,"damage_taken":0.0,"cards_upgraded":["Gash"]},{"cards_removed":["Defend_B"],"damage_healed":0.0,"max_hp_gain":0.0,"max_hp_loss":0.0,"gold_gain":0.0,"event_name":"Beggar","player_choice":"Gave Gold","floor":19.0,"gold_loss":75.0,"damage_taken":0.0},{"damage_healed":0.0,"max_hp_gain":0.0,"max_hp_loss":0.0,"gold_gain":0.0,"event_name":"Vampires","player_choice":"Ignored","floor":21.0,"gold_loss":0.0,"damage_taken":0.0},{"damage_healed":0.0,"max_hp_gain":0.0,"max_hp_loss":0.0,"gold_gain":0.0,"event_name":"SensoryStone","player_choice":"Memory 2","floor":38.0,"gold_loss":0.0,"damage_taken":5.0},{"damage_healed":0.0,"max_hp_gain":0.0,"max_hp_loss":0.0,"gold_gain":0.0,"event_name":"Winding Halls","player_choice":"Embrace Madness","floor":46.0,"gold_loss":0.0,"damage_taken":9.0,"cards_obtained":["Madness","Madness"]}],"is_beta":false,"boss_relics":[{"not_picked":["Nuclear Battery","Calling Bell"],"picked":"Runic Pyramid"},{"not_picked":["Empty Cage","Coffee Dripper"],"picked":"Astrolabe"}],"items_purged_floors":[20,28,42],"is_endless":false,"potions_floor_spawned":[4,5,16,18,22,23,27,36,37,44],"killed_by":"Donu and Deca","ascension_level":3}}