{"host":"7sni158j623xchr2","time":1614047303,"event":{"mods":["BaseMod","Colored Map","Highlight Path","Minty Spire (QoL Compilation)","Permanent Neow","Potion Indicator Mod","Rare Cards Sparkle","Relic Sorter","Relic Stats","StSLib","everything is the same but u backflip on backflip"],"gold_per_floor":[112,131,131,131,150,150,177,177,177,196,224,240,240,240,240,335,335,348,447,457,457,470,470,499,516,571,571,584,611,611,84,84,181,181,191,191,209,226,44,44,64,104,104,144,144,169,204,7,7,7,7,7,7,47,47],"floor_reached":56,"language":"ENG","playtime":2527,"items_purged":["Defend_G","Strike_G","Strike_G"],"score":1806,"play_id":"ecc06172-714c-4fc7-9b57-8c547d51a424","local_time":"20210222202823","is_ascension_mode":true,"campfire_choices":[{"data":"Sucker Punch","floor":6,"key":"SMITH"},{"data":"Dagger Spray","floor":8,"key":"SMITH"},{"data":"Venomology","floor":15,"key":"SMITH"},{"data":"Corpse Explosion","floor":23,"key":"SMITH"},{"data":"Terror","floor":27,"key":"SMITH"},{"data":"Ghostly","floor":30,"key":"SMITH"},{"data":"Ghostly","floor":32,"key":"SMITH"},{"data":"Ghostly","floor":40,"key":"SMITH"},{"floor":45,"key":"RECALL"},{"data":"Crippling Poison","floor":49,"key":"SMITH"},{"data":"Footwork","floor":52,"key":"SMITH"}],"circlet_count":0,"master_deck":["Strike_G","Defend_G","Defend_G","Defend_G","Survivor","Neutralize","PiercingWail","Dash+1","Sucker Punch+1","Blur","Dagger Spray+1","Venomology+1","Corpse Explosion+1","Ghostly+1","Ghostly+1","Ghostly+1","Ghostly","Ghostly","Bane","Terror+1","Deadly Poison+1","Crippling Poison+1","Echo Form","Dash","Glacier","Calculated Gamble+1","Protect","Fasting2+1","Footwork+1","Limit Break"],"relics":["Ring of the Snake","Mercury Hourglass","Regal Pillow","Incense Burner","SlaversCollar","Ninja Scroll","Orichalcum","Juzu Bracelet","PrismaticShard","Blood Vial","Snecko Eye","CeramicFish","Ancient Tea Set","Gambling Chip","Toy Ornithopter"],"acts_visited":["Exordium","TheCity","TheBeyond","TheEnding"],"potions_floor_usage":[7,11,16,18,20,24,24,28,29,33,33,42,42,44,46,47,55,55,55,55,55,55],"damage_taken":[{"damage":0,"enemies":"2 Louse","floor":1,"turns":3},{"damage":0,"enemies":"Small Slimes","floor":2,"turns":4},{"damage":0,"enemies":"Cultist","floor":5,"turns":3},{"damage":1,"enemies":"Gremlin Nob","floor":7,"turns":5},{"damage":0,"enemies":"2 Fungi Beasts","floor":10,"turns":2},{"damage":10,"enemies":"Lagavulin","floor":11,"turns":6},{"damage":0,"enemies":"3 Louse","floor":12,"turns":1},{"damage":34,"enemies":"Slime Boss","floor":16,"turns":12},{"damage":1,"enemies":"Shell Parasite","floor":18,"turns":5},{"damage":14,"enemies":"2 Thieves","floor":20,"turns":2},{"damage":3,"enemies":"Cultist and Chosen","floor":22,"turns":7},{"damage":0,"enemies":"Book of Stabbing","floor":24,"turns":6},{"damage":1,"enemies":"Centurion and Healer","floor":25,"turns":5},{"damage":0,"enemies":"Snecko","floor":28,"turns":7},{"damage":0,"enemies":"Slavers","floor":29,"turns":4},{"damage":28,"enemies":"Champ","floor":33,"turns":12},{"damage":0,"enemies":"3 Darklings","floor":35,"turns":3},{"damage":0,"enemies":"3 Shapes","floor":37,"turns":2},{"damage":0,"enemies":"3 Darklings","floor":38,"turns":4},{"damage":0,"enemies":"4 Shapes","floor":41,"turns":3},{"damage":0,"enemies":"Giant Head","floor":42,"turns":10},{"damage":0,"enemies":"Reptomancer","floor":44,"turns":5},{"damage":0,"enemies":"Maw","floor":46,"turns":7},{"damage":0,"enemies":"Nemesis","floor":47,"turns":8},{"damage":0,"enemies":"Awakened One","floor":50,"turns":19},{"damage":0,"enemies":"Shield and Spear","floor":54,"turns":7},{"damage":28,"enemies":"The Heart","floor":55,"turns":14}],"seed_played":"6402041162259540963","potions_obtained":[{"floor":1,"key":"LiquidMemories"},{"floor":10,"key":"PowerPotion"},{"floor":11,"key":"Strength Potion"},{"floor":12,"key":"Fire Potion"},{"floor":20,"key":"SmokeBomb"},{"floor":33,"key":"SmokeBomb"},{"floor":35,"key":"Weak Potion"},{"floor":38,"key":"Ancient Potion"},{"floor":42,"key":"AttackPotion"},{"floor":47,"key":"FairyPotion"}],"is_trial":false,"path_per_floor":["M","M","?","?","M","R","E","R","T","M","E","M","?","?","R","B",null,"M","?","M","?","M","R","E","M","T","R","M","E","R","$","R","B",null,"M","?","M","M","$","R","M","E","T","E","R","M","E","$","R","B",null,"R","$","E","B",null],"character_chosen":"THE_SILENT","items_purchased":["Crippling Poison","PrismaticShard","DuplicationPotion","Blood Vial","Dash","Footwork"],"campfire_rested":0,"item_purchase_floors":[31,31,31,31,39,48],"current_hp_per_floor":[63,63,63,63,63,63,62,62,62,62,52,52,45,45,45,11,66,65,65,51,42,39,39,39,38,38,38,38,38,38,38,38,12,35,37,37,39,41,41,41,42,42,42,42,42,42,42,42,42,42,42,42,42,42,36],"gold":47,"neow_bonus":"TWENTY_PERCENT_HP_BONUS","is_daily":false,"chose_seed":false,"campfire_upgraded":10,"win_rate":0.0,"timestamp":1614047303,"path_taken":["M","M","?","?","M","R","E","R","T","?","E","M","?","?","R","BOSS","M","?","M","?","M","R","E","?","T","R","M","E","R","$","R","BOSS","M","?","M","M","$","R","M","E","T","E","R","M","E","$","R","BOSS","R","$","E","BOSS"],"items_purchased_type":["Card","Relic","Potion","Relic","Card","Card"],"build_version":"2020-12-22","purchased_purges":3,"victory":true,"max_hp_per_floor":[84,84,84,84,84,84,84,84,84,84,84,84,84,84,84,84,84,84,84,84,42,42,42,42,42,42,42,42,42,42,42,42,42,42,42,42,42,42,42,42,42,42,42,42,42,42,42,42,42,42,42,42,42,42,42],"relic_stats":{"Blood Vial":9,"Regal Pillow":0,"counters":[27,164],"CeramicFish":54,"Gambling Chip":[12],"Snecko Eye":[148,135,153,139],"Juzu Bracelet":0,"Orichalcum":[150],"obtain_stats":[{"Regal Pillow":9,"CeramicFish":42,"Incense Burner":11,"Juzu Bracelet":29,"Orichalcum":26,"PrismaticShard":31,"Ancient Tea Set":44,"Mercury Hourglass":7,"Blood Vial":31,"SlaversCollar":17,"Ninja Scroll":24,"Gambling Chip":47,"Snecko Eye":34,"Toy Ornithopter":54,"Ring of the Snake":0},{"Regal Pillow":4,"CeramicFish":21,"Incense Burner":6,"Juzu Bracelet":15,"Orichalcum":13,"PrismaticShard":15,"Ancient Tea Set":22,"Mercury Hourglass":4,"Blood Vial":15,"SlaversCollar":8,"Ninja Scroll":12,"Gambling Chip":24,"Snecko Eye":16,"Toy Ornithopter":26,"Ring of the Snake":0},{"Regal Pillow":15,"CeramicFish":104,"Incense Burner":23,"Juzu Bracelet":70,"Orichalcum":60,"PrismaticShard":70,"Ancient Tea Set":109,"Mercury Hourglass":15,"Blood Vial":70,"SlaversCollar":36,"Ninja Scroll":55,"Gambling Chip":124,"Snecko Eye":82,"Toy Ornithopter":150,"Ring of the Snake":0}],"Toy Ornithopter":22,"Ring of the Snake":[32],"Mercury Hourglass":[569]},"card_choices":[{"not_picked":["Endless Agony","Noxious Fumes"],"picked":"PiercingWail","floor":1},{"not_picked":["Backflip","Poisoned Stab"],"picked":"Dash","floor":2},{"not_picked":["Dash","Accuracy"],"picked":"Blur","floor":5},{"not_picked":["Blur","Flying Knee"],"picked":"Dagger Spray","floor":7},{"not_picked":["Cloak And Dagger","Deflect","Slice"],"picked":"SKIP","floor":10},{"not_picked":["Underhanded Strike","Dodge and Roll"],"picked":"Venomology","floor":11},{"not_picked":["Choke","Blade Dance","Endless Agony"],"picked":"SKIP","floor":12},{"not_picked":["Phantasmal Killer","Night Terror"],"picked":"Corpse Explosion","floor":16},{"not_picked":["Expertise+1","Poisoned Stab","Predator"],"picked":"SKIP","floor":18},{"not_picked":["Accuracy","Noxious Fumes","Blade Dance"],"picked":"SKIP","floor":20},{"not_picked":["Heel Hook","Deflect"],"picked":"Bane","floor":22},{"not_picked":["Bane","Acrobatics"],"picked":"Terror","floor":24},{"not_picked":["Distraction","Flying Knee","Sucker Punch"],"picked":"SKIP","floor":25},{"not_picked":["Dagger Spray","Slice+1"],"picked":"Deadly Poison+1","floor":28},{"not_picked":["Acrobatics","Sucker Punch","Deadly Poison+1"],"picked":"SKIP","floor":29},{"not_picked":["Phantasmal Killer","DevaForm"],"picked":"Echo Form","floor":33},{"not_picked":["Forethought","Dagger Spray+1","Barrage"],"picked":"SKIP","floor":35},{"not_picked":["Indignation+1","Poisoned Stab","Madness"],"picked":"SKIP","floor":37},{"not_picked":["Doom and Gloom+1","BowlingBash","Halt"],"picked":"SKIP","floor":38},{"not_picked":["Poisoned Stab","Cloak And Dagger","Warcry"],"picked":"SKIP","floor":41},{"not_picked":["Capacitor+1","Heavy Blade+1"],"picked":"Glacier","floor":42},{"not_picked":["Lockon","Entrench"],"picked":"Calculated Gamble+1","floor":44},{"not_picked":["Hologram","Headbutt+1"],"picked":"Protect","floor":46},{"not_picked":["ClearTheMind","JustLucky"],"picked":"Fasting2+1","floor":47},{"not_picked":["Weave+1","Darkness+1"],"picked":"Limit Break","floor":54}],"player_experience":1841628,"relics_obtained":[{"floor":7,"key":"Mercury Hourglass"},{"floor":9,"key":"Regal Pillow"},{"floor":11,"key":"Incense Burner"},{"floor":24,"key":"Ninja Scroll"},{"floor":26,"key":"Orichalcum"},{"floor":29,"key":"Juzu Bracelet"},{"floor":42,"key":"CeramicFish"},{"floor":44,"key":"Ancient Tea Set"},{"floor":47,"key":"Gambling Chip"},{"floor":54,"key":"Toy Ornithopter"}],"event_choices":[{"damage_healed":0,"gold_gain":0,"cards_transformed":["Defend_G"],"player_choice":"Change","damage_taken":0,"max_hp_gain":0,"max_hp_loss":0,"event_name":"Living Wall","floor":3,"gold_loss":0,"cards_obtained":["Sucker Punch"]},{"damage_healed":0,"gold_gain":0,"player_choice":"Upgraded","damage_taken":0,"max_hp_gain":0,"max_hp_loss":0,"event_name":"Upgrade Shrine","floor":4,"gold_loss":0,"cards_upgraded":["Dash"]},{"cards_removed":["Strike_G"],"damage_healed":0,"gold_gain":0,"player_choice":"Card Removal","damage_taken":7,"max_hp_gain":0,"max_hp_loss":0,"event_name":"Golden Wing","floor":13,"gold_loss":0},{"damage_healed":0,"gold_gain":0,"player_choice":"Ignored","damage_taken":0,"max_hp_gain":0,"max_hp_loss":0,"event_name":"Liars Game","floor":14,"gold_loss":0},{"damage_healed":0,"gold_gain":99,"player_choice":"Stole From Cult","damage_taken":0,"max_hp_gain":0,"max_hp_loss":0,"event_name":"Nest","floor":19,"gold_loss":0},{"damage_healed":0,"gold_gain":0,"player_choice":"Became a Ghost","damage_taken":0,"max_hp_gain":0,"max_hp_loss":42,"event_name":"Ghosts","floor":21,"gold_loss":0,"cards_obtained":["Ghostly","Ghostly","Ghostly","Ghostly","Ghostly"]},{"cards_removed":["Strike_G"],"damage_healed":0,"gold_gain":0,"player_choice":"Purged","damage_taken":0,"max_hp_gain":0,"max_hp_loss":0,"event_name":"Purifier","floor":36,"gold_loss":0}],"is_beta":false,"boss_relics":[{"not_picked":["SacredBark","Calling Bell"],"picked":"SlaversCollar"},{"not_picked":["Fusion Hammer","Empty Cage"],"picked":"Snecko Eye"}],"items_purged_floors":[31,39,48],"is_endless":false,"potions_floor_spawned":[1,10,11,12,20,25,28,33,35,38,41,42,47],"ascension_level":5}}