{"host":"i0avyit1s6jb1siw","time":1614095754,"event":{"mods":["BaseMod","DeckTracker","Dota2Spire","Minty Spire (QoL Compilation)","Quick Restart","StSLib","SuperFastMode"],"gold_per_floor":[19,19,19,32,32,32,65,78,78,102,116,142,142,67,105,105,200,200,215,215,200,200,200],"floor_reached":22,"language":"ENG","playtime":443,"items_purged":[],"score":384,"play_id":"01ccea98-a979-49aa-bdb5-63f51478d58b","local_time":"20210223165554","is_ascension_mode":true,"campfire_choices":[{"data":"Whirlwind","floor":6,"key":"SMITH"},{"data":"True Grit","floor":13,"key":"SMITH"},{"data":"Inflame","floor":16,"key":"SMITH"}],"circlet_count":0,"master_deck":["AscendersBane","Strike_R+1","Strike_R","Defend_R","Defend_R+1","Defend_R","Defend_R+1","Bash","Heavy Blade","Whirlwind+1","Wild Strike","Flame Barrier","Disarm+1","Inflame+1","True Grit+1","Pommel Strike+1","Reaper+1"],"relics":["Burning Blood","Golden Idol","Molten Egg 2","Happy Flower","Dota2Spire:PhaseBoots","War Paint","Black Star"],"acts_visited":["Exordium","TheCity"],"potions_floor_usage":[17],"damage_taken":[{"damage":6,"enemies":"2 Louse","floor":1,"turns":3},{"damage":7,"enemies":"Small Slimes","floor":4,"turns":3},{"damage":17,"enemies":"3 Sentries","floor":7,"turns":5},{"damage":2,"enemies":"Jaw Worm","floor":8,"turns":5},{"damage":0,"enemies":"Exordium Wildlife","floor":11,"turns":3},{"damage":11,"enemies":"Lagavulin","floor":15,"turns":7},{"damage":17,"enemies":"Hexaghost","floor":17,"turns":13},{"damage":13,"enemies":"Chosen","floor":19,"turns":5},{"damage":27,"enemies":"2 Thieves","floor":21,"turns":4},{"damage":50,"enemies":"Sentry and Sphere","floor":22,"turns":5}],"seed_played":"-7952992052754851618","potions_obtained":[{"floor":7,"key":"Explosive Potion"},{"floor":8,"key":"PowerPotion"},{"floor":11,"key":"Strength Potion"},{"floor":19,"key":"Dota2Spire:Clarity"}],"is_trial":false,"path_per_floor":["M","?","?","M","?","R","E","M","T","T","M","T","R","?","E","R","B",null,"M","?","M","M"],"character_chosen":"IRONCLAD","items_purchased":[],"campfire_rested":0,"item_purchase_floors":[],"current_hp_per_floor":[68,68,68,67,47,47,36,40,40,40,46,46,46,46,41,41,30,59,52,52,41,0,0],"gold":200,"neow_bonus":"TRANSFORM_TWO_CARDS","is_daily":false,"chose_seed":false,"campfire_upgraded":3,"win_rate":0.0,"timestamp":1614095754,"path_taken":["M","?","?","M","?","R","E","M","T","T","?","?","R","?","E","R","BOSS","M","?","M","M"],"items_purchased_type":[],"build_version":"2020-12-22","purchased_purges":0,"victory":false,"max_hp_per_floor":[75,68,68,68,68,68,68,68,68,68,68,68,68,68,68,68,68,68,68,68,68,68,68],"card_choices":[{"not_picked":["Twin Strike","Cleave"],"picked":"Wild Strike","floor":1},{"not_picked":["Shrug It Off","Bloodletting"],"picked":"Flame Barrier","floor":4},{"not_picked":["Dropkick+1","Clash+1"],"picked":"Disarm","floor":7},{"not_picked":["Blood for Blood+1","Rupture"],"picked":"Inflame","floor":8},{"not_picked":["Perfected Strike+1","Feel No Pain"],"picked":"True Grit","floor":11},{"not_picked":["Body Slam+1","Thunderclap+1"],"picked":"Pommel Strike+1","floor":15},{"not_picked":["Feed+1","Double Tap"],"picked":"Reaper+1","floor":17},{"not_picked":["Warcry","True Grit","Iron Wave+1"],"picked":"SKIP","floor":19},{"not_picked":["Perfected Strike+1","True Grit","Cleave+1"],"picked":"SKIP","floor":21}],"player_experience":2490401,"relics_obtained":[{"floor":7,"key":"Molten Egg 2"},{"floor":10,"key":"Happy Flower"},{"floor":12,"key":"Dota2Spire:PhaseBoots"},{"floor":15,"key":"War Paint"}],"event_choices":[{"damage_healed":0,"gold_gain":0,"player_choice":"Lose Max HP","damage_taken":0,"relics_obtained":["Golden Idol"],"max_hp_gain":0,"max_hp_loss":7,"event_name":"Golden Idol","floor":2,"gold_loss":0},{"damage_healed":0,"gold_gain":0,"player_choice":"Ignored","damage_taken":0,"max_hp_gain":0,"max_hp_loss":0,"event_name":"Liars Game","floor":3,"gold_loss":0},{"damage_healed":0,"gold_gain":0,"player_choice":"Entered Light","damage_taken":20,"max_hp_gain":0,"max_hp_loss":0,"event_name":"Shining Light","floor":5,"gold_loss":0,"cards_upgraded":["Defend_R","Strike_R"]},{"cards_removed":["Strike_R"],"damage_healed":0,"gold_gain":0,"player_choice":"Card Removal","damage_taken":0,"max_hp_gain":0,"max_hp_loss":0,"event_name":"The Cleric","floor":14,"gold_loss":75},{"damage_healed":0,"gold_gain":0,"player_choice":"Ignored","damage_taken":0,"max_hp_gain":0,"max_hp_loss":0,"event_name":"The Mausoleum","floor":20,"gold_loss":0}],"is_beta":false,"boss_relics":[{"not_picked":["Tiny House","Runic Dome"],"picked":"Black Star"}],"items_purged_floors":[],"is_endless":false,"potions_floor_spawned":[7,8,11,19],"killed_by":"Sentry and Sphere","ascension_level":20}}