{"host":"ttzdpsscxkem3xrs","time":1614106184,"event":{"mods":["BaseMod","Colored Map","Downfall","Hermit","Minty Spire (QoL Compilation)","Replay The Spire","StSLib","The Cursed","The Hierophant"],"gold_per_floor":[362,362,362,76,76,76,120,120,120],"floor_reached":8,"language":"ENG","playtime":371,"items_purged":["Injury"],"score":86,"play_id":"4a29a9cb-00e6-41bf-aa65-ae2c481756d6","local_time":"20210223104944","is_ascension_mode":true,"campfire_choices":[{"data":"Noxious Fumes","floor":6,"key":"SMITH"}],"circlet_count":0,"master_deck":["AscendersBane","Strike_G","Strike_G","Strike_G","Strike_G","Defend_G","Defend_G","Defend_G","Defend_G","Defend_G","Survivor","Neutralize","Survivor","champ:Defend","Setup","Noxious Fumes+1","Sickly","ReplayTheSpireMod:Scrap Shanks"],"relics":["Ring of the Snake","Golden Idol","Oddly Smooth Stone","Ring of Panic","ReplayTheSpireMod:Ring of Challenge"],"acts_visited":["Exordium"],"potions_floor_usage":[],"damage_taken":[{"damage":1,"enemies":"2 Louse","floor":1,"turns":4},{"damage":3,"enemies":"Small Slimes","floor":7,"turns":6},{"damage":6,"enemies":"Replay:BlueRogue","floor":8,"turns":6}],"seed_played":"6454673600800930377","potions_obtained":[{"floor":7,"key":"FearPotion"}],"is_trial":false,"path_per_floor":["M","?","?","$","?","R","M","E"],"character_chosen":"THE_SILENT","items_purchased":["Noxious Fumes","Oddly Smooth Stone"],"campfire_rested":0,"item_purchase_floors":[4,4],"current_hp_per_floor":[58,58,58,58,58,58,55,49,49],"gold":120,"neow_bonus":"TWO_FIFTY_GOLD","is_daily":false,"chose_seed":false,"campfire_upgraded":1,"win_rate":0.0,"timestamp":1614106184,"path_taken":["M","?","?","$","?","R","M","E"],"items_purchased_type":["Card","Relic"],"build_version":"2020-12-22","purchased_purges":1,"victory":false,"max_hp_per_floor":[66,66,66,66,66,66,66,66,66],"card_choices":[{"not_picked":["PiercingWail","Prepared"],"picked":"Setup","floor":1},{"not_picked":["Expertise","Quick Slash"],"picked":"ReplayTheSpireMod:Scrap Shanks","floor":7}],"player_experience":1455832,"relics_obtained":[{"floor":5,"key":"Ring of Panic"},{"floor":5,"key":"ReplayTheSpireMod:Ring of Challenge"}],"event_choices":[{"damage_healed":0,"gold_gain":0,"player_choice":"Take Wound","damage_taken":0,"relics_obtained":["Golden Idol"],"max_hp_gain":0,"max_hp_loss":0,"event_name":"Golden Idol","floor":3,"gold_loss":0,"cards_obtained":["Injury"]}],"is_beta":false,"boss_relics":[],"items_purged_floors":[4],"is_endless":false,"potions_floor_spawned":[7],"killed_by":"Replay:BlueRogue","ascension_level":19}}