{"host":"ELF","time":1614066611,"event":{"mods":["BaseMod","Bestiary","Minty Spire (QoL Compilation)","Relic Stats","Slay the Relics Exporter"],"gold_per_floor":[112,126,201,201,36,63,63,74,98,98,98,116,38,91,91,91,91],"floor_reached":16,"language":"ENG","playtime":372,"items_purged":[],"score":246,"play_id":"570a37e8-785d-401d-a349-476eadb1b2b5","local_time":"20210223015011","is_ascension_mode":true,"campfire_choices":[{"data":"Creative AI","floor":7,"key":"SMITH"},{"floor":10,"key":"REST"},{"floor":15,"key":"REST"}],"circlet_count":0,"master_deck":["AscendersBane","Strike_B+1","Strike_B+1","Strike_B+1","Defend_B","Defend_B","Defend_B+1","Defend_B","Zap","Dualcast","Genetic Algorithm","Cold Snap","Creative AI+1","Leap","Rebound","Self Repair","Hello World"],"relics":["Cracked Core","NeowsBlessing","Whetstone","Bag of Marbles"],"acts_visited":["Exordium"],"potions_floor_usage":[],"damage_taken":[{"damage":0,"enemies":"Small Slimes","floor":1,"turns":1},{"damage":0,"enemies":"2 Louse","floor":2,"turns":1},{"damage":0,"enemies":"3 Sentries","floor":6,"turns":2},{"damage":9,"enemies":"Jaw Worm","floor":8,"turns":5},{"damage":12,"enemies":"Looter","floor":12,"turns":3},{"damage":48,"enemies":"The Guardian","floor":16,"turns":10}],"seed_played":"6047964206796593261","potions_obtained":[{"floor":8,"key":"GamblersBrew"}],"is_trial":false,"path_per_floor":["M","M","?","?","$","E","R","M","T","R","?","M","$","T","R","B"],"character_chosen":"DEFECT","items_purchased":["Creative AI","Hello World"],"campfire_rested":2,"item_purchase_floors":[5,13],"current_hp_per_floor":[64,64,53,32,32,32,32,23,23,44,37,25,25,25,46,0,0],"gold":91,"neow_bonus":"THREE_ENEMY_KILL","is_daily":false,"chose_seed":false,"campfire_upgraded":1,"win_rate":0.0,"timestamp":1614066611,"path_taken":["M","M","?","?","$","E","R","M","T","R","?","M","?","?","R","BOSS"],"items_purchased_type":["Card","Card"],"build_version":"2020-12-18","purchased_purges":0,"victory":false,"max_hp_per_floor":[71,71,71,71,71,71,71,71,71,71,71,71,71,71,71,71,71],"relic_stats":{"counters":[6,22],"Whetstone":["Strike_B","Strike_B"],"obtain_stats":[{"NeowsBlessing":0,"Bag of Marbles":9,"Whetstone":6,"Cracked Core":0},{"NeowsBlessing":0,"Bag of Marbles":4,"Whetstone":3,"Cracked Core":0},{"NeowsBlessing":0,"Bag of Marbles":9,"Whetstone":4,"Cracked Core":0}]},"card_choices":[{"not_picked":["Redo","Hologram"],"picked":"Genetic Algorithm","floor":1},{"not_picked":["Skim","Streamline"],"picked":"Cold Snap","floor":2},{"not_picked":["FTL","Streamline"],"picked":"Leap","floor":6},{"not_picked":["Leap","Auto Shields"],"picked":"Rebound","floor":8},{"not_picked":["Consume","Blizzard"],"picked":"Self Repair","floor":12}],"player_experience":3531298,"relics_obtained":[{"floor":6,"key":"Whetstone"},{"floor":9,"key":"Bag of Marbles"}],"event_choices":[{"damage_healed":0,"gold_gain":75,"player_choice":"Gather Gold","damage_taken":11,"max_hp_gain":0,"max_hp_loss":0,"event_name":"World of Goop","floor":3,"gold_loss":0},{"damage_healed":0,"gold_gain":0,"player_choice":"Entered Light","damage_taken":21,"max_hp_gain":0,"max_hp_loss":0,"event_name":"Shining Light","floor":4,"gold_loss":0,"cards_upgraded":["Defend_B","Strike_B"]},{"cards_removed":["Strike_B"],"damage_healed":0,"gold_gain":0,"player_choice":"Card Removal","damage_taken":7,"max_hp_gain":0,"max_hp_loss":0,"event_name":"Golden Wing","floor":11,"gold_loss":0}],"is_beta":true,"boss_relics":[],"items_purged_floors":[],"is_endless":false,"potions_floor_spawned":[8],"killed_by":"The Guardian","ascension_level":20}}