{"host":"en4narc5947t7k9n","time":1614091911,"event":{"mods":["AchievementEnabler","BaseMod","Colored Map","Minty Spire (QoL Compilation)","SuperFastMode"],"gold_per_floor":[110,110,129,61,61,61,61,61,109,153,178,205,232,267,279,421,433,466,502,514,541,578,590,132,132,132],"floor_reached":25,"language":"KOR","playtime":1172,"items_purged":["Strike_B"],"score":230,"play_id":"9059822d-74c9-4cdf-b8d3-b425ed278f47","local_time":"20210223235151","is_ascension_mode":false,"campfire_choices":[{"data":"Zap","floor":6,"key":"SMITH"},{"floor":15,"key":"RECALL"},{"data":"Recycle","floor":23,"key":"SMITH"}],"circlet_count":0,"master_deck":["Strike_B","Strike_B+1","Strike_B","Defend_B","Defend_B","Defend_B+1","Defend_B","Zap+1","Dualcast","Sweeping Beam","Redo","Self Repair+1","Compile Driver","Static Discharge","Skim","BootSequence","Beam Cell","All For One","Ball Lightning","Barrage","Leap","Recycle+1","Defragment","Discovery"],"relics":["Cracked Core","NeowsBlessing","Golden Idol","Letter Opener","Ancient Tea Set","MawBank","Inserter","HornCleat"],"acts_visited":["Exordium","TheCity"],"potions_floor_usage":[16,21,25],"damage_taken":[{"damage":0,"enemies":"Jaw Worm","floor":1,"turns":1},{"damage":0,"enemies":"2 Louse","floor":3,"turns":1},{"damage":0,"enemies":"Gremlin Nob","floor":10,"turns":1},{"damage":0,"enemies":"Small Slimes","floor":11,"turns":2},{"damage":7,"enemies":"Looter","floor":12,"turns":3},{"damage":3,"enemies":"Gremlin Gang","floor":13,"turns":3},{"damage":0,"enemies":"2 Fungi Beasts","floor":14,"turns":4},{"damage":52,"enemies":"Hexaghost","floor":16,"turns":9},{"damage":30,"enemies":"3 Byrds","floor":18,"turns":4},{"damage":14,"enemies":"Chosen","floor":19,"turns":5},{"damage":19,"enemies":"Snake Plant","floor":21,"turns":4},{"damage":33,"enemies":"Sentry and Sphere","floor":22,"turns":6},{"damage":24,"enemies":"Cultist and Chosen","floor":25,"turns":4}],"seed_played":"-6701539314691934506","potions_obtained":[{"floor":3,"key":"Dexterity Potion"},{"floor":13,"key":"ColorlessPotion"},{"floor":16,"key":"Ancient Potion"},{"floor":19,"key":"DistilledChaos"},{"floor":22,"key":"BlessingOfTheForge"}],"is_trial":false,"path_per_floor":["M","?","M","$","?","R","?","T","T","E","M","M","M","M","R","B",null,"M","M","$","M","M","R","$","M"],"character_chosen":"DEFECT","items_purchased":["Self Repair","HornCleat","Defragment","Discovery"],"campfire_rested":0,"item_purchase_floors":[4,24,24,24],"current_hp_per_floor":[75,57,57,57,57,57,42,42,42,42,52,55,62,72,72,30,75,55,51,51,42,19,19,19,0,0],"gold":132,"neow_bonus":"THREE_ENEMY_KILL","is_daily":false,"chose_seed":false,"campfire_upgraded":2,"win_rate":0.0,"timestamp":1614091911,"path_taken":["M","?","M","$","?","R","?","?","T","E","M","M","?","M","R","BOSS","M","M","$","M","M","R","$","M"],"items_purchased_type":["Card","Relic","Card","Card"],"build_version":"2020-12-22","purchased_purges":1,"victory":false,"max_hp_per_floor":[75,75,75,75,75,75,75,75,75,75,75,75,75,75,75,75,75,75,75,75,75,75,75,75,75,75],"card_choices":[{"not_picked":["Gash","Hologram"],"picked":"Sweeping Beam","floor":1},{"not_picked":["Gash","Beam Cell"],"picked":"Redo","floor":3},{"not_picked":["Consume","Sweeping Beam"],"picked":"Compile Driver","floor":10},{"not_picked":["Rip and Tear","Cold Snap"],"picked":"Static Discharge","floor":11},{"not_picked":["FTL","Gash"],"picked":"Skim","floor":12},{"not_picked":["Recycle","Reinforced Body"],"picked":"BootSequence","floor":13},{"not_picked":["Consume","Turbo"],"picked":"Beam Cell","floor":14},{"not_picked":["Biased Cognition","Rainbow"],"picked":"All For One","floor":16},{"not_picked":["Stack","Redo"],"picked":"Ball Lightning","floor":18},{"not_picked":["Rip and Tear","Beam Cell"],"picked":"Barrage","floor":19},{"not_picked":["Steam","Hologram"],"picked":"Leap","floor":21},{"not_picked":["Coolheaded","Ball Lightning"],"picked":"Recycle","floor":22}],"player_experience":183449,"relics_obtained":[{"floor":8,"key":"Letter Opener"},{"floor":9,"key":"Ancient Tea Set"},{"floor":10,"key":"MawBank"}],"event_choices":[{"damage_healed":0,"gold_gain":0,"player_choice":"Take Damage","damage_taken":18,"relics_obtained":["Golden Idol"],"max_hp_gain":0,"max_hp_loss":0,"event_name":"Golden Idol","floor":2,"gold_loss":0},{"damage_healed":0,"gold_gain":0,"player_choice":"Grow","damage_taken":0,"max_hp_gain":0,"max_hp_loss":0,"event_name":"Living Wall","floor":5,"gold_loss":0,"cards_upgraded":["Self Repair"]},{"damage_healed":0,"gold_gain":0,"player_choice":"Entered Light","damage_taken":15,"max_hp_gain":0,"max_hp_loss":0,"event_name":"Shining Light","floor":7,"gold_loss":0,"cards_upgraded":["Defend_B","Strike_B"]}],"is_beta":false,"boss_relics":[{"not_picked":["Runic Dome","Ectoplasm"],"picked":"Inserter"}],"items_purged_floors":[24],"is_endless":false,"potions_floor_spawned":[3,13,16,19,22],"killed_by":"Cultist and Chosen","ascension_level":0}}