{"host":"rby9tmzevanrudcg","time":1614112881,"event":{"mods":["100% Spire Juice","Act Like it!","BaseMod","GifTheSpireLib","Minty Spire (QoL Compilation)","Quick Restart","StSLib","SuperFastMode"],"gold_per_floor":[117,117,129,79,79,79,109,126,126,159,170,22,51,77,89,206,218,245,257,269,293,16,47,47,47,116,142,171,171,188,202,202,303,303,303,303],"floor_reached":35,"language":"ZHS","playtime":1656,"items_purged":[],"score":513,"play_id":"5b9285cb-758a-4240-85fa-bbb64cb67d18","local_time":"20210224044121","is_ascension_mode":false,"campfire_choices":[{"data":"Moonworks:SealedMemories","floor":6.0,"key":"SMITH"},{"data":"Moonworks:MiracleWalker","floor":15.0,"key":"SMITH"},{"floor":29.0,"key":"REST"},{"data":"Moonworks:Blazing","floor":32.0,"key":"SMITH"}],"circlet_count":0,"master_deck":["Moonworks:Strike","Moonworks:Strike+1","Moonworks:Strike","Moonworks:Defend","Moonworks:Defend","Moonworks:Ambush","Moonworks:LongDistanceShot","Moonworks:Dash+1","Moonworks:SealedMemories+1","Moonworks:Blazing+1","Moonworks:IndiscriminateFireSupport+1","Moonworks:MiracleWalker+1","Moonworks:WindyEnchantment","Moonworks:GoAway","Moonworks:Bloodlust","Moonworks:AnotherUltimateWeapon+1","Moonworks:MiracleRedBeanIceCream","Moonworks:FinalBattle+1","Moonworks:WindyEnchantment","Moonworks:Gamble+1","Moonworks:RagingMadness+1","Moonworks:SinkOrSwim+1","Moonworks:Wanted","Moonworks:LuckyCharm","Moonworks:RagingMadness+1","Moonworks:CrystalBarrier+1"],"relics":["Moonworks:SBBomb","Moonworks:Homemark","NeowsBlessing","Pear","Mummified Hand","Frozen Egg 2","Matryoshka","Membership Card","MawBank","Molten Egg 2","Chemical X","Blood Vial","Nilry\u0027s Codex","Gremlin Horn","Whetstone","Orichalcum","Lantern","Dream Catcher","Coffee Dripper"],"acts_visited":["Exordium","TheCity","TheBeyond"],"potions_floor_usage":[33],"damage_taken":[{"damage":0.0,"enemies":"Small Slimes","floor":1.0,"turns":1.0},{"damage":0.0,"enemies":"Cultist","floor":3.0,"turns":1.0},{"damage":0.0,"enemies":"3 Sentries","floor":7.0,"turns":2.0},{"damage":6.0,"enemies":"Jaw Worm","floor":8.0,"turns":3.0},{"damage":0.0,"enemies":"Gremlin Nob","floor":10.0,"turns":2.0},{"damage":8.0,"enemies":"3 Louse","floor":11.0,"turns":2.0},{"damage":0.0,"enemies":"3 Sentries","floor":13.0,"turns":2.0},{"damage":8.0,"enemies":"Exordium Wildlife","floor":14.0,"turns":2.0},{"damage":26.0,"enemies":"The Guardian","floor":16.0,"turns":6.0},{"damage":16.0,"enemies":"Chosen","floor":18.0,"turns":4.0},{"damage":10.0,"enemies":"Shell Parasite","floor":21.0,"turns":2.0},{"damage":24.0,"enemies":"Book of Stabbing","floor":23.0,"turns":3.0},{"damage":33.0,"enemies":"Slavers","floor":28.0,"turns":3.0},{"damage":15.0,"enemies":"Shelled Parasite and Fungi","floor":30.0,"turns":2.0},{"damage":6.0,"enemies":"Centurion and Healer","floor":31.0,"turns":2.0},{"damage":26,"enemies":"Champ","floor":33,"turns":4},{"damage":783,"enemies":"Orb Walker","floor":35,"turns":4}],"seed_played":"6171046763117334480","potions_obtained":[{"floor":3.0,"key":"SteroidPotion"},{"floor":11.0,"key":"Swift Potion"},{"floor":13.0,"key":"Weak Potion"},{"floor":16.0,"key":"SteroidPotion"},{"floor":23.0,"key":"DistilledChaos"}],"is_trial":false,"path_per_floor":["M","?","M","?","?","R","E","M","T","E","M","$","E","M","R","B",null,"M","?","?","M","$","E","?","?","T","T","E","R","M","M","R","B",null,"M"],"character_chosen":"THE_STARBREAKER","items_purchased":["Membership Card","Molten Egg 2","Moonworks:Gamble+1","Moonworks:RagingMadness+1","Chemical X"],"campfire_rested":1,"item_purchase_floors":[12,22,22,22,22],"current_hp_per_floor":[60,60,60,60,63,63,63,57,57,57,49,49,49,41,41,29,70,66,66,66,62,62,51,51,35,35,35,17,38,29,25,25,14,70,0,0],"gold":303,"neow_bonus":"THREE_ENEMY_KILL","is_daily":false,"chose_seed":false,"campfire_upgraded":3,"win_rate":0.0,"timestamp":1614112881,"path_taken":["M","?","?","?","?","R","E","M","T","E","M","?","E","M","R","BOSS","M","?","?","M","$","E","?","?","T","?","E","R","?","M","R","BOSS","M"],"items_purchased_type":["Relic","Relic","Card","Card","Relic"],"build_version":"2020-12-22","purchased_purges":0,"victory":false,"max_hp_per_floor":[60,60,60,60,70,70,70,70,70,70,70,70,70,70,70,70,70,70,70,70,70,70,70,70,70,70,70,70,70,70,70,70,70,70,70,70],"card_choices":[{"not_picked":["Moonworks:EvilSpyWorkPreparation","Moonworks:DeployBits"],"picked":"Moonworks:Dash","floor":1.0},{"not_picked":["Moonworks:BigBangBell","Moonworks:JonathanRush"],"picked":"Moonworks:SealedMemories","floor":3.0},{"not_picked":["Moonworks:LulusLuckyEgg","Moonworks:UnpaidWork"],"picked":"Moonworks:Blazing","floor":7.0},{"not_picked":["Moonworks:Heat300Percent","Moonworks:WindyEnchantment"],"picked":"Moonworks:IndiscriminateFireSupport","floor":8.0},{"not_picked":["Moonworks:SakisCookie","Moonworks:LulusLuckyEgg"],"picked":"Moonworks:MiracleWalker","floor":10.0},{"not_picked":["Moonworks:CompletionReward","Moonworks:CastOff"],"picked":"Moonworks:WindyEnchantment","floor":11.0},{"not_picked":["Moonworks:SweetBattle","Moonworks:TreasureThief"],"picked":"Moonworks:GoAway","floor":13.0},{"not_picked":["Moonworks:Assault","Moonworks:CastOff"],"picked":"Moonworks:Bloodlust","floor":14.0},{"not_picked":["Moonworks:GoAway","Moonworks:PlushieMaster"],"picked":"Moonworks:AnotherUltimateWeapon+1","floor":16.0},{"not_picked":["Moonworks:Flamethrower","Moonworks:Assault+1"],"picked":"Moonworks:MiracleRedBeanIceCream","floor":18.0},{"not_picked":["Moonworks:IndiscriminateFireSupport","Moonworks:BigMagnum","Moonworks:LulusLuckyEgg"],"picked":"SKIP","floor":21.0},{"not_picked":["Moonworks:BigMagnum","Moonworks:DeployBits","Moonworks:SakisCookie+1"],"picked":"SKIP","floor":23.0},{"not_picked":["Moonworks:RagingMadness+1","Moonworks:ReproductionOfRecords"],"picked":"Moonworks:Wanted","floor":28.0},{"not_picked":["Moonworks:BigMagnum","Moonworks:DeployBits"],"picked":"Moonworks:LuckyCharm","floor":29.0},{"not_picked":["Moonworks:EvilSpyWorkPreparation","Moonworks:Bloodlust","Moonworks:ImOnFire"],"picked":"SKIP","floor":30.0},{"not_picked":["Moonworks:NicePresent","Moonworks:JonathanRush+1"],"picked":"Moonworks:RagingMadness+1","floor":31.0},{"not_picked":["Moonworks:PlushieMaster","Moonworks:GoAway"],"picked":"Moonworks:CrystalBarrier+1","floor":33}],"player_experience":123561,"relics_obtained":[{"floor":7.0,"key":"Mummified Hand"},{"floor":9.0,"key":"Frozen Egg 2"},{"floor":10.0,"key":"Matryoshka"},{"floor":13.0,"key":"MawBank"},{"floor":23.0,"key":"Blood Vial"},{"floor":25.0,"key":"Nilry\u0027s Codex"},{"floor":26.0,"key":"Gremlin Horn"},{"floor":26.0,"key":"Whetstone"},{"floor":27.0,"key":"Orichalcum"},{"floor":27.0,"key":"Lantern"},{"floor":28.0,"key":"Dream Catcher"}],"event_choices":[{"damage_healed":0.0,"max_hp_gain":0.0,"max_hp_loss":0.0,"gold_gain":0.0,"event_name":"Upgrade Shrine","player_choice":"Upgraded","floor":2.0,"gold_loss":0.0,"damage_taken":0.0,"cards_upgraded":["Moonworks:Dash"]},{"cards_removed":["Moonworks:Strike"],"damage_healed":0.0,"max_hp_gain":0.0,"max_hp_loss":0.0,"gold_gain":0.0,"event_name":"The Cleric","player_choice":"Card Removal","floor":4.0,"gold_loss":50.0,"damage_taken":0.0},{"damage_healed":0.0,"max_hp_gain":0.0,"max_hp_loss":0.0,"gold_gain":0.0,"event_name":"Scrap Ooze","player_choice":"Success","floor":5.0,"gold_loss":0.0,"damage_taken":7.0,"relics_obtained":["Pear"]},{"damage_healed":0.0,"max_hp_gain":0.0,"max_hp_loss":0.0,"gold_gain":0.0,"event_name":"Ghosts","player_choice":"Ignored","floor":19.0,"gold_loss":0.0,"damage_taken":0.0},{"damage_healed":0.0,"max_hp_gain":0.0,"max_hp_loss":0.0,"gold_gain":0.0,"cards_transformed":["Moonworks:Defend","Moonworks:Defend"],"event_name":"Drug Dealer","player_choice":"Became Test Subject","floor":20.0,"gold_loss":0.0,"damage_taken":0.0,"cards_obtained":["Moonworks:FinalBattle","Moonworks:WindyEnchantment"]},{"damage_healed":0.0,"max_hp_gain":0.0,"max_hp_loss":0.0,"gold_gain":0.0,"event_name":"The Library","player_choice":"Read","floor":24.0,"gold_loss":0.0,"damage_taken":0.0,"cards_obtained":["Moonworks:SinkOrSwim"]},{"damage_healed":0.0,"max_hp_gain":0.0,"max_hp_loss":0.0,"gold_gain":0.0,"event_name":"Cursed Tome","player_choice":"Obtained Book","floor":25.0,"gold_loss":0.0,"damage_taken":16.0}],"is_beta":false,"boss_relics":[{"not_picked":["Snecko Eye","Fusion Hammer"],"picked":"Moonworks:SBBomb"},{"not_picked":["Cursed Key","Astrolabe"],"picked":"Coffee Dripper"}],"items_purged_floors":[],"is_endless":false,"potions_floor_spawned":[3,11,13,16,23,28,30],"killed_by":"Orb Walker","ascension_level":0}}