{"host":"9brt9rggm379u2p7","time":1614112077,"event":{"mods":["AchievementEnabler","BaseMod","Highlight Path","Minty Spire (QoL Compilation)","Permanent Neow","Quick Restart","SuperFastMode"],"gold_per_floor":[119,139,156,168,178,210,222,14,14,14,26,39,65,126,126,204,204,221,237,256,267,75,75,75],"floor_reached":23,"language":"ENG","playtime":1282,"items_purged":["Strike_R"],"score":443,"play_id":"fb818e3e-10c4-4c63-b68c-84870ef9500c","local_time":"20210224052757","is_ascension_mode":true,"campfire_choices":[{"data":"Apotheosis","floor":10.0,"key":"SMITH"},{"floor":15.0,"key":"RECALL"}],"circlet_count":0,"master_deck":["AscendersBane","Strike_R","Strike_R","Strike_R","Strike_R","Defend_R","Defend_R","Defend_R","Defend_R","Bash","Hemokinesis","Evolve","Twin Strike","Reaper","Apotheosis+1","Demon Form","Flex","Feed","Spot Weakness","Exhume"],"relics":["Burning Blood","MealTicket","Akabeko","The Courier","Mango","Regal Pillow","Sozu","Dream Catcher"],"acts_visited":["Exordium","TheCity"],"potions_floor_usage":[],"damage_taken":[{"damage":7.0,"enemies":"Cultist","floor":1.0,"turns":4.0},{"damage":6.0,"enemies":"Jaw Worm","floor":2.0,"turns":4.0},{"damage":2.0,"enemies":"2 Louse","floor":3.0,"turns":2.0},{"damage":14.0,"enemies":"Looter","floor":4.0,"turns":3.0},{"damage":36.0,"enemies":"Lots of Slimes","floor":5.0,"turns":6.0},{"damage":8.0,"enemies":"Gremlin Nob","floor":6.0,"turns":3.0},{"damage":10.0,"enemies":"3 Louse","floor":7.0,"turns":2.0},{"damage":6.0,"enemies":"Looter","floor":11.0,"turns":3.0},{"damage":29.0,"enemies":"Exordium Thugs","floor":12.0,"turns":6.0},{"damage":34.0,"enemies":"3 Sentries","floor":13.0,"turns":6.0},{"damage":48.0,"enemies":"Lagavulin Event","floor":14.0,"turns":6.0},{"damage":42.0,"enemies":"The Guardian","floor":16.0,"turns":11.0},{"damage":40.0,"enemies":"Shell Parasite","floor":18.0,"turns":5.0},{"damage":0.0,"enemies":"Chosen","floor":19.0,"turns":2.0},{"damage":60.0,"enemies":"Centurion and Healer","floor":20.0,"turns":7.0},{"damage":64.0,"enemies":"3 Cultists","floor":21.0,"turns":6.0},{"damage":36,"enemies":"Book of Stabbing","floor":23,"turns":3}],"seed_played":"-7571239106873841057","potions_obtained":[{"floor":1.0,"key":"Fire Potion"},{"floor":2.0,"key":"Fire Potion"},{"floor":6.0,"key":"EssenceOfSteel"},{"floor":12.0,"key":"SteroidPotion"},{"floor":13.0,"key":"SkillPotion"},{"floor":16.0,"key":"DuplicationPotion"}],"is_trial":false,"path_per_floor":["M","M","M","M","M","E","M","$","T","R","M","M","E","?","R","B",null,"M","M","M","M","$","E"],"character_chosen":"IRONCLAD","items_purchased":["Apotheosis","Dream Catcher"],"campfire_rested":0,"item_purchase_floors":[8,22],"current_hp_per_floor":[67,67,71,63,33,31,62,75,75,75,75,52,61,31,31,7,69,42,52,26,19,34,0,0],"gold":75,"neow_bonus":"RANDOM_COMMON_RELIC","is_daily":false,"chose_seed":false,"campfire_upgraded":1,"win_rate":0.0,"timestamp":1614112077,"path_taken":["M","M","M","M","M","E","M","?","T","R","M","M","E","?","R","BOSS","M","M","M","M","$","E"],"items_purchased_type":["Card","Relic"],"build_version":"2020-12-22","purchased_purges":1,"victory":false,"max_hp_per_floor":[75,75,75,75,75,75,75,75,75,75,75,75,89,89,89,89,89,89,93,97,100,100,100,100],"card_choices":[{"not_picked":["Sentinel","Warcry"],"picked":"Hemokinesis","floor":1.0},{"not_picked":["True Grit","Headbutt"],"picked":"Evolve","floor":2.0},{"not_picked":["Pommel Strike","Wild Strike"],"picked":"Twin Strike","floor":3.0},{"not_picked":["Anger","Clash","Twin Strike"],"picked":"SKIP","floor":4.0},{"not_picked":["Armaments","Pommel Strike"],"picked":"Reaper","floor":5.0},{"not_picked":["Rampage","Headbutt","Pommel Strike"],"picked":"SKIP","floor":6.0},{"not_picked":["Warcry","Clash","Sentinel"],"picked":"SKIP","floor":7.0},{"not_picked":["Headbutt","Twin Strike","Sword Boomerang"],"picked":"SKIP","floor":11.0},{"not_picked":["Headbutt","Twin Strike","Sword Boomerang"],"picked":"SKIP","floor":11.0},{"not_picked":["Heavy Blade","Cleave","Sentinel"],"picked":"SKIP","floor":12.0},{"not_picked":["Twin Strike","Armaments"],"picked":"Demon Form","floor":13.0},{"not_picked":["Dark Embrace","Clash"],"picked":"Flex","floor":14.0},{"not_picked":["Immolate","Exhume"],"picked":"Feed","floor":16.0},{"not_picked":["Iron Wave+1","True Grit","Pommel Strike"],"picked":"SKIP","floor":18.0},{"not_picked":["Clash","Heavy Blade+1","Thunderclap"],"picked":"SKIP","floor":19.0},{"not_picked":["Perfected Strike+1","Anger"],"picked":"Spot Weakness","floor":20.0},{"not_picked":["Flex","Clothesline"],"picked":"Exhume","floor":21.0}],"player_experience":442949,"relics_obtained":[{"floor":6.0,"key":"Akabeko"},{"floor":9.0,"key":"The Courier"},{"floor":13.0,"key":"Mango"}],"event_choices":[{"damage_healed":0.0,"max_hp_gain":0.0,"max_hp_loss":0.0,"gold_gain":30.0,"event_name":"Dead Adventurer","player_choice":"Searched \u00273\u0027 times","floor":14.0,"gold_loss":0.0,"damage_taken":0.0,"relics_obtained":["Regal Pillow"]}],"is_beta":false,"boss_relics":[{"not_picked":["Snecko Eye","SacredBark"],"picked":"Sozu"}],"items_purged_floors":[22],"is_endless":false,"potions_floor_spawned":[1,2,6,11,12,13,16,18],"killed_by":"Book of Stabbing","ascension_level":20}}