{"host":"06x7ibqulglyn97c","time":1614067060,"event":{"mods":["AchievementEnabler","BaseMod","Downfall","Minty Spire (QoL Compilation)","Rare Cards Sparkle","Relic Sorter","Relic Stats","StSLib","The Awakened One except there are too many feathers"],"gold_per_floor":[99,110,110,130,115,129,129,114,131,141,141,52,70,124,136,232,282,282,382,382,399,409,409,409,409],"floor_reached":23,"language":"ENG","playtime":1546,"items_purged":[],"score":183,"play_id":"62ceffec-5f8b-4637-a937-30d5e97ec366","local_time":"20210223075740","is_ascension_mode":false,"campfire_choices":[{"data":"Slimebound:Split","floor":1,"key":"SMITH"},{"floor":11,"key":"REST"},{"data":"Slimebound:MassRepurpose","floor":18,"key":"SMITH"}],"circlet_count":0,"master_deck":["Slimebound:Strike_Slimebound+1","Slimebound:Tackle","Slimebound:Defend_Slimebound+1","Slimebound:Defend_Slimebound+1","Slimebound:Defend_Slimebound+1","Slimebound:Defend_Slimebound+1","Slimebound:Split+1","Slimebound:CorrosiveSpit","Slimebound:FirmFortitude","Slimebound:MegaLick","Slimebound:Split+1","Slimebound:LevelUp","Slimebound:SplitSpecialist","Slimebound:SlimeBarrage","Slimebound:SplitSpecialist","Slimebound:MassRepurpose+1","Slimebound:RallyTheTroops","Slimebound:SlimeBarrage","Slimebound:Overexert","Slimebound:SelfFormingGoo"],"relics":["Slimebound:AbsorbEndCombat","Bottled Tornado","Juzu Bracelet","Tiny House","MutagenicStrength"],"acts_visited":["Exordium","TheCity"],"potions_floor_usage":[5,10,12,16,23,23],"damage_taken":[{"damage":3,"enemies":"2 Louse","floor":2,"turns":2},{"damage":4,"enemies":"Cultist","floor":4,"turns":4},{"damage":3,"enemies":"downfall:FleeingMerchant","floor":5,"turns":4},{"damage":6,"enemies":"Small Slimes","floor":6,"turns":3},{"damage":18,"enemies":"downfall:FleeingMerchant","floor":8,"turns":4},{"damage":22,"enemies":"Blue Slaver","floor":9,"turns":3},{"damage":4,"enemies":"downfall:LooterAlt","floor":10,"turns":4},{"damage":0,"enemies":"downfall:FleeingMerchant","floor":12,"turns":4},{"damage":6,"enemies":"2 Fungi Beasts","floor":13,"turns":4},{"damage":11,"enemies":"Exordium Wildlife","floor":15,"turns":4},{"damage":21,"enemies":"SI_SHIV_ARCHETYPE","floor":16,"turns":5},{"damage":41,"enemies":"downfall:Augmenter","floor":19,"turns":5},{"damage":2,"enemies":"Chosen","floor":21,"turns":4},{"damage":24,"enemies":"Spheric Guardian","floor":22,"turns":4},{"damage":5,"enemies":"Book of Stabbing","floor":23,"turns":5}],"seed_played":"1044069224294468166","potions_obtained":[{"floor":2,"key":"AttackPotion"},{"floor":9,"key":"Block Potion"},{"floor":10,"key":"Block Potion"},{"floor":15,"key":"AttackPotion"},{"floor":16,"key":"Explosive Potion"},{"floor":22,"key":"EssenceOfSteel"}],"is_trial":false,"path_per_floor":["R","M","?","M","$","M","T","$","M","M","R","$","M","T","M","B",null,"R","?","?","M","M","E"],"character_chosen":"SLIMEBOUND","items_purchased":["Slimebound:MassRepurpose"],"campfire_rested":1,"item_purchase_floors":[12],"current_hp_per_floor":[65,64,64,61,65,61,61,49,31,29,48,52,48,48,39,22,70,70,37,37,37,13,10,10,10],"gold":409,"neow_bonus":"ONE_RANDOM_RARE_CARD","is_daily":false,"chose_seed":false,"campfire_upgraded":2,"win_rate":0.0,"timestamp":1614067060,"path_taken":["R","M","?","M","$","M","T","$","M","M","R","$","?","?","M","BOSS","R","?","?","M","M","E"],"items_purchased_type":["Card"],"build_version":"2020-12-22","purchased_purges":0,"victory":false,"max_hp_per_floor":[65,65,65,65,65,65,65,65,65,65,65,65,65,65,65,65,70,70,70,70,70,70,70,70,70],"relic_stats":{"counters":[15,56],"Juzu Bracelet":0,"obtain_stats":[{"Tiny House":17,"MutagenicStrength":19,"Slimebound:AbsorbEndCombat":0,"Juzu Bracelet":14,"Bottled Tornado":7},{"Tiny House":11,"MutagenicStrength":12,"Slimebound:AbsorbEndCombat":0,"Juzu Bracelet":9,"Bottled Tornado":4},{"Tiny House":39,"MutagenicStrength":44,"Slimebound:AbsorbEndCombat":0,"Juzu Bracelet":30,"Bottled Tornado":12}]},"card_choices":[{"not_picked":["Slimebound:ServeAndProtect","Slimebound:RollThrough"],"picked":"Slimebound:MegaLick","floor":2},{"not_picked":["Slimebound:FlameTackle","Slimebound:Replication"],"picked":"Slimebound:LevelUp","floor":4},{"not_picked":["Slimebound:SplitLeeching","Slimebound:PressTheAttack"],"picked":"Slimebound:SplitSpecialist","floor":5},{"not_picked":["Slimebound:GoopTackle","Slimebound:Prepare","Slimebound:SlimeSpikes"],"picked":"SKIP","floor":6},{"not_picked":["Slimebound:Schlurp","Slimebound:RollThrough"],"picked":"Slimebound:SlimeBarrage","floor":8},{"not_picked":["Slimebound:ViciousTackle","Slimebound:HauntingLick","Slimebound:ItLooksTasty"],"picked":"SKIP","floor":9},{"not_picked":["Slimebound:LivingWall","Slimebound:LeechingTouch","Slimebound:ItLooksTasty"],"picked":"SKIP","floor":10},{"not_picked":["Slimebound:SlimeSpikes","Slimebound:Replication"],"picked":"Slimebound:SplitSpecialist","floor":12},{"not_picked":["Slimebound:Nibble","Slimebound:SlimeTap","Slimebound:HauntingLick"],"picked":"SKIP","floor":13},{"not_picked":["Slimebound:SamplingLick","Slimebound:SplitSpecialist","Slimebound:RollThrough"],"picked":"SKIP","floor":15},{"not_picked":["Slimebound:MassFeed","Slimebound:Overexert"],"picked":"Slimebound:RallyTheTroops","floor":16},{"not_picked":["Slimebound:DivideAndConquer","Slimebound:SplitBruiser"],"picked":"Slimebound:SlimeBarrage","floor":19},{"not_picked":["Slimebound:PressTheAttack+1","Slimebound:GoopSpray","Slimebound:HauntingLick+1"],"picked":"SKIP","floor":21},{"not_picked":["Slimebound:ForwardTackle","Slimebound:SplitAcid","Slimebound:LeechLife"],"picked":"SKIP","floor":22}],"player_experience":715090,"relics_obtained":[{"floor":7,"key":"Bottled Tornado"},{"floor":14,"key":"Juzu Bracelet"},{"floor":19,"key":"MutagenicStrength"}],"event_choices":[],"is_beta":false,"boss_relics":[{"not_picked":["Astrolabe","Cursed Key"],"picked":"Tiny House"}],"items_purged_floors":[],"is_endless":false,"potions_floor_spawned":[2,9,10,15,16,22],"killed_by":"Book of Stabbing","ascension_level":0}}