{"host":"gaqyve1328ta0etl","time":1614068733,"event":{"mods":["BaseMod","Colored Map","Colored Powertips","Duelist Mod","Googly Eyes","Hero for Fun","Minty Spire (QoL Compilation)","Shop Mod","StSLib","SuperFastMode","The Hierophant","The Runesmith"],"gold_per_floor":[136,211,211,225,245,245,271,271,271,271,324,374,374,391,391,483,483,497,152,171,191,28,28,28,28,102,112,142,142,192,210,210,283,283,302,317,188,38,57,57,0,14,14,24,40,40,87,87,87],"floor_reached":48,"language":"ENG","playtime":1774,"items_purged":["theDuelist:Sparks","theDuelist:Sparks","theDuelist:CastleWalls"],"score":888,"play_id":"8b1d6f48-a2c0-43f7-839e-5db19dd49959","local_time":"20210223002533","is_ascension_mode":true,"campfire_choices":[{"data":"theDuelist:DoubleTool","floor":6,"key":"SMITH"},{"floor":8,"key":"REST"},{"data":"theDuelist:HappyLover","floor":10,"key":"SMITH"},{"floor":13,"key":"REST"},{"data":"theDuelist:DestroyerGolem","floor":15,"key":"SMITH"},{"floor":25,"key":"REST"},{"data":"theDuelist:MiraculousDescent","floor":29,"key":"SMITH"},{"data":"theDuelist:RainbowKuriboh","floor":32,"key":"SMITH"},{"floor":40,"key":"REST"},{"floor":46,"key":"REST"}],"circlet_count":0,"master_deck":["theDuelist:FinalFlame","theDuelist:BerserkerCrush","theDuelist:YamiForm","theDuelist:BattleOx","theDuelist:CastleWalls","theDuelist:GridRod","theDuelist:BeaverWarrior","theDuelist:DestroyerGolem+1","theDuelist:MiraculousDescent+1","theDuelist:Kuriboh+1","theDuelist:HappyLover+1","theDuelist:BeaverWarrior","theDuelist:ScrapFactory","theDuelist:RainbowNeos","theDuelist:RainbowKuriboh+1","theDuelist:GiantSoldier","theDuelist:GiantSoldier","AscendersBane","theDuelist:DoubleTool+1","theDuelist:WhiteHowling+1","theDuelist:FluteKuriboh","theDuelist:MillenniumShield"],"relics":["theDuelist:MillenniumPuzzle","theDuelist:CardPoolRelic","theDuelist:CardPoolBasicRelic","theDuelist:BoosterPackPoolRelic","theDuelist:CardPoolAddRelic","theDuelist:CardPoolMinusRelic","theDuelist:CardPoolSaveRelic","theDuelist:CardPoolOptionsRelic","Nunchaku","theDuelist:BoosterPackHealer","theDuelist:KaibaToken","Question Card","Sozu","theDuelist:MillenniumRing","Membership Card","Mummified Hand","Inserter","Blood Vial","Red Mask","theDuelist:ElectricToken"],"acts_visited":["Exordium","TheCity","TheBeyond"],"potions_floor_usage":[16,18],"damage_taken":[{"damage":1,"enemies":"Jaw Worm","floor":1,"turns":5},{"damage":0,"enemies":"Cultist","floor":4,"turns":3},{"damage":0,"enemies":"Small Slimes","floor":5,"turns":4},{"damage":13,"enemies":"3 Sentries","floor":7,"turns":12},{"damage":42,"enemies":"Gremlin Nob","floor":11,"turns":5},{"damage":0,"enemies":"Exordium Wildlife","floor":14,"turns":4},{"damage":31,"enemies":"Hexaghost","floor":16,"turns":12},{"damage":0,"enemies":"2 Thieves","floor":18,"turns":3},{"damage":0,"enemies":"Chosen","floor":20,"turns":3},{"damage":14,"enemies":"Snake Plant","floor":21,"turns":6},{"damage":1,"enemies":"Cultist and Chosen","floor":27,"turns":8},{"damage":13,"enemies":"Centurion and Healer","floor":28,"turns":9},{"damage":0,"enemies":"Snake Plant","floor":31,"turns":8},{"damage":33,"enemies":"Automaton","floor":33,"turns":19},{"damage":3,"enemies":"3 Shapes","floor":35,"turns":9},{"damage":12,"enemies":"Orb Walker","floor":36,"turns":6},{"damage":39,"enemies":"Writhing Mass","floor":39,"turns":6},{"damage":25,"enemies":"Transient","floor":42,"turns":6},{"damage":2,"enemies":"4 Shapes","floor":44,"turns":10},{"damage":0,"enemies":"Maw","floor":45,"turns":11},{"damage":33,"enemies":"Jaw Worm Horde","floor":47,"turns":7},{"damage":11,"enemies":"3 Darklings","floor":48,"turns":2}],"seed_played":"7057912339024831274","potions_obtained":[{"floor":4,"key":"theDuelist:TokenPotionB"},{"floor":11,"key":"PowerPotion"}],"is_trial":false,"path_per_floor":["M","?","?","M","M","R","E","R","T","R","E","?","R","M","R","B",null,"M","$","M","M","$","?","$","R","T","M","M","R","?","M","R","B",null,"M","M","$","$","M","R","?","M","T","M","M","R","M","M"],"character_chosen":"THE_DUELIST","items_purchased":["theDuelist:MillenniumRing","Membership Card","Blood Vial","theDuelist:YamiForm"],"campfire_rested":5,"item_purchase_floors":[19,22,37,38],"current_hp_per_floor":[62,51,56,56,56,56,43,65,65,65,23,23,45,45,45,14,60,60,60,64,50,50,50,50,72,72,71,58,58,51,51,51,18,61,58,46,46,46,9,31,31,8,8,8,14,36,9,0,0],"gold":87,"neow_bonus":"RANDOM_COMMON_RELIC","is_daily":false,"chose_seed":false,"campfire_upgraded":5,"win_rate":0.0,"timestamp":1614068733,"path_taken":["M","?","?","M","M","R","E","R","T","R","E","?","R","M","R","BOSS","M","$","M","M","?","?","?","R","T","M","M","R","?","M","R","BOSS","M","?","?","$","M","R","?","M","T","M","M","R","M","M"],"items_purchased_type":["Relic","Relic","Relic","Card"],"build_version":"2020-12-22","purchased_purges":3,"victory":false,"max_hp_per_floor":[70,70,75,75,75,75,75,75,75,75,75,75,75,75,75,75,75,75,75,75,75,75,75,75,75,75,75,75,75,75,75,75,75,75,75,75,75,75,75,75,75,75,75,75,75,75,75,75,75],"card_choices":[{"not_picked":["theDuelist:MeteorDestruction","theDuelist:Hinotama","theDuelist:CoreBlaster","theDuelist:GravityBlaster"],"picked":"theDuelist:DoubleTool","floor":1},{"not_picked":["theDuelist:MagicalStone","theDuelist:EarthEffigy","theDuelist:Mausoleum","theDuelist:DummyGolem"],"picked":"theDuelist:BattleOx","floor":4},{"not_picked":["theDuelist:RainbowNeos","theDuelist:KamionTimelord","theDuelist:Eva","theDuelist:YellowBelliedOni"],"picked":"theDuelist:HappyLover","floor":5},{"not_picked":["theDuelist:MeteorDestruction","theDuelist:CoreBlaster","theDuelist:CombinationAttack","theDuelist:VendreadCharge"],"picked":"theDuelist:RainbowNeos","floor":7},{"not_picked":["theDuelist:DarkHole","theDuelist:GolemSentry","theDuelist:BlackPendant","theDuelist:DarkFactory"],"picked":"theDuelist:DestroyerGolem","floor":11},{"not_picked":["theDuelist:SpellShatteringArrow","theDuelist:WhiteMagicalHat","theDuelist:WormApocalypse","theDuelist:SilverApples"],"picked":"theDuelist:BerserkerCrush","floor":14},{"not_picked":["theDuelist:RainbowNeos","theDuelist:KamionTimelord","theDuelist:HappyLover","theDuelist:Eva"],"picked":"theDuelist:RainbowKuriboh","floor":16},{"not_picked":["theDuelist:WhiteHowling","theDuelist:GravityAxe","theDuelist:Electrowhip"],"picked":"theDuelist:MiraculousDescent","floor":18},{"not_picked":["theDuelist:BeaverWarrior","theDuelist:CastleWalls+1","theDuelist:GiantSoldier","theDuelist:BattleOx","theDuelist:DestroyerGolem+1"],"picked":"SKIP","floor":20},{"not_picked":["theDuelist:FuryFire","theDuelist:WingedKuribohLv9","theDuelist:MagicHoleGolem+1","theDuelist:HarpieFeather","theDuelist:BattleOx"],"picked":"SKIP","floor":21},{"not_picked":["theDuelist:WhiteHowling+1","theDuelist:ImperialOrder","theDuelist:Electrowhip","theDuelist:MiraculousDescent"],"picked":"SKIP","floor":27},{"not_picked":["theDuelist:Sangan","theDuelist:ScrapFactory","theDuelist:GemElephant","theDuelist:ElectromagneticShield"],"picked":"theDuelist:Kuriboh+1","floor":28},{"not_picked":["theDuelist:RainbowNeos+1","theDuelist:SwordDeepSeated","theDuelist:WormApocalypse","theDuelist:Downbeat","theDuelist:Eva"],"picked":"SKIP","floor":31},{"not_picked":["theDuelist:SwordsRevealing","theDuelist:SevenCompleted","theDuelist:PineappleBlast","theDuelist:LightLaser+1"],"picked":"theDuelist:GridRod","floor":33},{"not_picked":["theDuelist:RainbowNeos","theDuelist:SwordDeepSeated","theDuelist:WormApocalypse+1","theDuelist:ScrapFactory","theDuelist:BreakDraw"],"picked":"SKIP","floor":35},{"not_picked":["theDuelist:Raigeki+1","theDuelist:SolarWindJammer","theDuelist:BigKoala","theDuelist:FeatherShot"],"picked":"theDuelist:WhiteHowling+1","floor":36},{"not_picked":["theDuelist:SpiralSpearStrike+1","theDuelist:BlackPendant+1","theDuelist:BattleFootballer","theDuelist:AncientGearFist+1","theDuelist:SwordsConcealing+1"],"picked":"SKIP","floor":39},{"not_picked":["theDuelist:GraniteLoyalist","theDuelist:GauntletWarrior","theDuelist:DarkHole","theDuelist:GreyGreedOni"],"picked":"theDuelist:FluteKuriboh","floor":42},{"not_picked":["theDuelist:SilentDoom+1","theDuelist:FuryFire+1","theDuelist:CombinationAttack+1","theDuelist:AncientGearFist+1","theDuelist:SparkBlaster+1"],"picked":"SKIP","floor":44},{"not_picked":["theDuelist:SparkBlaster","theDuelist:AssaultArmor+1","theDuelist:CrystalBlessing","theDuelist:BlackPendant+1","theDuelist:InfernoFireBlast"],"picked":"SKIP","floor":45},{"not_picked":["theDuelist:Predaponics","theDuelist:PotDuality","theDuelist:Graverobber+1","theDuelist:PreventRat"],"picked":"theDuelist:MillenniumShield","floor":47}],"player_experience":2247869,"relics_obtained":[{"floor":7,"key":"theDuelist:BoosterPackHealer"},{"floor":9,"key":"theDuelist:KaibaToken"},{"floor":11,"key":"Question Card"},{"floor":26,"key":"Mummified Hand"},{"floor":43,"key":"theDuelist:ElectricToken"}],"event_choices":[{"damage_healed":0,"gold_gain":75,"player_choice":"Gather Gold","damage_taken":11,"max_hp_gain":0,"max_hp_loss":0,"event_name":"World of Goop","floor":2,"gold_loss":0},{"damage_healed":0,"gold_gain":0,"player_choice":"Donut","damage_taken":0,"max_hp_gain":5,"max_hp_loss":0,"event_name":"Big Fish","floor":3,"gold_loss":0},{"damage_healed":0,"gold_gain":50,"player_choice":"Pray","damage_taken":0,"max_hp_gain":0,"max_hp_loss":0,"event_name":"Golden Shrine","floor":12,"gold_loss":0},{"damage_healed":0,"gold_gain":0,"player_choice":"Ignored","damage_taken":0,"max_hp_gain":0,"max_hp_loss":0,"event_name":"The Mausoleum","floor":23,"gold_loss":0},{"damage_healed":0,"gold_gain":50,"player_choice":"Touch","damage_taken":7,"max_hp_gain":0,"max_hp_loss":0,"event_name":"FaceTrader","floor":30,"gold_loss":0},{"damage_healed":0,"gold_gain":0,"player_choice":"Paid","damage_taken":0,"relics_obtained":["Red Mask"],"max_hp_gain":0,"max_hp_loss":0,"event_name":"Tomb of Lord Red Mask","floor":41,"gold_loss":57}],"is_beta":false,"boss_relics":[{"not_picked":["SlaversCollar","Runic Dome"],"picked":"Sozu"},{"not_picked":["Runic Pyramid","theDuelist:GamblerChip"],"picked":"Inserter"}],"items_purged_floors":[19,37,38],"is_endless":false,"potions_floor_spawned":[4,11,18,21,27,31,39,42,44],"killed_by":"3 Darklings","ascension_level":20}}