{"host":"wqwfknj40rilnol1","time":1614087835,"event":{"mods":["AchievementEnabler","BaseMod","BetterRewards","Block Reminder","Colored Map","Highlight Path","Hubris","Minty Spire (QoL Compilation)","Permanent Neow","Relic Stats","Shop Mod","StSLib","The Cursed"],"gold_per_floor":[111,111,123,134,152,152,165,165,165,200,200,219,294,312,312,312,312],"floor_reached":16,"language":"ENG","playtime":306,"items_purged":[],"score":182,"play_id":"e31a7607-f657-4858-a57f-f4213e6dcf33","local_time":"20210223144355","is_ascension_mode":true,"campfire_choices":[{"data":"Perfected Strike","floor":6.0,"key":"SMITH"},{"floor":8,"key":"REST"},{"data":"Feed","floor":11,"key":"SMITH"},{"floor":15,"key":"REST"}],"circlet_count":0,"master_deck":["AscendersBane","Strike_R","Strike_R","Strike_R","Strike_R","Strike_R","Defend_R","Defend_R","Defend_R","Bash","Perfected Strike+1","Headbutt","Feed+1","Whirlwind","Blood for Blood","hubris:ReadiedAction"],"relics":["hubris:RunicObelisk","Matryoshka","Blood Vial"],"acts_visited":["Exordium"],"potions_floor_usage":[7,14],"damage_taken":[{"damage":12.0,"enemies":"Small Slimes","floor":1.0,"turns":3.0},{"damage":2.0,"enemies":"2 Louse","floor":3.0,"turns":2.0},{"damage":2.0,"enemies":"Jaw Worm","floor":4.0,"turns":2.0},{"damage":13.0,"enemies":"Large Slime","floor":5.0,"turns":5.0},{"damage":9,"enemies":"Lots of Slimes","floor":7,"turns":3},{"damage":16,"enemies":"Gremlin Nob","floor":10,"turns":3},{"damage":9,"enemies":"Red Slaver","floor":12,"turns":2},{"damage":1,"enemies":"Looter","floor":14,"turns":2},{"damage":51,"enemies":"Slime Boss","floor":16,"turns":5}],"seed_played":"6850444423535283744","potions_obtained":[{"floor":1.0,"key":"AttackPotion"},{"floor":10,"key":"AttackPotion"}],"is_trial":false,"path_per_floor":["M","?","M","M","M","R","M","R","T","E","R","M","?","M","R","B"],"character_chosen":"IRONCLAD","items_purchased":[],"campfire_rested":2,"item_purchase_floors":[],"current_hp_per_floor":[56,49,47,45,32,32,26,49,49,33,33,30,19,20,44,0,0],"gold":312,"neow_bonus":"BOSS_RELIC","is_daily":false,"chose_seed":false,"campfire_upgraded":2,"win_rate":0.0,"timestamp":1614087835,"path_taken":["M","?","M","M","M","R","M","R","T","E","R","M","?","M","R","BOSS"],"items_purchased_type":[],"build_version":"2020-12-22","purchased_purges":0,"victory":false,"max_hp_per_floor":[75,75,75,75,75,75,78,78,78,78,78,82,82,82,82,82,82],"relic_stats":{"Blood Vial":6,"counters":[9,27],"obtain_stats":[{"Blood Vial":10,"Matryoshka":9,"hubris:RunicObelisk":0,"Burning Blood":0},{"Blood Vial":6,"Matryoshka":5,"hubris:RunicObelisk":0,"Burning Blood":0},{"Blood Vial":18,"Matryoshka":15,"hubris:RunicObelisk":0,"Burning Blood":0}]},"card_choices":[{"not_picked":["Twin Strike","hubris:ReadiedAction"],"picked":"Perfected Strike","floor":1.0},{"not_picked":["Heavy Blade","True Grit"],"picked":"Headbutt","floor":3.0},{"not_picked":["Clash","Reckless Charge","Iron Wave"],"picked":"SKIP","floor":4.0},{"not_picked":["Battle Trance","Twin Strike"],"picked":"Feed","floor":5.0},{"not_picked":["hubris:ReadiedAction","Rupture"],"picked":"Whirlwind","floor":7},{"not_picked":["Flex","Thunderclap"],"picked":"Blood for Blood","floor":10},{"not_picked":["Heavy Blade","Rupture","Second Wind"],"picked":"SKIP","floor":12},{"not_picked":["Flex","Sword Boomerang"],"picked":"hubris:ReadiedAction","floor":14}],"player_experience":307014,"relics_obtained":[{"floor":9,"key":"Matryoshka"},{"floor":10,"key":"Blood Vial"}],"event_choices":[{"cards_removed":["Defend_R"],"damage_healed":0.0,"max_hp_gain":0.0,"max_hp_loss":0.0,"gold_gain":0.0,"event_name":"Golden Wing","player_choice":"Card Removal","floor":2.0,"gold_loss":0.0,"damage_taken":7.0},{"damage_healed":0,"gold_gain":75,"player_choice":"Gather Gold","damage_taken":11,"max_hp_gain":0,"max_hp_loss":0,"event_name":"World of Goop","floor":13,"gold_loss":0}],"is_beta":false,"boss_relics":[],"items_purged_floors":[],"is_endless":false,"potions_floor_spawned":[1,10],"killed_by":"Slime Boss","ascension_level":15}}