{"host":"dlqyscxstsnu98l1","time":1614123984,"event":{"mods":["AchievementEnabler","BaseMod","Colored Map","Colored Powertips","GifTheSpireLib","Highlight Path","Minty Spire (QoL Compilation)","Random Character Button","SacredBarkPlus","StSLib","everything is the same but u backflip on backflip"],"gold_per_floor":[112,125,139,157,171,198,198,223,223,223,323,171,186,200,200,303,303,323,334,334,249,276,301,301,336,398,410,322,335,410,11,11,111,111,130,149,165,179,179,179],"floor_reached":39,"language":"ENG","playtime":1769,"items_purged":["Eruption","Writhe"],"score":613,"play_id":"37068bbd-730b-4b2e-b4fe-00f5d6e67e3a","local_time":"20210223174624","is_ascension_mode":true,"campfire_choices":[{"floor":7,"key":"REST"},{"floor":10,"key":"REST"},{"data":"LikeWater","floor":15,"key":"SMITH"},{"floor":24,"key":"REST"},{"floor":27,"key":"REST"},{"floor":32,"key":"RECALL"}],"circlet_count":0,"master_deck":["Strike_P","Strike_P","Strike_P","Strike_P","Defend_P","Defend_P+1","Defend_P+1","Defend_P","Vigilance","Halt+1","PathToVictory","ThirdEye","PathToVictory","Conclude","LikeWater+1","Wireheading","PathToVictory","LessonLearned+1","Evaluate","PathToVictory","Study+1","CurseOfTheBell","Evaluate+1","EmptyBody+1"],"relics":["Sozu","Ancient Tea Set","Meat on the Bone","Molten Egg 2","Fusion Hammer","Sundial","Mango","War Paint","MawBank","Strawberry","Oddly Smooth Stone","TeardropLocket","Calling Bell","MealTicket","Pantograph","Unceasing Top"],"acts_visited":["Exordium","TheCity","TheBeyond"],"potions_floor_usage":[],"damage_taken":[{"damage":0,"enemies":"Cultist","floor":1,"turns":2},{"damage":7,"enemies":"Jaw Worm","floor":2,"turns":3},{"damage":0,"enemies":"2 Louse","floor":3,"turns":2},{"damage":1,"enemies":"Blue Slaver","floor":4,"turns":4},{"damage":0,"enemies":"2 Fungi Beasts","floor":5,"turns":2},{"damage":19,"enemies":"Lagavulin","floor":6,"turns":6},{"damage":43,"enemies":"3 Sentries","floor":8,"turns":16},{"damage":0,"enemies":"Gremlin Gang","floor":13,"turns":3},{"damage":4,"enemies":"Red Slaver","floor":14,"turns":4},{"damage":15,"enemies":"Hexaghost","floor":16,"turns":6},{"damage":7,"enemies":"Shell Parasite","floor":18,"turns":4},{"damage":28,"enemies":"Chosen","floor":19,"turns":5},{"damage":48,"enemies":"Slavers","floor":23,"turns":4},{"damage":8,"enemies":"Book of Stabbing","floor":25,"turns":5},{"damage":5,"enemies":"Sentry and Sphere","floor":29,"turns":5},{"damage":17,"enemies":"Collector","floor":33,"turns":7},{"damage":2,"enemies":"Orb Walker","floor":35,"turns":3},{"damage":5,"enemies":"3 Shapes","floor":36,"turns":5},{"damage":60,"enemies":"Writhing Mass","floor":37,"turns":5},{"damage":26,"enemies":"Maw","floor":38,"turns":6},{"damage":24,"enemies":"Jaw Worm Horde","floor":39,"turns":2}],"seed_played":"5863072745041606468","potions_obtained":[],"is_trial":false,"path_per_floor":["M","M","M","M","M","E","R","E","T","R","?","$","M","M","R","B",null,"M","M","?","?","T","E","R","E","T","R","$","M","?","$","R","B",null,"M","M","M","M","M"],"character_chosen":"WATCHER","items_purchased":["LikeWater","Oddly Smooth Stone","TeardropLocket"],"campfire_rested":4,"item_purchase_floors":[12,31,31],"current_hp_per_floor":[65,58,58,57,57,38,59,16,16,37,37,37,37,45,45,42,65,58,42,42,56,56,20,45,49,56,83,83,78,69,69,69,52,83,81,76,28,14,0,0],"gold":179,"neow_bonus":"BOSS_RELIC","is_daily":false,"chose_seed":false,"campfire_upgraded":1,"win_rate":0.0,"timestamp":1614123984,"path_taken":["M","?","M","M","M","E","R","E","T","R","?","?","M","M","R","BOSS","M","M","?","?","?","E","R","E","T","R","$","M","?","$","R","BOSS","M","M","M","?","M"],"items_purchased_type":["Card","Relic","Relic"],"build_version":"2020-12-22","purchased_purges":2,"victory":false,"max_hp_per_floor":[72,72,72,72,72,72,72,72,72,72,72,72,72,72,72,72,72,72,72,72,86,86,86,86,86,93,93,93,93,93,93,93,93,93,93,93,93,93,93,93],"card_choices":[{"not_picked":["CrushJoints","SashWhip"],"picked":"Halt","floor":1},{"not_picked":["FlyingSleeves","Nirvana"],"picked":"PathToVictory","floor":2},{"not_picked":["JustLucky","WaveOfTheHand"],"picked":"ThirdEye","floor":3},{"not_picked":["Halt","Tantrum"],"picked":"PathToVictory","floor":4},{"not_picked":["WheelKick","ConjureBlade","FollowUp"],"picked":"SKIP","floor":5},{"not_picked":["Collect","Crescendo","Halt"],"picked":"SKIP","floor":6},{"not_picked":["Weave","EmptyBody"],"picked":"Conclude","floor":8},{"not_picked":["FollowUp+1","Establishment"],"picked":"Wireheading","floor":13},{"not_picked":["FlurryOfBlows+1","Crescendo"],"picked":"PathToVictory","floor":14},{"not_picked":["Alpha","Blasphemy"],"picked":"LessonLearned+1","floor":16},{"not_picked":["Halt+1","FollowUp+1","CarveReality+1"],"picked":"SKIP","floor":18},{"not_picked":["Indignation","TalkToTheHand+1","Consecrate+1"],"picked":"SKIP","floor":19},{"not_picked":["Weave+1","JustLucky+1"],"picked":"Evaluate","floor":23},{"not_picked":["Brilliance+1","SignatureMove+1"],"picked":"PathToVictory","floor":25},{"not_picked":["ThirdEye+1","SandsOfTime+1"],"picked":"Study+1","floor":29},{"not_picked":["Worship+1","Perseverance"],"picked":"Evaluate+1","floor":35},{"not_picked":["Crescendo","Brilliance+1","BowlingBash+1"],"picked":"SKIP","floor":36},{"not_picked":["EmptyFist+1","SashWhip+1"],"picked":"EmptyBody+1","floor":37},{"not_picked":["Halt+1","FlyingSleeves+1","Crescendo"],"picked":"SKIP","floor":38}],"player_experience":275977,"relics_obtained":[{"floor":6,"key":"Ancient Tea Set"},{"floor":8,"key":"Meat on the Bone"},{"floor":9,"key":"Molten Egg 2"},{"floor":23,"key":"War Paint"},{"floor":25,"key":"MawBank"},{"floor":26,"key":"Strawberry"},{"floor":34,"key":"MealTicket"},{"floor":34,"key":"Pantograph"},{"floor":34,"key":"Unceasing Top"}],"event_choices":[{"damage_healed":0,"gold_gain":100,"player_choice":"Pray","damage_taken":0,"max_hp_gain":0,"max_hp_loss":0,"event_name":"Golden Shrine","floor":11,"gold_loss":0},{"damage_healed":0,"gold_gain":0,"player_choice":"Opened","damage_taken":0,"relics_obtained":["Sundial"],"max_hp_gain":0,"max_hp_loss":0,"event_name":"The Mausoleum","floor":20,"gold_loss":0,"cards_obtained":["Writhe"]},{"damage_healed":0,"gold_gain":0,"player_choice":"Obtained Relic","damage_taken":0,"relics_obtained":["Mango"],"max_hp_gain":0,"max_hp_loss":0,"event_name":"Addict","floor":21,"gold_loss":85},{"damage_healed":0,"gold_gain":75,"player_choice":"Touch","damage_taken":9,"max_hp_gain":0,"max_hp_loss":0,"event_name":"FaceTrader","floor":30,"gold_loss":0}],"is_beta":false,"boss_relics":[{"not_picked":["Velvet Choker","Runic Pyramid"],"picked":"Fusion Hammer"},{"not_picked":["SacredBark","Empty Cage"],"picked":"Calling Bell"}],"items_purged_floors":[12,28],"is_endless":false,"potions_floor_spawned":[4,8,13,14,18,23,25,35,36],"killed_by":"Jaw Worm Horde","ascension_level":6}}